4008 6182
358 420 3515 449 Μῄ--ᾕρ--Ψ--ψ-Μ

1328 530 1443 599 Μ.
1494 524 1950 599 AUBELII
2004 522 2624 597 CASSIODOBI

1428 673 1505 734 IN
1538 669 2040 734 PSALTERIUM
2074 670 2518 731 PR/EFATIO.

427 902 469 973 i
491 902 737 970 Repulsis
757 904 1116 973 aliquandoin
1141 903 1435 958 Ravennati
1457 903 1589 957 urbe
1612 902 1924 957 sollicitudi-
2032 896 2116 951 dis
2137 937 2152 962 ,
2206 895 2359 949 favus
2406 893 2685 948 interioris
2730 891 2962 946 hominis
2986 932 3000 957 ,
3054 892 3208 959 pinax
3256 892 3611 961 spiritualium

353 992 505 1046 nibus
533 992 852 1062 dignitatum
872 1033 887 1057 ,
918 1004 973 1048 et
1002 995 1147 1048 curis
1173 992 1517 1047 smeularibus
1547 994 1708 1046 noxio
1738 1004 1927 1059 sapore

353 1081 611 1147 conditis,
673 1097 794 1135 cum
836 1082 1078 1137 Psalterii
1141 1082 1376 1137 emlestis
1428 1081 1724 1136 animarum
1774 1079 1929 1134 mella

353 1180 685 1240 gustassem,
738 1171 791 1225 id
831 1171 972 1240 quod
1024 1172 1200 1227 solent
1252 1171 1623 1227 desiderantes
1684 1169 1927 1231 efficere.

354 1262 533 1315 avidus
576 1277 663 1316 me
702 1272 1064 1329 perscrutator
1102 1262 1361 1327 immersi,
1405 1270 1463 1315 ut
1499 1261 1640 1315 dicta
1678 1261 1931 1315 salutaria

356 1353 593 1407 suaviter
624 1353 939 1407 imbiberem
972 1362 1089 1421 post
1115 1355 1478 1408 amarissimas
1507 1353 1772 1408 actiones.
1826 1352 1931 1408 Sed

358 1440 632 1495 familiaris
660 1443 1037 1498 inchoantibus
1063 1443 1300 1497 occurrit
1339 1442 1655 1507 obscuritas,
1685 1457 1804 1513 qua;
1845 1458 1937 1496 va-

358 1532 449 1585 riis
476 1541 558 1585 est
588 1532 797 1585 intexta
828 1532 1089 1603 personis,
1119 1540 1176 1586 et
1204 1533 1377 1587 velata
1406 1532 1690 1599 parabolis.
1725 1533 1847 1587 Haec
1879 1532 1932 1585 in

363 1622 517 1678 dictis
536 1624 787 1677 vitalibus
814 1625 973 1678 noxia
997 1624 1423 1679 dissimulatione
1447 1626 1781 1694 prasteritnr,
1809 1624 1933 1677 dum

363 1728 509 1783 saepe
535 1713 663 1767 illud
692 1713 918 1782 reperiri
958 1713 1096 1768 solet
1123 1712 1450 1785 ambiguum,
1475 1713 1615 1783 quod
1649 1715 1820 1781 magni
1852 1728 1938 1765 sa-

355 1803 613 1859 cramenti
636 1810 808 1871 gestat
832 1817 1110 1858 arcanum.

426 1893 579 1947 Tunc
635 1892 705 1946 ad
744 1894 1025 1965 Augustini
1082 1892 1446 1949 facundissimi
1488 1892 1662 1947 Patris
1726 1891 1935 1960 confugi

356 1982 780 2052 opinatissimam
821 1984 1103 2038 lectionem
1139 1993 1185 2048 ι,
1228 1984 1282 2037 in
1312 1998 1416 2053 qua
1448 1990 1590 2036 tanta
1633 1990 1750 2037 erat
1786 1983 1936 2050 copia

360 2084 611 2145 congesta
639 2074 936 2142 dictorum,
979 2082 1036 2129 ut
1071 2073 1293 2129 retineri
1336 2074 1421 2127 vix
1474 2072 1641 2142 possit
1683 2071 1937 2127 relectum

357 2165 499 2235 quod
531 2165 747 2222 abunde
774 2166 987 2221 videtur
1022 2166 1344 2236 expositum.
1401 2164 1596 2228 Credo,
1628 2178 1750 2219 cum
1780 2162 1935 2217 nimis

2035 1000 2410 1053 personarum,
2442 982 2771 1038 occultarum
2802 983 2978 1052 lingua
3008 983 3281 1047 virtutum,
3308 997 3425 1050 quae
3455 984 3613 1036 incli-

2037 1081 2129 1126 nat
2159 1073 2419 1141 superbos
2449 1071 2743 1125 humiliatis
2776 1080 2823 1137 ο,
2856 1084 3008 1140 reges
3037 1069 3359 1138 pauperibus
3405 1070 3606 1133 subdit,

2036 1162 2349 1217 affabilitate
2401 1164 2648 1232 parvulos
2696 1165 2884 1218 nutrit.
2959 1164 3128 1219 Tanta
3176 1165 3317 1223 enim
3368 1164 3481 1219 illic
3530 1176 3614 1219 est

2040 1252 2379 1320 pulchritudo
2411 1268 2661 1308 sensuum
2690 1261 2737 1306 et
2783 1253 3097 1306 stillantium
3127 1252 3391 1308 medicina
3422 1254 3616 1308 verbo-

2044 1361 2181 1408 rum,
2216 1353 2273 1399 ut
2320 1346 2511 1399 merito
2554 1345 2638 1399 hic
2684 1344 2814 1399 illud
2842 1343 3143 1401 Salomonis
3188 1354 3421 1414 aptetur,
3471 1346 3611 1415 quod

2041 1437 2176 1490 dixit
2208 1437 2259 1491 in
2288 1436 2511 1491 Cantico
2540 1437 2865 1491 canticorum
2895 1451 2910 1489 :
2944 1439 2995 1507 2
3028 1436 3219 1489 Hortus
3252 1435 3544 1501 conclusus,
3569 1448 3616 1491 et

2041 1527 2155 1594 fons
2205 1529 2473 1597 signatus,
2526 1526 2800 1597 paradisus
2847 1527 3026 1596 plenus
3075 1526 3299 1579 omnium
3352 1541 3617 1595 pomorum

2045 1619 2225 1689 (Cant.
2250 1638 2322 1687 tv,
2355 1622 2464 1691 l2).
2521 1620 2679 1676 Modo
2707 1621 2848 1675 enim
2879 1620 3094 1689 quidam
3128 1619 3446 1688 psalmorum
3476 1617 3618 1673 salu-

2042 1712 2140 1765 tari
2187 1712 2517 1766 institutione
2566 1711 2798 1773 formati,
2846 1710 3089 1765 turbidos
3128 1719 3182 1764 et
3223 1719 3616 1779 tempestuosos

2041 1803 2248 1855 animos
2301 1802 2571 1857 declinant
2620 1801 2674 1855 in
2724 1800 2995 1871 limpidam
3036 1811 3088 1856 ct
3128 1801 3614 1870 tranquillissimam

2042 1892 2234 1956 vitam;
2290 1892 2452 1947 modo
2499 1892 2872 1961 promittentes
2921 1892 3083 1945 Deum
3136 1901 3352 1961 propter
3392 1892 3613 1945 salutem

2044 1981 2381 2035 credentium
2422 1982 2703 2036 visualiter
2743 1981 3169 2047 humanan‘dum,
3198 1990 3252 2035 et
3279 1981 3346 2034 ad
3371 1981 3615 2050 judican-

2044 2069 2168 2124 dum
2209 2072 2394 2126 orbem
2435 2087 2556 2126 esse
2590 2082 2909 2135 venturum;
2958 2070 3119 2125 modo
3158 2080 3499 2126 commonent
3537 2071 3616 2124 la-

2042 2161 2240 2229 crymis
2260 2159 2285 2197 ά
2312 2173 2525 2231 peccata
2550 2163 2774 2228 diluere,
2803 2162 3158 2232 eleemosynis
3183 2162 3371 2217 delicta
3398 2176 3614 2228 curare;

358 2257 540 2312 avidos
571 2259 795 2328 populos
835 2257 1214 2313 ecclesiasticis
1252 2256 1478 2326 dapibus
1506 2257 1724 2326 explere
1772 2254 1937 2324 cupit,
1971 2277 2018 2336 Β
2044 2254 2202 2308 modo
2245 2256 2413 2311 sacris
2461 2255 2790 2310 orationibus
2838 2263 3147 2310 reverenter
3187 2254 3426 2320 attoniti;
3458 2256 3617 2310 modo

361 2346 666 2402 necessario
693 2346 893 2401 fluenta
926 2354 1030 2402 tam
1063 2360 1270 2416 magna:
1297 2345 1693 2416 praedicationis
1719 2358 1935 2401 emana-

362 2437 455 2492 vit.
501 2436 768 2503 Quocirca
799 2450 1005 2491 memor
1043 2436 1369 2491 inﬁrmitatis
1407 2450 1563 2501 meae,
1596 2450 1743 2490 mare
1774 2436 1939 2505 ipsius

2051 2343 2255 2399 Hebraei
2303 2346 2571 2415 alphabeti
2614 2347 2807 2400 virtute
2854 2345 3132 2415 profundi;
3183 2346 3342 2401 modo
3388 2346 3453 2400 de
3495 2361 3616 2416 pas-

2045 2436 2197 2490 sione
2232 2445 2285 2489 et
2324 2437 2709 2491 resurrectione
2728 2437 2936 2492 Domini
2962 2435 3209 2491 salutaria
3237 2436 3614 2507 praedicantes;

360 2528 713 2597 quorumdam
763 2527 1086 2598 psalmorum
1133 2526 1371 2583 fontibus
1420 2525 1718 2596 profusum,
1762 2526 1940 2581 divina
2030 2524 2206 2581 (modo
2268 2525 2669 2581 lamentantium
2724 2526 3089 2596 deploratione
3141 2527 3404 2597 piissimi;
3461 2529 3618 2583 modo

363 2619 732 2674 misericordia
782 2618 1063 2688 largiente,
1098 2618 1149 2673 in
1181 2617 1380 2672 rivulos
1409 2616 1638 2672 vadosus
1685 2630 1940 2684 compen-

363 2709 514 2763 diosa
541 2709 804 2763 brevitate
830 2707 1027 2763 deduxi
1060 2724 1072 2760 :
1100 2722 1205 2761 uno
1234 2706 1419 2761 codice
1450 2716 1553 2759 tam
1581 2704 1768 2759 diffusa
1796 2718 1944 2758 com-

368 2801 628 2869 plectens,
662 2813 781 2869 qua:
810 2799 904 2854 ille
945 2800 995 2853 in
1024 2798 1255 2854 decadas
1285 2797 1585 2866 quindecim
1629 2796 1943 2851 mirabiliter

364 2892 672 2960 explicavit.
720 2892 824 2946 Sed
864 2901 921 2946 ut
953 2891 1167 2961 quidam
1206 2891 1275 2946 de
1320 2891 1553 2947 Homero
1592 2890 1666 2973 ait
1715 2890 1944 2961 (Macro-

363 2983 496 3045 ὀίω,
533 2982 622 3037 lib.
660 2997 717 3036 nt
768 2981 1067 3046 Saturno!"
1122 2996 1238 3050 cap.
1279 2980 1335 3051 5)
1371 2999 1382 3033 :
1431 2981 1560 3035 Tale
1605 2988 1687 3036 est
1723 2979 1793 3035 de
1829 2979 1945 3049 ejus

362 3085 535 3125 sensu
572 3069 761 3140 aliquid
801 3068 1103 3139 subripere,
1149 3068 1305 3139 quale
1356 3069 1569 3125 Herculi
1623 3069 1827 3125 clavam
1877 3069 1945 3125 de

366 3176 528 3215 manu
574 3162 780 3216 tollere.
823 3161 921 3217 Est
975 3162 1118 3216 enim
1160 3162 1452 3216 litterarum
1491 3161 1728 3217 omnium
1782 3162 1947 3233 magi-

366 3260 476 3305 ster
519 3252 797 3322 egregius;
854 3260 948 3319 et,
999 3253 1141 3323 quod
1198 3252 1251 3307 in
1309 3253 1550 3309 ubertate
1603 3267 1784 3310 rarum
1823 3263 1944 3320 est,

366 3343 712 3398 cautissimus
760 3343 1079 3412 disputator.
1157 3342 1409 3399 Deeurrit
1450 3343 1647 3413 quippe
1696 3351 1944 3415 tanquam

366 3434 484 3492 fons
515 3435 856 3505 purissimus,
887 3438 1026 3492 nulla
1056 3437 1187 3493 faece
1215 3438 1484 3508 pollutus;
1518 3439 1612 3495 sed
1641 3440 1697 3496 in
1726 3440 1947 3513 integri-

367 3538 475 3584 tate
500 3527 626 3583 ﬁdei
654 3542 1023 3598 perseverans,
1046 3528 1218 3584 nescit
1246 3528 1515 3585 haereticis
1540 3530 1668 3586 dare
1712 3531 1854 3587 unde
1882 3547 1944 3588 se

2044 2630 2293 2670 versuum
2325 2616 2641 2685 repetitione
2670 2618 2911 2687 quaedam
2943 2618 3095 2672 nobis
3124 2628 3456 2674 sacramenta
3488 2635 3618 2688 pan-

2044 2704 2267 2771 dentes;
2314 2706 2472 2761 modo
2501 2709 2828 2762 canticorum
2855 2708 3115 2778 graduum
3164 2708 3475 2764 ascensione
3518 2710 3619 2764 mi-

2046 2797 2267 2859 rabiles;
2297 2806 2565 2865 postremo
2598 2800 2844 2869 supernis
2882 2799 3125 2855 laudibus
3177 2799 3402 2854 feliciter
3442 2800 3614 2861 inhae-

2047 2897 2245 2953 rentes,
2289 2889 2441 2943 beata
2485 2890 2660 2958 c0pia,
2704 2889 3077 2958 inexplicabile
3115 2889 3468 2955 desiderium,
3507 2900 3619 2945 stu-

2047 2978 2215 3047 penda
2241 2977 2593 3046 profunditas.
2621 2978 2736 3033 Non
2765 2987 2937 3048 potest
2958 2979 3166 3035 animus
3195 2979 3365 3034 ﬁdelis
3388 2980 3612 3049 expleri,

2046 3068 2135 3140 qui
2164 3070 2387 3138 ceperit
2419 3070 2541 3124 inde
2571 3071 2771 3125 satiari.

2120 3161 2312 3216 Psalmi
2344 3174 2466 3216 sunt
2494 3162 2742 3232 denique,
2772 3165 2859 3233 qui
2894 3164 3046 3221 nobis
3073 3175 3248 3236 gratas
3280 3165 3476 3220 faciunt
3499 3181 3619 3222 esse

2049 3252 2293 3323 vigilias,
2340 3253 2555 3323 quando
2603 3254 2779 3309 silenti
2843 3262 3000 3311 nocte
3051 3256 3400 3325 psallentibus
3442 3257 3620 3311 choris

2050 3343 2279 3397 humana
2326 3358 2424 3398 vox
2475 3344 2708 3413 erumpit
2754 3344 2808 3398 in
2854 3344 3132 3411 musicam,
3182 3346 3465 3414 verbisque
3506 3354 3621 3400 arte

2049 3435 2335 3491 modulatis
2381 3436 2449 3491 ad
2498 3438 2645 3491 illum
2692 3439 2866 3493 redire
2912 3439 3055 3503 facit,
3097 3454 3128 3493 a
3164 3454 3269 3509 quo
3314 3455 3409 3510 pro
3449 3441 3622 3496 salute

2052 3525 2271 3581 httmani
2300 3528 2513 3596 generis
2544 3527 2783 3583 divinum
2815 3531 2958 3584 venit
2987 3532 3275 3600 eloquium.
3307 3532 3504 3587 Cantus
3531 3534 3620 3602 qui

366 3619 574 3687 possint
602 3618 774 3687 aliqua
802 3618 1179 3674 colluctatione
1221 3618 1511 3675 defendere
1542 3637 1555 3672 :
1587 3628 1729 3676 totus
1758 3621 1941 3677 catho-
1967 3632 2013 3695 ο
2052 3632 2211 3673 aures
2244 3618 2475 3674 oblectat
2526 3630 2581 3674 et
2614 3620 2819 3676 animas
2863 3621 3101 3688 instruit,
3133 3625 3189 3679 fit
3212 3639 3312 3678 vox
3346 3638 3445 3678 una
3477 3628 3619 3694 psal-

367 3710 521 3777 licus,
551 3718 695 3765 totus
723 3710 1054 3766 orthodoxus
1082 3711 1377 3779 invenitur;
1407 3721 1460 3767 et
1489 3713 1541 3768 in
1566 3712 1804 3769 Ecclesia
1833 3715 1940 3769 Do-

366 3804 505 3858 mini
534 3803 851 3858 suavissimo
877 3804 1053 3860 nitore
1082 3803 1452 3873 resplendens,
1479 3804 1698 3874 superni
1722 3805 1946 3879 luminis

363 3894 610 3949 claritate
632 3893 887 3949 radiatur.

434 3984 693 4054 Quaedam
724 4000 853 4040 vero
881 3984 1090 4043 noviter
1117 3986 1348 4053 inventa,
1371 3994 1488 4056 post
1514 3996 1618 4042 tam
1648 3987 1943 4043 mirabilem

366 4078 684 4149 magistrum
731 4078 843 4133 sola
875 4078 1081 4133 Domini
1130 4078 1547 4147 praesumptione
1593 4079 1824 4148 subjeci,
1856 4082 1945 4150 qui

366 4170 605 4239 parvulis
646 4168 1047 4233 confidentiam,
1095 4171 1251 4224 catcis
1294 4170 1505 4232 visum,
1548 4169 1707 4223 mutis
1743 4186 1949 4226 sermo-

366 4274 513 4325 nem,
542 4257 723 4313 surdis
751 4267 969 4328 przcstat
998 4256 1255 4313 auditum.
1302 4258 1471 4325 Quem
1504 4269 1678 4314 tamen
1708 4261 1948 4315 codicem

365 4350 527 4403 etiam
563 4363 661 4418 per
686 4348 1088 4417 quinquagenos
1123 4349 1358 4418 psalmos
1396 4363 1519 4403 cum
1551 4349 1948 4417 praefationibus

364 4441 479 4495 suis
512 4441 654 4494 trina
692 4454 809 4493 sum
839 4439 1102 4494 divisione
1135 4440 1391 4508 partitus;
1436 4447 1493 4492 ttt
1526 4449 1580 4495 et
1607 4439 1820 4495 claritas
1861 4440 1945 4495 lit-

365 4539 497 4585 tera:
529 4530 829 4585 senioribus
856 4530 1029 4585 oculis
1062 4528 1086 4568 δ
1114 4544 1173 4585 se
1201 4530 1471 4599 pulchrius
1501 4530 1753 4598 aperiret,
1783 4538 1836 4584 et
1858 4531 1950 4585 de-

364 4619 570 4675 siderio
603 4618 888 4689 legentium
927 4620 1149 4675 fratrum
1192 4620 1458 4675 numerosi
1489 4620 1690 4676 codicis
1725 4633 1946 4689 corpora

367 4722 779 4778 praestarentur.
842 4710 916 4764 ita
954 4719 1009 4765 et
1047 4710 1113 4764 ad
1152 4710 1486 4766 bibliothecae
1513 4710 1772 4765 cautelam
1812 4723 1949 4764 unus

366 4800 663 4853 derelictus
711 4806 829 4862 est,
879 4806 934 4853 et
978 4810 1194 4868 propter
1240 4799 1667 4868 congregationis
1713 4798 1946 4854 studium

369 4885 809 4942 commodissime
840 4888 1061 4943 forsitan
1093 4888 1330 4942 noscitur
1357 4903 1478 4942 esse
1508 4887 1729 4942 divisus.

2045 3709 2288 3776 lentium,
2313 3721 2367 3765 et
2386 3725 2507 3766 cum
2539 3714 2743 3782 angelis
2773 3712 2888 3777 Dei,
2922 3728 3052 3783 quos
3081 3715 3265 3771 audire
3295 3730 3397 3770 non
3434 3730 3621 3784 possu-

2050 3814 2189 3866 mus,
2224 3799 2437 3854 laudum
2469 3802 2628 3856 verba
2661 3801 2965 3867 miscemus,
3002 3819 3092 3874 per
3120 3803 3269 3860 illum
3301 3805 3497 3860 scilicet
3530 3805 3621 3875 qui

2045 3892 2193 3946 venit
2231 3906 2293 3945 ex
2325 3893 2529 3945 semine
2570 3892 2755 3953 David.
2803 3893 3081 3948 Dominum
3112 3894 3289 3950 Jesum
3317 3894 3617 3963 Christum,

2046 3989 2183 4042 sicut
2211 3987 2323 4056 ipse
2347 3986 2398 4039 in
2424 3985 2741 4057 Apnmtlypsi
2768 3986 2896 4041 dicit
2919 4005 2933 4038 :
2964 3986 3071 4058 Ego
3096 4005 3207 4041 sum
3231 3990 3384 4042 radix
3409 4000 3454 4043 et
3481 3991 3622 4060 origo

2050 4076 2217 4130 David
2248 4077 2430 4145 (Apoc.
2467 4092 2598 4139 ml,
2630 4077 2737 4145 16).
2792 4080 2835 4130 Α
2866 4092 2971 4145 quo
3002 4090 3054 4132 et
3091 4078 3395 4146 religionem
3428 4079 3625 4133 saluta-

2051 4181 2160 4221 rem
2188 4166 2546 4232 suscepimus,
2581 4175 2632 4220 et
2659 4177 2856 4219 saneta:
2879 4166 3153 4219 Trinitatis
3186 4167 3437 4236 mysteria
3472 4184 3625 4223 reve-

2050 4258 2154 4312 lata
2184 4256 2579 4327 cognoscimus.
2633 4254 2783 4311 Unde
2822 4255 3011 4310 merito
3055 4256 3132 4310 eis
3162 4254 3355 4319 Patris,
3396 4265 3451 4311 et
3480 4256 3622 4323 Filii,

2050 4355 2104 4400 et
2130 4346 2357 4411 Spiritus
2399 4345 2590 4409 sancti,
2638 4359 2740 4398 una
2780 4344 2947 4415 gloria
2996 4346 3249 4412 sociatur,
3297 4355 3355 4400 ut
3397 4346 3626 4415 perfecta

2052 4453 2233 4492 eorum
2260 4436 2527 4505 prwconia
2554 4437 2988 4506 comprobentur.
3020 4437 3121 4506 Ipsi
3151 4438 3295 4492 enim
3326 4437 3468 4495 diem
3499 4456 3628 4495 ven-

2053 4540 2228 4584 turum
2273 4528 2533 4584 matutina
2582 4529 2936 4584 exsultatione
2984 4529 3292 4595 conciliant,
3331 4530 3428 4600 ipsi
3474 4531 3629 4588 nobis

2052 4620 2278 4691 primam
2335 4618 2439 4675 diei
2485 4619 2669 4674 horam
2719 4618 2995 4681 dedicant,
3061 4620 3161 4689 ipsi
3215 4621 3371 4677 nobis
3418 4623 3628 4677 tertiam

2056 4711 2238 4763 horam
2273 4715 2614 4772 consecrant,
2647 4707 2747 4777 ipsi
2776 4716 2978 4761 sextam
3008 4708 3061 4761 in
3092 4708 3243 4777 panis
3266 4709 3631 4767 confractione

2055 4800 2351 4865 laztificant,
2402 4801 2501 4868 ipsi
2548 4798 2703 4853 nobis
2746 4812 2887 4852 nona
2931 4797 3136 4869 jejunia
3186 4801 3477 4867 resolvunt,
3527 4800 3629 4870 ipsi

2053 4889 2164 4944 diei
2212 4900 2478 4959 postrema
2521 4886 2866 4951 concludunt,
2907 4886 3006 4956 ipsi
3050 4889 3223 4943 noctis
3269 4889 3520 4957 adventu,
3564 4906 3632 4945 ne

440 4977 776 5046 Quapropter
807 4977 1057 5032 mandato
1087 4977 1295 5032 Domini
1322 4977 1677 5044 confidentes,
1711 4976 1945 5031 caelestis
1975 4992 2028 5052 ι)
2056 4996 2210 5036 mens
2240 4993 2418 5035 nostra
2454 4979 2762 5034 tenebretur
2788 4975 3048 5044 efficiunt,
3080 4979 3214 5033 sicut
3258 4980 3356 5047 ipsi
3398 4980 3581 5034 dicunt
3614 4998 3627 5034 :

364 5068 613 5140 mysterii
683 5069 913 5123 claustra
974 5068 1279 5137 pulsemus,
1333 5078 1389 5122 ut
1431 5069 1639 5137 aperiat
1704 5067 1947 5122 sensibus

363 5161 573 5213 nostris
624 5157 886 5214 fioriferas
931 5160 1123 5225 sedes;
1186 5167 1448 5229 quatenus
1494 5158 1548 5213 in
1598 5159 1691 5213 illo
1742 5156 1947 5213 cmleSti

364 5247 625 5318 paradiso
662 5248 961 5303 salutariter
999 5249 1316 5315 introducti,
1350 5250 1606 5319 spiritalia
1639 5264 1793 5319 poma
1833 5249 1948 5303 sine

366 5339 555 5409 aliqua
586 5339 735 5407 primi
770 5339 999 5395 hominis
1029 5343 1451 5411 transgressione
1477 5320 1776 5410 carpamus.
1810 5341 1954 5397 Vere

368 5445 633 5484 coruscus
666 5430 815 5497 liber,
850 5446 1030 5488 sermo
1060 5433 1381 5503 Iampabilis,
1413 5449 1539 5489 cura
1570 5434 1790 5489 sauciati
1821 5449 1949 5491 cor-

445 5592 475 5621 ι
516 5582 613 5637 Ms.
652 5583 713 5638 S.
738 5582 989 5639 Germani
1038 5601 1067 5639 a
1112 5587 1305 5653 Pratis,
1336 5586 1723 5643 disertissimam
1777 5588 1955 5642 lectio-

370 5668 518 5706 nens.

450 5728 475 5760 ν
523 5722 682 5787 Etlit.,
712 5722 1001 5777 sanioribus
1031 5726 1212 5783 oculis.

659 5817 927 5877 ΡΑτιιυιη
970 5817 1073 5878 LX
1090 5818 1166 5877 Χ.

232 5952 489 6085 .90

266 6084 316 6111 ’ἲ

2064 5067 2182 5123 Nox
2201 5069 2506 5122 illuminatio
2528 5083 2638 5122 mea
2663 5068 2716 5121 in
2738 5067 2934 5122 deliciis
2960 5068 3081 5121 meis
3108 5083 3128 5121 :
3147 5069 3389 5137 quoniam
3417 5070 3631 5123 tenebrat

2058 5178 2158 5216 non
2188 5160 2580 5215 tenebrabuntur
2603 5160 2693 5215 abs
2721 5170 2787 5228 te,
2816 5159 3035 5215 Domine
3064 5161 3237 5231 (Psal.
3263 5177 3515 5227 cxxxvm,
3544 5163 3629 5229 Η,

2061 5250 2180 5323 li);
2224 5264 2280 5305 ut
2319 5252 2511 5306 merito
2541 5264 2601 5306 se
2636 5264 2667 5303 a
2696 5265 2823 5305 vera
2852 5253 2958 5306 vita
2989 5250 3171 5307 credat
3200 5252 3454 5318 alienum,
3485 5254 3634 5321 quis-

2058 5345 2178 5415 quis
2202 5344 2357 5414 hujus
2389 5344 2625 5399 muneris
2649 5343 2983 5413 iucunditate
3008 5358 3112 5399 non
3143 5344 3351 5398 fruitur.
3397 5345 3631 5409 Quorum

2057 5434 2281 5490 virtutes
2338 5444 2394 5489 ut
2431 5434 2664 5490 breviter
2705 5434 2913 5490 divinus
2964 5448 3142 5490 sermo
3175 5434 3535 5504 concluderet,
3580 5438 3631 5490 in

2137 5600 2159 5662 ξ
2202 5590 2354 5662 Mss,
2388 5591 2599 5646 inclinat
2628 5608 2745 5662 sup.
2778 5594 3069 5647 humilitati.

2132 5658 2156 5695 ἀ
2202 5661 2329 5716 Mss.
2350 5663 2407 5718 S.
2432 5664 2593 5729 And.,
2624 5658 2746 5718 Bec.
2777 5674 2828 5719 et
2856 5664 3020 5732 Fisc.,
3046 5676 3352 5718 commovent
3377 5667 3637 5737 Iarrgmis.

3213 5826 3237 5883 1
