4008 6182
441 299 515 351 (11

1649 288 1716 341 Μ.
1763 287 2037 343 AURELII
2084 289 2483 347 CASSIODORI

3627 290 3691 342 19.

442 413 841 478 septuagesimo
878 406 1086 477 psalmo
1138 403 1311 474 (l'ers.
1357 402 1452 472 ΕΞ)
1474 400 1713 455 dicturus
1761 409 1878 454 e-t:
1913 399 2023 471 Ego
2053 404 2103 463 Α
2128 402 2270 455 Iulis.
2316 402 2514 468 Quarto
2548 420 2559 454 ι
2590 402 2712 473 quid
2749 404 2819 458 sit
2850 400 3177 472 psalterium,
3208 398 3287 458 vel
3318 416 3481 472 quare
3508 403 3694 472 psalmi

430 514 618 558 autem
668 502 943 571 conﬁtebor
997 501 1086 554 tibi
1132 501 1184 551 in
1229 498 1360 551 uasis
1405 495 1717 567 psalmorum
1763 496 2018 549 veritatem

450 607 609 650 tuam.
656 595 860 649 Revera
899 606 1021 645 vasa
1066 588 1331 651 veritatis,
1375 603 1491 657 qum
1535 595 1617 642 tot
1665 586 1886 642 virtutes
1933 600 2018 640 ca-

434 690 623 758 piunt,
655 696 734 742 tot
760 685 954 740 divinis
1000 682 1252 738 odoribus
1290 679 1603 743 farciuntur,
1637 688 1714 731 tot
1758 677 2020 732 thesauris

434 778 757 835 caelestibus
785 775 1144 830 cumulantur.
1202 772 1413 842 ilydria:
1442 786 1560 840 qum
1589 771 1771 824 vinum
1800 770 2021 825 cteleste

451 870 787 938 recipientes,
817 865 1095 936 puritatem
1123 861 1238 932 ejus
1269 862 1320 915 in
1347 862 1579 915 novitate
1611 875 1823 930 semper
1849 868 2024 914 custo-

448 960 621 1013 diunt.

522 1049 758 1106 Dulcedo
788 1048 1066 1114 mirabilis,
1098 1062 1217 1117 qua:
1246 1045 1423 1100 saeculi
1455 1043 1884 1113 corruptionibus
1913 1058 2017 1097 non

450 1144 673 1207 acescit;
704 1143 794 1197 sed
832 1141 883 1195 in
908 1156 1004 1196 sua
1027 1153 1345 1210 permanens
1372 1138 1649 1207 dignitate,
1680 1137 1849 1206 gratia
1878 1151 2020 1190 sem-

449 1253 545 1306 per
584 1236 881 1304 purissimae
929 1233 1206 1288 suavitatis
1254 1240 1495 1302 augetur.
1547 1230 1819 1298 Apotheca
1864 1230 2018 1284 valde

440 1329 694 1398 cepiosa,
739 1329 807 1384 de
849 1342 951 1397 qua
994 1341 1114 1381 cum
1157 1325 1340 1380 bibant
1389 1334 1492 1378 tam
1539 1322 1714 1392 magni
1755 1332 2014 1377 terrarum

448 1419 649 1489 populi,
685 1418 901 1473 ubertas
929 1416 1048 1486 ejus
1078 1414 1246 1470 nescit
1272 1411 1522 1482 expendi.

516 1513 685 1579 Quam
729 1509 984 1565 mirabilis
1028 1514 1202 1562 autem
1246 1519 1312 1561 ex
1361 1505 1489 1575 ipsis
1531 1503 1746 1575 profluit
1784 1503 2016 1557 suavitas

440 1604 509 1657 ad
540 1600 869 1656 canendum!
913 1598 1248 1652 dulcisonum
1286 1610 1541 1666 organum
1583 1594 1829 1648 humanis
1872 1593 2016 1647 voci-

440 1697 543 1748 bus
571 1692 920 1756 aemulantur;
961 1690 1206 1744 tubarum
1250 1687 1456 1743 sonitus
1499 1686 1861 1756 grandiloquis
1902 1686 2012 1738 cla-

2124 492 2389 546 dicantur.
2431 492 2625 561 Quinto
2672 510 2684 545 :
2731 494 2856 563 quid
2902 494 2973 547 sit
3019 493 3272 561 psalmus.
3334 492 3693 563 Sextozquid

2122 586 2186 636 sit
2217 585 2500 639 canticum.
2549 584 2784 653 Septimo
2825 599 2840 638 :
2888 583 3011 654 quid
3055 584 3123 638 sit
3173 586 3693 651 psalmo-canticum.

2121 673 2321 728 Octavo
2348 692 2359 727 :
2386 674 2510 744 quid
2536 676 2604 729 sit
2632 675 3180 744 canticumpsalmum.
3225 676 3375 731 Nono
3401 695 3413 729 :
3443 676 3510 731 de
3541 676 3695 745 quin-

2122 765 2354 832 quelaria
2402 765 2682 819 divisione.
2736 765 2952 819 Decimo
2984 783 2996 818 :
3028 765 3095 821 de
3141 767 3287 819 unita
3344 767 3691 836 inscriptione

2122 854 2416 909 titulorum.
2473 856 2762 911 Undecimo
2793 873 2806 908 :
2835 855 2961 925 quid
3008 857 3075 912 sit
3120 856 3432 925 diapsalma.
3486 858 3691 912 Duode-

2120 947 2260 1001 cimo
2302 965 2315 1001 :
2358 958 2532 1003 utrum
2581 950 2635 1003 in
2679 950 2913 1019 quinque
2957 952 3316 1006 voluminibus
3364 953 3688 1021 psalmorum

2121 1038 2189 1092 sit
2229 1039 2457 1093 secanda
2503 1041 2801 1105 contextio;
2847 1055 2911 1093 an
2959 1049 3104 1097 certe
3146 1056 3285 1096 unus
3326 1041 3459 1097 liber
3502 1042 3692 1097 debeat

2120 1129 2433 1197 nuncupari.
2464 1132 2853 1197 Tertiodecimo
2875 1150 2887 1185 :
2912 1134 3359 1202 quemadmodum
3388 1135 3440 1189 in
3472 1136 3689 1204 psalmis

2118 1221 2189 1273 sit
2214 1218 2280 1274 de
2303 1218 2516 1275 Christo
2546 1221 2768 1276 Domino
2795 1222 3149 1277 sentiendum.
3175 1224 3226 1293 3
3249 1224 3684 1291 Quartodccimo:

2118 1311 2561 1378 quemadmodum
2626 1314 2697 1367 sit
2758 1314 3018 1383 expositio
3079 1312 3281 1383 digesta
3340 1316 3684 1383 psalmorum.

2118 1400 2567 1466 Quintodecimo:
2608 1404 2674 1459 de
2722 1404 3024 1475 eloquentia
3078 1405 3238 1460 totius
3289 1405 3420 1474 legis
3468 1407 3683 1461 divinae.

2118 1491 2490 1550 Sextodccimo
2521 1512 2535 1550 :
2563 1496 2630 1551 de
2656 1494 2866 1565 propria
2895 1495 3197 1565 eloquentia
3222 1495 3485 1551 Psalterii.
3514 1497 3685 1565 Septi-

2118 1582 2416 1638 modecimo
2447 1601 2460 1636 :
2496 1586 2608 1640 laus
2636 1585 2912 1641 Ecclesizc.

2185 1672 2334 1728 Nunc
2360 1674 2427 1729 ad
2458 1677 2785 1746 praemissum
2817 1675 3077 1741 ordinem,
3112 1674 3343 1731 Domino
3372 1686 3682 1744 praestante,

441 1785 681 1840 moribus
705 1782 933 1838 reddunt
958 1798 970 1835 :
996 1780 1231 1835 vocalem
1257 1779 1513 1832 citharam
1540 1777 1829 1832 viventium
1855 1776 2011 1831 cbor-
2041 1776 2087 1833 B
2114 1766 2407 1822 νεηίδωυε-

439 1877 625 1930 darum
675 1874 1027 1943 permixtione
1078 1881 1436 1941 componunt;
1485 1879 1540 1926 et
1585 1870 1841 1940 quidquid
1888 1877 2010 1925 ante

438 1964 803 2019 instrumentis
850 1962 1064 2017 musicis
1112 1961 1389 2016 videbatur
1430 1960 1535 2030 agi,
1567 1973 1707 2014 nunc
1757 1959 2010 2028 probatur

437 2071 528 2124 per
577 2054 862 2109 rationales
907 2052 1229 2109 substantias
1274 2050 1549 2121 explicari.
1633 2050 2007 2106 Verumtamen

437 2161 768 2218 nequaquam
815 2145 990 2210 nobis,
1035 2154 1091 2198 ut
1136 2142 1376 2213 psittacis
1415 2140 1742 2210 merulisque
1781 2154 2009 2195 vernan-

435 2238 561 2292 dum
608 2245 709 2302 est,
753 2238 840 2305 qui
883 2235 1010 2290 dum
1056 2235 1217 2290 verba
1262 2242 1442 2288 nostra
1487 2240 1747 2287 conantur
1790 2230 2003 2295 imitari,

430 2327 561 2398 quid
599 2336 775 2381 tamen
812 2336 1026 2392 canant,
1055 2333 1352 2380 noscuntur
1379 2322 1552 2379 modis
1577 2322 1823 2377 omnibus
1854 2321 2005 2391 igno-

432 2433 574 2473 rare.
628 2418 791 2473 Melos
821 2416 1082 2486 siquidem
1113 2415 1364 2471 blandum
1394 2413 1600 2469 animos
1629 2414 1877 2478 oblectat,
1911 2411 2004 2467 sed

430 2524 541 2564 non
586 2509 858 2577 compellit
903 2508 968 2562 ad
1017 2508 1279 2578 lacrymas
1328 2505 1662 2570 fructuosas;
1713 2505 2003 2574 permulcet

431 2617 608 2670 aures,
648 2600 742 2656 sed
784 2616 888 2654 non
928 2599 995 2654 ad
1036 2613 1267 2669 superna
1302 2598 1462 2666 erigit
1502 2596 1799 2651 audientes.
1830 2596 2003 2651 Corde

431 2703 606 2748 autem
648 2690 1073 2761 compungimur,
1106 2689 1152 2744 si
1181 2688 1323 2758 quod
1354 2702 1447 2743 ore
1472 2686 1721 2754 dicimus,
1755 2686 2000 2741 animad-

433 2796 640 2863 vertere
670 2785 962 2849 valeamus,
996 2783 1134 2838 sicut
1171 2782 1224 2836 in
1251 2781 1514 2837 Psalterio
1545 2780 1737 2849 legitur
1768 2795 1783 2832 :
1813 2777 2002 2832 Beatus

430 2880 650 2947 populus
673 2879 760 2949 qui
779 2877 1015 2948 intelligit
1027 2875 1263 2949 jubilatic
1274 2890 1389 2928 nem
1411 2872 1584 2943 (Psal.
1608 2886 1862 2938 Lxxxvm,
1889 2868 1997 2940 16).

428 2971 496 3025 Et
526 2972 714 3026 iterum
744 2986 763 3025 :
794 2971 1051 3038 Quoniam
1080 2984 1172 3023 rea:
1209 2969 1371 3021 omnis
1406 2978 1553 3020 terra:
1576 2964 1717 3020 Deus
1746 2980 1765 3019 :
1800 2962 2002 3034 psallite

424 3065 683 3131 sapienter
713 3063 883 3134 (Psat.
914 3078 1055 3126 nvr,
1083 3060 1158 3127 8).
1189 3059 1462 3128 Philippus
1492 3072 1703 3128 quoque
1729 3055 1998 3126 apostolus

418 3157 447 3221 ι(
470 3127 584 3207 Act.
619 3127 733 3219 vm,
780 3151 923 3222 28),
968 3166 1087 3206 cum
1140 3149 1336 3218 reginae
1368 3127 1640 3202 Candacis
1695 3147 1993 3202 eunuchum
2023 3127 2068 3188 ο

426 3242 612 3296 lsaiam
638 3243 814 3310 legere
834 3238 1191 3309 cognovisset,
1217 3236 1521 3305 Scripturas
1542 3236 1591 3292 ei
1612 3245 1823 3292 sanctas
1842 3249 1992 3290 com-

422 3341 666 3402 petenter
705 3331 976 3401 exposuit;
1021 3330 1111 3399 qui
1152 3337 1436 3399 postquam
1475 3329 1617 3398 quod
1658 3327 1865 3397 legebat
1902 3327 1995 3381 ad-

420 3425 603 3488 vertit,
635 3423 814 3478 statim
844 3422 1065 3493 gratiam
1098 3419 1427 3489 haptismatis
1453 3417 1755 3488 exquisivit,
1788 3426 1841 3472 et
1870 3432 1993 3471 mox

422 3513 673 3584 perfectae
702 3528 922 3568 munera
946 3514 1132 3568 salutis
1167 3511 1391 3581 accepit.
1435 3511 1494 3565 In
1518 3509 1807 3579 Evangelio
1833 3511 1992 3565 etiam

423 3605 678 3658 Dominus
717 3604 789 3658 ait
823 3622 836 3656 :
871 3603 1048 3657 Omnis
1076 3602 1161 3670 qui
1190 3602 1334 3655 audit
1378 3609 1579 3656 verbum
1622 3601 1784 3671 regni,
1816 3610 1865 3654 et
1891 3617 1994 3655 non

420 3700 677 3769 intelligit,
718 3700 850 3751 venit
886 3696 1047 3751 matus
1086 3705 1134 3750 et
1162 3697 1296 3765 rapit
1321 3695 1458 3765 quod
1500 3696 1801 3749 seminatum
1832 3705 1902 3749 est
1941 3697 1995 3749 in

421 3791 574 3842 corde
600 3793 710 3858 ejus
738 3787 952 3859 (Matth.
982 3802 1100 3849 xm,
1135 3785 1247 3855 l9).
1291 3784 1442 3841 Unde
1467 3799 1701 3855 congrue
1727 3785 1882 3840 datur
1910 3787 1991 3839 in-

422 3879 585 3947 telligi
640 3878 756 3933 haec
793 3877 828 3931 il
853 3878 896 3931 is
933 3877 1213 3946 provenire
1241 3891 1346 3930 non
1384 3890 1542 3946 posse
1571 3876 1660 3945 qui
1690 3876 1993 3946 Seripturas

421 3981 633 4026 sanctas
679 3985 811 4039 puro
859 3969 1020 4024 corde
1069 3978 1345 4024 merentur
1388 3966 1670 4023 advertere
1718 3984 1731 4022 :
1778 3969 1844 4023 de
1888 3983 1993 4037 quo

408 4106 411 4111 .
414 4062 644 4130 pulchre
668 4061 823 4116 Pater
844 4060 1197 4131 Hieronymus
1223 4059 1296 4113 ait
1324 4074 1337 4111 :
1363 4058 1701 4127 Margaritum
1725 4058 1991 4128 quoddam

396 4166 499 4209 εδει
538 4153 809 4222 Scriptura
854 4152 1051 4219 divina,
1096 4162 1149 4205 et
1191 4167 1259 4206 ex
1286 4150 1462 4206 multis
1491 4152 1735 4221 partibus
1779 4150 1941 4207 forari
1966 4161 1992 4191 ι

406 4254 618 4313 τροιθδι.

470 4336 772 4401 Quocirca,
806 4335 960 4387 Pater
987 4334 1280 4402 apostolice
1308 4333 1359 4397 δ,
1391 4336 1478 4403 qni
1512 4337 1761 4389 cmlestes
1790 4336 1991 4389 litteras

398 4425 618 4479 sanctis
660 4423 895 4478 moribus
935 4422 1235 4488 reddidisui,
1277 4432 1559 4490 praestante
1592 4424 1702 4478 Deo
1733 4431 1823 4478 tua
1857 4424 1992 4478 invi-

2623 1861 2843 1917 CAPUT
2889 1861 3172 1917 PRIMUM.

2704 1954 2780 2008 De
2809 1956 3089 2025 prOphetia.

2182 2067 2470 2134 Prophetia
2498 2076 2575 2120 est
2601 2067 2852 2133 aspiratio
2874 2067 3072 2132 divina,
3100 2081 3217 2136 quae
3238 2078 3458 2122 eventus
3481 2082 3680 2133 rerum,

2105 2165 2196 2210 aut
2238 2172 2332 2225 per
2372 2155 2528 2221 facta,
2569 2165 2659 2209 aut
2702 2171 2795 2225 per
2840 2156 2977 2210 dicta
3023 2158 3371 2225 quorumdam
3422 2160 3683 2215 immobili

2106 2248 2328 2304 veritate
2376 2247 2699 2317 pronuntiat.
2783 2246 2856 2301 De
2903 2262 3008 2316 qua
3058 2247 3194 2303 bene
3247 2249 3457 2317 quidam
3502 2250 3679 2304 dixit:

2107 2342 2390 2413 Prophetia
2431 2351 2514 2396 est
2552 2340 2731 2395 suavis
2766 2340 2930 2394 dictio
2957 2340 3190 2395 caelestis
3236 2342 3490 2396 doctrina:
3530 2342 3681 2397 favos

2105 2442 2162 2488 et
2188 2432 2362 2488 dulcia
2389 2430 2554 2486 divini
2591 2430 2786 2494 eloquii
2831 2430 2990 2484 mella
3031 2444 3378 2500 componens.
3429 2432 3578 2487 Unde
3625 2443 3683 2488 et

2105 2525 2220 2593 ipse
2253 2522 2412 2579 David
2455 2523 2508 2576 in
2548 2519 2841 2576 centesimo
2881 2529 3070 2575 octavo
3110 2521 3317 2576 decimo
3354 2522 3557 2590 psalmo
3596 2525 3681 2576 di-

2103 2624 2286 2670 cturus
2313 2622 2397 2669 est
2429 2629 2442 2665 :
2488 2611 2654 2677 Quam
2696 2611 2867 2665 dulcia
2910 2612 3141 2681 faucibus
3181 2612 3302 2665 meis
3338 2612 3534 2678 eloquia
3562 2621 3680 2679 tua,

2055 2728 2061 2733 ·
2101 2722 2255 2775 super
2276 2707 2437 2759 metet
2464 2705 2635 2775 favum
2666 2703 2743 2756 ori
2770 2718 2880 2757 meo
2903 2701 3073 2774 (Psal.
3096 2717 3277 2765 cxvm,
3311 2702 3465 2771 M3)!
3496 2702 3681 2759 Multis

2102 2806 2280 2852 autem
2328 2796 2501 2851 modis
2547 2796 2733 2866 gratia:
2780 2794 2933 2850 istius
2986 2808 3206 2849 munera
3260 2796 3678 2863 praestabantur.

2102 2887 2205 2942 Sed
2238 2894 2296 2941 ut
2322 2887 2405 2953 de,
2424 2886 2665 2956 plurimis
2709 2898 2872 2953 pauca
2917 2884 3263 2954 complectar,
3307 2895 3420 2940 acta
3457 2895 3540 2941 est
3578 2902 3681 2957 per

2101 2978 2435 3047 operationes
2478 2976 2773 3042 hominum,
2818 2984 2875 3029 ut
2918 2976 3015 3029 fuit
3053 2990 3175 3029 arca
3205 2976 3333 3043 Noe,
3367 2988 3421 3032 et
3468 2981 3677 3034 sacrill-

2099 3071 2239 3124 cium
2263 3070 2513 3134 Abrahae,
2550 3077 2604 3123 et
2644 3068 2897 3125 transitus
2939 3069 3100 3122 maris
3128 3067 3325 3134 Rubri;
3359 3086 3451 3138 per
3479 3073 3680 3127 nativi-

2101 3170 2235 3215 tates
2277 3173 2485 3230 quoque
2523 3160 2851 3228 geminorum
2882 3160 3021 3213 Esau
3050 3169 3102 3213 et
3123 3160 3306 3223 Jacoh,
3341 3163 3431 3230 qui
3462 3161 3677 3218 futura-

2097 3266 2215 3305 rum
2242 3265 2419 3305 rerum
2448 3259 2777 3305 sacramenta
2809 3250 3115 3320 gestabant;
3144 3266 3238 3320 per
3264 3254 3500 3323 angelos,
3529 3256 3677 3312 sicut

2096 3341 2257 3395 locuti
2300 3349 2426 3396 sunt
2452 3340 2679 3395 Abrahae
2717 3342 2800 3395 vel
2844 3342 3014 3407 Loth,
3059 3342 3328 3397 Zachariae
3372 3353 3424 3398 et
3455 3346 3673 3413 Mariae;

2098 3450 2192 3505 per
2233 3434 2498 3501 visiones,
2545 3434 2684 3489 sicut
2728 3433 2877 3489 [snite
2923 3444 2977 3489 et
3007 3433 3307 3502 Ezechieli,
3357 3446 3407 3491 ct
3454 3442 3676 3496 caneris

2095 3526 2326 3589 sanctis;
2367 3538 2462 3594 per
2499 3525 2725 3590 somnia,
2765 3527 2903 3580 sicut
2931 3526 3201 3580 Salomoni
3233 3535 3287 3581 et
3312 3528 3541 3595 Danieli;
3572 3547 3679 3600 per

2096 3614 2287 3667 nubem
2316 3622 2370 3668 et
2395 3628 2580 3668 vocem
2612 3613 2678 3669 de
2706 3614 2863 3682 caelo,
2898 3615 3034 3669 sicut
3062 3614 3245 3686 Moysi.
3282 3615 3431 3673 Unde
3459 3631 3678 3677 constat

2094 3714 2334 3759 sanctum
2364 3706 2524 3760 David
2565 3721 2668 3759 non
2710 3707 3176 3776 peraperatinnes
3216 3708 3515 3774 hominum,
3560 3728 3673 3767 non

2097 3808 2190 3862 per
2228 3794 2529 3848 nativitates
2568 3795 2935 3864 geminorum,
2989 3811 3093 3851 non
3137 3811 3234 3866 per
3271 3800 3510 3868 angelos,
3559 3816 3673 3857 non

2095 3898 2188 3953 per
2233 3884 2504 3950 visiones,
2549 3900 2654 3940 non
2695 3900 2789 3955 per
2828 3887 3093 3941 somnium
3123 3929 3139 3955 ,
3184 3903 3287 3943 non
3332 3905 3426 3958 per
3470 3893 3675 3950 nubem

2093 3985 2146 4030 et
2172 3990 2353 4030 vocem
2381 3975 2447 4031 de
2478 3976 2635 4042 coelo,
2669 3991 2766 4031 nec
2794 3991 2888 4046 per
2915 3979 3050 4032 alios
3077 3995 3421 4050 quoscunque
3452 3984 3673 4051 modos,

2092 4066 2185 4120 scd
2225 4066 2429 4123 caelesti
2466 4068 2792 4135 aspiratione
2834 4068 2996 4123 luisse
3030 4072 3383 4138 completum;
3427 4074 3562 4127 sicut
3606 4077 3677 4130 de

2094 4159 2210 4227 ipso
2251 4159 2442 4228 legitur
2469 4160 2519 4211 in
2554 4159 2726 4227 primo
2757 4160 2956 4228 Regum
2988 4162 3261 4218 volumine
3293 4180 3307 4216 :
3342 4164 3403 4218 Et
3442 4165 3677 4220 directus

2092 4256 2166 4301 est
2205 4246 2431 4315 Spiritus
2466 4248 2673 4301 Domini
2712 4250 2765 4301 in
2806 4249 2975 4302 David
3013 4267 3044 4302 a
3082 4253 3164 4304 die
3203 4255 3313 4313 illa,
3355 4263 3401 4304 et
3430 4254 3678 4327 deinceps

2094 4335 2148 4409 (I
2178 4337 2306 4410 Reg.
2336 4355 2449 4403 χιιι,
2482 4341 2590 4409 l3).
2622 4341 2737 4409 Ipse
2765 4356 2979 4412 quoque
3007 4341 3264 4397 Dominus
3294 4344 3344 4396 in
3378 4344 3678 4413 Evangelia

2095 4427 2225 4482 dicit
2256 4445 2269 4481 :
2304 4428 2365 4485 Si
2392 4428 2559 4483 David
2588 4432 2643 4485 in
2669 4431 2872 4499 Spiritu
2901 4442 3042 4487 vocat
3072 4451 3186 4487 eum
3217 4434 3511 4499 Dominum,
3536 4452 3675 4506 quo-

420 4514 620 4569 tatione
654 4522 965 4582 provocatus
995 4523 1042 4576 ε,
1069 4513 1292 4584 abyssos
1315 4512 1524 4568 divinas
1550 4514 1820 4584 ingrediar
1854 4533 1865 4568 :
1897 4516 1988 4585 qui
2018 4496 2071 4554 Ῑ)
2095 4520 2243 4571 modo
2288 4520 2459 4574 dicitis
2504 4522 2640 4591 quod
2684 4496 2826 4591 filius
2872 4525 2982 4589 eius
3008 4535 3082 4577 est
3124 4524 3333 4594 (Matth.
3366 4496 3507 4588 xxu,
3531 4496 3680 4597 i3)?

418 4607 656 4661 clemens
684 4615 857 4660 errata
886 4605 1140 4673 corrigis,
1171 4618 1267 4658 nec
1295 4619 1516 4659 severus
1553 4604 1814 4674 imputas,
1847 4606 1987 4675 quod

417 4695 695 4752 emendas.
736 4696 840 4753 Sed
879 4706 1161 4765 antequam
1198 4695 1451 4751 enthecas
1489 4696 1796 4765 spirituales
1833 4698 1991 4751 attin-

420 4802 563 4858 gam,
606 4787 848 4857 qumdam
885 4786 1069 4841 divisis
1114 4787 1397 4856 capitibus,
1439 4801 1557 4856 qua:
1599 4798 1723 4843 sunt
1767 4801 1990 4843 numero

411 4880 607 4934 decem
657 4887 713 4933 et
760 4886 992 4947 septem,
1042 4877 1251 4931 aestimo
1297 4877 1705 4947 prtrgustanda;
1755 4885 1817 4931 ut
1866 4891 1986 4932 cum

421 4986 603 5025 earum
631 4985 807 5025 rerum
836 4970 982 5024 locus
1005 4984 1063 5024 se
1086 4967 1341 5035 intulerit,
1374 4966 1550 5037 magni
1580 4968 1810 5023 nectaris
1834 4977 1987 5037 potus

421 5061 749 5118 suavissimis
794 5060 1237 5117 delectationibus
1282 5059 1579 5114 hauriatur.
1637 5060 1814 5115 Primo
1858 5077 1871 5114 :
1922 5061 1989 5115 de

422 5154 710 5224 prophetia:
740 5152 963 5209 diversis
991 5154 1269 5222 speciebus
1312 5153 1658 5209 nihilominus
1685 5164 1769 5209 est
1806 5154 1991 5210 dicen-

419 5246 568 5311 dum,
609 5252 668 5299 ut
701 5259 820 5311 qua:
863 5244 932 5298 sit
970 5243 1069 5298 ista
1098 5244 1343 5299 Davidica
1387 5246 1653 5312 possimus
1689 5243 1991 5302 distinctius

418 5336 653 5393 edoceri.
694 5335 941 5392 Secundo
971 5352 987 5390 :
1018 5350 1113 5390 cur
1155 5334 1206 5389 in
1234 5335 1558 5403 psalmorum
1600 5334 1805 5401 titulis,
1834 5336 1984 5404 quasi

419 5439 693 5483 auctorum
723 5428 932 5483 diversa
960 5426 1176 5481 nomina
1205 5426 1555 5494 reperiantur.
1608 5426 1789 5481 Tertio
1816 5445 1828 5479 :
1857 5427 1984 5496 quid

418 5518 703 5585 signiticet,
731 5518 784 5570 in
811 5517 994 5585 ﬁnem,
1032 5515 1169 5585 quod
1198 5516 1504 5585 frequenter
1540 5517 1807 5571 invenitur
1835 5518 1888 5572 in
1922 5518 1985 5572 ti-

493 5634 519 5695 !
562 5627 659 5680 Ms.
688 5626 934 5695 Sanger.,
964 5627 1195 5695 formari.

486 5694 517 5735 δ
552 5696 784 5753 Dubium
806 5694 889 5752 est
917 5694 983 5752 ad
1008 5712 1162 5769 quem
1193 5705 1432 5768 spectent
1456 5696 1567 5754 haec
1591 5697 1774 5755 verba.
1807 5698 1880 5756 De
1904 5698 1987 5754 bis

2093 4608 2209 4675 Quo
2255 4609 2399 4664 dicto
2451 4612 2883 4681 recognoscimus
2935 4613 3210 4668 evidenter
3258 4630 3353 4684 per
3407 4613 3679 4683 Spiritum

2092 4708 2333 4753 sanctum
2383 4701 2614 4768 psalmos
2657 4702 2820 4757 fuisse
2864 4704 3223 4773 praphetatos.
3271 4704 3553 4760 Sciendum
3590 4720 3676 4763 est

2091 4805 2223 4846 sane
2261 4792 2403 4861 quod
2452 4793 2628 4848 omnis
2675 4795 2972 4862 prophetia,
3015 4805 3105 4849 aut
3147 4796 3213 4852 de
3253 4807 3444 4867 praeter
3467 4807 3545 4863 to,
3578 4812 3675 4855 aut

2093 4883 2161 4935 de
2206 4885 2471 4952 praesenti,
2516 4895 2606 4939 aut
2648 4885 2715 4940 de
2755 4887 2932 4942 futuro
2979 4899 3218 4959 tempore
3263 4888 3527 4960 loquatur,
3580 4909 3681 4953 aut

2095 4981 2216 5041 agat
2245 4973 2464 5043 aliquid.

2168 5069 2705 5125 Animadvertendum
2747 5082 2828 5127 est
2868 5089 3078 5145 quoque
3116 5076 3373 5145 Spiritum
3415 5088 3673 5136 sanctum

2096 5158 2173 5212 sic
2197 5159 2358 5214 fuisse
2381 5161 2651 5230 prophetis
2676 5163 3024 5220 sanctissimis
3046 5167 3377 5235 attributum,
3405 5180 3457 5223 ut
3483 5179 3678 5228 tamen

2098 5247 2164 5302 ad
2210 5257 2417 5319 tempus
2468 5264 2566 5319 pro
2610 5251 2916 5309 inﬁrmitate
2964 5256 3140 5312 carnis
3182 5267 3237 5312 et
3286 5258 3675 5315 contrarietate

2097 5340 2299 5409 peccati
2333 5340 2401 5394 ab
2440 5339 2569 5411 ipsis
2611 5340 2844 5397 offensus
2871 5345 3205 5413 abscederet,
3239 5356 3294 5401 et
3322 5348 3509 5402 iterum
3546 5347 3675 5415 pla-

2091 5442 2240 5485 catus
2263 5431 2362 5485 sub
2383 5432 2778 5499 opportunitate
2806 5436 3060 5502 temporis
3087 5437 3382 5492 adveniret.
3428 5436 3586 5492 Unde
3619 5452 3676 5498 et

2091 5531 2307 5576 sanctus
2333 5522 2686 5591 Hieronymus
2718 5538 2991 5595 exponens
3019 5527 3391 5598 evangelistam
3423 5525 3674 5586 Marcum

2096 5630 2262 5685 fusius
2292 5634 2341 5686 in
2378 5633 2685 5700 prmlatione
2719 5647 2919 5693 nostra.

2168 5711 2190 5741 ο
2232 5704 2397 5771 Edit.,
2427 5714 2514 5758 tua
2543 5706 2820 5763 imitatione
2837 5718 3155 5780 provocatus.

3576 5926 3765 6025 (δίε,

3690 6015 3827 6043 ,p.
