4008 6182
497 279 566 335 IS
1643 277 1707 333 ΙΝ
1745 277 2184 336 PSALTERIUM
2227 273 2609 332 PREFATIO.
3688 287 3745 339 η

498 390 687 446 inloco
717 387 803 442 ubi
834 386 907 441 ait
936 386 1001 441 de
1027 387 1233 442 Joanne
1260 406 1270 440 :
1302 386 1442 442 Vidit
1469 399 1670 458 apertos
1696 393 1867 458 caelos,
1891 402 1937 445 et
1961 392 2083 460 Spi-
2112 394 2159 452 Α
2186 402 2304 443 cum
2338 388 2592 458 propheta
2621 386 2783 441 David
2814 386 3004 443 devota
3031 388 3250 444 Domino
3278 399 3432 447 (etate
3467 394 3748 464 senuisset,

497 484 653 535 ritum
701 489 937 545 tanquam
976 477 1260 531 columbam
1292 479 1672 533 descendentem
1712 491 1757 533 et
1795 491 2077 535 manentem

494 574 548 626 in
582 572 700 639 ipso
743 567 935 638 (Marc.
972 584 1022 634 ι,
1050 570 1137 639 10)
1165 588 1175 621 :
1205 571 1271 623 ita
1307 570 1539 627 evidenti
1571 573 1778 628 ratione
1810 574 2072 638 tractavit,

494 670 551 714 ut
580 673 739 714 nemo
771 668 956 715 contra
986 659 1149 733 ipsius
1185 661 1502 715 sententiam
1546 662 1727 717 venire
1770 673 2072 732 praesumat,

496 752 553 808 ln
578 754 785 822 psalmo
806 768 1022 822 quoque
1047 752 1485 825 quinquagesimo
1517 756 1771 824 propheta
1806 764 1924 823 post
1956 771 2080 825 pec-

498 850 674 896 catum
702 850 854 911 rogat
878 858 890 895 :
918 840 1167 909 Spiritum
1192 852 1424 896 sanctum
1455 851 1596 896 tuum
1626 860 1688 898 ne
1715 847 1920 913 auferas
1948 861 1979 896 a
2003 861 2080 898 me

499 930 668 999 (Psal.
701 947 749 995 ι,
782 931 892 1001 15).
941 931 1073 985 Nam
1117 932 1161 985 si
1204 947 1435 1003 semper,
1478 943 1534 988 ut
1574 934 1647 988 ait
1678 936 1864 989 beatus
1893 936 2079 990 Hiero-

497 1039 687 1095 nymus
731 1023 848 1095 (In
906 1024 1099 1080 Ezech.
1141 1043 1305 1096 xxxv,
1364 1029 1473 1099 1),
1525 1028 1579 1084 in
1622 1031 1893 1099 prophetis
1936 1040 2081 1086 esset

497 1130 675 1169 sermo
718 1114 967 1183 divinus,
1012 1126 1065 1170 et
1104 1117 1229 1187 juge
1270 1119 1322 1172 iu
1364 1130 1580 1189 pectore
1634 1136 1818 1176 eorum
1862 1122 2084 1178 haberet

499 1204 803 1273 hospitium,
857 1221 1124 1277 nunquam
1172 1208 1361 1264 crebro
1412 1210 1658 1265 Ezechiel
1709 1223 1935 1281 poneret
1970 1232 1983 1268 :
2015 1213 2083 1268 Et

498 1301 662 1365 factus
690 1306 765 1351 est
794 1314 958 1351 sermo
987 1297 1196 1352 Domini
1224 1301 1291 1352 ad
1313 1317 1392 1354 me
1417 1301 1607 1357 dicens.
1650 1303 1707 1357 in
1746 1304 1884 1360 libro
1927 1307 2082 1375 quin~

496 1389 653 1443 etiam
678 1388 880 1458 Regum
908 1388 1114 1462 Eliseus
1143 1393 1394 1460 propheta
1426 1392 1551 1446 dicit
1577 1393 1644 1448 de
1674 1395 1896 1450 muliere
1927 1394 2078 1465 cujus

498 1480 637 1534 filius
664 1489 963 1535 extremum
996 1480 1261 1535 clauserat
1284 1482 1422 1536 diem
1448 1499 1460 1534 :
1483 1480 1694 1537 Dimitte
1719 1501 1852 1552 eam,
1880 1486 1998 1552 quia
2029 1486 2079 1538 in

498 1571 838 1624 amaritudine
863 1579 956 1635 est,
983 1580 1028 1625 et
1053 1571 1303 1625 Dominus
1333 1572 1517 1627 celavit
1539 1590 1641 1637 me,
1676 1586 1720 1627 et
1749 1590 1848 1627 non
1879 1576 2082 1628 indica-

502 1663 574 1713 cit
612 1662 731 1714 mihi
757 1661 813 1722 (1
826 1661 868 1715 γ
892 1661 1022 1733 Reg.
1055 1679 1125 1729 tv,
1156 1664 1269 1734 27).
1324 1665 1609 1733 Apostolus
1653 1681 1864 1737 quoque
1909 1668 2074 1721 dicit:

2181 488 2407 547 quatuor
2445 477 2609 530 millia
2647 476 2897 545 juvenum
2936 492 2999 532 ex
3044 479 3334 536 Israelitico
3374 484 3565 552 populo
3607 486 3750 542 dele-

2178 568 2320 635 gisse
2362 566 2453 634 qui
2502 566 2767 635 psalmos,
2827 581 2960 636 quos
3008 566 3120 637 ipse
3168 570 3378 626 Domini
3428 575 3751 643 aspiratione

2182 654 2495 723 protulerat,
2528 655 2762 724 organis,
2789 657 3026 720 citharis,
3062 659 3253 729 nahlis,
3289 665 3573 735 tympanis,
3603 681 3751 738 εγω-

2178 747 2335 812 balis,
2366 747 2530 812 tubis,
2572 749 2891 817 pr0priaque
2920 764 3049 804 voce
3088 751 3140 804 in
3178 766 3421 821 magnam
3444 755 3752 824 jucundita-

2182 848 2286 893 tem
2330 851 2576 906 supernae
2612 841 2796 907 gratia:
2837 849 3200 906 personarent.
3245 842 3373 909 Qua:
3410 847 3586 901 suavis
3623 848 3753 902 adu.

2182 929 2327 983 natio
2368 929 2536 982 tribus
2578 928 2814 995 (artibus
2852 928 3016 983 divisa
3057 930 3331 985 constabat
3372 951 3383 983 :
3428 936 3754 991 rationabilis

2183 1018 2480 1087 pertinebat
2510 1019 2574 1072 ad
2606 1019 2890 1073 humanam
2923 1034 3138 1087 vocem;
3173 1022 3549 1080 irrationabilts
3576 1028 3641 1080 ad
3670 1029 3753 1082 in-

2181 1118 2477 1164 strumenta
2503 1107 2557 1179 4
2586 1110 2823 1173 musica;
2867 1110 3163 1164 communis
3209 1123 3383 1166 autem
3425 1115 3491 1169 de
3521 1117 3755 1184 utrisque

2183 1202 2418 1271 partibus
2446 1200 2763 1270 aptabatur;
2813 1208 2870 1255 ut
2897 1210 2951 1256 et
2978 1216 3077 1256 vox
3108 1200 3337 1257 hominis
3374 1206 3533 1261 certis
3565 1225 3593 1259 n
3616 1210 3753 1262 ollu-

2183 1290 2465 1345 lationibus
2508 1290 2782 1358 ederetur,
2814 1300 2865 1344 et
2900 1290 3373 1346 instrumentorum
3416 1297 3581 1348 melos
3620 1311 3753 1351 eon-

2182 1394 2313 1434 sona
2348 1394 2407 1435 se
2440 1380 2713 1434 vicinitate
2749 1379 3120 1449 coniungeret.
3151 1380 3239 1437 Sic
3271 1383 3450 1437 suavis
3478 1384 3564 1437 illa
3596 1395 3647 1439 et
3669 1386 3756 1454 ju-

2183 1470 2356 1525 cunda
2384 1471 2583 1526 musica
2616 1470 2908 1525 Ecclesium
2944 1470 3259 1526 catholicam
3294 1472 3379 1526 tali
3410 1484 3531 1529 actu
3562 1478 3754 1544 przedi-

2181 1564 2357 1627 orbat,
2388 1578 2506 1631 qua:
2534 1576 2600 1617 ex
2631 1561 2855 1616 diversis
2885 1561 3095 1632 linguis,
3126 1564 3379 1631 varioque
3408 1578 3671 1621 concentu
3702 1569 3752 1622 in

2182 1668 2344 1706 unam
2395 1652 2519 1708 ﬁdei
2581 1653 2925 1708 concordiam
2974 1664 3130 1722 erat,
3177 1654 3402 1711 Domino
3446 1667 3753 1726 p::estante,

496 1749 574 1804 De
595 1752 872 1820 virginibus
898 1761 1204 1824 praeceptum
1226 1753 1435 1809 Domini
1462 1772 1565 1809 non
1599 1757 1776 1825 habeo,
1808 1758 2076 1811 consilium
2113 1755 2151 1812 Β
2182 1742 2472 1797 οτεάίῑυτδο

491 1854 661 1897 autem
686 1844 754 1895 do
800 1841 854 1913 (Ι
880 1843 1000 1897 Car.
1027 1860 1124 1908 vn,
1152 1843 1266 1912 25).
1316 1845 1446 1901 ltem
1496 1847 1611 1914 ipse
1649 1858 2069 1902 commemorat:

496 1929 610 1982 Hoc
633 1945 727 2000 ego
754 1930 1016 1999 praecipio,
1045 1947 1146 1984 non
1175 1930 1426 1987 Dominus
1455 1932 1701 2002 (lbidrm,
1736 1935 1848 2003 10).
1878 1936 1943 1989 Ει
1969 1936 2073 1989 alio

493 2023 610 2077 loco
635 2024 715 2077 sic
745 2022 990 2078 meminit
1020 2038 1035 2077 :
1087 2022 1213 2091 Qua:
1238 2024 1437 2095 loquor,
1472 2043 1571 2081 non
1598 2028 1775 2096 loquor
1796 2028 2074 2083 secundum

495 2106 661 2166 Deum
690 2110 780 2183 (II
805 2112 1021 2178 Const,
1051 2114 1161 2186 17).
1216 2114 1367 2170 Unde
1395 2118 1555 2171 etiam
1585 2116 1830 2173 similiter
1869 2118 1920 2172 in
1964 2133 2071 2172 ca:-

494 2204 624 2259 teris
657 2203 932 2274 prophetis
975 2205 1151 2275 aliqua
1181 2206 1393 2272 quidem
1429 2207 1683 2263 Dominus
1727 2208 1931 2263 locutus
1969 2220 2071 2272 est,

491 2304 544 2349 et
574 2309 681 2349 non
714 2293 1016 2363 prophetae,
1048 2304 1102 2349 et
1130 2295 1302 2365 aliqua
1336 2298 1640 2366 prophetae,
1672 2307 1727 2353 et
1759 2315 1861 2352 non
1895 2299 2073 2353 Dom?-

494 2402 616 2441 nus.
666 2385 777 2441 Nec
822 2386 952 2441 illud
998 2388 1297 2456 specialiter
1336 2389 1401 2444 de
1432 2390 1660 2444 Domino
1696 2390 1819 2446 JeSu
1861 2390 2073 2446 Chrisxo

493 2475 697 2529 diceret
715 2474 948 2529 Joannes
974 2475 1207 2546 Baptista
1236 2495 1248 2529 :
1281 2476 1382 2543 Qui
1404 2478 1538 2531 misit
1565 2495 1641 2533 me
1665 2478 1944 2550 baptizare,
1969 2482 2075 2550 ipse

496 2566 625 2619 dixit
654 2567 778 2619 mihi
806 2584 824 2622 :
858 2567 1029 2637 Super
1066 2584 1209 2637 quem
1246 2568 1430 2622 videris
1465 2568 1718 2637 Spiritum
1759 2578 1991 2623 sanctum
2020 2572 2072 2623 in

494 2657 661 2724 specie
698 2657 944 2712 columba:
978 2658 1359 2713 descendentem
1400 2666 1444 2712 et
1482 2670 1762 2714 manentem
1802 2662 1853 2713 in
1883 2678 1963 2725 eo,
1992 2662 2074 2715 hic

496 2757 570 2799 est
597 2747 684 2816 qui
724 2746 944 2816 baptizat
975 2748 1027 2801 in
1056 2746 1256 2817 Spiritu
1295 2756 1467 2818 sancto
1499 2748 1678 2819 (Joan.
1710 2764 1749 2813 ι,
1779 2751 1891 2819 55).
1931 2750 2074 2805 Νυιι-

497 2851 656 2904 quam
692 2838 835 2891 enim
872 2838 1141 2905 proprium
1172 2848 1314 2894 esset
1359 2841 1411 2893 in
1446 2839 1669 2895 Domino
1694 2839 1906 2896 Christo
1936 2843 2072 2910 quod

494 2926 748 2981 additur:
786 2926 851 2979 Et
881 2939 1165 2981 manentem
1206 2930 1259 2982 in
1298 2945 1376 2993 eo,
1423 2929 1523 2983 nisi
1566 2931 1633 2983 ab
1675 2931 1792 2986 aliis
1831 2946 2075 2987 nonnun-

498 3033 667 3088 quam
691 3019 939 3074 recedere
969 3018 1301 3088 probaretur.
1338 3022 1392 3075 ln
1418 3020 1630 3077 Christo
1654 3022 1797 3077 enim
1827 3038 2077 3092 perman-

2253 1835 2325 1887 Ex
2350 1847 2454 1902 quo
2481 1847 2704 1887 numero
2734 1831 2896 1886 indita
2931 1832 3143 1886 nomina
3172 1833 3476 1903 frequenter
3501 1835 3553 1890 in
3587 1836 3754 1891 titulis

2181 1923 2497 1988 invenimus,
2522 1921 2832 1987 utldithun,
2859 1922 3052 1990 Asaph,
3077 1922 3172 1989 ﬁlii
3195 1922 3342 1987 Core,
3362 1935 3415 1979 et
3441 1923 3748 1981 hissiatilia.

2178 2014 2292 2067 Non
2337 2015 2458 2084 quia
2505 2015 2626 2083 ipsi,
2674 2023 2730 2068 ut
2778 2013 2992 2082 quidam
3044 2014 3256 2079 volunt,
3304 2025 3552 2072 auctores
3606 2019 3754 2074 fuere

2179 2106 2525 2175 psalmorum,
2567 2106 2660 2160 sed
2700 2103 2951 2174 quoniam
2992 2104 3263 2174 praapositi
3308 2106 3619 2175 artiﬁcibus,
3662 2110 3756 2164 ad-

2179 2200 2568 2253 m'nistralores
2609 2212 2790 2253 earum
2820 2210 2999 2252 rerum
3048 2197 3350 2266 probabiles
3397 2200 3749 2268 exstiterunt,

2178 2298 2233 2342 ut
2264 2289 2518 2342 honorem
2555 2286 2622 2341 de
2662 2286 2752 2340 tali
2790 2288 3299 2342 commemoratione
3334 2299 3626 2359 sumerent,
3659 2293 3749 2359 qui

2178 2379 2356 2434 ofﬁcio
2391 2387 2577 2433 sancto
2614 2377 2825 2433 devotis
2865 2378 3134 2433 mentibus
3164 2380 3499 2444 serviebant;
3530 2382 3756 2438 maxime

2178 2472 2300 2540 quia
2345 2477 2399 2525 et
2441 2469 2654 2525 nomina
2694 2483 2881 2524 eorum
2930 2470 3232 2525 intellectus
3277 2486 3453 2526 rerum
3491 2488 3754 2543 congruos

2179 2560 2415 2614 indicare
2466 2567 2779 2615 noscuntur.
2840 2558 2954 2613 Non
3000 2560 3141 2614 enim
3193 2562 3480 2631 supradicti
3533 2566 3628 2618 viri
3684 2567 3750 2619 ad

2178 2650 2411 2719 psalmos
2448 2650 2717 2704 faciendos
2759 2649 2917 2705 electi
2958 2659 3102 2718 sunt,
3145 2651 3237 2706 sed
3280 2668 3378 2707 eos
3407 2665 3754 2727 congregatos

2178 2748 2384 2794 tantum
2410 2740 2636 2810 legimus
2665 2740 2730 2794 ad
2760 2740 3087 2807 canendum;
3116 2744 3552 2814 psalmographus
3577 2755 3750 2802 autem

2181 2831 2344 2887 fuisse
2371 2831 2590 2888 historia
2625 2834 2764 2887 nulla
2794 2841 3050 2899 testatur;
3084 2845 3136 2889 et
3163 2848 3642 2907 pra-sumptuosum
3672 2853 3756 2897 est

2177 2925 2355 2981 dicere
2382 2925 2521 2995 quod
2549 2926 2691 2980 nulla
2718 2926 2885 2995 possit
2911 2929 3225 2983 auctoritate
3252 2928 3473 2984 firmari.
3508 2932 3746 2988 Psaltnos

2180 3028 2355 3071 autem
2398 3018 2463 3071 ad
2505 3016 2675 3071 solum
2719 3018 3027 3087 prophetam
3070 3018 3232 3073 David
3274 3021 3541 3087 pertinere
3583 3027 3746 3077 certis

500 3110 595 3173 sit,
618 3110 739 3179 quia
766 3122 1039 3179 percalum
1064 3127 1166 3165 non
1195 3111 1409 3179 habuit;
1440 3112 1505 3167 ab
1527 3112 1647 3167 aliis
1667 3113 1786 3184 jure
1807 3115 2070 3183 discessit,
2101 3113 2147 3177 ο
2179 3106 2481 3162 declaratur
2527 3107 2758 3162 indiciis.
2815 3107 3052 3177 Denique
3102 3108 3156 3162 in
3202 3110 3517 3180 Apocalypsi
3568 3112 3751 3167 volens

501 3199 627 3269 quia
661 3200 965 3267 pollutionis
990 3202 1249 3256 maculam
1281 3212 1654 3271 perceperunt.
1686 3204 1908 3274 Spiritui
1932 3206 2073 3261 enim

498 3298 688 3343 sancto
718 3302 823 3343 non
852 3297 1025 3359 potest
1053 3304 1173 3345 esse
1198 3293 1502 3345 communio
1527 3308 1648 3347 cum
1675 3294 1885 3349 delictis
1910 3313 1922 3347 :
1955 3312 2074 3349 nam

500 3378 581 3431 sic
611 3377 868 3445 scriptum
896 3385 981 3433 est
1016 3380 1068 3433 in
1098 3379 1235 3434 libro
1264 3380 1548 3449 Sapientia
1578 3382 1879 3439 Salomonis
1906 3400 1920 3436 :
1955 3383 2078 3451 Spi-

498 3472 631 3524 ritu
654 3470 787 3523 enim
812 3479 1015 3525 sanctus
1041 3472 1325 3542 disciplina:
1348 3472 1555 3543 e/fugiel
1587 3475 1784 3543 ﬁctum,
1806 3484 1853 3529 et
1882 3477 2075 3546 auferet

500 3577 558 3614 se
585 3576 617 3614 a
640 3562 1025 3632 cogitationibus
1050 3579 1163 3631 quae
1188 3573 1305 3619 sunt
1334 3566 1443 3620 sine
1467 3564 1723 3620 intellectu
1746 3567 1899 3637 (Sap.
1932 3584 1967 3636 ι,
1997 3568 2072 3637 5).

574 3654 669 3708 Est
696 3664 875 3710 autem
908 3655 1181 3725 prophetia
1224 3655 1560 3727 magniﬁcum
1604 3658 1763 3713 nimis
1799 3669 1852 3713 et
1884 3661 2076 3715 verilo-

502 3756 663 3813 quum
690 3744 899 3799 dicendi
926 3760 1125 3815 genus,
1157 3761 1263 3802 non
1295 3747 1524 3801 humana
1555 3749 1824 3805 voluntate
1861 3764 2078 3820 compo-

502 3836 686 3905 situm,
727 3839 819 3893 sed
861 3839 1038 3894 divina
1091 3840 1439 3909 inspiratione
1482 3843 1771 3911 profusum,
1822 3845 1959 3900 sicut
2006 3845 2078 3899 ait

510 3926 696 3981 Petrus
722 3929 993 3997 apostolus
1025 3946 1039 3982 :
1072 3929 1192 3985 Non
1222 3932 1353 3985 enim
1383 3932 1640 3989 voluntate
1667 3934 1892 3989 humana
1917 3936 2078 3989 allata

513 4029 588 4072 est
614 4020 893 4088 aliquando
922 4022 1219 4091 prophetia;
1256 4024 1344 4077 sed
1374 4023 1579 4089 Spiritu
1607 4036 1787 4080 sancto
1815 4028 2073 4098 inspirati,

506 4108 661 4159 locuti
678 4120 796 4163 sunt
830 4111 995 4164 sancti
1016 4110 1109 4165 Dei
1131 4112 1358 4166 homines
1379 4112 1466 4184 (II
1500 4115 1639 4169 Petr.
1663 4131 1703 4181 ι,
1725 4115 1837 4185 21).
1865 4116 1994 4171 Nam
2024 4126 2079 4174 et

505 4195 702 4253 Paulus
729 4200 1003 4269 apostolus
1031 4202 1163 4257 dicit
1194 4220 1207 4255 :
1242 4203 1342 4268 Qui
1374 4205 1640 4274 prophetat
1677 4206 1965 4263 hominibus
2003 4212 2079 4264 lo-

501 4292 671 4359 quitur
690 4293 759 4344 ad
778 4293 1189 4359 adiﬁcationem,
1207 4305 1254 4349 et
1268 4297 1685 4361 exhortationem,
1703 4310 1750 4353 et
1774 4302 2079 4356 consolatio-

501 4396 619 4434 nem
666 4380 723 4453 (Ι
747 4382 864 4436 Cor.
888 4399 995 4449 xlv,
1030 4385 1107 4453 3).
1171 4386 1236 4439 Et
1276 4386 1431 4455 paulo
1455 4397 1575 4455 post
1614 4404 1627 4440 :
1675 4388 1775 4453 Qui
1812 4391 2077 4458 prophetat

2179 3211 2312 3264 opus
2357 3196 2495 3251 istud
2546 3197 2789 3267 intelligi,
2832 3198 2998 3252 solius
3027 3199 3190 3252 David
3245 3200 3489 3254 meminit
3528 3200 3747 3257 dicens:

2184 3285 2307 3340 Hac
2345 3287 2468 3340 dicit
2512 3300 2715 3341 sanctus
2762 3298 2808 3340 et
2851 3303 2997 3342 verus
3036 3290 3123 3358 qui
3161 3289 3307 3344 habet
3348 3290 3539 3344 clavem
3563 3290 3751 3359 David,

2178 3378 2264 3447 qui
2301 3378 2464 3445 aperit
2502 3387 2549 3432 et
2592 3394 2736 3432 nemo
2774 3378 3002 3443 claudit;
3048 3378 3240 3434 claudit
3286 3390 3334 3436 et
3379 3399 3523 3436 nemo
3567 3386 3748 3451 aperit.

2181 3468 2235 3521 ln
2267 3467 2554 3537 Evangelia
2597 3483 2806 3537 quoque
2836 3469 3123 3524 Pltariszeis
3165 3471 3281 3541 ipse
3312 3472 3565 3527 Dominus
3593 3475 3749 3529 dicit:

2184 3560 2451 3627 Quomodo
2480 3578 2601 3632 ergo
2632 3562 2792 3614 David
2837 3563 2888 3614 in
2919 3561 3119 3631 Spiritu
3153 3574 3295 3617 vocat
3339 3578 3451 3619 cum
3485 3565 3754 3620 Dominum

2179 3652 2350 3706 dicens
2384 3668 2401 3706 :
2427 3651 2565 3706 Dixit
2594 3652 2843 3709 Dominus
2866 3651 3088 3709 Domino
3117 3672 3227 3709 meo
3260 3652 3471 3726 (Matth.
3502 3674 3630 3725 χχιι,
3656 3660 3749 3724 45,

2179 3741 2293 3813 41),
2329 3755 2437 3798 etc.

2254 3835 2402 3890 Unde
2438 3836 2691 3905 probatur
2732 3837 3009 3894 universos
3055 3840 3286 3908 psalmos
3329 3857 3431 3898 non
3464 3845 3749 3900 multorum

2180 3923 2408 3980 existere
2430 3967 2444 3991 ,
2475 3926 2569 3980 sed
2601 3934 2802 3981 tantum
2836 3928 3002 3998 ipsius
3029 3946 3187 4000 quem
3232 3948 3259 3986 a
3291 3934 3514 3990 Domino
3544 3947 3751 3992 constat

2181 4028 2303 4069 esse
2348 4015 2701 4071 nominatum.
2754 4017 2893 4073 Usus
2941 4036 3148 4090 quoque
3179 4023 3430 4079 Ecclesia:
3477 4028 3750 4082 catholica:

2179 4104 2409 4172 Spiritus
2437 4108 2605 4160 sancti
2645 4108 2995 4175 inSpiratione
3038 4113 3357 4179 generaliter
3382 4126 3433 4170 et
3467 4117 3752 4173 immobili-

2182 4203 2261 4248 ter
2305 4202 2480 4260 tenet,
2525 4206 2585 4249 ut
2627 4198 2926 4267 quicunque
2971 4212 3155 4253 eorum
3212 4205 3503 4259 cantandns
3550 4210 3747 4274 fuerit,

2180 4284 2270 4353 qui
2306 4283 2520 4339 diverso
2559 4286 2775 4341 nomine
2813 4296 3202 4357 praenotantur,
3236 4291 3401 4347 lector
3430 4294 3569 4348 aliud
3610 4310 3747 4364 pra-

2180 4372 2364 4429 dicare
2413 4389 2519 4428 non
2573 4375 2784 4442 audeat,
2835 4376 2937 4433 nisi
2981 4379 3220 4436 Psalmos
3270 4382 3453 4436 David.
3507 4386 3657 4450 Quod
3704 4390 3749 4442 si

500 4469 785 4525 Ecclesium
806 4474 1030 4540 adi/ient
1062 4473 1301 4544 (Ibidem,
1334 4477 1388 4545 l)
1420 4478 1687 4533 :ccdiﬁcat
1708 4479 1884 4547 plane,
1914 4495 2076 4549 quan-

2181 4471 2360 4517 essent
2389 4464 2609 4533 praprii,
2640 4464 2693 4518 id
2722 4473 2823 4529 est,
2841 4474 2932 4520 aut
2966 4467 3195 4534 ldithun,
3236 4479 3327 4523 aut
3352 4471 3577 4538 ﬁliorum
3602 4473 3749 4541 Core,
3844 4482 3847 4489 '

501 4560 571 4613 do
603 4575 689 4615 res
716 4561 1011 4631 incognitas
1037 4565 1301 4635 nimisque
1330 4567 1657 4622 necessarias
1683 4568 2079 4636 przelocntionis

503 4650 763 4707 bimeﬂcio
791 4651 1057 4709 lacitcsse
1082 4656 1407 4711 notissimas.
1450 4657 1580 4711 Nam
1621 4667 1675 4713 et
1722 4660 1916 4730 quibus
1958 4661 2081 4715 data

498 4752 585 4793 e51
614 4738 837 4795 facultas
866 4741 1001 4797 bene
1048 4744 1373 4814 intelligendi
1416 4747 1496 4802 vel
1530 4748 1913 4817 interpretandi
1942 4751 2080 4805 Ξειιὶ-

501 4839 686 4897 pturas
730 4830 968 4897 divinas,
1015 4847 1045 4887 a
1091 4849 1315 4889 munere
1362 4836 1654 4905 prophetia:
1689 4851 1795 4891 non
1839 4838 2084 4893 videntur

498 4924 737 4990 excepti,
759 4925 895 4979 sicut
920 4928 1204 4995 Apostolus
1230 4928 1303 4981 ait
1339 4928 1391 4982 in
1420 4928 1653 4997 Epistola
1683 4931 1748 4984 ad
1774 4929 2080 4985 Corinthios

502 5012 677 5079 prima
708 5011 855 5083 (Cap.
889 5029 997 5078 xlv,
1026 5016 1151 5086 32):
1184 5016 1410 5085 Spiritus
1435 4998 2079 5092 praphetarum/pmphetis

496 5103 761 5175 subjectus
788 5113 881 5159 est.
915 5106 1020 5161 Sed
1061 5108 1312 5175 quoniam
1343 5108 1409 5163 de
1438 5111 1730 5178 prOphetia:
1770 5112 2080 5167 muneribus

494 5201 871 5260 competenter
903 5194 1122 5251 forsitan
1150 5213 1269 5267 qua:
1298 5200 1543 5267 leguntur
1575 5200 1911 5269 agnovimus,
1940 5218 2080 5258 nunc

493 5300 627 5354 qua:
657 5295 854 5341 restant
881 5287 1103 5344 sollicite
1133 5299 1545 5358 perscrutemur.

1126 5439 1353 5497 CAPUT
1392 5444 1454 5498 ll.

574 5526 680 5581 Cur
705 5530 758 5582 in
788 5530 1098 5599 psalmorum
1130 5534 1293 5587 titulis
1333 5535 1478 5601 quasi
1506 5543 1771 5590 auctorum
1801 5542 2011 5593 nomina

1013 5604 1209 5656 diuersa
1236 5605 1576 5673 reperiantur.

576 5725 635 5783 in
660 5727 831 5797 primo
854 5730 989 5787 libro
1008 5732 1441 5799 Paralipomenon
1462 5736 1610 5809 (Cap.
1629 5755 1657 5794 ις
1671 5755 1783 5809 xnt,
1801 5741 1855 5813 5)
1875 5742 2085 5815 legitur,

2184 4563 2274 4607 aut
2297 4554 2496 4622 Asaph,
2529 4564 2620 4608 aut
2646 4552 2847 4626 Moysi,
2878 4572 3061 4612 eorum
3094 4561 3306 4615 nomina
3352 4564 3533 4632 utique
3561 4567 3751 4633 prsidi-

2183 4652 2467 4707 carentur;
2523 4645 2661 4698 sicut
2707 4653 2761 4699 et
2815 4646 2866 4700 in
2918 4647 3226 4719 Evangeliis
3284 4649 3359 4716 ﬁt,
3411 4657 3620 4723 quando
3664 4668 3754 4711 aut

2187 4732 2366 4796 Marci,
2399 4744 2489 4786 aut
2517 4734 2690 4798 Luem,
2719 4743 2811 4789 aut
2841 4737 3095 4803 Matthtei,
3132 4752 3219 4793 aut
3247 4741 3467 4798 Joannis
3497 4749 3752 4801 vocallu'o

2188 4823 2611 4889 pronuntiantur.
2641 4824 2791 4892 Quod
2820 4827 2979 4881 etiam
3011 4838 3225 4884 secutus
3252 4831 3405 4886 Pater
3428 4834 3752 4904 Augustinus

2186 4926 2537 4985 congruenter
2580 4932 2767 4971 omnes
2813 4919 3047 4987 psalmos
3097 4922 3226 4977 dicit
3269 4924 3405 4994 (Lib.
3450 4942 3555 4981 xvu
3601 4926 3751 4981 Civit-

2187 5001 2303 5067 Dei,
2338 5019 2450 5073 cap.
2482 5004 2566 5072 M)
2596 5020 2716 5061 esse
2743 5007 3043 5067 Davidicos.

2788 5180 3016 5240 CAPUT
3054 5186 3143 5241 ΙΙΙ.

2191 5265 2326 5332 Quid
2355 5266 2601 5338 signiﬁcet
2640 5269 2691 5323 in
2726 5270 2923 5396 ﬁnem‘,
2947 5276 3079 5397 αἵ.οά
3106 5276 3389 5347 frequenter
3419 5280 3668 5333 invenitur
3697 5286 3749 5338 in

2908 5356 2977 5397 ιω
3004 5362 3064 5397 τε.

2908 5356 3064 5399 ttutts.

2256 5469 2438 5525 Finem
2486 5470 2695 5528 duobus
2738 5473 2964 5531 dicimus
3006 5477 3177 5532 modis
3222 5494 3236 5531 :
3286 5480 3484 5546 primus
3527 5487 3611 5536 est
3658 5484 3756 5539 iste

2185 5566 2483 5620 communis
2535 5578 2691 5635 atque
2742 5570 2997 5633 moralis,
3054 5568 3265 5637 quando
3322 5585 3405 5626 res
3459 5572 3633 5643 aliqua
3688 5576 3755 5629 ad

2187 5666 2482 5711 extremum
2525 5658 2752 5713 deducta
2802 5662 3126 5729 pervenerit,
3174 5678 3273 5719 nec
3315 5667 3536 5722 ulterius
3580 5679 3755 5738 potest

2192 5746 2418 5815 prodire,
2452 5763 2565 5817 qua:
2590 5759 2761 5806 motus
2790 5752 2869 5807 sui
2897 5748 3178 5811 terminum
3204 5758 3455 5828 probatur
3484 5760 3749 5831 accipere.
