4008 6182
433 253 513 304 ’15
1655 249 1720 302 Μ.
1765 247 1972 304 AUREI

2079 248 2470 305 CASSIODORI
3613 249 3671 304 16

443 368 532 424 Sic
562 366 701 420 enim
732 365 955 420 dicimus
987 362 1186 417 tinitum
1217 361 1391 416 cibum
1415 401 1429 425 ,
1463 361 1552 430 qui
1583 361 1768 416 sedula
1798 375 2000 416 comes-
2033 361 2082 419 Α

445 457 590 513 tione
617 465 961 524 consumptus
989 463 1097 515 est;
1139 451 1336 506 (initam
1370 451 1668 519 pecuniam,
1697 465 1814 520 quae
1843 451 2003 506 doce-

445 557 529 601 tur
571 561 823 614 expensa,
867 555 920 600 et
963 551 1153 597 cmtera
1203 556 1320 611 quae
1362 541 1462 595 hoc
1512 541 1669 594 modo
1714 541 2008 609 probantur

441 637 600 690 edici.
645 634 918 690 Secundus
948 633 1140 686 dicitur
1172 631 1288 684 ﬁnis
1317 630 1581 699 perlectus
1622 641 1778 699 atque
1820 645 2008 700 perpe-

446 739 584 791 tuus,
626 743 780 796 quem
824 727 981 779 modo
1020 724 1336 794 quagrimus;
1383 723 1470 792 qui
1520 733 1648 777 tunc
1685 723 1837 777 nobis
1887 739 2006 790 pro-

437 819 585 871 1endi
619 818 784 885 magis
813 830 874 871 ac
900 815 1106 868 dilatari
1139 813 1342 882 incipit,
1372 812 1582 881 quando
1614 812 1678 866 ad
1709 829 1827 866 eum
1859 826 2007 866 mens

441 912 630 964 devota
682 909 999 982 pervenerit.
1062 905 1207 959 Finis
1254 918 1380 973 ergo
1437 904 1566 972 legis
1615 918 1678 957 ac
1734 904 2006 971 plenitudo

437 1000 696 1054 Dominus
734 1007 916 1052 noster
943 1006 1024 1050 est
1051 996 1310 1057 Christus,
1349 995 1485 1048 sicut
1512 995 1801 1061 Apostolus
1836 995 2001 1049 dicit:

437 1091 590 1145 'Finis
628 1093 757 1146 enim
802 1089 925 1160 legis
950 1087 1182 1142 Christus
1220 1086 1288 1137 ad
1314 1086 1570 1154 justitiam
1609 1086 1745 1138 omni
1781 1086 2004 1138 credenti

438 1181 614 1246 (Rom.
645 1181 790 1248 L4).
819 1180 895 1233 Ad
919 1193 1073 1247 quem
1096 1177 1222 1230 dum
1248 1177 1666 1244 pervenerimus,
1702 1175 1832 1228 nihil
1866 1178 1999 1229 ultra

437 1275 833 1343 perquiremus;
889 1271 980 1324 sed
1033 1270 1147 1339 ipso
1199 1268 1536 1323 beatitudinis
1582 1269 1691 1322 ﬁne
1739 1268 1997 1331 contenti,

429 1365 742 1432 ‘p'euissima
787 1361 1118 1430 iucunditate
1174 1359 1539 1428 perfruemur;
1596 1357 1746 1426 cujus
1795 1367 1997 1411 tantum

435 1471 584 1509 amor
613 1454 849 1522 prolicit,
878 1462 1131 1521 quantum
1179 1451 1478 1504 intellectus
1528 1459 1728 1513 noster,
1778 1449 1998 1502 Domino

413 1555 738 1613 'prtesmnte,
768 1544 1032 1598 clarescit.
1069 1543 1133 1596 Et
1171 1542 1289 1596 ideo
1328 1541 1534 1610 quoties
1570 1540 1620 1593 in
1666 1541 1824 1594 titulis
1858 1542 1997 1608 psal-

432 1651 638 1690 morum
675 1638 723 1687 in
755 1635 905 1703 ﬁnem
960 1634 1182 1702 reperis,
1244 1633 1305 1684 ad
1348 1631 1625 1686 Dominum
1664 1629 1989 1685 Salvatorem

2671 361 2720 431 5
2758 359 2980 416 CAPUT
3022 361 3104 415 vi.

2636 454 2771 519 Quid
2796 455 2860 506 sit
2889 454 3160 507 canticum.

2180 559 2453 615 Canticum
2513 571 2595 616 est
2646 564 2786 632 quod
2839 564 2904 617 ad
2975 564 3230 618 honorem
3295 563 3385 620 Dei
3445 565 3668 632 canitur,

2109 651 2322 715 quando
2359 652 2476 719 quis
2516 652 2760 708 libertate
2805 655 2948 708 vocis
2979 655 3205 723 propria:
3241 655 3426 719 utitur,
3457 671 3554 711 nec
3594 658 3666 711 lo-

2109 741 2260 807 quaci
2303 743 2658 798 instrumento
2699 745 2945 814 cuiquam
2987 749 3188 802 musico
3215 762 3447 801 consona
3489 751 3668 802 modu-

2109 832 2304 887 latione
2328 835 2581 900 sociatur,
2609 837 2708 890 hoc
2742 845 2823 892 est
2848 838 2988 906 quod
3020 840 3178 892 etiam
3211 855 3349 895 nunc
3381 839 3433 894 in
3465 839 3667 894 Divini-

2108 923 2227 975 tatis
2257 924 2497 978 laudibus
2527 928 2717 995 agitur.

2700 1041 2920 1096 CAPUT
2961 1041 3064 1096 VII.

2524 1132 2657 1196 Quid
2687 1135 2748 1184 sit
2777 1134 3245 1200 psalmocanticum.

2174 1237 2648 1294 Psalmocanticum
2700 1251 2834 1306 erat,
2886 1258 3025 1312 cum,
3059 1244 3412 1297 instrumento
3464 1243 3661 1295 musico

2103 1329 2444 1396 praecinente,
2474 1344 2669 1384 canens
2699 1330 2896 1385 chorus
2923 1332 3138 1385 sociatis
3165 1332 3379 1385 vocibus
3405 1333 3662 1387 acclama-

2100 1418 2206 1481 hat,
2239 1419 2430 1474 divinis
2454 1420 2712 1475 duntaxat
2741 1423 3079 1476 sermonibus
3111 1423 3413 1478 obsecutus.

2682 1533 2902 1590 CAPUT
2947 1533 3079 1588 VIII.

2484 1625 2622 1689 Quid
2646 1627 2711 1680 sit
2745 1627 3264 1698 canticumpsalmum.

429 1733 594 1787 aciem
625 1733 815 1786 mentis
856 1730 1092 1795 intende,
1121 1728 1210 1797 QUI
1239 1737 1322 1781 θει
1349 1727 1463 1780 [IIIIS
1493 1727 1607 1780 sine
1638 1726 1760 1792 line,
1803 1735 1856 1781 et
1894 1727 1987 1782 bO-
2021 1713 2068 1772 Β
2163 1736 2438 1791 Canticum
2463 1739 2724 1806 psalmum
2746 1747 2880 1806 erat,
2905 1753 3047 1804 cum,
3073 1740 3238 1793 choro
3258 1747 3380 1793 ante
3409 1747 3655 1804 canente,

424 1840 614 1878 norum
644 1825 877 1877 omnium
909 1822 1219 1890 completiva
1252 1818 1523 1888 perfectio.

1034 1933 1258 1989 CAPUT
1291 1933 1381 1987 1V.

534 2028 669 2094 Quid
694 2027 757 2081 sit
783 2026 1093 2096 psalterium,
1125 2024 1202 2078 vel
1227 2026 1410 2093 psalmi
1436 2041 1592 2094 quare
1618 2024 1874 2077 dicantur.

491 2141 800 2195 Psalterium
842 2146 942 2205 est,
987 2146 1044 2191 ut
1081 2137 1434 2206 Hieronymus
1471 2137 1566 2201 ait,
1614 2137 1665 2190 in
1708 2136 1920 2190 modum
1950 2151 1983 2187 Δ

401 2232 576 2286 ~delta:
601 2232 788 2284 litterae
814 2227 1022 2282 formati
1045 2227 1174 2297 ligni
1196 2241 1388 2280 sonora
1411 2227 1735 2290 concavitas,
1759 2228 1979 2280 obesum

417 2330 653 2375 ventrem
683 2320 736 2373 in
768 2317 1128 2387 superioribus
1157 2316 1379 2380 habens,
1427 2316 1514 2371 ubi
1545 2317 1862 2371 chordarum
1897 2316 1981 2370 tila

415 2409 633 2479 religata
670 2406 1127 2476 disciplinabiliter
1168 2407 1369 2476 plectro
1409 2422 1684 2474 percussa,
1723 2408 1983 2462 suavissi-

417 2515 554 2555 mam
600 2500 843 2553 dicuntur
886 2497 1113 2552 reddere
1161 2497 1502 2552 cantilenam.
1573 2499 1709 2554 Huic
1761 2499 1980 2554 cithara:

415 2591 605 2660 positio
632 2589 840 2642 videtur
864 2603 982 2643 esse
1007 2588 1292 2655 contraria,
1335 2589 1467 2642 dum
1497 2590 1634 2658 quod
1667 2591 1764 2643 ista
1794 2591 1843 2643 in
1872 2589 1979 2644 imo

412 2680 674 2745 continet,
714 2676 845 2734 illud
887 2693 1145 2734 conversa
1181 2678 1298 2734 vice
1331 2688 1500 2749 gestat
1536 2681 1591 2732 in
1630 2681 1822 2749 capite.
1868 2681 1978 2734 IIoc

410 2779 584 2824 autem
620 2783 788 2838 genus
822 2769 1006 2837 organi
1037 2783 1291 2824 canorum
1325 2780 1482 2840 atque
1512 2771 1778 2840 singulare
1827 2782 1976 2840 apta-

409 2874 494 2918 tur
527 2863 736 2932 corpori
768 2863 973 2917 Domini
1004 2862 1329 2929 Salvatoris;
1381 2864 1630 2933 quoniam
1673 2866 1810 2920 sicut
1837 2865 1975 2920 istud

405 2955 470 3009 de
495 2954 775 3009 altioribus
804 2963 976 3018 sonat,
1001 2955 1079 3009 sic
1105 2963 1158 3009 et
1194 2953 1320 3008 illud
1355 2955 1597 3025 gloriosa:
1628 2957 1973 3014 institutionis

2093 1841 2179 1880 ars
2213 1827 2551 1882 instrumenti
2581 1829 2768 1882 musici
2797 1829 2848 1882 in
2881 1844 3035 1882 unam
3065 1829 3485 1883 convenientiam
3507 1844 3654 1882 com-

2090 1917 2316 1971 muniter
2355 1917 2634 1986 aptabatur
2663 1927 2711 1985 ³,
2751 1917 3017 1989 verbaque
3059 1918 3238 1989 hymni
3279 1919 3440 1974 divini
3477 1919 3654 1974 suavis

2084 2008 2272 2075 copula
2305 2008 2636 2076 personabat.

2690 2120 2913 2175 CAPUT
2962 2120 3053 2175 IX.

2497 2210 2572 2264 De
2594 2211 2949 2282 quinquefaria
2978 2211 3241 2266 divisione.

2155 2325 2300 2381 Ilauc
2327 2334 2526 2391 autem,
2576 2341 2733 2395 quam
2765 2325 3015 2389 diximus,
3064 2321 3486 2394 quinquelariam
3514 2322 3649 2377 divi-

2089 2415 2317 2480 sionem,
2345 2424 2501 2486 prout
2528 2430 2858 2484 unaquteque
2902 2429 3083 2468 earum
3118 2413 3436 2482 psalmorum
3481 2412 3649 2466 titulis

2082 2506 2315 2575 potuerit
2352 2505 2601 2572 inveniri,
2646 2506 2777 2559 locis
2819 2503 3110 2572 aptissimis
3151 2501 3450 2556 admonebo
3491 2519 3505 2555 :
3557 2502 3644 2555 ubi

2079 2596 2488 2665 signiﬁcantiam
2517 2595 2798 2665 quamdam
2839 2593 3282 2662 subsequentibus
3324 2593 3487 2648 rebus
3534 2607 3646 2662 my-

2079 2689 2213 2743 stica
2243 2689 2684 2758 interpretatione
2731 2686 3071 2741 contradunt.
3102 2685 3204 2739 Sed
3253 2683 3372 2753 quia
3425 2692 3550 2737 sunt
3592 2694 3647 2738 et

2077 2781 2198 2835 alia:
2228 2780 2530 2834 multifaria:
2555 2779 3060 2849 superscriptiones,
3092 2791 3222 2846 quas
3250 2775 3643 2846 prtetereundas

2076 2889 2198 2930 esse
2242 2890 2346 2929 non
2377 2873 2628 2939 arbitror,
2670 2871 2902 2926 breviter
2951 2871 3004 2923 in
3053 2883 3210 2922 unam
3251 2868 3639 2922 conclusionem

2075 2967 2286 3020 mstimo
2313 2963 2667 3034 colligendas;
2696 2971 2752 3016 ut
2782 2977 2881 3017 nec
2909 2960 3173 3015 fastidium
3203 2959 3636 3023 lectorincurrat,

399 3061 635 3116 superne
673 3045 1044 3110 concelebrat;
1087 3045 1224 3099 sicut
1262 3046 1420 3099 etiam
1451 3048 1564 3115 ipse
1601 3047 1654 3100 in
1683 3047 1970 3115 Evangelio

2075 3074 2174 3113 nec
2218 3059 2270 3113 in
2314 3056 2508 3112 damno
2557 3054 2922 3125 intelligentiae
2970 3053 3272 3108 necessaria
3321 3050 3458 3106 forte
3505 3065 3639 3118 prre-
3736 3059 3738 3061 ’

385 3137 529 3191 -t.Iicit
556 3152 569 3189 :
604 3136 704 3202 Qui
727 3145 799 3188 est
825 3135 886 3187 de
917 3145 1072 3196 terra,
1099 3135 1162 3187 de
1191 3143 1325 3187 terra
1356 3144 1448 3199 est,
1477 3144 1526 3189 et
1551 3134 1614 3189 de
1643 3144 1776 3189 terra
1805 3137 1969 3205 loqui-

402 3235 520 3290 tur;
545 3226 632 3295 qui
655 3234 825 3278 autem
850 3225 912 3277 de
935 3224 1056 3277 cwlo
1077 3226 1228 3293 venit,
1253 3241 1364 3292 qua:
1384 3225 1505 3278 vidit
1525 3234 1570 3279 et
1595 3225 1788 3278 audiuit
1818 3235 1969 3279 testa-

400 3328 484 3372 tur
509 3318 682 3388 (Joan.
711 3333 794 3384 .tu,
826 3317 936 3386 5i).
971 3315 1122 3371 Unde
1147 3317 1359 3386 quidam
1387 3326 1441 3372 et
1469 3319 1570 3372 hoc
1600 3333 1732 3387 opus
1760 3319 1970 3373 Davidi-

398 3424 519 3463 cum
543 3409 778 3463 Psalmos
799 3407 970 3463 dictos
998 3422 1116 3462 esse
1145 3408 1464 3477 prteﬁniunt,
1497 3409 1617 3480 quia
1644 3410 1710 3466 de
1731 3425 1966 3481 superno

379 3498 628 3552 -culmine
652 3511 905 3551 resonare
931 3507 1244 3552 noscuntur.

467 3585 741 3656 Cognosce
763 3602 887 3641 vero
916 3588 1054 3656 quod
1076 3588 1169 3642 isti
1197 3596 1397 3642 tantum
1422 3603 1518 3658 pro
1545 3590 1859 3646 excellentia
1885 3591 1966 3646 sui

396 3681 638 3735 dicantur
700 3679 928 3748 Psalmi,
988 3680 1078 3749 qui
1125 3679 1223 3734 hoc
1276 3681 1546 3736 volumine
1602 3683 1962 3738 continentur.

387 3770 523 3825 Nam
565 3778 620 3825 et
663 3771 970 3839 psalterium
1017 3785 1186 3839 genus
1241 3785 1362 3826 esse
1407 3773 1728 3827 musicorum
1781 3773 1964 3828 Daniel

378 3860 649 3930 .prOpheta
687 3868 930 3926 testatur,
975 3860 1218 3930 inquiens
1250 3860 1410 3932 (Dan.
1443 3876 1517 3926 ut,
1555 3864 1607 3930 5,
1643 3863 1732 3930 l5)
1777 3877 1961 3917 vocem

378 3952 562 4018 .tubre,
595 3951 809 4017 ﬁstulae,
841 3951 1133 4016 sambucaa,
1165 3953 1412 4018 citharae,
1446 3954 1707 4022 psalterii,
1738 3964 1790 4010 et
1822 3969 1964 4024 sym-

371 4043 619 4113 phoniae,
651 4043 928 4112 omnisque
967 4044 1175 4111 generis
1213 4043 1558 4098 musicorum.
1603 4044 1734 4098 Nam
1778 4053 1832 4099 et
1861 4045 1962 4099 Pa-

390 4136 753 4204 ralipomenon
795 4134 1024 4203 .eXponit
1069 4132 1233 4202 (Cap.
1275 4148 1361 4200 ix,
1408 4134 1521 4203 II),
1571 4148 1691 4188 cum
1730 4136 1859 4191 dicit
1898 4136 1965 4192 de

389 4226 544 4295 lignis
589 4226 820 4296 thyinis,
865 4240 982 4293 quae
1027 4225 1182 4294 vulgo
1225 4224 1394 4278 ebena
1444 4235 1724 4294 vocantur,
1767 4228 1962 4297 gradus

376 4317 556 4370 tactos
591 4317 642 4369 in
676 4315 834 4370 domo
869 4314 1099 4383 Domini,
1138 4322 1191 4368 et
1232 4315 1285 4368 in
1323 4314 1482 4369 domo
1520 4323 1686 4386 regia,
1729 4321 1960 4374 citharas

373 4420 599 4474 quoque
635 4413 690 4459 et
729 4403 976 4473 psalteria
1014 4404 1339 4458 cantoribus.
1381 4404 1492 4460 IIoc
1532 4407 1670 4476 apud
1707 4406 1957 4464 Hebraeos
1985 4437 2036 4499 υ

386 4495 580 4549 dicitur
623 4495 867 4561 nablum,
909 4493 1050 4564 quod
1098 4501 1272 4549 tamen
1320 4495 1372 4550 in
1416 4501 1774 4567 suprascripto
1819 4500 1953 4556 libro

363 4586 644 4655 .trequenti
676 4584 988 4654 repetitione
1015 4585 1283 4655 vulgatum
1311 4595 1411 4641 est.
1459 4587 1633 4658 Ipsum
1661 4604 1787 4644 vero
1815 4592 1957 4660 psal-

365 4692 531 4731 .mum
556 4677 800 4732 Graecum
825 4686 1032 4732 constat
1060 4692 1178 4733 esse
1205 4679 1540 4747 vocabulum,
1566 4696 1724 4750 quem
1756 4682 1953 4738 dictum

369 4767 598 4838 .quidam
637 4769 817 4823 volunt
849 4770 949 4824 ἀπὸ
983 4776 1072 4824 τοῦ
1105 4769 1305 4840 ψαύειν,
1337 4769 1440 4825 hoc
1467 4781 1568 4840 est,
1613 4788 1640 4826 a
1671 4775 1953 4843 tangendo.

387 4860 520 4913 Nam
561 4870 612 4914 et
651 4860 896 4929 psaltrias
921 4859 1245 4915 citharmdas
1273 4875 1545 4928 vocamus,
1577 4863 1734 4920 docto
1762 4865 1954 4935 pollice

385 4949 769 5005 modulationes
795 4950 1027 5005 musicas
1056 4950 1434 5019 exprimentes.

1005 5061 1230 5118 CAPUT
1269 5061 1335 5116 ν.

931 5153 1065 5217 Quid
1092 5153 1156 5205 sit
1185 5153 1426 5222 psalmus.

452 5273 692 5328 Ps:ilmus
721 5280 801 5326 est
828 5285 946 5325 cum
973 5284 1035 5323 ex
1059 5270 1174 5338 ipso
1197 5269 1310 5321 solo
1340 5269 1690 5324 instrumento
1721 5272 1942 5336 musico,

382 5364 431 5416 id
465 5375 539 5417 cst
575 5364 855 5433 psalterio,
887 5362 1174 5416 modulatio
1205 5359 1444 5429 quaedam
1474 5361 1642 5417 dulcis
1673 5373 1725 5416 et
1755 5378 1947 5419 canora

383 5458 733 5524 profunditur.

2072 3156 2259 3205 tereat.

2681 3259 2908 3316 CAPUT
2947 3259 3014 3315 Χ.

2401 3352 2476 3408 De
2505 3354 2648 3406 unita
2673 3351 2997 3421 inscriptione
3024 3349 3306 3402 titulorum.

2138 3464 2403 3532 Quasdam
2430 3465 2907 3533 superscriptiones
2935 3461 3260 3531 psalmorum
3296 3473 3388 3528 per
3411 3457 3630 3512 allusio-

2070 3571 2190 3610 nem
2243 3556 2574 3610 consimilem
2640 3563 2848 3610 constat
2903 3553 3247 3623 spiritualiter
3306 3549 3627 3612 intuendas;

2067 3647 2187 3714 quia
2219 3647 2262 3700 si
2295 3646 2524 3701 litteram
2553 3645 2882 3708 consideras,
2913 3652 3219 3697 extraneum
3247 3650 3348 3707 est,
3377 3655 3494 3693 cum
3525 3656 3628 3694 non

2068 3752 2129 3791 ea
2155 3736 2391 3791 invenias
2430 3737 2482 3791 in
2518 3736 2732 3805 psalmis
2761 3750 2878 3805 qua
2904 3735 3244 3789 continentur
3275 3732 3326 3785 in
3356 3731 3552 3795 titulis;
3586 3733 3629 3784 si

2068 3843 2195 3883 vero
2229 3829 2504 3883 trahantur
2544 3829 2609 3883 ad
2657 3829 2914 3898 tropicum
2959 3826 3312 3890 intellectum,
3353 3824 3510 3877 nimis
3554 3823 3633 3874 vi-

2067 3917 2259 3972 dentur
2288 3918 2670 3983 accommoda,
2703 3928 2760 3973 ut
2787 3927 2869 3973 est
2893 3915 3022 3972 illud
3049 3916 3136 3972 ubi
3164 3929 3252 3970 res
3287 3923 3449 3984 gestae
3472 3914 3633 3983 signi-

2067 4007 2310 4072 ﬁcantur,
2342 4018 2398 4062 ut
2431 4019 2550 4064 est:
2588 4025 2704 4062 cum
2733 4009 2862 4080 fugit
2889 4023 2919 4060 α
2963 4007 3092 4076 facie
3119 4005 3394 4068 Absalom;
3431 4004 3522 4058 ubi
3552 4004 3630 4059 lo-

2066 4115 2178 4164 cus,
2207 4108 2264 4155 ut
2291 4109 2372 4155 est
2403 4118 2418 4154 :
2447 4116 2561 4154 cum
2589 4109 2713 4154 esset
2752 4101 2803 4153 in
2833 4101 3030 4154 deserto
3062 4097 3323 4163 Idumeaz;
3360 4098 3444 4151 ubi
3490 4094 3628 4160 dies,

2067 4201 2124 4244 ut
2149 4201 2231 4245 est
2259 4208 2272 4244 :
2305 4192 2356 4244 in
2383 4193 2547 4261 prima
2575 4191 2801 4255 sabbati;
2847 4191 2933 4245 ubi
2979 4191 3199 4244 Hebraea
3227 4189 3461 4256 nomina,
3493 4189 3632 4241 sicut

2066 4289 2188 4335 est:
2229 4279 2491 4346 [dit/mn;
2537 4280 2625 4334 ubi
2673 4280 2808 4334 facta
2849 4288 2932 4334 est
2969 4280 3297 4347 comparatio
3336 4287 3628 4348 gestorum,

2069 4377 2125 4422 ut
2158 4379 2239 4424 est
2267 4386 2283 4423 :
2328 4385 2443 4422 cum
2473 4370 2679 4422 mutavit
2706 4370 2897 4422 vultum
2924 4385 3074 4422 suum
3102 4384 3270 4421 coram
3302 4367 3586 4419 Abimelech
3609 4383 3628 4429 ;

2065 4459 2147 4514 vel
2187 4460 2482 4529 specierum
2534 4458 2928 4523 consimilium,
2981 4466 3040 4511 ut
3090 4467 3172 4513 est
3211 4474 3224 4508 :
3270 4472 3360 4527 pro
3400 4457 3626 4508 torcula-

2060 4553 2222 4606 ribus.

2129 4642 2466 4709 Quapropter
2505 4655 2558 4694 in
2598 4638 3134 4708 superscriptionibus
3181 4637 3472 4701 titulorum,
3514 4637 3628 4692 sive

2065 4736 2337 4802 psalmum,
2369 4734 2481 4787 sive
2510 4735 2779 4795 cant'cum,
2813 4734 2927 4786 sive
2955 4732 3479 4802 psalmumranticum,
3512 4732 3624 4785 sive

2063 4830 2589 4896 canticumpsalmum,
2612 4828 2724 4881 sive
2746 4829 2795 4880 in
2812 4828 2983 4897 ﬁnem,
3006 4827 3118 4881 sive
3140 4825 3333 4893 aliquid
3354 4825 3421 4879 de
3445 4834 3622 4888 sexta,

2062 4934 2219 4988 quam
2259 4919 2523 4981 diximus,
2562 4917 2929 4987 complexione
2971 4917 3209 4986 reperire
3249 4916 3504 4984 potueris,
3538 4927 3626 4969 aut

2061 5009 2353 5078 sigillatim,
2384 5017 2474 5061 aut
2502 5023 2683 5072 unum,
2711 5009 2834 5071 duo,
2881 5008 2964 5063 vel
3002 5008 3122 5071 tria,
3151 5007 3262 5060 sive
3299 5015 3524 5075 quatuor
3554 5022 3621 5058 cx

2059 5100 2138 5153 eis
2181 5100 2377 5154 inserta
2409 5101 2739 5165 cognoveris,
2781 5101 2844 5153 ad
2877 5100 2996 5154 illas
3033 5101 3253 5153 virtutes
3285 5098 3453 5163 trahe,
3492 5113 3623 5168 quas

2059 5191 2341 5260 unicuique
2370 5191 2543 5246 inesse
2570 5191 2806 5246 dicemus
2833 5209 2844 5244 :
2875 5192 2995 5259 quia
3027 5205 3202 5244 rerum
3234 5190 3451 5243 istarum
3474 5204 3622 5244 COIII-

2060 5283 2372 5334 memoratio
2418 5281 2482 5334 ad
2551 5279 2950 5334 similitudinem
2996 5280 3216 5333 occulta:
3262 5278 3620 5348 intelligentia

2057 5372 2226 5440 posita
2295 5371 2557 5425 subtiliter
2612 5371 2896 5426 invenitur.
2943 5370 3045 5424 Ista
3094 5370 3236 5425 enim
3301 5377 3423 5423 ante
3481 5369 3624 5421 tores

2056 5462 2398 5532 psalmorum,
2433 5470 2678 5530 tanquam
2709 5469 2910 5517 sacrata
2936 5460 3049 5516 vela
3079 5459 3335 5527 pendent,
3368 5473 3459 5527 per
3477 5473 3620 5529 qum,

444 5682 479 5710 »δ
507 5671 636 5728 Mss.
666 5669 1171 5740 Aud.,Bec.,Fisc.,
1197 5670 1423 5725 comitem
1446 5670 1755 5742 raptabutur.
1776 5672 1943 5739 Edit.,
1983 5676 2188 5729 comiter
2218 5678 2534 5748 rapiebatur.
