4008 6182
385 392 456 443 Π
1537 376 1599 432 IN
1641 371 2072 431 [‘SALTERIUM
2127 368 2510 425 PlirEFATIU.
3586 371 3653 425 13

375 507 423 559 si
478 504 647 557 aciem
696 498 893 554 mentis
940 495 1183 553 intendas
1227 491 1618 550 rarescentibus
1647 485 1961 559 quibusdam
1994 488 2043 547 Α
2070 492 2171 534 tate
2225 483 2471 535 labiorum
2511 482 2617 550 ejus
2652 498 2752 534 non
2785 482 3039 551 fraudasti
3075 498 3191 536 eum
3241 482 3415 552 (Paul.
3445 500 3537 548 xx,
3570 483 3651 550 5).-

382 598 511 661 tilis,
561 591 716 648 facile
743 605 929 647 eorum
977 588 1265 657 penetralia
1314 584 1599 640 contueris.
1648 580 1777 648 Quis
1821 577 1964 633 enim

383 701 462 743 tot
490 700 706 748 causas,
734 690 814 737 tot
858 680 1196 736 diversitates
1238 675 1511 731 nominum
1542 680 1689 742 putet
1735 669 1964 735 otiosas,

382 794 509 833 cum
542 776 692 831 nefas
717 775 789 830 sit
820 771 1044 827 credere
1070 769 1375 837 Scripturas
1403 764 1610 819 divinas
1637 759 1834 829 aliquid
1873 774 1969 813 su-

382 881 721 939 pervacuum
756 861 1080 920 continere?
1118 858 1335 928 Legitur
1380 855 1522 911 enim
1554 872 1568 906 :
1602 854 1783 915 Amen,
1823 865 1969 903 amen

385 964 508 1015 dico
534 960 692 1024 vobis,
721 958 846 1028 quia
875 956 979 1010 iota
1008 969 1189 1019 unum,
1221 958 1308 1005 aut
1348 965 1481 1003 unus
1518 962 1649 1013 apex
1694 961 1795 998 non
1837 958 1972 1011 pra:-

390 1053 557 1106 teribit
580 1068 610 1105 a
634 1051 764 1120 lege,
791 1048 953 1101 donec
982 1044 1155 1100 omnia
1182 1034 1758 1110 compleantur(Matth.
1782 1047 1838 1101 v,
1856 1031 1972 1101 l8).

1004 1155 1231 1212 CAPUT
1266 1153 1356 1208 XI.

894 1249 1032 1317 Quid
1072 1251 1135 1302 sit
1171 1244 1478 1315 diapsalma.

471 1369 613 1423 Inter
639 1364 978 1435 expositores
1006 1361 1337 1417 Psalmorum
1369 1358 1436 1413 de
1460 1358 1559 1411 hoc
1590 1355 1802 1409 nomine
1824 1368 1972 1424 qua:-

396 1459 521 1513 d.tm
553 1456 789 1511 noscitur
815 1451 1128 1523 provenisse
1148 1450 1452 1505 diversitas.
1472 1448 1848 1517 Hieronymus,
1874 1444 1978 1499 lle-

396 1551 596 1607 braicaa
621 1549 817 1619 lingua
847 1545 1187 1602 doctissimus
1216 1540 1517 1610 inquisitor,
1549 1538 1777 1607 Spiritus
1806 1535 1978 1591 sancti

408 1639 864 1694 continuationem
894 1649 1013 1692 esse
1042 1632 1323 1688 conﬁrmat
1351 1629 1544 1700 (Epist.
1575 1627 1723 1697 l58),
1768 1626 1836 1681 ob
1880 1626 1980 1680 hoc

399 1732 524 1801 quia
552 1729 841 1800 diapsalma
871 1726 1135 1797 significet
1162 1739 1395 1793 semper.
1428 1723 1622 1776 Beatus
1654 1729 1834 1775 autem
1866 1718 1976 1773 Au-

2070 573 2315 627 Secundo
2345 572 2483 641 quod
2502 572 2724 641 aequalis
2750 582 2801 627 et
2824 581 3124 629 cozeternus
3154 575 3454 629 ostenditur
3477 575 3645 642 l’atri,

2071 674 2129 717 ιιι
2172 675 2253 718 est
2283 664 2411 717 illud
2442 663 2677 731 ejusdem
2721 664 2940 718 secundi
2981 665 3165 733 psalmi
3194 682 3209 719 :
3239 666 3485 721 Dominus
3518 641 3651 721 diuit

2071 756 2137 807 ad
2166 771 2270 807 me:
2301 754 2469 807 Filius
2495 770 2635 807 metu
2664 770 2716 808 es
2747 763 2822 820 tu,
2852 770 2943 825 ego
2974 755 3122 808 hodie
3142 757 3293 826 genui
3316 768 3362 810 te
3386 756 3558 829 (Psal.
3592 775 3646 823 ιι,

2073 847 2149 915 7).
2189 846 2251 900 Et
2301 846 2353 899 in
2382 847 2678 900 centesimo
2720 860 2861 900 nono
2887 863 2899 899 :
2930 846 3117 902 Tecum
3146 849 3449 918 principium
3479 850 3531 904 in
3569 852 3652 903 die

2073 938 2270 991 virtutis
2299 946 2399 991 tua:
2427 937 2479 989 in
2507 936 2861 1006 splendoribus
2892 944 3184 990 sanctorum
3214 954 3234 992 :
3264 954 3325 992 ex
3352 948 3495 994 utero
3533 950 3652 993 ante

2075 1029 2369 1099 Luciferum
2400 1029 2548 1098 genui
2576 1039 2623 1081 te
2670 1028 2841 1100 (Psal.
2868 1044 2976 1095 cur,
3004 1029 3079 1099 5).
3123 1030 3303 1085 Tertio
3331 1047 3359 1084 a
3399 1033 3653 1089 membris

2080 1124 2356 1189 Ecclesiae,
2386 1122 2539 1193 cujus
2569 1124 2685 1192 ipse
2713 1121 2821 1177 dux
2872 1131 2927 1177 et
2974 1132 3130 1191 caput
3172 1134 3254 1179 est
3297 1124 3559 1193 Christus,
3595 1137 3669 1181 ut

2079 1222 2157 1268 est
2190 1213 2317 1267 illud
2352 1211 2588 1283 vigesimi
2619 1212 2776 1282 primi
2810 1213 2998 1281 psalmi
3026 1231 3040 1266 :
3072 1213 3245 1285 Longe
3283 1231 3315 1267 a
3342 1216 3501 1269 salute
3541 1234 3657 1272 mea

2079 1304 2225 1357 verba
2255 1303 2560 1356 delictorum
2590 1318 2816 1356 meorum
2855 1301 3025 1373 (Psal.
3068 1320 3180 1369 xxr,
3207 1304 3294 1375 2);
3324 1316 3378 1361 et
3413 1307 3467 1360 in
3501 1322 3656 1363 sexa-

2080 1396 2281 1466 gesimo
2321 1403 2547 1450 octavo:
2578 1395 2734 1462 Deus,
2771 1406 2827 1449 tu
2865 1398 2965 1451 scis
3004 1398 3349 1467 insipientiam
3393 1416 3573 1467 meam,
3604 1411 3676 1455 ετ·

2080 1487 2265 1540 delicta
2289 1503 2399 1540 mea
2424 1503 2455 1539 a
2482 1496 2530 1541 te
2560 1503 2660 1540 non
2688 1497 2803 1540 sunt
2834 1488 3129 1541 abscondita
3160 1487 3327 1557 (Psul.
3368 1506 3547 1560 uvut,
3576 1491 3655 1559 6),

2080 1577 2231 1645 Quod
2259 1577 2457 1631 dictum
2492 1592 2587 1647 pro
2614 1592 2934 1647 unoquoque
2964 1577 3194 1632 tidcliutn
3224 1578 3479 1635 debemus
3508 1582 3656 1639 acci-

2083 1682 2228 1737 pere.
2266 1668 2527 1724 Caeterum
2571 1668 2761 1724 delicta
2792 1684 2819 1722 a
2851 1668 3063 1724 Christo
3105 1671 3392 1739 probantur
3418 1672 3654 1727 funditus

2083 1758 2293 1812 aliena:
2323 1758 2465 1814 unde
2485 1758 2781 1815 Ticbonius
2803 1760 3021 1815 inlibris
3043 1761 3362 1831 Regularum
3386 1763 3543 1818 latius
3572 1765 3656 1819 di-

401 1825 865 1920 ςυειεηυεετετιιρι
889 1820 1235 1920 οιξοιιηξτυω
1263 1814 1645 1920 amnissimis,
1677 1812 1972 1920 indagator.
2007 1855 2051 1916 Β
2080 1812 3362 1920 ..g.....q..i..‘.g...mvisurusne];
3386 1812 3652 1907 3.52.5.1.

400 1921 545 1975 inter
582 1917 751 1972 ardua
780 1915 897 1970 sine
925 1912 1220 1968 oﬂ‘ensione
1248 1909 1555 1964 discurrens
1596 1903 1681 1975 (In
1716 1904 1846 1975 psal.
1873 1902 1972 1970 tv),

400 2015 539 2065 hanc
576 2009 756 2079 potius
802 2014 1009 2073 partem
1040 1999 1264 2071 elegisse
1294 1996 1653 2067 cognoscitur,
1700 2002 1756 2047 ut
1808 1992 1976 2061 magis

397 2099 593 2153 divisio
616 2111 739 2154 esse
764 2094 1030 2162 videatur,
1056 2090 1288 2146 nominis
1318 2087 1482 2159 ipsius
1530 2083 1821 2140 discutiens
1849 2097 1977 2152 qua-

397 2193 629 2244 litatem.

469 2278 807 2350 Sympsalma
834 2275 1028 2346 quippe
1054 2273 1247 2329 dicitur
1276 2270 1462 2327 Graeco
1490 2266 1745 2323 vocabulo
1787 2278 1976 2347 vocum

396 2346 631 2425 adunata
658 2368 955 2440 copulatio;
992 2362 1287 2433 diapsalma
1315 2373 1443 2416 vero
1468 2371 1774 2414 sermonum
1824 2346 1978 2424 rupta

395 2462 766 2527 continuatio;
792 2458 991 2514 docens
1022 2455 1321 2523 ubicunque
1348 2460 1618 2521 repertum
1661 2448 1845 2515 fuerit,
1887 2456 1976 2501 aut

401 2568 771 2626 pet-sonantia,
799 2560 890 2606 aut
926 2564 1106 2605 rerum
1138 2545 1251 2601 fieri
1280 2542 1743 2613 permutationem.
1792 2538 1980 2593 Merito

400 2663 535 2715 ergo
558 2645 663 2699 tale
691 2659 887 2698 nomen
910 2640 1022 2696 illic
1050 2637 1428 2708 interponitur,
1450 2631 1538 2688 ubi
1563 2630 1646 2687 vel
1664 2642 1871 2694 sensus,
1897 2628 1981 2683 vel

401 2751 650 2807 persona:
669 2724 840 2790 dividi
860 2731 1294 2802 comprobantur.
1319 2725 1473 2784 Unde
1492 2732 1547 2780 et
1574 2737 1671 2777 nos
1691 2720 1983 2774 divisiones

396 2843 638 2898 congrue
665 2826 938 2892 faciemus,
987 2822 1291 2891 ubicunque
1334 2819 1387 2873 itt
1433 2811 1654 2887 psalmis
1684 2810 1980 2881 diapsalma

398 2921 641 2993 potuerit
666 2917 927 2983 inveniri;
958 2914 1194 2983 reliquas
1222 2920 1422 2976 autem,
1456 2915 1613 2977 prout
1644 2903 1822 2958 datum
1864 2898 1981 2955 fue-

398 3018 501 3079 rit,
529 3011 915 3083 indagabimus,
945 3007 1039 3064 ubi
1073 3015 1251 3062 tamen
1296 3002 1588 3058 auctoritas
1626 2996 1784 3066 hujus
1814 2993 1982 3048 nomi-

400 3106 492 3159 nis
521 3102 752 3173 potuerit
782 3098 1031 3155 inveniri.

1007 3206 1230 3264 CAPUT
1269 3204 1383 3260 XII.

408 3307 597 3363 Utrum
630 3307 684 3359 in
712 3306 927 3373 quinque
956 3298 1295 3373 voluminibus
1322 3294 1651 3373 Psalmorum
1679 3294 1742 3346 sit
1765 3292 1982 3373 secanda

500 3363 771 3443 contextio,
803 3363 870 3428 an
899 3382 1033 3427 certe
1055 3385 1184 3424 unus
1209 3368 1334 3422 liber
1355 3364 1529 3420 debeat
1559 3363 1868 3433 nuncupari.

485 3492 671 3542 Beatus
728 3486 1082 3555 Hieronymus
1144 3477 1482 3551 prophetiam
1538 3474 1870 3531 Psalmorum
1930 3474 1983 3529 in

401 3579 639 3648 quinque
668 3576 834 3632 libros
860 3573 1064 3646 putavit
1095 3586 1215 3627 esse
1246 3566 1586 3624 dividendam
1636 3564 1880 3636 (Prwfat.
1930 3565 1984 3617 in

402 3673 546 3743 psal.
568 3672 634 3723 ad
655 3669 972 3738 Sophron.),
1003 3667 1127 3735 quia
1152 3665 1207 3719 in
1236 3670 1381 3719 textu
1405 3659 1589 3730 operis
1617 3658 1772 3728 hujus
1795 3665 1986 3727 quarto

403 3764 625 3832 legitur,
653 3759 763 3824 ﬁat,
790 3759 910 3823 flat;
938 3756 1065 3811 dum
1093 3754 1196 3810 hoc
1223 3752 1391 3808 verbo
1432 3748 1818 3813 intercedente,
1851 3761 1985 3801 non-

406 3854 558 3907 nulla
585 3868 644 3907 se
664 3851 911 3906 videatur
937 3848 1152 3918 aperire
1178 3843 1390 3900 divisio.
1420 3840 1553 3896 Huic
1597 3838 1743 3894 favet
1766 3850 1983 3893 assensa

408 3945 718 4014 posteritas.
790 3940 967 3996 Credo
1019 3940 1145 3995 dum
1199 3936 1302 3991 sibi
1354 3933 1657 3990 consultum
1700 3929 1982 4000 judicavit,

408 4036 555 4103 quod
585 4036 637 4089 in
668 4035 859 4088 multas
904 4040 1086 4102 partes
1112 4027 1488 4084 coarctabatur
1525 4024 1742 4079 taediosa
1781 4020 1988 4090 longin-

408 4126 613 4193 quitas.
640 4122 876 4179 Hilarius
900 4131 1103 4184 autem,
1132 4114 1482 4173 Pictaviensis
1520 4112 1824 4181 episc0pus,
1849 4108 1986 4163 divi-

410 4230 601 4269 narum
632 4229 809 4269 rerum
835 4211 1174 4266 acutissimus
1200 4217 1255 4263 et
1281 4202 1727 4275 profundissimus
1754 4198 1988 4269 exquisi-

412 4317 518 4372 tor,
551 4308 925 4374 congruentius
951 4303 1141 4357 librum
1170 4298 1402 4353 aestimat
1437 4292 1677 4366 (Prolog.
1720 4293 1773 4347 in
1814 4290 1988 4362 Psil.)

408 4399 516 4452 dici
538 4397 735 4452 debere
765 4396 1095 4450 Psaltnorum
1123 4409 1135 4444 :
1166 4390 1291 4460 quia
1338 4388 1392 4443 in
1432 4386 1659 4442 Hebraeo
1687 4399 1847 4439 unum
1895 4397 1989 4437 vo-

409 4491 597 4543 lumen
628 4496 740 4551 est;
774 4494 829 4542 et
867 4484 1099 4540 maxime
1128 4496 1246 4537 cum
1279 4480 1330 4534 in
1361 4477 1582 4533 Attibus
1609 4474 1987 4545 Apostolorum

2080 1940 2226 2006 Cha,
2275 1958 2390 2010 cap.
2424 1940 2535 2011 '50).
2595 1941 2708 1995 Hoc
2754 1940 2800 1995 si
2849 1942 3030 1996 animo
3070 1943 3443 2012 recondimus,
3509 1949 3655 2001 nulle

2079 2033 2390 2088 confusione
2444 2033 2741 2099 turbamur,
2777 2036 2899 2105 quia
2937 2050 3089 2091 error
3128 2039 3388 2094 maximus
3422 2044 3658 2097 nascitur

2081 2124 2226 2191 inde,
2260 2125 2471 2193 quando
2500 2126 2935 2183 inconvenientcr
2967 2129 3206 2185 redditur
3234 2131 3380 2201 alibi,
3410 2135 3549 2202 quod
3578 2138 3657 2190 di-

2080 2227 2221 2270 etuut
2249 2224 2459 2271 constat
2488 2215 2553 2269 ad
2577 2216 2742 2272 aliud.

2150 2306 2281 2360 Nam
2312 2306 2356 2359 .-i
2389 2320 2492 2361 uno
2525 2307 2684 2361 modo
2713 2306 2899 2364 fuisset
2931 2309 3156 2374 locutus,
3189 2311 3308 2379 quis
3339 2314 3457 2382 ejus
3484 2316 3657 2383 gemi-

2083 2411 2204 2450 nam
2254 2396 2605 2451 substantiam
2655 2400 2916 2466 potuisset
2960 2414 3271 2467 agnoscere,
3331 2419 3450 2457 cum
3496 2406 3656 2459 etiam

2084 2503 2224 2542 nunc
2251 2487 2304 2542 in
2338 2498 2444 2541 tam
2471 2486 2865 2543 evidentissima
2895 2489 3258 2559 dastinctione,
3293 2503 3533 2547 naturam
3578 2494 3658 2548 (ii-

2082 2578 2319 2632 viuitatis
2348 2586 2405 2632 et
2432 2575 2775 2633 humanitatis
2819 2578 3027 2634 Domini
3057 2581 3252 2636 Christi
3283 2582 3442 2651 aliqui
3484 2585 3660 2638 nitan-

2084 2677 2171 2724 tur
2198 2668 2452 2739 sacrilega
2479 2669 2750 2724 voluntate
2773 2669 3138 2726 confundere?
3162 2672 3321 2727 Multa
3343 2689 3551 2743 quoque
3575 2690 3664 2730 se-

2083 2759 2315 2815 Cundum
2342 2759 2571 2813 litteram
2599 2771 2927 2827 commonet,
2942 2762 3105 2815 multa
3127 2763 3662 2834 spiritualiterjubet,

2084 2863 2339 2919 personas
2361 2848 2537 2904 subito
2558 2849 2810 2906 decenter
2838 2853 3081 2906 immutat
3110 2869 3129 2911 :
3160 2864 3218 2907 ut
3249 2869 3388 2909 nunc
3411 2855 3658 2912 Christus

2087 2939 2246 3004 Deus,
2275 2939 2502 2994 Verbum
2532 2940 2861 2994 ineat-ustum
2888 2952 2940 2995 et
2967 2942 3127 2996 homo
3158 2942 3346 3009 factus,
3371 2955 3531 3015 caput
3561 2948 3661 3003 Enr

2085 3031 2295 3097 etesiae;
2361 3046 2501 3085 nunc
2544 3032 2658 3100 ipsa
2706 3031 2943 3086 Ecclesia
2971 3072 2985 3095 ,
3035 3048 3173 3087 nunc
3222 3036 3379 3088 homo
3429 3036 3659 3103 justus,

2089 3138 2230 3177 nunc
2286 3122 2554 3192 pteuitens
2619 3122 2761 3191 loqui
2812 3123 3074 3187 videatur,
3133 3132 3197 3177 ut
3239 3126 3417 3179 omnia
3472 3142 3656 3183 ncces-

2014 3226 2058 3289 ρ
2088 3215 2225 3269 saria
2271 3224 2448 3285 tangat
2487 3223 2646 3283 atque
2692 3214 2995 3268 concludat.
3049 3215 3254 3284 Uhique
3294 3218 3656 3285 plenissimum

2083 3304 2380 3362 caelestium
2411 3320 2585 3361 rerum
2617 3314 2855 3359 sanctum
2880 3305 3051 3360 vibrat
3075 3307 3342 3376 eloquium
3360 3321 3417 3373 tt;
3444 3321 3492 3364 et
3519 3312 3659 3365 mul-

2087 3398 2251 3467 tiplici
2296 3398 2603 3453 diversitate
2634 3397 2889 3452 virtutum
2930 3407 3144 3466 promer
3189 3399 3403 3455 humani
3442 3405 3654 3470 generis

2086 3489 2412 3560 largiendum
2440 3491 2946 3559 salutem,regnisui
2977 3490 3246 3546 adoranda
3270 3497 3518 3565 mysteria
3543 3498 3671 3567 pius.

2087 3583 2410 3652 Redemptor
2436 3582 2687 3639 insinuat.

2160 3673 2284 3729 llaec
2326 3672 2446 3728 ideo
2487 3671 2692 3742 praefati
2736 3688 2942 3741 sumus,
2987 3685 3043 3728 ut
3083 3689 3204 3729 eum
3255 3683 3464 3730 ventum
3509 3676 3671 3732 fueris

2088 3766 2155 3820 ad
2187 3766 2299 3819 loca
2332 3764 2482 3831 talia,
2518 3765 2811 3833 intrepidus
2840 3765 3007 3820 lector
3029 3766 3212 3821 audire
3240 3768 3405 3834 possit
3436 3767 3576 3837 quod
3603 3783 3662 3824 se

2087 3857 2196 3925 jant
2227 3856 2511 3911 salubriter
2547 3856 2800 3912 didicisse
2832 3856 3161 3928 cognoverit.
3212 3858 3340 3913 lllud
3371 3868 3543 3915 tamen
3574 3875 3669 3915 au-

2090 3948 2337 4002 ctoritate
2385 3946 2601 4001 Patrum
2639 3955 2694 4001 et
2724 3949 2962 4002 veritatis
2989 3948 3154 4018 ipsius
3197 3950 3534 4006 attestatione
3576 3951 3669 4005 tir-

2091 4037 2328 4091 missima
2371 4036 2688 4091 credulitate
2740 4037 3026 4092 tenendum
3066 4046 3181 4105 est,
3225 4055 3385 4092 unum
3429 4039 3497 4095 de
3541 4039 3667 4094 Tri-

2092 4126 2279 4192 nitate,
2308 4126 2421 4181 sive
2450 4140 2609 4180 uuam
2638 4141 2701 4181 ex
2726 4127 2988 4182 Trinitate
3013 4142 3317 4196 personam,
3348 4130 3508 4183 Deum
3533 4130 3665 4184 Ver-

2095 4222 2217 4274 bum
2257 4218 2601 4272 miseratioue
2640 4218 2939 4273 mortalium
2967 4234 3042 4271 ex.
3063 4218 3225 4272 Maria
3257 4218 3469 4288 Virgine
3499 4220 3671 4275 homi-

2094 4328 2215 4366 nem
2245 4309 2443 4364 factum
2468 4317 2763 4377 spontanea
2787 4310 3008 4373 virtute,
3038 4325 3140 4364 non
3167 4310 3545 4366 ministraturia
3575 4328 3674 4368 nc-

2093 4403 2381 4459 cessitate:
2411 4399 2534 4470 quia
2558 4415 2655 4455 nec
2680 4406 2881 4453 natura)
2928 4414 3037 4453 sua:
3070 4399 3228 4454 ullam
3261 4400 3675 4457 mutabilitatem

2092 4493 2364 4557 ευδιίιιιιίι,
2413 4505 2512 4545 nec
2553 4492 2914 4559 assumptione
2956 4491 3130 4545 carnis
3177 4502 3516 4560 augmentum
3555 4493 3673 4549 Tri-

413 4582 569 4650 (Cap.
598 4596 638 4646 ι,
663 4579 758 4647 ΞΟ)
779 4579 836 4648 6
860 4577 1061 4645 legatur
1085 4573 1286 4628 dictum
1321 4588 1335 4625 :
1370 4568 1435 4622 In
1467 4569 1594 4622 libro
1633 4565 1983 4620 Psalmorum.

2100 4583 2279 4638 uitatis
2318 4580 2517 4637 eﬂccit.
2570 4580 2698 4647 Sed,
2727 4581 2867 4636 sicut
2897 4581 3110 4649 quidam
3148 4582 3222 4636 ait
3256 4600 3268 4635 :
3304 4583 3537 4639 Maculas
3580 4602 3673 4640 no-

413 4673 753 4739 Quapropter
794 4668 985 4722 merito
1012 4679 1148 4719 unus
1177 4663 1313 4718 liber
1356 4661 1570 4727 dicitur,
1603 4658 1693 4728 qui
1722 4664 1863 4712 tanta
1894 4671 1994 4710 att-

413 4760 667 4815 ctoritate
694 4758 953 4813 firmatur.

998 4869 1223 4926 CAPUT
1281 4868 1415 4925 Xlll.

418 4986 866 5055 Quemadmodum
911 4986 965 5038 in
1026 4981 1352 5055 psalmisgsit
1400 4981 1462 5035 de
1514 4978 1713 5034 Christo
1776 4976 1997 5032 Domino

1037 5053 1380 5110 sentiendum.

490 5164 687 5221 Tribus
726 5165 900 5222 modis
928 5164 1115 5236 psalmi
1150 5164 1437 5232 loquuntttr
1458 5162 1523 5215 de
1548 5174 1772 5229 persona
1792 5157 1999 5212 Domini

413 5261 550 5316 lcsu
581 5255 775 5311 Christi
805 5273 900 5327 pro
949 5256 1298 5311 in~tructione
1329 5254 1584 5309 fidelium.
1628 5251 1861 5306 Primum
1905 5264 1999 5317 per

414 5355 469 5409 id
497 5352 641 5422 quod
674 5353 738 5405 ad
792 5353 1173 5406 humanitatem
1202 5350 1319 5420 ejus
1351 5350 1587 5404 noscitur
1617 5348 1906 5417 pertinere,
1943 5355 1999 5399 ut

414 5455 502 5495 «νει
550 5441 677 5495 il'ud
728 5443 945 5496 secundi
988 5440 1181 5510 psa’mi
1210 5458 1223 5493 :
1258 5442 1540 5493 Astiterunt
1570 5453 1709 5506 reges
1743 5446 1914 5500 term,
1949 5445 1997 5489 et

420 5536 680 5603 principes
716 5545 1053 5588 convenerunt
1099 5536 1149 5589 in
1198 5550 1354 5587 unum
1382 5534 1624 5587 adversus
1651 5530 1925 5585 Dominum
1952 5542 1997 5585 et

420 5626 665 5679 adversus
689 5626 949 5679 Christum
979 5631 1089 5697 ejus
1120 5624 1290 5697 (Prol.
1325 5641 1385 5693 tt,
1420 5626 1507 5687 2i;
1547 5635 1599 5677 et
1642 5625 1693 5677 in
1740 5624 1999 5694 vigesimo

422 5717 630 5783 psalmo
659 5734 671 5770 :
719 5715 1039 5770 Desiderium
1079 5717 1262 5771 animt:
1291 5716 1398 5786 ejus
1427 5717 1729 5781 tt‘illuistici,
1758 5729 1801 5770 et
1827 5718 2001 5771 volun-

501 5850 624 5907 ηδε.
657 5851 817 5923 .\ud.,
850 5852 971 5908 Bcc.
1002 5862 1053 5910 ct
1084 5849 1244 5921 Ἐλάρη
1281 5851 1425 5907 librat
1454 5852 1723 5922 eloquium.

2103 4691 2243 4735 suas
2263 4678 2389 4732 lavit
2411 4677 2462 4731 in
2484 4677 2759 4747 sanguine,
2788 4693 2945 4748 rugas
2968 4679 3127 4733 etiam
3158 4680 3382 4735 tetendit
3411 4682 3462 4736 in
3490 4697 3671 4738 cruce.

2100 4768 2213 4822 lloe
2240 4782 2361 4821 cum
2389 4768 2457 4821 sit
2487 4770 2599 4835 spci
2630 4778 2826 4821 nostra:
2875 4768 3141 4838 singulare
3180 4771 3504 4839 pra-sidiam,
3555 4774 3677 4827 bea-

2101 4861 2270 4916 titudo
2324 4860 2676 4928 credentium,
2728 4860 2951 4915 felicitas
3009 4878 3196 4931 magna
3246 4863 3530 4932 iustorum,
3564 4881 3669 4919 non

2101 4953 2355 5008 desinunt
2381 4952 2619 5008 haeretici
2654 4951 2812 5022 impia
2861 4953 3133 5009 voluntate
3179 4958 3485 5019 corrudcre,
3529 4959 3682 5026 quod

2104 5045 2335 5100 humano
2347 5043 2530 5115 generi
2554 5044 2739 5099 salutis
2761 5060 2972 5098 causam
2985 5048 3323 5113 cognoscitur
3344 5050 3675 5115 praestitisse.

2684 5155 2907 5210 CAPUT
2949 5155 3082 5209 XIV.
3184 5218 3187 5221 ἰ

2181 5245 2614 5312 Quemadmodum
2644 5246 2706 5298 sit
2738 5246 2986 5315 expositio
3022 5247 3217 5316 diges'a
3258 5249 3585 5312 psalmorum.

2181 5358 2357 5411 l‘rimo
2384 5357 2537 5411 nobis
2564 5358 2631 5412 de
2656 5358 2922 5413 titulorum
2955 5360 3316 5430 inscriptione,
3354 5362 3681 5434 Domiuoju-

2109 5460 2285 5513 vantc,
2314 5448 2596 5502 dicendum
2629 5458 2729 5515 est,
2761 5450 2901 5503 unde
2933 5451 3073 5503 velut
3126 5450 3373 5509 uberibus
3413 5456 3684 5521 expressis

2111 5538 2310 5592 lacteus
2332 5553 2517 5592 sensus
2530 5537 2721 5592 divina:
2746 5540 3135 5605 prmdieationis
3160 5549 3388 5595 emanet.
3409 5542 3690 5610 Secundo,

2109 5632 2471 5699 unusquisque
2503 5630 2735 5698 psalmus
2778 5646 2872 5698 pro
2919 5645 3011 5683 sua
3064 5632 3313 5701 qualitate
3366 5636 3687 5693 dividendus

2111 5731 2186 5776 cst
2218 5762 2230 5787 ,
2265 5737 2329 5779 nc
2362 5721 2512 5779 nobis
2545 5723 2868 5778 intellectum
2891 5724 3201 5793 permisceat
3229 5743 3314 5785 aut
3342 5734 3542 5787 occulta
3567 5748 3682 5788 tmt-
