4008 6182
411 339 474 391 l9
1629 340 1697 394 M.
1741 339 2015 395 AURELII
2053 340 2447 396 CASSIODORI
3584 343 3652 396 ‘20

405 450 537 503 tatio
562 457 869 515 rerum,aut
902 449 1130 503 varietas
1151 449 1449 503 introducta
1476 450 1971 520 loquentium.Ter-
2000 454 2046 514 Α
2074 452 2212 520 apud
2260 452 2512 508 Hebraaos
2554 461 2646 507 aut
2694 453 2967 524 rhythmo,
3022 462 3115 509 aut
3169 454 3389 511 metrica
3444 470 3654 514 constat

406 541 501 603 tio,
532 553 785 595 arcanum
835 540 1041 608 psalmi,
1077 539 1267 608 partim
1306 541 1597 596 secundum
1645 543 1973 612 spiritualem

406 631 829 701 intelligentiam,
866 630 1052 698 partim
1102 632 1394 688 secundum
1440 632 1745 690 historicam
1790 636 1977 691 lectio-

408 737 548 787 nem,
566 722 754 791 partim
777 721 1067 776 secundum
1089 727 1366 794 mysticum
1390 738 1633 793 sensum,
1651 741 1828 783 rerum
1852 730 1978 782 sub-

408 814 626 869 tilitates
654 813 947 869 discutiens
986 815 1440 885 prOprietatesque
1467 818 1772 882 verborum,
1821 831 1980 889 prout

409 918 727 960 concessum
757 904 934 971 fuerit,
954 906 1185 962 conabor
1210 909 1442 975 aperire.
1472 910 1691 976 Quarto,
1716 921 1872 981 prout
1900 913 1979 967 lo-

408 1011 504 1051 cus
554 996 821 1067 exegerit,
879 998 1129 1052 virtutem
1179 999 1296 1069 ejus
1347 1000 1578 1057 breviter
1612 1002 1979 1059 demonstrare

406 1088 747 1154 contendam,
780 1096 1040 1158 quatenus
1066 1089 1290 1145 intentio
1316 1091 1504 1162 digesti
1526 1093 1779 1148 carminis
1800 1092 1979 1149 divino

409 1193 628 1233 manete
657 1178 820 1234 oculis
856 1179 1198 1234 interioribus
1226 1181 1511 1237 elucescat.
1550 1183 1807 1240 Virtutem
1838 1185 1980 1252 psal-

408 1269 478 1322 mi
508 1269 626 1323 dico
671 1269 1065 1338 inspirationem
1113 1272 1363 1337 divinam,
1412 1290 1516 1343 qua
1559 1276 1709 1332 nobis
1758 1277 1981 1333 intentio

408 1373 637 1427 superna
666 1371 958 1426 reseratur,
985 1372 1033 1416 et
1066 1378 1315 1419 sermone
1365 1366 1616 1421 Davidico
1644 1384 1672 1421 a
1702 1369 1840 1423 vitiis
1882 1385 1981 1424 nos

412 1466 667 1520 removet,
700 1466 751 1510 et
774 1464 921 1511 recte
952 1457 1103 1511 nobis
1125 1458 1303 1514 vivere
1325 1459 1627 1529 persuadet.
1657 1460 1875 1527 Quinto,
1913 1464 1981 1518 de

409 1545 594 1601 ordine
624 1547 827 1601 numeri
858 1547 1206 1616 psalmorum,
1229 1566 1349 1605 cum
1378 1567 1463 1607 res
1492 1553 1746 1623 exegerit,
1779 1570 1981 1610 memo-

413 1638 670 1705 rabimus,
701 1642 791 1703 qui
838 1642 1407 1698 reverendissimarum
1439 1662 1618 1700 rerum
1665 1648 1867 1703 honore
1894 1665 1980 1703 sa-

407 1738 586 1784 cratus
610 1741 709 1785 est.
745 1731 854 1785 Hoc
877 1732 1021 1786 enim
1054 1749 1148 1803 per
1187 1734 1424 1804 singulos
1464 1751 1704 1807 quosque
1745 1738 1978 1807 psalmos

2076 542 2191 614 lege
2218 544 2531 613 composita,
2559 560 2698 613 quae,
2730 553 2786 600 ut
2815 544 2912 614 ipsi
2953 545 3160 611 dicunt,
3200 545 3437 603 fastuciis
3482 551 3655 605 conti-

2078 643 2255 687 netur.
2288 633 2589 688 Fastucium
2630 635 2772 689 enim
2803 645 2886 689 est
2926 649 3020 704 per
3062 644 3325 691 commata
3359 642 3651 707 procedens

2076 721 2146 776 ad
2183 722 2597 792 depromendum
2634 739 2872 791 sensum,
2912 727 3121 782 naviter
3148 728 3410 796 explicata
3454 745 3651 785 concc-

2081 813 2209 882 ptio.
2240 813 2404 884 Cujus
2441 815 2487 869 si
2518 815 2763 869 virtutem
2789 814 2972 872 'lector
2999 816 3230 887 diligens
3273 822 3648 888 perscrutaris,

2078 904 2200 961 audi
2246 906 2559 974 Apostolum
2605 906 2671 961 ad
2723 907 2975 963 Hebraeos
3022 909 3332 964 dicentem:
3387 910 3537 965 Vivus
3583 923 3653 966 est

2078 997 2211 1049 cnim
2240 995 2333 1051 Dei
2360 1013 2522 1051 sermo
2542 1005 2587 1051 et
2610 999 2803 1066 eﬁicax,
2847 1009 2894 1053 et
2933 1001 3100 1054 acrior
3140 1003 3278 1055 omni
3312 1002 3488 1073 gladio
3513 1005 3654 1057 anci-

2079 1087 2201 1156 thi,
2232 1094 2278 1139 et
2305 1087 2590 1157 pertingens
2616 1105 2771 1157 usque
2796 1090 2864 1143 ad
2893 1091 3187 1146 divisionem
3225 1096 3408 1149 animae
3444 1112 3505 1148 ac
3542 1099 3651 1164 spi-

2079 1180 2227 1247 ritus,
2270 1198 2573 1251 compagum
2611 1199 2808 1252 quoque
2856 1194 2901 1236 et
2938 1184 3301 1253 medullarum,
3332 1197 3380 1241 et
3408 1188 3655 1242 discretor

2081 1271 2441 1341 cogitationum
2469 1285 2517 1328 et
2547 1276 2882 1329 intentienum
2910 1277 3077 1329 cordis
3105 1277 3292 1349 (Ilebr.
3319 1296 3391 1343 Iv,
3420 1281 3527 1350 12).

2152 1361 2442 1432 Scriptura:
2471 1374 2646 1420 autem
2696 1366 2891 1421 divinae
2926 1378 3106 1422 sancta
3153 1370 3479 1438 ptol'unditas
3519 1372 3654 1426 adeo

2081 1467 2390 1509 communes
2416 1468 2696 1511 sermones
2728 1457 2905 1526 habet,
2949 1467 3007 1513 ut
3044 1473 3159 1513 eam
3192 1459 3423 1514 universi
3467 1460 3655 1515 iucun-

2082 1553 2289 1599 ctanter
2316 1544 2615 1600 admittant.
2647 1547 2848 1603 Sensus
2900 1560 3078 1603 autem
3128 1548 3369 1605 recondit
3418 1550 3656 1604 veritatis

2081 1650 2295 1701 arcano,
2327 1645 2383 1690 ut
2411 1636 2464 1690 in
2498 1638 2611 1705 ipsa
2650 1639 3041 1694 studiosissime
3072 1639 3246 1694 vitalis
3275 1640 3538 1694 sententia
3563 1641 3656 1695 de-

2084 1728 2203 1782 beat
2230 1728 2484 1796 indagari.
2522 1729 2653 1784 Nam
2685 1745 2803 1784 eam
2854 1746 3039 1785 revera
3085 1744 3206 1784 esse
3244 1728 3474 1783 divinam
3532 1730 3656 1786 hinc

410 1819 589 1875 facere
633 1821 787 1877 nobis
829 1820 1047 1878 difﬁcile
1090 1823 1253 1878 fuisse
1290 1824 1619 1893 proﬁtemur,
1648 1828 1786 1898 quod
1829 1828 1976 1885 inde-
2008 1813 2052 1873 Β
2077 1820 2308 1875 maxime
2350 1818 2506 1873 datur
2548 1821 2803 1890 intelligi,
2851 1820 2991 1889 quod
3038 1820 3234 1875 indueti
3274 1820 3653 1885 subtilissima,

410 1912 750 1967 terminatum
779 1921 939 1983 atque
974 1928 1289 1984 suspensum
1323 1916 1537 1973 Patrum
1572 1920 1731 1975 etiam
1769 1921 1979 1991 reliquit

408 2003 712 2057 aucoritas.
746 2004 999 2075 Reliquos
1029 2018 1208 2061 autem
1230 2006 1331 2063 sibi
1354 2009 1587 2065 calculos
1611 2009 1837 2080 diligens
1858 2025 1979 2079 per-

408 2103 674 2148 scrutator
699 2096 961 2164 exquirat,
1012 2098 1260 2165 quoniam
1292 2099 1457 2153 multa
1485 2113 1706 2154 accessu
1727 2102 1979 2169 temporis

410 2183 459 2234 in
491 2180 779 2250 Scripturis
808 2183 1004 2237 divinis
1047 2184 1179 2239 ﬁunt
1211 2186 1379 2255 clara,
1412 2203 1533 2257 quae
1564 2204 1705 2244 nunc
1733 2191 1977 2247 videntur

409 2271 739 2336 abscondita.
779 2271 836 2327 ln
876 2273 1307 2331 conclusionibus
1332 2291 1461 2332 vero
1494 2284 1583 2333 aut
1612 2294 1872 2334 summam
1898 2289 1978 2335 to-

411 2362 513 2416 tius
543 2362 732 2432 psalmi
762 2363 863 2418 sub
898 2365 1156 2421 brevitate
1186 2368 1611 2437 complectimur,
1660 2380 1751 2427 aut
1792 2381 1977 2427 contra

410 2457 639 2510 lizercses
668 2456 871 2526 aliquid
905 2457 1131 2513 dicimus
1169 2459 1540 2517 destruendus.
1576 2463 1689 2531 Ipsa
1726 2471 1809 2519 est
1833 2465 1974 2520 enim

407 2544 615 2599 Domini
645 2545 853 2602 sincera
878 2546 1108 2614 dilectio,
1134 2549 1471 2607 adversarios
1492 2552 1608 2621 ejus
1634 2553 1756 2608 odio
1781 2555 1976 2612 habere

406 2635 529 2703 peri
553 2645 660 2692 cto.

999 2727 1221 2786 CAPUT
1264 2731 1376 2786 XV.

721 2820 796 2874 De
824 2820 1107 2889 eloquentia
1130 2825 1279 2876 totius
1301 2825 1425 2894 legis
1456 2826 1653 2879 dicinre.

477 2932 791 3001 Eloquentia
833 2935 963 3003 legis
994 2933 1187 2987 divinae
1219 2934 1462 2989 humanis
1494 2950 1597 2989 non
1638 2945 1719 2991 est
1750 2937 1971 2991 formata

405 3023 767 3088 sermonibus,
806 3038 979 3093 neque
1005 3023 1245 3079 confusis
1285 3025 1484 3080 incerta
1526 3024 1693 3079 fertur
1735 3025 1974 3095 ambagi-

408 3115 527 3177 bus,
582 3123 637 3167 ut
669 3124 759 3168 aut
803 3128 831 3167 a
875 3115 1036 3169 rebus
1073 3115 1360 3183 praeteritis
1405 3115 1672 3171 oblivione
1709 3117 1965 3181 discedat,

406 3214 497 3260 aut
524 3207 866 3274 praesentium
909 3206 1223 3262 confusione
1263 3207 1526 3276 turbetur,
1559 3217 1650 3262 aut
1679 3208 1974 3263 futurorum

401 3295 575 3350 dubiis
600 3295 809 3350 casibus
837 3295 1117 3361 eludatur;
1148 3296 1241 3351 sed
1270 3296 1442 3363 cordi,
1475 3311 1579 3351 non
1612 3297 1975 3367 corporalibus

404 3385 621 3439 auribus
645 3384 890 3455 loquens,
922 3402 1113 3457 magna
1140 3387 1385 3456 veritate,
1412 3402 1599 3457 magna
1628 3389 1975 3457 prmscientim

405 3476 655 3531 ﬁrmitate
711 3485 901 3531 cuncta
946 3476 1280 3544 dijudicans,
1335 3478 1565 3533 auctoris
1612 3478 1693 3532 sui
1754 3478 1976 3533 veritate

402 3568 666 3622 consistit.
711 3567 801 3624 Sic
845 3569 985 3623 enim
1014 3570 1068 3623 in
1105 3569 1394 3640 Evangelio
1430 3570 1498 3626 de
1540 3571 1745 3625 Domini
1776 3569 1974 3626 Christi

405 3660 781 3728 praedicatione
808 3660 1007 3715 dictum
1038 3670 1121 3717 est
1145 3679 1158 3715 :
1195 3661 1513 3732 Loquebatur
1536 3673 1703 3717 autem
1724 3664 1856 3717 sicut
1886 3681 1975 3733 po-

405 3758 632 3805 testatem
660 3751 871 3817 habtns,
912 3768 1013 3806 non
1051 3752 1182 3806 sicut
1219 3755 1397 3807 scriba:
1436 3770 1611 3807 eorum
1637 3765 1682 3807 et
1722 3754 1976 3809 Phariswi

407 3843 622 3912 (Matth.
653 3859 741 3907 vn,
778 3845 909 3912 l9)».
948 3844 1039 3899 Ille
1079 3845 1221 3900 enim
1267 3845 1560 3900 indubitata
1604 3846 1859 3915 loquitur,
1889 3847 1973 3901 cui

406 3938 581 3992 omnia
609 3937 893 4007 praesentia
920 3947 1063 4004 sunt,
1091 3949 1141 3992 et
1171 3953 1350 3993 rerum
1382 3939 1557 3993 exitus
1585 3938 1836 4006 probatur
1857 3951 1975 3992 esse

404 4030 692 4097 subjectus.

473 4118 794 4186 Eloquentia
823 4119 1084 4190 siquidem
1113 4130 1193 4175 est
1221 4119 1287 4174 ad
1322 4134 1752 4189 unamquamque
1779 4122 1828 4191 7
1863 4135 1972 4174 rem

405 4222 715 4282 competens
738 4223 791 4267 et
817 4212 1009 4269 decora
1041 4214 1258 4269 locutio.
1296 4214 1421 4268 llaec
1459 4213 1619 4284 igitur
1648 4223 1816 4280 casta,
1851 4214 1971 4278 lixa,

407 4316 568 4355 verax
614 4311 669 4357 et
707 4312 905 4357 mterna
946 4303 1274 4370 praedicatio,
1321 4304 1479 4357 nimis
1524 4304 1813 4371 purissimo
1846 4306 1975 4357 nitct

406 4390 640 4460 eloquio,
684 4391 836 4461 cujus
889 4392 1087 4445 utilitas
1117 4392 1280 4453 lucet,
1327 4393 1719 4462 magniﬁcentia
1766 4394 1975 4448 virtutis

408 4490 647 4550 apparet,
664 4482 902 4549 Operatio
923 4482 1109 4535 salutis
1129 4482 1355 4547 arridet;
1378 4484 1513 4538 sicut
1533 4494 1586 4537 et
1606 4482 1661 4537 in
1680 4486 1974 4540 centesimo

410 4582 596 4627 octavo
619 4572 825 4627 decimo
867 4574 1070 4641 psalmo
1107 4574 1341 4629 dicturus
1363 4585 1446 4629 cst
1480 4592 1492 4626 :
1546 4576 1679 4642 Quia
1720 4578 1973 4647 eloquium

405 4673 547 4715 tuum
576 4662 845 4731 viri/icabit
893 4679 971 4716 me
1016 4661 1183 4733 (Psal.
1216 4664 1432 4733 cxvnt).
1464 4665 1531 4720 Et
1574 4666 1767 4721 iterum
1811 4684 1825 4721 :
1870 4666 1973 4720 Lu-

404 4769 554 4813 cerna
589 4754 797 4823 pedibus
827 4756 947 4807 meis
978 4755 1182 4808 verbum
1226 4766 1390 4822 tuum,
1435 4757 1668 4822 Domine,
1712 4766 1760 4811 et
1802 4759 1971 4811 lumen

406 4843 596 4898 semitis
613 4845 753 4897 meis.
773 4842 979 4899 Revera
1001 4845 1198 4915 lumen,
1224 4846 1345 4915 quia
1368 4860 1579 4916 semper
1603 4849 1779 4903 vitalia
1799 4848 1970 4919 jubet,

406 4937 562 4990 noxia
596 4936 858 5006 prohibet,
886 4945 1094 4992 terrena
1115 4947 1371 5004 removet,
1400 4939 1635 4994 cmlestia
1663 4940 1965 5009 persuadet.

408 5028 540 5081 llinc
585 5036 639 5081 et
668 5027 865 5082 Doctor
906 5031 1146 5099 gentium
1198 5032 1249 5086 in
1286 5032 1521 5100 Epistula
1566 5033 1631 5086 ad
1674 5033 1975 5088 Corinthios

406 5119 588 5173 scribit
618 5134 633 5171 :
666 5118 785 5172 Non
805 5121 938 5173 enim
965 5122 1015 5174 in
1045 5138 1272 5176 sermone
1307 5132 1379 5177 est
1418 5141 1627 5193 regnum
1654 5123 1771 5192 Dei,
1804 5127 1893 5179 sed
1920 5128 1973 5180 in

403 5213 592 5267 uirtute
620 5212 671 5285 (l
698 5211 815 5269 Cor.
839 5215 1178 5285 tv,20).ltem
1208 5218 1272 5269 ad
1301 5216 1640 5271 Timotheum
1670 5217 1722 5271 in
1741 5219 1971 5273 secunda

407 5306 648 5361 meminit
689 5307 912 5362 dicens:
952 5308 1129 5363 Omnis
1168 5310 1417 5379 scriptura
1459 5309 1696 5363 divinitus
1725 5311 1972 5381 inspirata

402 5398 544 5452 utilis
566 5408 636 5451 est
653 5400 720 5451 ad
744 5399 1050 5463 docendum,
1074 5400 1141 5452 ad
1164 5399 1505 5469 urguendum,
1528 5402 1595 5452 ad
1614 5401 1969 5465 erudiendum,

401 5488 472 5541 ad
501 5490 857 5560 corrigendum
879 5491 931 5543 in
956 5489 1226 5561 disciplina
1246 5505 1357 5559 quae
1385 5498 1461 5542 est
1492 5489 1725 5558 justitiaz,
1762 5497 1817 5542 ut
1859 5505 1973 5558 per-

398 5580 560 5648 fectus
581 5580 645 5632 sit
675 5579 825 5633 homo
850 5580 943 5634 Dei
983 5581 1051 5634 ad
1098 5596 1246 5634 omne
1298 5595 1424 5649 opus
1468 5579 1654 5632 bonum
1698 5580 1972 5632 instructus

400 5669 481 5741 (II
516 5669 651 5723 Tim.
688 5686 767 5737 Ill,
799 5674 910 5741 16).

476 5764 621 5834 llaec,
663 5764 797 5821 sicut
822 5763 994 5821 Patris
1032 5766 1343 5838 Hieronymi
1385 5773 1607 5823 testatur
1646 5763 1971 5832 aucwritas,

2088 1910 2405 1978 temporales
2433 1920 2634 1966 aeterna
2659 1911 2869 1966 nonnisi
2898 1911 3082 1965 divino
3108 1910 3297 1980 repleti
3327 1911 3530 1981 Spiritu
3564 1926 3655 1981 po-

2088 2001 2250 2055 tuisse
2271 1999 2482 2056 tradere
2515 2003 2839 2058 sentiuntur.

2155 2100 2429 2154 Postremo
2457 2111 2582 2169 quot
2612 2101 2861 2154 miracula
2896 2100 3095 2170 jugiter
3126 2099 3261 2155 facta
3298 2110 3442 2165 sunt,
3486 2099 3655 2156 donec

2083 2188 2350 2257 Scriptura
2380 2189 2491 2259 ipsa
2521 2190 2698 2244 mundi
2725 2192 2984 2244 ambitum
3020 2190 3291 2260 divulgata
3326 2192 3654 2259 compieret?

2083 2279 2217 2333 sicut
2244 2279 2497 2348 scriptum
2530 2288 2611 2333 est
2637 2297 2649 2332 :
2681 2279 2747 2334 In
2772 2296 2967 2334 omnem
2999 2291 3185 2334 terram
3207 2281 3358 2333 exivit
3387 2297 3542 2335 sonus
3572 2298 3657 2336 eo-

2081 2386 2217 2433 rum,
2248 2369 2360 2422 etin
2378 2370 2504 2437 ﬁnes
2529 2371 2663 2423 orbis
2690 2379 2836 2425 terra:
2863 2370 3007 2423 verba
3024 2387 3196 2424 eorum
3218 2370 3386 2441 (Psul.
3408 2386 3555 2439 xvm,
3575 2373 3652 2439 5).

2085 2459 2233 2518 Unde
2264 2459 2325 2514 ad
2360 2461 2723 2529 probationem
2768 2462 2995 2531 pertinet
3036 2460 3344 2525 maximam,
3397 2461 3518 2530 quia
3568 2463 3653 2516 lex

2081 2554 2258 2607 divina
2291 2568 2381 2620 per
2410 2562 2633 2607 cunctas
2664 2553 2846 2607 mundi
2888 2561 3064 2621 partes
3109 2553 3447 2621 cognoscitur
3492 2551 3655 2607 fuisse

2080 2650 2345 2711 suscepta.
2383 2644 2503 2697 ιιωυ
2535 2644 2714 2697 multis
2760 2643 2933 2698 modis
2977 2658 3171 2712 genera
3214 2657 3325 2696 sua:
3367 2641 3654 2695 locutionis

2080 2744 2339 2798 exercet,
2382 2732 2777 2789 deﬁnitionibus
2816 2735 3119 2800 succincta,
3168 2734 3529 2789 schematibus
3563 2734 3653 2787 dc-

2080 2839 2223 2891 cora,
2256 2824 2540 2878 verborum
2585 2824 2909 2893 proprietate
2939 2823 3145 2892 signata
3167 2862 3180 2887 ,
3222 2823 3651 2893 syllogismorum

2080 2913 2535 2980 complexionibus
2562 2913 2832 2981 expedita,
2871 2912 3165 2982 disciplinis
3198 2913 3469 2967 irrutilans
3501 2931 3514 2967 :
3548 2928 3650 2966 non

2084 3015 2257 3058 tamen
2288 3005 2354 3056 ab
2382 3005 2461 3057 eis
2490 3003 2758 3070 accipiens
2783 3012 3099 3057 extraneum
3136 3004 3402 3066 decorem,
3434 3001 3526 3057 sed
3555 3016 3652 3071 po-

2081 3096 2187 3149 tius
2215 3095 2319 3149 illis
2346 3095 2613 3163 prOpriam
2642 3092 2927 3147 conferens
2961 3093 3294 3161 dignitatem.

2005 3172 2049 3235 Ο
2154 3194 2274 3247 Haec
2294 3193 2437 3247 enim
2466 3190 2677 3261 quando
2708 3190 2760 3245 in
2796 3190 2993 3245 divinis
3027 3191 3317 3259 Scripturis
3347 3190 3648 3258 Splendent,

2078 3292 2223 3339 certa
2251 3293 2410 3352 atque
2444 3282 2729 3351 purissima
2760 3289 2913 3345 sunt;
2945 3296 3063 3333 cum
3102 3295 3229 3335 vero
3263 3280 3329 3333 ad
3371 3280 3649 3348 opiniones

2080 3377 2355 3431 hominum
2389 3384 2446 3431 et
2471 3377 2791 3446 quaestiones
2821 3374 3157 3429 inanissimas
3189 3375 3437 3440 veniunt,
3479 3375 3648 3428 ambi-

2077 3468 2193 3537 guis
2222 3466 2622 3521 altercationum
2663 3465 2911 3519 ﬂuctibus
2938 3465 3236 3534 agitantur;
3270 3471 3327 3517 ut
3371 3463 3513 3530 quod
3565 3465 3650 3518 hic

2077 3567 2158 3612 est
2186 3557 2491 3612 ﬁrmissime
2520 3570 2731 3624 semper
2755 3570 2959 3617 verum,
2992 3554 3295 3623 frequenter
3315 3553 3438 3607 alibi
3463 3553 3650 3607 redda-

2079 3660 2163 3705 tur
2190 3651 2473 3704 incertum.
2507 3648 2597 3703 Sic
2621 3656 2674 3700 et
2704 3647 2879 3715 lingua
2909 3654 3093 3699 nostra
3137 3644 3262 3698 dum
3303 3642 3647 3713 psalmodiam

2076 3744 2236 3807 canit,
2287 3742 2564 3796 nobilitate
2592 3741 2832 3795 veritatis
2871 3747 3127 3803 ornatur;
3175 3753 3293 3792 cum
3330 3737 3397 3791 ad
3442 3736 3650 3792 fabulas

2078 3833 2283 3901 ineptas
2312 3840 2367 3885 et
2396 3829 2703 3900 blasphcma
2748 3844 2807 3884 se
2845 3829 3006 3883 verba
3048 3828 3396 3891 converterit,
3448 3828 3514 3880 ab
3556 3828 3651 3882 ho-

2078 3940 2206 3979 nore
2249 3923 2522 3993 probitatis
2566 3921 2895 3985 excluditur;
2944 3923 3084 3977 sicut
3122 3921 3395 3989 apostolus
3423 3920 3651 3975 lacobus

2077 4018 2203 4071 dicit
2236 4035 2248 4070 :
2284 4017 2363 4071 Ea:
2404 4018 2514 4086 ipso
2554 4032 2641 4070 ore
2686 4016 3037 4070 benedicimusx
3072 4013 3229 4069 Deum
3257 4024 3303 4068 et
3334 4014 3561 4079 Patrem,
3603 4022 3649 4066 et

2076 4122 2139 4161 ex
2166 4108 2276 4174 ipso
2319 4123 2407 4160 ore
2450 4106 2797 4159 maledicimus
2844 4101 3116 4170 hominem,
3147 4106 3234 4175 qui
3281 4106 3348 4158 ad
3378 4105 3650 4175 imaginem

2075 4210 2123 4251 et
2152 4197 2533 4252 similitudinem
2559 4195 2653 4249 Dei
2674 4197 2839 4265 factus
2866 4207 2940 4249 est
2970 4195 3111 4267 (Jac.
3145 4212 3230 4261 ιιι,
3263 4195 3338 4265 9).

2149 4290 2272 4343 llaec
2295 4289 2681 4342 mundanarum
2705 4289 2894 4340 artium
2923 4289 3099 4354 periti,
3124 4301 3257 4355 quos
3279 4294 3456 4339 tamen
3485 4287 3652 4339 multo

2079 4382 2340 4450 posterius
2366 4380 2432 4433 ab
2486 4378 2706 4434 exordio
2732 4377 3033 4432 divinorum
3083 4378 3338 4430 librorum
3379 4376 3650 4429 exstitisse

2080 4470 2418 4526 manifestum
2449 4478 2551 4534 est,
2576 4469 2641 4523 ad
2676 4467 3024 4524 cullecﬁoncs
3049 4475 3500 4535 argumentorum,
3531 4480 3650 4534 qua:

2003 4534 2056 4592 D
2080 4562 2251 4618 Graeci
2281 4562 2458 4631 t0pica
2484 4561 2689 4625 dicunt,
2719 4569 2770 4615 et
2796 4560 2865 4614 ad
2894 4568 3062 4614 artem
3092 4534 3423 4613 dialecticam
3453 4566 3506 4610 et
3527 4556 3652 4611 rhe-

2079 4655 2295 4710 toricam
2318 4654 2737 4718 transtulerunt;
2769 4662 2826 4707 ut
2849 4652 3054 4706 cunctis
3074 4650 3350 4706 evidenter
3372 4657 3648 4716 appareat,

2079 4747 2223 4815 prius
2252 4746 2317 4799 ad
2347 4743 2745 4814 exprimendam
2776 4744 3052 4797 veritatem
3073 4740 3237 4810 justis
3267 4738 3537 4793 mentibus
3565 4737 3651 4791 da-

2080 4848 2210 4905 tum,
2242 4837 2379 4907 quod
2410 4846 2590 4906 postea
2618 4835 2844 4906 gentiles
2872 4834 3117 4889 humana:
3146 4830 3425 4899 sapientia:
3455 4840 3645 4897 aptan-

2077 4933 2201 4985 dum
2230 4945 2347 4985 esse
2374 4939 2714 4999 putaVrrunt.
2746 4928 2873 4982 Haec
2903 4927 2954 4981 in
2987 4924 3304 4981 lectionibus
3340 4922 3505 4977 sacris
3536 4930 3653 4974 tan-

2079 5042 2238 5097 quam
2282 5026 2572 5080 clarissima
2624 5024 2796 5078 sidera
2843 5021 3113 5085 relucent,
3166 5027 3221 5073 et
3271 5015 3651 5085 signiﬁcantias

2081 5135 2257 5175 rerum
2286 5118 2580 5172 utilissimis
2627 5114 2957 5184 compendiis
3011 5112 3270 5166 decenter
3321 5108 3647 5163 illuminant.

2080 5213 2208 5280 Quae
2265 5226 2361 5266 nos
2408 5209 2640 5265 breviter
2694 5208 2824 5263 locis
2871 5202 3162 5275 aptissimis
3212 5200 3649 5260 admonebimus,

2079 5303 2327 5373 quoniam
2382 5316 2468 5356 res
2531 5302 2659 5368 ipsa}
2710 5295 3143 5352 commodissime
3196 5291 3528 5347 deducentur
3582 5288 3649 5340 ad

2080 5397 2333 5461 medium,
2381 5409 2476 5465 per
2515 5408 2646 5464 quas
2687 5391 2933 5463 concepti
2986 5404 3178 5446 sensus
3224 5388 3421 5443 clarius
3473 5385 3649 5439 eluce-

2076 5487 2226 5543 bunt.

2144 5579 2276 5632 Nam
2307 5585 2362 5633 et
2389 5578 2545 5632 Pater
2597 5577 2924 5646 Augusﬁnus
2975 5575 3031 5631 in
3062 5574 3201 5630 libro
3233 5572 3388 5629 tertio
3434 5568 3499 5624 de
3546 5568 3650 5622 Do-

2074 5670 2244 5725 ctrina
2273 5669 2573 5726 Christiana
2604 5668 2755 5739 (Cap.
2784 5668 2879 5737 29)
2910 5668 2977 5722 ita
3021 5670 3290 5737 professus
3317 5671 3398 5718 est
3422 5675 3440 5716 :
3467 5660 3648 5715 Sciant

2075 5770 2250 5818 autem
2298 5762 2515 5819 litterati
2550 5760 2737 5834 modis
2795 5759 3032 5816 omnium
3090 5754 3455 5820 locutionum,
3509 5764 3647 5820 quos
