4008 6182
461 284 577 334 ’ΞΓ

1626 278 1688 333 IN
1722 279 2048 334 PSAUI'ERI

2192 275 2572 334 ΡΒΑΞΕΑΤΙΟ.
3650 275 3721 327 2'2

464 396 799 469 grammatici
844 395 1032 451 Grazco
1079 410 1291 449 nonune
1320 402 1502 462 tropos
1545 400 1753 457 vocant,
1798 400 2038 446 auctores
2066 398 2115 453 Α
2145 402 2398 461 quantum
2429 391 2641 445 assidue
2673 397 2880 444 constat
2918 389 3140 452 hauriri,
3188 397 3387 441 tantum
3421 388 3589 442 nescit
3618 402 3723 439 ex-

466 497 685 543 nostros
756 499 879 541 usos
947 485 1131 539 fuisse.
1197 485 1262 537 κι
1322 483 1481 552 paulo
1541 492 1661 550 post
1728 481 1967 549 sequitur
2024 498 2037 533 :

467 582 617 648 Quos
641 587 819 633 tamen
848 586 1049 644 tropos,
1102 576 1151 631 id
1191 583 1274 629 est
1318 574 1503 628 modos
1548 573 1898 631 locutionum.
1953 570 2042 639 qui

469 678 736 728 noverunt
782 678 1072 739 agnoscunt
1126 666 1179 719 in
1226 665 1415 720 litteris
1468 662 1687 727 sanctis,
1746 677 2039 730 eorumque

467 763 691 819 scientia
727 762 792 815 ad
826 774 915 816 eas
957 756 1323 827 intelligendas
1354 756 1736 825 aliquantulum
1785 752 2039 822 adjuvan-

472 867 577 909 tur.
611 851 771 922 Cujus
801 851 876 906 rei
903 858 957 905 et
997 850 1049 904 in
1081 849 1199 903 aliis
1221 847 1497 903 codicibus
1536 844 1648 900 suis
1678 844 1804 898 fecit
1832 843 2047 897 eviden-

472 946 732 998 tissimam
760 941 1105 997 mentionem.
1144 938 1200 992 In
1228 938 1378 993 libris
1406 937 1600 1007 quippe
1637 949 1771 1004 quos
1808 933 2045 1001 appella-

471 1038 548 1091 vit
577 1036 643 1091 de
690 1035 859 1090 Modis
889 1032 1240 1088 Locutionum
1268 1030 1477 1086 diversa
1517 1028 1787 1084 schemata
1829 1028 2049 1081 smcula-

472 1129 612 1181 rium
642 1127 937 1181 litterarum
967 1120 1195 1178 inveniri
1237 1122 1479 1190 probavit
1520 1121 1571 1175 in
1614 1120 1805 1175 litteris
1844 1120 2047 1183 sacris;

470 1218 607 1270 alios
635 1224 813 1270 autem
854 1214 1101 1283 proprios
1130 1211 1318 1266 modos
1348 1211 1401 1264 in
1446 1210 1640 1264 divinis
1682 1206 1910 1276 eloquiis
1930 1222 2050 1261 esse

469 1306 781 1371 declaravit,
811 1319 944 1373 quos
969 1301 1299 1373 grammatici
1331 1302 1443 1356 sive
1472 1300 1717 1355 rhetores
1749 1299 2050 1352 nullatenus

470 1398 780 1468 attigerunt.
831 1396 1091 1451 Dixerunt
1138 1395 1239 1449 hoc
1290 1392 1432 1463 apud
1479 1406 1577 1445 nos
1621 1400 1675 1445 et
1718 1390 1805 1443 alii
1855 1390 2051 1444 doctis-

472 1489 596 1542 simi
622 1488 837 1554 Patres,
891 1487 943 1541 id
981 1496 1064 1541 est
1094 1485 1468 1555 Hieronymus,
1518 1482 1857 1544 Ambrosius,
1904 1479 2050 1533 Hila-

474 1582 623 1646 rius;
663 1590 720 1635 ut
763 1594 1099 1650 nequaquam
1130 1586 1546 1648 prmsumptores
1600 1575 1757 1646 hujus
1800 1574 1899 1641 rei,
1958 1574 2051 1629 sed

478 1670 753 1741 pedisequi
784 1684 907 1725 esse
938 1670 1234 1723 videamur.

2144 479 2321 549 pendi

2216 568 2294 624 Ac
2333 584 2399 624 ne
2426 569 2623 623 diutius
2654 570 2703 622 in
2734 567 3079 638 generalibus
3132 583 3483 633 remoremur,
3519 566 3723 636 specia-

2146 662 2213 716 lia
2247 660 2513 726 Psalterii,
2550 660 2774 714 Domino
2821 660 3063 728 juvaute,
3111 670 3424 728 tangamus:
3474 658 3722 727 quoniam

2150 753 2263 820 ipsa
2294 766 2381 806 res
2411 750 2688 806 evidenter
2717 751 3042 820 agnoscitur,
3086 766 3204 819 quae
3233 749 3604 804 communibus
3638 762 3723 800 re-

2150 843 2248 897 bus
2280 842 2591 911 przcmissis,
2624 850 2803 911 postea
2829 842 2930 896 sub
2966 841 3142 911 aliqua
3170 841 3497 910 proprietate
3523 838 3723 894 descri-

2152 936 2312 989 bitur.

2740 1067 2964 1124 CAPUT
3008 1068 3147 1122 XVI.

2465 1160 2537 1213 De
2579 1162 2783 1231 propria
2820 1162 3101 1229 eloquentia
3142 1158 3400 1214 Psallerit'.

2228 1295 2458 1349 Primum
2487 1304 2568 1349 est
2595 1294 2735 1364 quod
2766 1294 2864 1364 ipsi
2900 1303 3099 1347 tantum
3133 1294 3319 1363 psalmi
3348 1293 3600 1362 singulari
3632 1310 3726 1346 nu-

2157 1402 2305 1443 mero
2347 1387 2668 1451 vocitantur,
2716 1400 2848 1456 quos
2895 1402 2992 1439 nos
3040 1384 3293 1438 adhibitis
3342 1382 3496 1453 hujus
3535 1384 3728 1453 lingua:

2158 1479 2491 1549 peritissimis
2520 1493 2639 1534 cum
2669 1492 2852 1535 eorum
2897 1477 3167 1530 volumine
3213 1474 3570 1536 conferentes,
3614 1489 3730 1529 ser-

2160 1582 2281 1625 vato
2328 1584 2426 1623 usu
2476 1568 2843 1637 psallentium,
2893 1567 3005 1620 suis
3052 1566 3293 1620 versibus
3343 1565 3724 1620 aestimavimus

2157 1676 2276 1717 esse
2306 1661 2601 1715 reddendos.
2632 1679 2645 1712 :
2678 1675 2746 1715 ne
2772 1675 2831 1715 se
2860 1661 2912 1713 iu
2945 1667 3325 1728 praesumptum
3360 1657 3600 1712 ordinem
3637 1673 3730 1711 au-

554 1759 661 1815 Sed
690 1759 817 1814 dicit
847 1758 1069 1830 aliquis:
1098 1758 1205 1814 Nec
1235 1766 1411 1827 partes
1437 1758 1568 1828 ipsa:
1597 1756 2049 1825 syllogismorum,
2090 1760 2130 1818 Β
2159 1752 2377 1807 ριειιίιθε
2418 1751 2676 1819 permixta
2716 1748 3084 1804 confunderet.
3127 1748 3327 1803 Deinde
3356 1747 3494 1817 quod
3525 1748 3729 1802 nullum

471 1866 577 1905 nec
630 1850 844 1906 nomina
890 1851 1243 1913 schematum,
1294 1863 1394 1904 nec
1446 1847 1707 1901 vocabula
1744 1846 2054 1914 disciplina-

472 1957 617 2005 rum,
651 1955 751 1996 nec
794 1941 893 1994 alia
924 1940 1294 2010 hujuscemodi
1327 1940 1595 1992 ullatenus
1625 1937 1969 1991 inveniuntur
2001 1938 2053 1990 in

470 2030 728 2099 psalmis;
762 2030 1109 2084 inveniuntur
1150 2030 1305 2098 plane
1334 2029 1388 2082 in
1418 2029 1616 2082 virtute
1639 2041 1924 2089 sensuum,
1950 2041 2055 2081 non

470 2117 527 2171 in
558 2117 809 2175 efl’atione
852 2119 1181 2175 verborum:
1238 2117 1315 2173 sic
1369 2116 1514 2173 enim
1558 2115 1682 2171 vina
1735 2116 1786 2169 in
1835 2115 2054 2180 vitibus,

471 2223 705 2263 messem
746 2210 797 2262 in
829 2210 1056 2275 semine,
1100 2207 1315 2262 frondes
1346 2206 1398 2260 in
1426 2206 1719 2273 raeidibus,
1771 2205 1973 2261 fructus
2001 2205 2056 2260 in

474 2302 663 2363 ramis,
692 2296 911 2352 arbores
940 2299 1083 2365 ipsas
1111 2311 1274 2351 sensu
1304 2294 1728 2363 contemplarnur
1749 2294 1803 2349 in
1831 2294 2054 2349 nucleis.

474 2387 605 2441 Nam
638 2396 691 2443 et
716 2387 784 2441 de
812 2386 1226 2457 profundissima
1253 2385 1448 2456 abysso
1477 2384 1762 2440 deliciosus
1790 2382 1950 2453 pisris
1978 2394 2058 2438 at-

475 2478 715 2547 tingitur,
755 2477 845 2547 qui
891 2485 1067 2531 tamen
1107 2485 1232 2530 ante
1268 2463 1569 2545 captionem
1609 2490 1759 2529 suam
1809 2474 2057 2529 humanis

474 2570 645 2623 oculis
668 2583 771 2621 nou
800 2567 1030 2622 videtur.
1083 2567 1271 2621 Merito
1315 2581 1444 2636 ergo
1486 2581 1607 2621 esse
1650 2567 1898 2631 dicimus,
1938 2580 2058 2635 quae

478 2660 658 2714 inesse
685 2659 1026 2713 nihilominus
1052 2658 1243 2712 virtute
1272 2658 1548 2713 sentimus.
1583 2657 1712 2712 Nam
1745 2665 1798 2712 et
1823 2657 2056 2726 Aposto-

478 2751 561 2803 lus
583 2759 724 2805 vetat
752 2748 803 2821 (ι
830 2749 949 2805 Cor.
975 2764 1052 2815 ut,
1084 2747 1171 2820 l8)
1196 2762 1293 2804 nos
1312 2747 1494 2804 seduci
1520 2763 1613 2818 per
1637 2762 1826 2803 vanam
1848 2747 2057 2817 sapien-

482 2840 608 2894 tiam
634 2839 813 2893 mundi
846 2858 861 2892 :
891 2840 991 2893 ista
1041 2854 1169 2894 vero
1210 2854 1316 2893 non
1364 2840 1590 2908 abnegrtt
1628 2838 1679 2892 in
1718 2837 1910 2893 litteris
1936 2851 2058 2891 esse

476 2931 697 2987 divinis.
737 2931 892 2985 Certe
930 2929 1245 2985 accedamus
1278 2928 1343 2983 ad
1375 2929 1608 2997 psalmos
1633 2969 1646 2994 ,
1678 2936 1736 2983 et
1762 2929 2057 2997 interroge-

481 3039 647 3083 mus,
699 3039 811 3093 qua:
856 3024 1000 3077 omni
1050 3022 1405 3091 disputatione
1472 3021 1642 3089 major
1694 3030 1814 3084 est,
1874 3034 2055 3074 rerum

482 3114 659 3167 fidem.
1928 3096 1929 3099 η

550 3203 696 3257 ls:ud
727 3217 855 3272 ergo
884 3202 1177 3271 principale
1206 3200 1459 3255 virtutum
1488 3207 1543 3255 et
1571 3200 1800 3256 salutare
1832 3200 2058 3255 locutio-

482 3293 560 3347 uis
586 3307 750 3363 genus
777 3294 1088 3362 p'erumque
1110 3307 1196 3346 res
1218 3291 1422 3360 aliquas
1448 3290 1631 3355 refert,
1663 3298 1713 3344 et
1735 3303 1879 3358 saepe
1904 3289 2060 3359 longe

481 3385 581 3437 alia
612 3398 767 3453 quam
797 3382 1102 3447 audiuntur,
1132 3381 1370 3451 exponit.
1401 3379 1746 3451 Simplicitas,
1776 3380 1972 3451 duplex
2006 3391 2060 3438 et

481 3474 599 3527 sine
617 3473 739 3527 dolo
764 3472 1101 3543 bilinguitas;
1145 3473 1283 3527 sicut
1328 3473 1450 3527 fecit
1491 3471 1689 3541 Joseph
1720 3470 1871 3541 (Gen.
1905 3474 2057 3539 xui),

482 3564 571 3633 qui
600 3562 724 3617 dum
756 3562 951 3618 fratres
978 3578 1105 3619 suos
1134 3572 1352 3633 aspectu
1380 3563 1496 3632 ipso
1525 3573 1579 3616 et
1612 3577 1860 3618 sermone
1889 3564 2059 3631 patrio

484 3656 840 3724 cognovisset,
888 3656 957 3709 ita
1007 3654 1086 3708 eis
1135 3654 1412 3709 videbatur
1460 3653 1624 3723 loqui,
1656 3662 1711 3706 ut
1758 3652 2059 3707 nullatenus

484 3746 742 3813 potuisset
783 3747 1018 3813 agnosci.
1050 3745 1199 3812 Quod
1226 3760 1331 3800 non
1370 3752 1451 3800 est
1479 3744 1544 3797 ad
1585 3744 1912 3814 deceptlonis
1949 3755 2061 3799 stu-

485 3835 630 3889 dium
679 3844 988 3904 sumptum,
1032 3835 1125 3889 sed
1173 3833 1240 3888 ad
1284 3831 1624 3889 commodum
1671 3847 1876 3902 magna:
1921 3833 2061 3887 utili-

484 3928 609 3980 tatis
670 3926 934 3981 effectum.
1004 3926 1255 3980 llehrreos
1310 3939 1590 3979 sermones
1630 3924 1866 3992 adhibet,
1923 3939 2054 3980 cau-

483 4029 573 4069 sas
604 4014 1050 4083 profundissimas
1081 4014 1380 4069 iunuentes.
1414 4011 1582 4069 Unam
1619 4028 1731 4067 rem
1758 4013 1811 4068 in
1842 4014 1984 4069 malo
2009 4022 2063 4070 et

482 4106 536 4157 in
590 4106 728 4159 bono
760 4104 1070 4175 plerumque
1116 4103 1281 4172 ponit,
1337 4110 1393 4156 ut
1422 4101 1562 4172 quod
1592 4102 1809 4157 nomine
1849 4103 2060 4158 videtur

482 4210 603 4250 esse
640 4211 944 4261 commune,
976 4196 1032 4266 8
1062 4194 1316 4264 probetur
1345 4194 1689 4264 qualitatibus
1736 4193 2059 4262 discrepare.

486 4288 741 4342 Ctelestia
774 4288 1005 4343 terrenis
1041 4295 1333 4356 comparat,
1393 4287 1606 4356 utquod
1654 4287 2063 4355 incomprehen-

483 4379 659 4433 smilis
705 4378 1011 4448 magnitudo
1060 4378 1470 4448 vetatintelligi,
1518 4393 1613 4448 per
1658 4379 1961 4434 notissimas
1995 4379 2063 4433 si-

2162 1842 2301 1896 aliud
2331 1856 2467 1909 opus
2491 1840 2817 1894 auctoritatis
2859 1839 3055 1893 divina:
3093 1847 3304 1893 centum
3348 1838 3727 1909 quinquaginta

2159 1932 2484 1986 sectionibus
2522 1929 2860 1993 continetur;
2911 1929 2999 1983 ubi
3040 1928 3180 1984 enim
3224 1938 3300 1981 tot
3342 1929 3476 1984 tituli
3519 1929 3728 1983 diversa

2161 2024 2405 2092 leguntur
2432 2023 2689 2077 varietate
2721 2020 3042 2088 conscripti?
3075 2020 3172 2075 Hic
3211 2020 3338 2075 illud
3370 2021 3602 2075 votivum
3635 2036 3728 2074 no-

2160 2130 2279 2168 men
2332 2113 2543 2167 alleluia
2591 2113 2643 2167 in
2687 2111 3229 2181 superscriptiouibus
3277 2111 3565 2165 inchoavit.
3626 2112 3722 2166 llic

2158 2205 2596 2259 commemoratio
2634 2203 2869 2259 historia:
2909 2203 2976 2259 de
3007 2203 3210 2270 Regum
3243 2213 3409 2256 tracta
3436 2203 3735 2269 volumine,

2160 2300 2212 2351 in
2240 2297 2354 2365 ipso
2379 2295 2560 2350 limine
2591 2295 2759 2364 posita
2785 2295 3011 2350 virtutes
3038 2294 3273 2350 noscitur
3314 2294 3548 2348 iudicare
3585 2294 3731 2363 psal~

2159 2398 2392 2439 morum.
2447 2384 2543 2437 llic
2588 2384 2748 2438 etiam
2800 2384 3148 2451 diapsalmafa
3199 2393 3401 2438 tantum
3454 2383 3737 2453 iuterjecta

2158 2485 2541 2530 monstrantur.
2594 2475 2690 2530 llic
2740 2475 2927 2544 psalmi
2986 2474 3277 2529 secundum
3332 2476 3551 2530 virtutes
3608 2490 3735 2530 suas

2159 2581 2503 2622 numerorum
2527 2566 2740 2622 ordines
2777 2575 2978 2622 tenent.

2230 2660 2392 2716 Liber
2426 2661 2683 2715 inchoans
2712 2674 2738 2711 a
2768 2659 3095 2715 beatitudine
3122 2659 3340 2725 Christi,
3386 2659 3516 2714 Novi
3544 2673 3591 2713 et
3629 2659 3733 2713 Vc-

2160 2752 2289 2807 teris
2336 2751 2660 2807 Testamenti
2716 2761 3045 2805 sacramenta
3095 2765 3433 2818 percurrens,
3492 2749 3732 2803 laudibus

2157 2840 2324 2896 sacris
2373 2850 2426 2894 et
2462 2849 2642 2894 sancta
2678 2839 2993 2907 jubilatione
3033 2839 3397 2903 concluditur;
3441 2847 3499 2891 ut
3539 2840 3731 2892 merito

2159 2945 2218 2985 se
2246 2930 2334 2984 tali
2366 2943 2588 2983 munere
2631 2928 2941 2983 consoletur
2970 2928 3230 2992 Ecclesia,
3262 2945 3379 2998 qum
3411 2928 3499 2986 hic
3535 2929 3730 2983 multa-

2161 3035 2280 3074 rum
2318 3019 2676 3075 calamitatum
2710 3018 3045 3087 cognoscitur
3079 3018 3453 3073 afflictionibus
3480 3021 3731 3075 sauciari.

2085 3102 2131 3166 C
2163 3109 2319 3164 Novit
2347 3110 2487 3164 enim
2519 3108 2776 3164 beneficio
2800 3108 3007 3162 Domini
3029 3108 3358 3177 triumphare
3384 3109 3449 3163 de
3484 3110 3595 3163 suis
3617 3112 3726 3163 cla»

2158 3200 2314 3255 dibus
2349 3198 2621 3270 ingrava'a
2646 3215 2660 3264 ;
2690 3200 3142 3268 persecutionibus
3191 3200 3450 3269 siquidem
3498 3201 3663 3269 profic
3688 3212 3727 3266 ι,

2157 3290 2533 3347 afﬂictionibus
2572 3305 2785 3358 semper
2828 3301 3087 3361 augetur,
3137 3291 3393 3359 sanguine
3440 3300 3727 3362 martyrqu

2159 3384 2383 3454 rigatur,
2436 3382 2646 3437 tristitia
2688 3382 2855 3451 magis
2898 3382 3137 3451 erigitur,
3171 3383 3408 3451 angustia
3458 3382 3729 3447 dilatatur,

2158 3474 2369 3530 fletibus
2420 3474 2674 3541 pascitur,
2720 3472 2938 3542 jejuniis
2983 3472 3236 3539 reficitur,
3285 3482 3338 3527 et
3390 3474 3511 3530 inde
3558 3473 3734 3543 potius

2159 3565 2373 3629 crescit,
2406 3563 2548 3618 unde
2578 3564 2806 3617 mundus
2832 3563 3030 3619 deﬁcit.

2231 3656 2366 3723 Quid
2386 3657 2527 3710 enim
2557 3657 2608 3709 in
2640 3656 2732 3710 illo
2771 3656 2907 3710 libro
2953 3670 3059 3710 non
3099 3655 3339 3711 invenies
3370 3657 3509 3711 unde
3548 3673 3606 3712 se
3638 3658 3734 3711 hu-

2162 3764 2377 3803 manum
2406 3762 2573 3818 genus
2617 3748 2809 3803 debeat
2837 3748 3073 3803 suaviter
3101 3748 3396 3803 consolari?
3428 3749 3732 3803 Thcsaurus

2163 3842 2214 3894 in
2243 3849 2459 3910 pectore
2512 3838 2710 3895 mundo
2760 3854 2973 3908 semper
3019 3854 3376 3907 excrescens,
3435 3841 3731 3894 consolatio

2166 3946 2354 4001 magna
2395 3931 2708 4002 lugentium,
2750 3944 2873 4001 Spes
2905 3932 3057 3986 beata
3077 3930 3367 4000 justorum,
3417 3932 3729 3999 periclitan-

2166 4022 2296 4076 tium
2340 4021 2469 4075 utile
2515 4019 2834 4089 suffugium,
2878 4021 3018 4075 unde
3070 4035 3281 4088 semper
3329 4019 3469 4086 quod
3516 4020 3733 4087 expedit

2168 4112 2390 4174 tollitur,
2419 4111 2638 4180 ejusque
2668 4109 2785 4163 fons
2819 4110 3080 4163 indefecta
3109 4108 3441 4176 perennitate
3462 4118 3730 4162 servatur.

2168 4205 2359 4258 Beatus
2382 4216 2592 4272 quoque
2612 4200 2955 4262 Athanasius,
2979 4197 3352 4251 Alexandrinae
3374 4198 3605 4252 civitatis
3623 4200 3735 4266 epi-

2166 4309 2385 4364 scopus,
2417 4294 2469 4348 in
2500 4291 2634 4346 libro
2663 4304 2819 4360 quem
2846 4288 3148 4343 Marcellino
3171 4302 3268 4343 suo
3299 4288 3614 4343 charissima
3639 4287 3735 4342 de-

2172 4387 2395 4442 stinavit
2442 4384 2509 4439 de
2547 4382 2875 4453 preprietate
2914 4380 3161 4436 Psalterii
3192 4419 3206 4446 ,
3247 4389 3307 4435 ut
3342 4380 3520 4436 verbis
3569 4380 3734 4449 ipsius

482 4470 812 4525 militudines
849 4472 1016 4540 possit
1042 4471 1267 4525 adverti.
1302 4471 1357 4524 lu
1388 4471 1563 4525 verbis
1593 4480 1770 4526 autem
1817 4472 2060 4527 serendis
2089 4472 2143 4532 D
2169 4485 2304 4543 utar,
2350 4475 2422 4531 ita
2463 4475 2632 4531 dicit:
2674 4474 2987 4543 Quicunque
3031 4471 3274 4527 Psalterii
3323 4473 3481 4527 verba
3526 4474 3735 4534 recitat,

480 4562 616 4616 mira
665 4564 898 4629 potentia
929 4571 1045 4628 est;
1077 4572 1136 4617 ut
1182 4562 1357 4618 subito
1405 4562 1664 4618 immensa
1691 4564 1848 4618 nobis
1896 4573 2058 4635 atque

482 4655 1045 4725 incomprehensibiiia
1103 4654 1310 4711 duobus
1369 4654 1645 4724 tribusque
1722 4657 2059 4712 sermonibus

477 4744 832 4813 explicentur.

556 4836 686 4900 Quid
718 4835 932 4890 brevius
961 4835 1155 4902 dicam,
1184 4833 1492 4905 frequenter
1520 4835 1678 4890 etiam
1722 4851 1825 4891 una
1855 4838 2058 4907 syllaba

482 4926 801 4981 ineffabilem
831 4926 1039 4981 Domini
1089 4936 1331 4980 naturain
1370 4925 1727 4989 demonstrat;
1780 4935 1837 4981 ut
1882 4937 1961 4983 est
1997 4929 2058 4983 il-

481 5018 573 5072 lud
610 5036 622 5070 :
658 5018 848 5085 Quiest
886 5019 1023 5072 misit
1074 5034 1151 5072 me
1192 5017 1390 5090 (Exod.
1425 5032 1521 5084 111,
1555 5018 1663 5091 15).
1694 5018 1859 5088 Cujus
1901 5036 2059 5076 omne

483 5110 701 5163 verbum
732 5109 1001 5164 subtiliter
1045 5109 1355 5179 inquisitum
1400 5109 1632 5178 cupiosis
1661 5108 1906 5165 sensibus
1935 5125 2057 5165 sca-

482 5198 635 5252 turit.
666 5198 796 5253 Nam
825 5200 964 5255 sicut
996 5198 1407 5254 fecundissimus
1448 5214 1573 5269 ager
1609 5201 1902 5256 odoriferas
1937 5203 2059 5257 her-

482 5293 581 5344 bas
608 5291 763 5346 saluti
799 5300 997 5347 nostra:
1042 5292 1287 5361 producit
1329 5291 1703 5347 accommodas
1730 5328 1744 5352 .
1796 5296 1873 5348 sic
1901 5294 2059 5349 lectio

483 5381 661 5435 divina
690 5396 807 5436 cum
858 5398 953 5451 per
1004 5383 1213 5452 singula
1269 5382 1431 5438 verba
1481 5383 1791 5452 requiritur,
1845 5366 2059 5453 semper

487 5472 595 5526 illic
639 5488 767 5527 cura
817 5474 1014 5528 mentis
1069 5473 1268 5529 saucia:
1321 5476 1604 5544 reperitur.
1662 5475 1735 5529 De
1770 5476 1923 5545 eujus
1953 5478 2062 5532 elo-

487 5569 709 5632 quentiae
739 5567 912 5621 modis
940 5567 1085 5620 multi
1120 5567 1305 5621 Patres
1333 5567 1488 5621 latius
1517 5567 1880 5637 prolixiusque
1906 5570 2059 5623 dixe-

487 5668 628 5722 runt,
660 5674 888 5727 quorum
935 5658 1148 5712 nomina
1194 5658 1247 5712 in
1279 5648 1431 5711 libris
1461 5658 1862 5713 introductoriis
1914 5676 2061 5715 eom-

489 5748 837 5804 memoranda
891 5748 1279 5819 perspeximus.
1349 5746 1453 5802 Sed
1507 5747 1621 5803 furis
1676 5748 1775 5804 iste
1830 5750 2062 5807 cmlesus

2168 4567 2317 4638 quasi
2353 4566 2566 4636 propria
2592 4566 2756 4620 verba
2796 4564 3063 4629 decantat,
3110 4572 3165 4617 et
3211 4574 3456 4632 tanquam
3488 4574 3741 4619 asemet-

2169 4660 2284 4728 ipso
2308 4658 2612 4725 conscripta
2645 4671 2780 4710 unus
2810 4654 3010 4724 psallit,
3038 4664 3090 4707 et
3117 4669 3220 4708 non
3249 4663 3497 4723 tanquam
3527 4657 3629 4710 alio
3657 4657 3733 4710 di-

2168 4760 2344 4816 cente,
2389 4759 2483 4805 aut
2525 4748 2592 4803 de
2630 4748 2736 4801 alio
2780 4745 3116 4814 significante
3163 4746 3324 4799 sumit
3349 4755 3403 4798 et
3442 4746 3598 4815 legit;
3637 4748 3730 4801 sed

2168 4848 2416 4909 tanquam
2450 4838 2563 4907 ipse
2607 4836 2675 4892 de
2705 4835 2994 4904 semetipso
3036 4836 3279 4903 loquens,
3324 4836 3399 4890 sic
3429 4834 3732 4904 hujusmodi

2167 4930 2327 4986 verba
2368 4928 2606 4999 profert;
2647 4937 2703 4984 et
2747 4928 2923 4996 qualia
2968 4935 3089 4978 sunt
3132 4942 3250 4995 qua:
3292 4926 3560 4991 dicuntur,
3612 4927 3735 4981 talia

2165 5022 2307 5077 velut
2330 5022 2445 5090 ipse
2472 5034 2659 5091 agens,
2687 5036 2753 5075 ex
2783 5021 3072 5090 seme:ipso
3105 5021 3331 5090 loquens
3350 5062 3365 5085 ,
3392 5020 3501 5074 Deo
3529 5018 3739 5073 videtur

2164 5113 2358 5167 offerre
2384 5125 2678 5167 sermones.

2239 5202 2483 5259 l’salterii
2513 5217 2722 5272 quoque
2752 5203 3022 5272 proprium
3066 5214 3149 5258 est
3178 5205 3317 5273 quod
3351 5219 3443 5273 per
3473 5203 3642 5270 ipsum
3673 5204 3737 5256 le-

2165 5296 2246 5364 gis
2275 5293 2463 5349 divinaa
2497 5296 2750 5347 sanctitas
2778 5294 3045 5349 introitnr.
3090 5297 3204 5351 Non
3234 5297 3373 5351 enim
3425 5299 3625 5348 tirones
3656 5295 3739 5349 in-

2164 5388 2360 5441 choant
2390 5402 2419 5440 a
2450 5385 2666 5454 Genesi,
2707 5402 2812 5440 non
2860 5387 2927 5441 ab
2954 5390 3230 5457 Apostolo,
3286 5404 3388 5441 non
3437 5390 3573 5443 inter
3618 5390 3730 5455 ipsa

2168 5477 2321 5531 initia
2350 5478 2635 5532 auctoritas
2656 5479 2957 5547 evangelica
2985 5490 3161 5533 sancta
3188 5482 3427 5547 pulsatur
3452 5498 3464 5545 ;
3493 5480 3584 5533 sed
3616 5480 3740 5534 licet

2171 5567 2485 5621 Psalterium
2530 5578 2747 5635 quartus
2796 5568 2959 5622 codex
3008 5570 3078 5622 sit
3136 5570 3328 5624 divina:
3380 5573 3736 5638 auctoritatis,

2169 5660 2395 5726 primum
2421 5668 2594 5711 tamen
2621 5660 2816 5713 tirones
2840 5660 3150 5715 inchoantes
3179 5663 3479 5732 Scripturas
3500 5672 3736 5727 sanctas,

2172 5751 2295 5806 inde
2326 5748 2533 5819 legendi
2564 5748 2758 5804 faciunt
2781 5747 3031 5806 decenter
3061 5751 3291 5811 initium.
