4008 6182
348 243 416 299 ~25
1148 289 1153 293 .
1546 198 1614 284 it.
1665 218 1940 281 suum“
1988 211 2382 271 cassmnom
3507 204 3574 259 ρι,

902 346 1126 403 CAPUT
1181 343 1336 399 χγιι,
1932 331 1975 386 Α
2005 322 2204 377 stillans
2249 319 2383 373 labia
2428 326 2535 383 tua,
2567 331 2772 386 sponsa,
2815 316 2912 370 mel
2959 325 3007 370 et
3052 315 3131 369 lac
3173 315 3263 369 sub
3286 314 3461 387 lingua
3489 324 3577 370 tua

901 440 1038 494 Laus
1086 435 1349 491 Ecclesia.

2053 413 2201 468 Cant.
2248 427 2325 478 tv,
2358 411 2458 476 10,
2491 412 2561 465 'll
2590 410 2632 481 ).
2662 410 2792 476 Quae
2832 411 3055 465 mereris
3093 409 3322 479 denique
3350 409 3580 465 osculari

2011 506 2309 570 Christum,
2352 512 2407 559 et
2431 504 2594 557 decus
2624 500 2753 556 illud
2783 501 3087 572 perenniter
3114 501 3382 557 custodire
3420 502 3581 571 virgi-

2014 612 2207 664 neum;
2243 596 2333 651 tibi
2362 594 2503 649 enim
2546 592 2736 648 dicitur
2782 610 2795 645 :
2844 591 3113 647 Osculetur
3155 608 3235 647 me
3274 592 3449 648 osculo
3475 594 3579 647 oris

2012 692 2112 755 sui,
2145 690 2264 759 quia
2304 688 2511 743 meliora
2539 694 2656 742 sunt
2686 685 2842 741 ubera
2869 696 2957 740 tua
2986 688 3132 753 vino,
3163 688 3448 756 fragrantia
3485 702 3582 740 un-

2015 784 2215 855 guentis
2244 780 2447 852 optimis
2470 778 2663 851 (Cant.
2689 794 2727 845 t,
2757 779 2785 833 ι
2810 776 2860 849 );
2893 786 2950 833 et
2969 788 3160 833 caetera
3189 792 3306 847 quas
3334 778 3467 833 liber
3493 775 3583 832 ille

2016 875 2227 929 divinus
2253 872 2474 944 mystica
2506 870 2882 940 praedicatione
2909 868 3300 939 complectitur.
3428 858 3431 859 ⁷

2088 966 2421 1034 Quapropter
2444 960 2597 1015 lactis
2623 959 2951 1015 auditoribus
2976 973 3070 1028 per
3100 958 3383 1027 quamdam
3414 957 3586 1028 isago-

408 566 600 619 Overe
628 567 829 620 sancta,
873 569 907 609 ο
958 549 1324 611 immaculata,
1372 561 1405 601 ο
1455 542 1690 614 perfecta
1738 546 1908 593 mater

346 653 607 720 Ecclesia,
632 664 774 719 quae,
806 645 983 701 d’.vina
1014 640 1181 712 gratia
1210 638 1489 705 largiente,
1508 632 1619 689 sola
1649 630 1908 691 viviﬁcas,

347 749 458 802 sola
486 743 811 806 sanctiﬁcas,
851 748 905 793 et
936 736 1198 807 perditum
1226 731 1454 804 propriis
1482 726 1654 797 culpis
1696 721 1909 803 institu-

346 840 490 892 tione
521 846 607 889 tua
637 834 924 887 humanum
948 842 1116 900 genus
1148 827 1414 881 instauras
1443 821 1630 889 :cujus
1659 817 1759 887 piae
1786 812 1915 870 eon-

348 928 561 984 fessioni
578 926 709 982 nihil
724 922 868 992 addi,
884 921 1014 977 nihil
1028 920 1191 974 minui
1206 925 1396 987 potest.
1413 916 1511 969 Per
1524 925 1710 969 omnes
1722 907 1915 977 quippe

349 1018 603 1087 psalmos,
634 1030 729 1085 per
754 1015 930 1068 omnia
959 1010 1183 1072 cantica,
1215 1003 1479 1075 praaconia
1519 1009 1716 1057 sancta:
1737 997 1914 1054 Trini-

350 1109 473 1163 tatis
495 1105 771 1161 interseris
795 1120 811 1171 ;
858 1113 915 1158 ut
941 1100 1095 1170 cujus
1123 1106 1239 1153 sunt
1266 1104 1469 1151 sacrata
1489 1092 1651 1148 verba
1679 1104 1796 1158 qua:
1826 1088 1916 1142 lo-

349 1200 583 1271 quimur,
604 1198 683 1253 eis
700 1197 814 1251 laus
838 1208 1048 1262 semper
1078 1199 1129 1246 et
1150 1187 1454 1244 dulcissima
1476 1183 1641 1254 gloria
1670 1178 1919 1236 reddere-

353 1303 457 1345 tur.
480 1289 609 1355 Qua:
634 1287 802 1342 salum
833 1283 1013 1339 δακρυιὶ
1044 1282 1230 1350 hujus,
1261 1287 1315 1333 et
1344 1274 1715 1331 haereticorum
1738 1270 1921 1326 saevis-

354 1381 516 1433 simas
548 1376 809 1446 procellas
842 1375 894 1427 in
924 1386 1062 1426 arcte
1089 1368 1232 1423 illius
1272 1365 1382 1420 Noe
1410 1360 1922 1446 similitudine,rqu:e

358 1480 500 1522 tuam
551 1445 833 1521 evidenter
878 1458 1110 1531 portavit
1152 1455 1457 1525 imaginem,
1509 1451 1622 1507 sola
1664 1445 1924 1503 inol’lenso

362 1556 485 1611 ﬁdei
513 1569 674 1609 cursu
704 1555 820 1608 sine
846 1549 1087 1621 periculo
1106 1547 1288 1603 diluvii
1316 1550 1622 1600 constanter
1645 1537 1921 1606 enavigas;

358 1660 455 1699 nec
497 1644 618 1698 ullis
659 1640 937 1698 erroribus
963 1636 1278 1707 acquiescis,
1309 1633 1552 1703 quamvis
1594 1628 1767 1685 adhuc
1788 1628 1927 1681 inter

356 1734 648 1804 pravitates
698 1731 856 1800 hujus
893 1728 1075 1783 saeculi
1118 1725 1427 1797 gravissima
1457 1719 1779 1778 necessitate
1807 1732 1925 1772 ver-

358 1827 513 1879 scris.
537 1820 799 1891 Quidquid
819 1818 963 1877 enim
989 1817 1250 1886 reperitur
1275 1822 1465 1884 praeter
1488 1810 1648 1866 vitale
1664 1810 1923 1880 gremium

364 1926 530 1980 tuum,
563 1912 893 1968 mortiferum
924 1916 1130 1966 constat
1154 1921 1273 1962 esse
1303 1902 1650 1974 naufragium.

434 2006 563 2061 Nam
608 2018 727 2060 cum
769 2001 1030 2058 Sabellius
1081 1996 1411 2053 detestabilis
1458 2001 1606 2049 erret
1647 1991 1700 2045 in
1749 1988 1925 2051 Patre,

366 2103 585 2157 demens
614 2098 773 2154 Arius
802 2097 1077 2166 delinquat
1119 2095 1175 2149 in
1218 2090 1376 2153 Filio,
1419 2088 1599 2142 Manes
1640 2081 1931 2149 sacrilegus

362 2201 519 2260 neget
544 2189 797 2259 Spiritum
839 2195 1100 2249 sanctum,
1129 2182 1217 2237 alii
1247 2178 1492 2235 scelerati
1526 2174 1699 2231 Veteri
1739 2172 1930 2227 Testa-

366 2288 549 2335 mento
590 2278 863 2348 derogent,
911 2273 1151 2330 nonnulli
1177 2270 1309 2325 Novi
1348 2264 1680 2323 Testamenti
1709 2262 1930 2333 gratiam

370 2386 476 2425 non
504 2376 834 2439 sequantur;
886 2375 943 2420 tu
1002 2372 1203 2417 tantum
1255 2357 1537 2415 devotione
1583 2353 1745 2416 ﬁdeli,
1791 2364 1933 2421 prte-

371 2470 543 2517 stante
572 2456 819 2523 Domino,
860 2454 1119 2510 inoﬁ‘ense
1162 2457 1351 2506 cuncta
1395 2442 1787 2515 complecteris.
1837 2440 1936 2494 Pa~

372 2561 508 2605 trem
556 2548 752 2618 quippe
800 2546 1001 2600 docens
1056 2541 1372 2612 ingenitum,
1433 2535 1625 2591 Filium
1675 2532 1932 2602 genitum,

371 2639 629 2711 Spiritum
667 2645 907 2693 sanctum
950 2634 1018 2689 de
1068 2633 1224 2688 Patre
1268 2640 1323 2685 et
1355 2628 1490 2682 Filio
1535 2624 1934 2695 procedentem,

370 2746 531 2785 unum
562 2730 750 2796 Deum,
774 2735 1012 2785 sanctam
1041 2723 1335 2796 prmdicans
1357 2720 1694 2783 Trinitatem,
1717 2723 1938 2772 coaeter-

369 2837 496 2877 nam
525 2821 623 2876 sibi
653 2830 709 2876 et
748 2819 1022 2889 inqualiter
1068 2817 1507 2885 omnipotentem,
1556 2810 1942 2875 Dominumque

370 2912 636 2968 Christum
685 2919 985 2966 manentem
1030 2910 1080 2962 in
1107 2905 1383 2961 divinitate
1433 2916 1529 2958 sua
1558 2909 1614 2956 et
1650 2912 1812 2955 carne
1838 2896 1940 2951 hu-

2019 1067 2146 1122 gen,
2179 1066 2299 1122 qua:
2326 1058 2410 1106 est
2431 1049 2703 1120 sequentis
2725 1048 2904 1118 operis
2927 1046 3266 1114 introductio,
3296 1047 3457 1103 index
3484 1062 3589 1103 cur

2023 1142 2236 1198 lestium
2267 1138 2669 1211 mysteriorum,
2699 1146 2755 1193 et
2781 1152 2949 1193 sacra:
2979 1139 3274 1208 praenuntia
3302 1137 3549 1193 dictionis
3568 1178 3585 1202 ,

2022 1240 2079 1285 ut
2103 1231 2313 1300 opinor,
2337 1228 2665 1284 sufﬁcienter
2693 1227 2933 1282 attonitis
2976 1236 3031 1283 et
3059 1227 3323 1282 desiderio
3357 1242 3585 1298 superno

2021 1322 2200 1377 divina
2251 1320 2493 1391 largitate
2537 1318 2849 1386 ﬂammatis,
2900 1330 3041 1372 nunc
3084 1319 3149 1371 ad
3190 1317 3441 1372 solvenda
3472 1332 3590 1387 qua:
3640 1326 3645 1331 ‘

2023 1414 2287 1483 promissa
2315 1422 2434 1467 sunt
2460 1451 2475 1478 ,
2503 1411 2715 1466 Christo
2740 1410 2957 1480 juvante
2978 1452 2993 1478 ,
3029 1409 3324 1464 veniamus.
3356 1408 3501 1463 Prtes
3524 1424 3554 1463 a
3574 1448 3591 1476 ,

2028 1503 2273 1571 Domine,
2302 1503 2454 1572 cujus
2483 1511 2565 1557 est
2586 1515 2745 1557 omne
2772 1500 2912 1571 quod
2943 1499 3187 1569 expedit,
3219 1508 3275 1553 ut
3297 1499 3596 1568 intelligen-

2029 1606 2131 1663 ter,
2160 1608 2216 1652 ut
2246 1596 2472 1651 libenter
2491 1637 2505 1661 ,
2545 1604 2602 1650 ut
2633 1594 2866 1664 proﬁcue
2906 1608 3207 1650 mereamur
3248 1595 3439 1650 audiri.
3470 1596 3598 1653 Tuis

1960 1685 2002 1744 Β
2029 1687 2172 1742 enim
2219 1685 2494 1756 adjutoriis
2525 1684 2845 1739 omnimodis
2873 1683 3170 1754 indigemus
3197 1725 3212 1749 ,
3242 1694 3300 1740 ut
3326 1686 3599 1743 valeamus

2026 1789 2282 1832 concesso
2323 1789 2571 1831 sermone
2609 1775 2941 1845 aliquatenus
2985 1774 3140 1831 verba
3172 1783 3278 1831 tua:
3308 1776 3601 1846 majestatis

2029 1883 2315 1939 exponere.
2348 1868 2539 1924 Amen.

2554 1972 2691 2014 01100
2730 1972 3085 2014 υιοειιυοιιυιι.

2102 2071 2504 2142 Prolegomena,
2535 2071 2587 2126 id
2634 2082 2745 2137 est,
2791 2073 3145 2142 praecedentia
3174 2083 3458 2145 antequam
3488 2090 3601 2133 cce-

2032 2166 2177 2220 lestis
2208 2164 2451 2220 Psalterii
2482 2164 2640 2219 mella
2677 2164 2988 2237 degustem,
3022 2176 3077 2223 et
3105 2183 3324 2239 campos
3352 2169 3470 2225 illos
3493 2171 3606 2241 glo-

2034 2257 2340 2313 riosissimte
2364 2256 2648 2325 passionis,
2680 2259 2904 2313 Domino
2932 2267 3246 2329 praestante,
3274 2263 3603 2332 contingam,

2033 2345 2277 2417 qumdam
2325 2346 2453 2401 mihi
2499 2346 2765 2414 videntur,
2796 2346 2982 2402 divisis
3030 2347 3316 2418 capitulis,
3347 2351 3415 2407 de
3460 2360 3606 2407 textu

2036 2442 2201 2511 ipsius
2244 2441 2496 2497 carminis
2542 2443 2816 2511 intimare,
2850 2451 2907 2498 ut
2949 2452 3005 2499 et
3042 2443 3279 2513 legentes
3308 2444 3606 2501 distinctius

2035 2531 2325 2587 debeamus
2346 2531 2590 2595 edocere.
2627 2542 2682 2588 et
2718 2547 2816 2589 nos
2857 2534 3073 2590 ordines
3111 2535 3254 2606 ipsos
3294 2536 3406 2592 sine
3429 2537 3608 2609 aliqua

2037 2619 2327 2676 oﬁ'ensione
2352 2635 2649 2676 curramus.

2109 2712 2166 2768 ln
2194 2716 2362 2784 prima
2391 2715 2567 2785 itaque
2595 2723 2743 2785 parte
2772 2715 2985 2773 Domini
3014 2719 3244 2775 carnalis
3278 2722 3382 2776 vita
3413 2721 3613 2779 descri-

2041 2804 2205 2860 bitur.

2113 2896 2168 2952 ln
2198 2897 2467 2964 secunda,
2508 2908 2693 2954 natura
2732 2900 2945 2957 deitatis
2987 2901 3151 2971 ipsius
3188 2902 3452 2959 subtiliter
3479 2904 3612 2962 indi-

372 3002 647 3058 manitatis
665 3011 971 3070 assumptae,
998 2999 1142 3053 salva
1172 2993 1583 3064 uniuscujusque
1621 2990 1945 3061 proprietate
1975 3051 2015 3070 ﬁ
2046 2999 2218 3046 catur.

371 3101 596 3159 naturae,
620 3107 777 3147 unam
793 3051 1059 3146 cornﬁteris
1083 3103 1202 3143 esse
1232 3051 1536 3157 personam.
1561 3080 1740 3136 Veteri
1762 3080 1943 3134 Testa-
1972 3051 2017 3114 Ο
2119 3080 2315 3144 Tertia,
2350 3080 2726 3149 multiplicatos
2764 3080 2895 3137 dicit
2925 3081 3168 3153 populos,
3197 3085 3283 3156 qui
3314 3100 3434 3140 eum
3481 3086 3612 3143 nite-

374 3194 554 3239 mento
574 3183 640 3237 de
660 3183 810 3237 Novo
842 3180 996 3235 iidem
1022 3178 1241 3243 faciens,
1271 3175 1475 3230 Novum
1524 3189 1554 3227 a
1587 3171 1764 3226 Veteri
1792 3183 1948 3224 exor-

376 3287 487 3327 tum
526 3287 644 3326 esse
680 3284 1025 3340 cognoscens.
1072 3268 1133 3321 Et
1162 3276 1220 3321 ut
1240 3265 1474 3321 breviter
1496 3270 1686 3317 cuncta
1713 3257 1946 3327 comple-

378 3371 511 3425 ctar,
536 3361 708 3415 nescis
735 3360 897 3429 loqui,
918 3358 1017 3413 nisi
1041 3358 1181 3427 quod
1194 3354 1407 3425 expedit
1427 3353 1591 3409 credi.
1609 3352 1741 3406 Nam
1762 3364 1948 3421 quam-

373 3456 453 3509 vis
480 3453 702 3508 diversis
729 3452 814 3506 hic
834 3451 1081 3506 alliciaris
1123 3449 1399 3518 angustiis,
1433 3455 1488 3502 et
1509 3446 1565 3517 9
1586 3445 1755 3499 dolosi
1780 3442 1947 3499 hostis

372 3544 747 3600 contrarietate
789 3540 1076 3613 quatiaris,
1111 3548 1285 3594 tamen
1317 3538 1381 3592 de
1413 3538 1575 3592 totius
1612 3533 1790 3590 mundi
1840 3532 1945 3588 cir-

374 3636 494 3688 culo
545 3640 861 3703 congregata
913 3629 1258 3700 resplendens
1310 3628 1364 3681 in
1414 3626 1630 3681 modum
1684 3622 1944 3693 pulcher-

372 3739 523 3779 nmte
547 3721 834 3793 pyramidis
862 3721 927 3774 ad
956 3729 1151 3774 aeterna
1184 3732 1342 3787 regna
1366 3715 1697 3786 perduceris.

443 3815 574 3883 Quae
616 3813 737 3868 huic
784 3811 1045 3867 schemati
1095 3825 1200 3863 non
1252 3807 1522 3862 immerito
1568 3804 1900 3874 compararis
1928 3846 1942 3870 ,

374 3906 625 3977 quoniam
671 3904 738 3959 de
786 3902 1048 3958 universis
1094 3899 1336 3970 gentibus
1379 3897 1644 3953 extollens
1692 3895 1944 3951 verticem

375 3997 701 4065 pretiosum,
729 3994 994 4063 justorum
1023 3992 1227 4045 animas
1271 3988 1424 4059 quasi
1468 3988 1644 4042 lumen
1691 3986 1945 4040 eximium

380 4090 447 4142 ad
476 4100 704 4155 superna
736 4076 895 4151 regna
927 4080 1238 4137 transmittis
1270 4096 1283 4132 :
1317 4088 1457 4134 meta
1486 4078 1764 4133 frumentis
1790 4078 1945 4147 plena

378 4175 705 4241 ctelestibus,
731 4173 796 4229 de
818 4172 1044 4228 diversis
1063 4171 1308 4241 gentibus
1330 4178 1634 4223 sanctorum
1655 4167 1806 4223 beata
1837 4168 1950 4222 col-

376 4265 525 4333 latio,
558 4278 868 4320 serenarum
898 4262 1154 4315 mentium
1185 4259 1482 4327 lampabilis
1509 4269 1702 4323 cintus,
1736 4258 1945 4311 insolu-

375 4354 498 4409 bilis
537 4352 865 4408 constructio
894 4351 963 4404 de
989 4350 1123 4403 vivis
1156 4348 1416 4416 lapidibus
1446 4346 1722 4412 fabricata,
1757 4345 1941 4399 beato-

375 4461 492 4500 rum
516 4443 752 4498 omnium
776 4451 973 4495 aeterna
997 4438 1242 4503 felicitas,
1266 4437 1380 4491 sole
1403 4435 1647 4500 lucidior,
1674 4435 1796 4491 nive
1817 4449 1943 4491 can-
1968 4414 2022 4477 Ῐ)

375 4537 569 4601 didior,
601 4534 717 4589 sine
756 4531 983 4596 macula,
1015 4531 1131 4585 sine
1158 4544 1307 4599 ruga.
1347 4528 1419 4582 De
1446 4543 1547 4598 qua
1579 4527 1835 4597 scriptum
1865 4536 1950 4582 est

376 4629 429 4681 in
456 4624 674 4680 Cautico
702 4622 1027 4677 canticorum
1062 4636 1076 4676 :
1109 4620 1236 4686 Qua:
1263 4630 1334 4673 est
1361 4619 1460 4672 ista
1487 4635 1601 4689 qua:
1626 4619 1949 4689 progreditur

375 4715 520 4785 quasi
540 4729 724 4767 aurora
744 4727 1075 4781 consurgens,
1099 4709 1313 4779 pulchra
1340 4719 1393 4762 ut
1418 4709 1562 4776 luna,
1593 4710 1750 4763 electa
1773 4717 1826 4761 ut
1847 4711 1946 4777 sol,

374 4806 613 4861 terribilis
642 4813 696 4859 ut
725 4814 1006 4858 castrorum
1032 4802 1164 4855 acies
1193 4802 1427 4855 ordinata
1447 4798 1619 4871 (Cant.
1653 4815 1727 4867 ιιι,
1758 4799 1852 4871 9)?
1883 4801 1949 4856 Et

378 4903 536 4971 paulo
564 4909 689 4954 ante
721 4918 732 4950 :
768 4897 918 4952 Oculi
942 4897 1014 4950 tui
1043 4897 1386 4949 columbarum
1414 4894 1602 4965 absque
1624 4910 1683 4948 eo
1712 4894 1847 4962 quod
1868 4895 1947 4947 in.

375 4994 621 5046 trinsccus
647 4990 767 5044 latet
798 5004 815 5041 :
843 4988 989 5057 cujus
1012 4988 1183 5040 dentes
1206 4986 1333 5040 sicut
1356 5000 1527 5054 greges
1553 4994 1819 5038 tonsarum
1838 4999 1953 5051 qua:

377 5083 709 5138 ascenderunt
736 5078 798 5132 de
826 5080 1047 5145 lavacro,
1083 5093 1256 5131 omnes
1286 5076 1512 5146 gemellis
1540 5075 1743 5146 fetibus,
1777 5084 1822 5128 et
1850 5083 1953 5127 ste-

376 5177 487 5228 rilis
530 5189 630 5226 non
670 5179 742 5224 est
778 5170 908 5223 inter
944 5184 1050 5222 eas.
1099 5166 1245 5222 Sicut
1284 5169 1404 5219 uitta
1432 5168 1662 5219 coccinea
1691 5165 1828 5218 labia
1866 5175 1953 5219 tua

381 5263 563 5330 (Cant.
599 5277 668 5329 tv,
705 5263 755 5327 l,
788 5258 869 5329 2),
900 5269 1071 5313 mater
1100 5266 1154 5311 et
1183 5256 1352 5327 virgo,
1387 5256 1491 5310 fcta
1522 5270 1577 5311 et
1605 5256 1835 5325 integra,
1860 5270 1953 5324 ge-

380 5358 541 5413 nitrix
571 5368 623 5411 et
654 5358 976 5424 incorrupta,
1008 5352 1160 5423 cujus
1185 5368 1245 5407 os
1274 5353 1532 5407 virtutum
1564 5354 1801 5407 omnium
1835 5352 1947 5406 fra-

377 5458 490 5518 grat
520 5445 771 5501 odoribus
805 5462 819 5500 :
862 5447 929 5500 de
967 5460 1067 5513 qua
1097 5458 1326 5514 sponsus
1366 5443 1493 5497 dicit
1525 5460 1538 5495 :
1576 5443 1719 5495 Odor
1748 5442 1851 5495 oris
1875 5443 1951 5494 tui

376 5547 501 5597 sicut
525 5539 772 5592 malorum
793 5540 812 5610 (
833 5540 980 5593 Cant.
1009 5555 1099 5603 vtt,
1125 5539 1209 5607 8).
1236 5539 1301 5593 Et
1324 5545 1444 5607 post
1470 5537 1741 5605 paululum
1767 5554 1780 5591 :
1813 5537 1954 5590 Odor

380 5640 750 5705 unguentorum
784 5639 985 5686 tuorum
1011 5648 1162 5704 super
1197 5630 1365 5687 omnia
1391 5638 1642 5685 aromata.
1673 5627 1848 5684 Factis
1874 5628 1955 5682 di-

2047 3173 2241 3229 bantur
2269 3173 2627 3243 exstinguere.

2116 3265 2334 3333 Quarta,
2362 3264 2624 3335 propheta
2653 3265 2705 3319 in
2736 3263 2924 3321 iisdem
2951 3266 3167 3321 monitis
3196 3278 3532 3335 perseverat,
3561 3278 3620 3325 ut

2047 3356 2293 3411 desinant
2329 3355 2496 3410 Judaei
2527 3355 2666 3409 mala
2706 3355 2965 3426 cogitare,
2995 3356 3079 3411 vel
3112 3358 3286 3411 facere
3321 3375 3334 3410 :
3367 3359 3613 3428 quoniam

2047 3463 2106 3503 se
2134 3447 2379 3503 noverint
2406 3445 2601 3501 divinis
2631 3446 2914 3500 virtutibus
2937 3446 3309 3501 destruendos.

2119 3540 2175 3595 ln
2206 3540 2386 3609 quinta
2414 3538 2670 3593 Dominus
2699 3537 2945 3594 Christus
2972 3538 3167 3593 clamat
3194 3539 3260 3593 ad
3291 3540 3499 3594 Patrem
3522 3580 3537 3606 ,
3564 3548 3620 3596 ut

2048 3633 2167 3702 ejus
2188 3630 2433 3685 audiatur
2451 3629 2645 3696 oratio,
2672 3641 2726 3683 et
2747 3628 2799 3683 in
2822 3629 3213 3685 resurrectione
3237 3629 3404 3701 ipsius
3426 3630 3616 3688 mundo

2048 3719 2320 3790 profutura
2351 3719 2629 3774 concedat.

2118 3812 2301 3876 Sexta,
2359 3825 2452 3880 per
2490 3818 2657 3863 totum
2700 3809 2961 3878 psalmum
3003 3811 3164 3866 verba
3203 3822 3326 3867 sunt
3353 3813 3614 3880 pmniten-

2048 3904 2151 3970 tis,
2181 3902 2263 3957 cui
2291 3900 2585 3971 junguntur
2623 3901 2859 3971 ejusdem
2886 3903 3027 3958 modi
3057 3904 3144 3959 alii
3176 3919 3298 3972 sex,
3329 3907 3417 3975 qui
3447 3914 3620 3961 tamen

2049 3993 2103 4049 in
2132 3993 2475 4049 conclusione
2504 3992 2924 4063 quinquagesimi
2956 3995 3147 4064 psalmi
3185 3997 3436 4067 descripti
3476 4007 3621 4053 sunt.

2122 4086 2179 4141 ln
2211 4086 2435 4155 septima
2485 4093 2635 4154 parte
2675 4084 2920 4140 Christus
2951 4088 3222 4144 humiliter
3247 4089 3460 4158 quidem
3493 4090 3625 4159 petit

2054 4186 2111 4231 ut
2138 4175 2186 4231 ei
2216 4174 2560 4229 subveniatur
2590 4188 2618 4226 a
2652 4174 2841 4237 Patre,
2874 4175 2969 4231 sed
3002 4178 3160 4231 habet
3188 4178 3429 4231 ﬁduciam
3464 4188 3625 4234 recta:

2051 4263 2492 4327 conversationis,
2522 4262 2662 4329 quod
2685 4263 2853 4331 magis
2876 4262 3106 4331 pertinet
3125 4265 3189 4318 ad
3207 4264 3322 4332 ejus
3339 4265 3621 4331 deitatem;

2051 4356 2146 4412 sed
2176 4368 2328 4410 more
2356 4352 2699 4407 humanitatis
2728 4363 3015 4423 assumpta:
3044 4355 3144 4409 sibi
3176 4355 3404 4424 postulat
3431 4356 3625 4412 subve-

2054 4447 2156 4503 niri
2190 4464 2203 4500 :
2236 4459 2302 4501 ne
2329 4443 2573 4499 diabolus
2598 4443 2831 4499 animam
2857 4442 2976 4514 ejus
3006 4447 3183 4515 iniqua
3214 4449 3625 4517 praesumptione

2050 4536 2305 4607 diripiat,
2337 4542 2388 4590 et
2417 4532 2587 4603 gloria
2614 4533 2779 4604 ipsius
2809 4535 2862 4590 in
2892 4535 3164 4607 pulverem
3192 4537 3417 4595 deducta
3442 4539 3624 4609 dispe-

2052 4636 2183 4683 real.

2123 4717 2179 4772 ln
2202 4726 2412 4785 octava,
2440 4716 2713 4787 parabolis
2729 4725 2785 4772 et
2803 4716 3020 4787 tropicis
3042 4717 3390 4774 allusionibus
3406 4733 3628 4789 congre-

2052 4811 2209 4879 gatis,
2260 4810 2591 4879 subsequens
2620 4808 2803 4863 drama
2834 4808 3159 4876 decurritur,
3209 4818 3263 4864 et
3308 4824 3401 4876 per
3430 4809 3629 4878 allego-

2053 4902 2193 4957 ricas
2234 4900 2611 4956 similitudines
2658 4900 2834 4954 omnia
2878 4898 3184 4955 referuntur
3231 4900 3296 4955 ad
3344 4902 3627 4957 Dominum

2052 4992 2348 5047 Christum.
2381 4991 2510 5058 Quae
2539 4990 2811 5045 schemata
2855 5004 2953 5045 nos
2997 4990 3131 5044 locis
3174 4991 3459 5057 aptissimis
3502 4991 3629 5045 red-

2054 5086 2244 5141 denles
2273 5083 2675 5140 evidentissime
2703 5080 3181 5146 commonebimus,
3222 5091 3280 5135 ut
3305 5081 3491 5136 lectori
3517 5091 3629 5136 stu-

2055 5177 2206 5232 dioso
2235 5174 2552 5245 ambiguitas
2576 5181 2764 5227 cuncta
2798 5170 3032 5226 tollatur.

2132 5267 2299 5332 Noua,
2332 5275 2453 5335 post
2482 5263 2791 5332 multiplicia
2813 5262 3101 5332 praeconia,
3125 5275 3243 5330 qua:
3269 5259 3427 5315 modo
3456 5275 3485 5314 a
3517 5260 3630 5315 dei-

2061 5370 2166 5415 tate
2189 5401 2202 5425 ,
2234 5358 2393 5414 modo
2419 5357 2485 5411 ab
2525 5357 2847 5411 humanitate
2888 5355 3052 5423 ipsius
3091 5354 3384 5422 incipiunt,
3417 5353 3630 5408 mutatis

2063 5453 2303 5522 personis
2344 5460 2397 5506 et
2439 5450 2604 5505 titulis
2649 5449 2863 5520 ponitur
2892 5448 3150 5518 Alleluia,
3191 5447 3332 5518 quod
3370 5447 3631 5517 signiﬁcat

2062 5543 2292 5597 Laudate
2324 5542 2615 5595 Dominum.

2134 5632 2371 5703 Decima,
2402 5642 2693 5704 sequuntur
2718 5630 2981 5703 gradalcs,
3009 5632 3096 5702 qui
3126 5633 3361 5689 animum
3392 5639 3632 5688 nostrum
