4008 6182
240 318 298 372 25
1217 317 1577 376 EXPOSlTlO
1615 319 1679 376 ΙΝ
1718 318 2172 376 PSALTERIDM.
2214 320 2404 379 PSAL.
2448 321 2486 376 Ι.
3402 325 3474 379 26

241 435 293 488 ad
325 433 599 488 Dominum
628 431 960 489 Salvatorem
984 447 1111 503 pura
1135 442 1191 490 et
1215 433 1403 488 humili
1430 433 1799 489 satisfactione
1829 434 1882 495 Α
1911 440 2087 485 textus
2118 432 2280 486 totius
2308 432 2552 487 Psalterii
2583 432 2866 489 duodecim
2915 434 3152 503 partibus
3180 434 3380 491 divisus
3417 437 3472 491 in

245 527 537 596 perducunt.

305 615 608 680 Undecima,
637 616 860 671 variatis
901 615 1099 681 verbis,
1140 616 1330 671 iterum
1376 614 1559 670 laudes
1590 615 1801 670 Domini

248 707 533 777 hymnidica
564 708 922 764 exsultatione
960 708 1298 764 concelebrat
1340 726 1355 762 :
1398 710 1559 764 modo
1590 708 1763 763 Patris
1786 748 1801 775 ,

252 799 390 853 modo
422 797 563 865 Filii,
591 799 753 855 modo
776 799 1003 869 Spiritus
1030 799 1202 855 sancti
1232 799 1527 869 praedicans
1554 801 1803 866 majesta-

248 899 366 954 tem;
396 899 457 943 ut
494 889 624 943 nulli
656 890 727 943 sit
752 888 972 945 dubium
1001 900 1240 945 sanctam
1270 889 1589 945 Trinitatem
1620 890 1802 959 singu-

249 978 409 1033 lariter
438 980 891 1050 omnipotentem,
919 996 1038 1050 quae
1069 980 1180 1035 vult
1211 979 1388 1036 facere
1416 979 1469 1035 in
1500 981 1637 1037 cmlo
1664 991 1721 1037 et
1748 981 1803 1036 in

250 1078 392 1123 terra.

308 1158 654 1226 Duodecimn,
683 1169 886 1229 septem
921 1160 1109 1230 psalmi
1157 1160 1527 1230 relinquuntur
1567 1160 1622 1215 in
1662 1160 1800 1226 ﬁne,

252 1251 325 1316 qui
353 1250 793 1305 exsultationibus
820 1250 1142 1322 hymnidicis
1167 1260 1329 1305 totam
1353 1251 1573 1321 gloriam
1605 1260 1803 1307 sanctae

253 1339 504 1395 Trinitatis
524 1342 847 1410 generaliter
870 1343 1061 1399 devota
1087 1350 1265 1398 mente
1290 1342 1686 1397 concelebrant.
1715 1341 1807 1396 Sic

1904 522 2264 592 apostolorum
2288 539 2511 578 numero
2533 525 2765 579 mirabili
2790 526 2946 581 laude
2965 526 3327 593 concluditur,
3351 543 3477 598 qua-

1903 621 2060 667 tenus
2081 622 2136 667 et
2156 614 2257 668 iste
2276 613 2406 668 illud
2428 624 2549 682 agat
2568 616 2709 683 quod
2740 616 2938 670 Christi
2961 615 3254 686 discipulos
3283 617 3478 672 fecisse

1905 702 2274 770 cognovimus.
2306 700 2401 757 Est
2429 702 2588 757 etiam
2617 703 2855 773 ejusdem
2885 706 2964 759 rei
2993 705 3137 759 aliud
3180 706 3477 762 evidentius

1905 804 2297 850 sacramentum
2321 836 2336 861 ,
2367 794 2509 865 quod
2536 805 2747 850 centum
2774 797 3151 867 quinquaginta
3179 798 3365 853 diebus
3393 798 3478 851 di-

1908 884 2050 939 luvio
2071 885 2395 953 superducto
2423 886 2733 941 criminibus
2759 888 2869 942 suis
2895 896 3035 941 terra
3063 888 3224 942 diluta
3249 899 3333 941 est
3359 906 3374 942 :
3403 890 3480 943 sic

1906 983 1961 1029 et
2007 973 2060 1026 hi
2094 974 2281 1043 psalmi
2310 975 2400 1029 tali
2447 990 2670 1030 numero
2702 976 2967 1048 producti,
2995 991 3163 1046 genus
3192 977 3479 1031 humanum

1906 1066 2139 1133 peccatis
2168 1068 2279 1121 suis
2306 1066 2562 1136 pollutum
2590 1069 2972 1123 convenienter
3005 1068 3229 1123 reddunt
3259 1067 3481 1121 absolu-

1909 1166 2040 1211 tum.
2087 1157 2237 1214 Nunc
2278 1159 2578 1215 minutatim
2616 1160 2682 1216 ad
2712 1161 3023 1232 exponenda
3054 1160 3295 1215 Psalterii
3323 1160 3481 1215 verba

1910 1260 2204 1301 ventamus.

266 1494 3464 1527 M

2386 1520 2427 1521 η
2512 1520 2579 1521 ,7
2935 1520 3463 1527 ____.______

684 1629 889 1738 Μ.
1043 1627 1821 1741 ΔΠΒΕΙιῙῙ

1946 1630 3034 1746 αΔεειουοιιι

762 1838 925 1964 IN
1000 1832 2009 1966 PSALTERIUM
2080 1839 2950 1969 EXPOSITIO.

1483 2055 1853 2146 PRIMA
1914 2062 2241 2149 PARS.

1659 2205 2074 2221 ﬁ

442 2290 807 2348 EXPOSITIO
847 2289 909 2345 IN
952 2287 1280 2348 PSALMUM
1318 2288 1602 2346 PRIMUM.

420 2403 590 2472 Quare
617 2406 813 2473 primus
839 2405 1065 2473 psalmus
1094 2419 1196 2457 non
1234 2403 1382 2457 habet
1408 2403 1633 2456 titulum.

318 2516 413 2585 ιι
453 2513 695 2567 Psalmus
722 2512 809 2567 hic
838 2513 957 2567 ideo
996 2527 1100 2567 non
1130 2511 1288 2567 habet
1313 2512 1543 2577 titulum,
1575 2510 1696 2578 quia
1725 2524 1815 2563 ca-

254 2603 336 2670 piti
357 2612 536 2656 nostro
560 2602 785 2656 Domino
800 2602 1085 2668 Salvatori,
1104 2602 1171 2656 de
1191 2615 1297 2672 quo
1316 2600 1557 2655 absolute
1577 2599 1815 2654 dicturus

254 2699 348 2753 est,
371 2692 499 2745 nihil
522 2691 701 2746 debuit
724 2691 991 2761 praeponi;
1016 2692 1140 2745 dum
1168 2691 1339 2761 ipsum
1370 2704 1547 2745 rerum
1576 2689 1813 2743 omnium

252 2789 450 2834 constat
475 2794 595 2835 esse
626 2780 974 2849 principium,
1005 2780 1143 2835 sicut
1170 2780 1285 2849 ipse
1314 2779 1367 2834 in
1400 2778 1694 2848 Evangelio
1737 2777 1819 2831 di-

252 2870 315 2923 cit
346 2888 360 2923 :
388 2869 500 2940 Ego
524 2888 637 2924 sum
662 2872 985 2941 principium,
1011 2880 1216 2940 propter
1238 2871 1374 2941 quod
1398 2878 1447 2925 et
1474 2871 1654 2940 loquor
1677 2869 1817 2923 vobis

251 2958 432 3028 (lacn.
464 2975 583 3024 vnt,
619 2960 757 3029 25).
800 2960 932 3015 Nam
971 2960 1096 3016 licet
1137 2969 1192 3017 et
1234 2961 1321 3015 alii
1366 2961 1555 3031 psalmi
1602 2959 1670 3015 de
1698 2959 1816 3029 ipso

251 3051 404 3105 multa
435 3050 640 3118 dicant,
671 3066 827 3106 nemo
858 3060 1034 3105 tamen
1063 3051 1130 3106 de
1155 3050 1271 3121 ejus
1300 3066 1417 3121 qua:
1446 3051 1544 3106 fuit
1572 3051 1625 3105 in
1660 3051 1817 3107 terris

250 3142 649 3198 conversatione
673 3142 753 3197 sic
780 3144 1038 3212 loquitur.
1068 3144 1137 3198 Et
1163 3143 1411 3214 quoniam
1437 3143 1502 3197 ad
1533 3143 1672 3199 hunc
1697 3158 1815 3213 quae

249 3232 461 3287 dicenda
502 3243 630 3289 sunt
672 3242 862 3290 cuncta
893 3236 1202 3306 respiciunt,
1237 3237 1425 3292 merito
1453 3248 1613 3306 caput
1646 3238 1816 3294 sancti

246 3324 415 3391 operis
461 3325 709 3393 ponitur,
757 3327 848 3396 qui
894 3329 1141 3396 princeps
1190 3343 1369 3382 rerum
1414 3328 1654 3384 omnium
1695 3344 1818 3384 esse

249 3423 589 3469 monstratur.
613 3416 879 3485 Quidquid
901 3418 1043 3472 enim
1070 3427 1158 3472 aut
1179 3418 1245 3473 de
1274 3419 1560 3488 praeteritis
1581 3419 1815 3485 instruit,

248 3514 329 3557 aut
353 3504 423 3560 de
448 3506 808 3574 praesentibus
835 3517 1036 3574 monet,
1065 3518 1155 3563 aut
1182 3509 1250 3564 de
1280 3509 1472 3564 futuris
1498 3509 1664 3565 efﬁcit
1691 3525 1820 3566 cau-

247 3593 420 3659 tiores,
450 3594 634 3649 omnia
661 3594 730 3649 ad
775 3596 1162 3652 institutionem
1205 3597 1345 3653 beati
1377 3598 1477 3653 viri
1511 3598 1813 3667 pertinent,

245 3699 357 3755 qua:
384 3687 528 3741 liber
556 3688 657 3751 iste
681 3688 925 3743 dicturus
952 3697 1054 3745 est.
1085 3689 1215 3744 Nam
1247 3691 1461 3761 quidam
1493 3691 1666 3759 tituli,
1699 3693 1816 3761 qui-

242 3774 357 3828 dam
405 3774 739 3845 przfationis
789 3777 963 3832 locum
1012 3792 1136 3833 eum
1178 3787 1363 3834 tenere
1406 3779 1677 3836 dixerunt.
1710 3780 1815 3836 Sed

242 3862 363 3919 licet
389 3880 418 3918 a
452 3864 776 3934 quibusdam
806 3867 951 3922 omni
976 3867 1122 3937 justo
1150 3869 1389 3924 videatur
1414 3879 1652 3939 aptatus,
1686 3872 1817 3927 ttulli

239 3961 414 4009 tamen
467 3964 667 4024 preter
713 3956 940 4012 Domino
984 3956 1197 4014 Christo
1246 3966 1422 4028 potest
1463 3962 1807 4017 veracissime

238 4056 459 4099 εουταω
465 4059 551 4099 re.
1550 4086 1558 4093 -
1762 4056 1779 4071 ⁸

300 4133 436 4189 Nam
481 4135 536 4189 si
580 4134 872 4191 dixerimus
917 4138 1067 4193 omni
1107 4138 1262 4194 beato
1301 4153 1461 4209 posse
1500 4154 1813 4211 congruere,

232 4219 340 4290 iam
363 4240 479 4278 non
502 4233 713 4279 constat
741 4226 869 4281 illud
892 4228 1033 4297 quod
1060 4229 1255 4284 dicitur
1278 4228 1331 4284 in
1358 4230 1564 4300 psalmo
1592 4248 1606 4284 :
1638 4231 1817 4286 Omnis

233 4310 384 4365 homo
432 4312 662 4367 mendax
687 4311 874 4386 (Psal.
920 4330 1042 4383 cxv,
1078 4316 1136 4368 H
1166 4315 1218 4384 );
1259 4317 1341 4372 vel
1370 4318 1501 4373 illud
1545 4320 1684 4388 quod
1717 4320 1818 4375 Job

232 4404 479 4457 meminit
512 4420 529 4455 :
564 4402 754 4457 Nullus
776 4407 996 4461 mundus
1024 4416 1143 4461 ante
1167 4416 1232 4473 te,
1258 4424 1350 4462 nec
1376 4409 1547 4479 infans
1568 4413 1715 4481 cujus
1744 4424 1819 4468 est

228 4493 379 4546 naias
407 4493 527 4546 diei
557 4494 657 4547 vita
677 4511 830 4563 super
853 4503 1038 4550 terram
1063 4495 1195 4569 (Job
1224 4513 1335 4565 nv,
1361 4498 1460 4570 4);
1492 4510 1546 4555 et
1568 4501 1692 4557 alibi
1719 4520 1733 4555 :
1759 4502 1816 4558 In

230 4584 456 4637 veritate
487 4598 650 4637 nemo
676 4583 747 4639 de
773 4586 966 4655 genitis
994 4597 1080 4642 est
1108 4589 1198 4657 qui
1228 4603 1332 4644 non
1364 4590 1525 4661 impie
1550 4592 1736 4661 gessit,
1765 4605 1818 4650 et

229 4670 292 4723 de
326 4670 739 4727 conlidentibus
780 4674 870 4743 qui
901 4683 929 4713 ι
955 4690 1061 4730 non
1106 4675 1358 4746 deliquit;
1390 4682 1473 4734 vel
1515 4682 1650 4735 istud
1682 4682 1819 4737 :Ju—

226 4766 361 4817 stitia
400 4766 550 4835 justi
596 4765 672 4818 sic
708 4776 785 4820 est
828 4768 967 4837 apud
1010 4775 1060 4824 te
1099 4770 1231 4824 sicut
1269 4787 1468 4841 pannus
1494 4786 1819 4831 menstruam:

224 4850 373 4919 (Issi.
402 4868 563 4913 thv.
590 4854 669 4925 6).
692 4856 1029 4928 Quapropter
1048 4875 1153 4916 non
1176 4864 1320 4921 omni
1340 4864 1496 4921 beato
1513 4876 1682 4935 potest
1704 4868 1818 4925 bare

1836 2288 1882 2348 Β
1911 2288 1963 2341 in
1990 2290 2228 2345 cathedra
2255 2292 2551 2363 pestilentia
2570 2310 2669 2347 non
2690 2294 2821 2348 sedit
2850 2296 2869 2366 (
2896 2293 3041 2350 Psal.
3068 2309 3106 2361 ι,
3137 2294 3170 2347 2
3193 2292 3235 2365 ),
3259 2304 3362 2351 etc.
3396 2296 3488 2351 Mi-

1917 2381 2103 2436 rabilis
2148 2382 2300 2448 ordo,
2344 2384 2578 2439 cmlestis
2623 2399 2807 2440 revera
2839 2386 3139 2454 dispositio,
3176 2396 3233 2439 ut
3280 2386 3346 2440 ab
3375 2387 3492 2453 ipso

1918 2471 2073 2525 nobis
2114 2472 2439 2541 psalmorum
2487 2475 2792 2543 proveniret
2832 2475 3073 2545 initium,
3100 2492 3254 2547 quem
3289 2476 3491 2533 saluta-

1918 2578 2031 2619 rem
2055 2564 2271 2633 januam
2301 2575 2510 2622 constat
2532 2582 2652 2622 esse
2675 2568 2959 2623 cmlorum.

1986 2656 2320 2726 Quapropter
2341 2658 2540 2714 intrare
2562 2673 2683 2714 cum
2708 2674 2917 2714 summo
2942 2660 3135 2729 gaudio
3157 2658 3485 2725 festinemus,

1916 2746 2004 2799 ubi
2026 2756 2291 2814 patentem
2305 2748 2542 2817 januam,
2567 2751 2736 2819 ipsum
2761 2750 3089 2805 Advocatum
3112 2762 3351 2805 nostrum
3370 2767 3490 2807 esse

1916 2840 2304 2908 cognoscimus,
2330 2841 2466 2894 sicut
2490 2842 2564 2895 ait
2588 2842 2875 2910 Apostolus
2907 2859 2921 2895 :
2948 2843 3069 2895 Non
3088 2845 3224 2896 enim
3254 2843 3492 2897 habemus

1917 2928 2219 2999 Ponti/icem
2238 2931 2326 3000 qui
2346 2947 2445 2985 non
2467 2933 2623 3001 possit
2640 2933 2863 3001 compati
2876 2933 3255 2999 inﬁrmitatibus
3272 2935 3491 2999 nostris;

1916 3026 1972 3072 et
1999 3020 2302 3087 paulopost
2334 3037 2346 3072 :
2379 3020 2633 3073 Adeamus
2662 3036 2784 3088 ergo
2811 3037 2924 3073 cum
2955 3020 3145 3088 ﬁducia
3166 3021 3234 3073 ad
3260 3021 3491 3073 thronum

1917 3111 2096 3179 gratia:
2116 3113 2247 3181 ejus,
2277 3119 2334 3164 ut
2356 3110 2755 3164 misericordiam
2781 3125 3167 3179 consequamur,
3198 3118 3246 3163 et
3274 3111 3490 3179 gratiam

1917 3201 2228 3256 inveniamus
2242 3202 2296 3255 in
2314 3201 2507 3255 auxilio
2525 3210 2806 3272 opportuno
2821 3200 3004 3272 (Hebr.
3021 3216 3092 3267 tv,
3114 3202 3201 3266 15,
3222 3200 3328 3271 lli).
3345 3201 3492 3256 Nunc

1917 3289 2099 3344 claves
2143 3289 2468 3358 psalmorum
2510 3290 2825 3344 reserabilcs
2852 3304 3202 3359 apponamus,
3234 3298 3312 3356 ut,
3359 3304 3493 3358 prae-

1919 3389 2093 3435 stante
2129 3380 2378 3449 Domino,
2421 3380 2583 3449 Regis
2611 3382 2777 3435 nostri
2808 3381 3005 3449 palatia
3033 3380 3257 3434 introire
3283 3394 3492 3434 merea-

1920 3487 2057 3526 mur.
2090 3471 2154 3526 Et
2184 3472 2324 3537 ideo,
2355 3474 2492 3526 sicut
2518 3472 2722 3541 praefati
2765 3486 2949 3526 sumus
2972 3512 2987 3535 ,
3030 3471 3221 3525 divisio
3249 3470 3491 3539 facienda

1921 3568 2025 3625 est,
2053 3573 2173 3627 qua:
2198 3561 2244 3614 si
2268 3568 2411 3614 recte
2442 3560 2777 3625 adhibeatur,
2811 3562 2881 3614 ita
2912 3560 3169 3614 illustrem
3201 3568 3255 3613 et
3284 3561 3494 3628 perspi-

1843 3640 1889 3703 C
1919 3666 2071 3707 cnam
2119 3652 2271 3708 nobis
2309 3652 2474 3708 efficit
2516 3651 2842 3717 dictionem,
2891 3661 2951 3706 ut
2992 3653 3300 3721 priusquam
3348 3652 3494 3720 lega-

1919 3751 2002 3797 tur
2028 3743 2281 3798 orationis
2310 3751 2512 3809 textus,
2542 3751 2667 3797 ante
2693 3742 2849 3798 nobis
2889 3744 3006 3811 ejus
3053 3742 3297 3797 relucere
3324 3741 3494 3811 possit

1918 3834 2163 3890 intentio.

2489 3948 2682 4004 Divisio
2720 3948 2924 4020 psalmi.

1993 4058 2282 4115 Universus
2312 4068 2488 4115 textus
2520 4060 2708 4129 psalmi
2753 4060 2909 4129 hujus
2940 4059 3195 4127 propheta
3227 4059 3493 4113 referente

1917 4157 2179 4203 narratur.
2210 4149 2264 4202 ln
2297 4150 2460 4218 prima
2497 4159 2645 4219 parte
2675 4152 2833 4203 vitam
2882 4159 3078 4203 sancta:
3109 4148 3492 4203 incarnationis

1916 4243 2135 4309 exponit
2177 4240 2470 4309 :quoniam
2514 4241 2560 4293 si
2589 4239 2654 4293 ad
2700 4238 3034 4308 tnajestatem
3080 4237 3277 4293 Christi
3320 4237 3488 4293 solam

1917 4332 2050 4387 velis
2094 4330 2301 4386 referre
2339 4346 2457 4401 qum
2486 4331 2553 4386 de
2582 4346 2647 4387 eo
2686 4330 2955 4397 dicuntur,
2989 4339 3260 4400 nequeunt
3298 4346 3493 4387 conve-

1917 4422 2055 4478 nire.
2101 4422 2343 4477 Secunda
2388 4438 2514 4476 vero
2554 4432 2893 4492 peccatorum
2927 4422 3189 4491 nequitias
3218 4422 3268 4476 in
3311 4422 3493 4479 futuro

1913 4512 2114 4583 judicio
2153 4514 2361 4569 debitas
2408 4514 2646 4583 recipere
2695 4523 3081 4568 commemorat
3126 4514 3391 4578 ultiones;
3438 4528 3492 4571 ut

1921 4607 2190 4675 prtemissa
2222 4608 2425 4677 gratius
2456 4622 2731 4676 possemus
2758 4608 3019 4675 accipere,
3053 4607 3201 4675 cujus
3242 4608 3493 4662 videban-

1920 4706 2007 4750 tnr
2034 4696 2407 4766 subsequentia
2434 4695 2725 4750 formidari.
2757 4695 2983 4763 Respice
3005 4710 3214 4764 quoque
3243 4695 3491 4751 intentio.

1919 4803 2039 4842 nem
2063 4786 2198 4856 ejus,
2228 4802 2384 4855 quam
2414 4795 2623 4841 constat
2649 4788 2882 4840 maxime
2914 4785 3338 4855 pet‘quirendam.
3364 4784 3491 4841 Ideo

1919 4877 1971 4931 in
1997 4876 2267 4945 principiis
2290 4876 2560 4931 beatitudo
2586 4880 2684 4947 12
2710 4877 2913 4930 Domini
2934 4876 3223 4931 Salvatoris
3241 4876 3489 4943 edicitur,

224 4948 503 5053 sententia
528 4951 852 5053 [co-tinnire,
884 4951 981 5007 nisi
1009 4952 1086 5008 illi
1113 4962 1321 5009 tantum
1354 4956 1421 5012 de
1455 4972 1559 5027 quo
1579 4959 1815 5029 Scriptu-
1842 4993 1895 5053 Β
1921 4974 1978 5019 ut
2020 4967 2250 5020 humano
2277 4967 2461 5036 generi
2502 4965 2679 5021 vitalia
2712 4966 2954 5034 exempla
2979 4975 3332 5036 prmslentur;
3364 4984 3494 5038 qua-

225 5048 277 5087 ra
300 5039 441 5094 dicit
471 5056 487 5091 :
524 5036 622 5105 Qui
640 5051 903 5109 peccatum
923 5059 1024 5098 non
1046 5046 1184 5114 fecit,
1210 5062 1299 5100 nec
1327 5048 1553 5103 inventus
1573 5059 1647 5104 est
1669 5052 1817 5109 dolus

219 5128 268 5181 ia
297 5148 389 5185 ore
436 5135 559 5203 ejus
588 5138 605 5203 (
632 5130 662 5186 ι
689 5131 835 5190 Petr.
878 5151 939 5203 tt,
970 5136 1041 5191 22
1062 5136 1106 5208 ).
1141 5139 1205 5194 Et
1232 5140 1347 5211 ipse
1371 5140 1439 5196 de
1467 5158 1525 5199 se
1553 5144 1605 5198 in
1635 5144 1817 5200 Evan-

218 5224 358 5288 gelia
398 5224 545 5277 dicit
590 5240 604 5277 :
654 5223 786 5282 Ecce
813 5228 971 5283 veniet
1001 5231 1240 5299 princeps
1269 5234 1449 5287 mundi
1479 5235 1654 5307 hujus,
1689 5246 1736 5291 et
1763 5238 1816 5291 in

217 5331 295 5366 ate
317 5333 431 5369 non
468 5316 690 5370 inveniet
726 5318 1006 5388 quidquam
1033 5318 1062 5359 δ
1090 5320 1290 5393 (Joan.
1319 5339 1430 5390 ιιν,
1463 5325 1533 5379 50
1555 5325 1595 5394 ).
1628 5326 1815 5383 Merito

215 5419 345 5476 ergo
372 5408 451 5462 ad
494 5406 767 5464 Christum
815 5413 1093 5474 Dominum
1139 5414 1396 5476 refertur,
1425 5418 1528 5485 Qui
1557 5435 1657 5472 non
1692 5420 1816 5476 abiit

209 5496 260 5549 in
306 5498 545 5553 coasilio
584 5501 883 5571 impiorum,
930 5521 1020 5559 nec
1048 5508 1101 5560 in
1126 5506 1209 5562 via
1236 5518 1557 5575 peccatorum
1582 5512 1737 5580 stetit,
1762 5522 1812 5567 et

208 5660 314 5783 ut:
350 5652 501 5707 Mss.
542 5654 713 5724 Aud.,
752 5656 876 5714 Dec.
919 5667 973 5714 et
1008 5658 1179 5729 Fisc.,
1220 5672 1266 5716 et
1310 5662 1372 5718 de
1420 5662 1801 5733 conﬁtentibus,

1926 5068 2077 5113 tenus
2105 5059 2241 5112 sicut
2271 5059 2427 5112 nobis
2468 5058 2627 5111 homo
2668 5069 2914 5111 terrenus
2958 5058 3181 5111 contulit
3226 5069 3490 5125 mortem,

1924 5150 1996 5204 ita
2019 5147 2255 5203 caelestis
2275 5148 2497 5202 veniens
2518 5147 2665 5201 daret
2687 5147 2931 5201 salutem.
2960 5147 3014 5200 ln
3044 5148 3318 5217 principiis
3345 5150 3486 5203 enim

1924 5237 2020 5292 fuit
2047 5239 2328 5292 durissima
2356 5238 2589 5291 conditio
2615 5238 2858 5305 decepto,
2890 5237 2981 5291 sed
3013 5246 3129 5307 post
3158 5238 3367 5291 advenit
3396 5241 3493 5291 ho-

1924 5329 2051 5384 mini
2076 5328 2306 5398 gloriosa
2332 5328 2648 5397 redemptio.
2678 5330 2854 5383 l’rimo
2876 5329 3020 5383 illata
3044 5340 3122 5383 est
3147 5329 3490 5399 ignominiosa

1921 5422 2222 5492 captivitas,
2241 5420 2433 5475 deinde
2454 5429 2635 5475 secuta
2658 5430 2737 5474 est
2761 5421 2934 5475 votiva
2960 5420 3194 5474 libertas.
3223 5419 3297 5473 Es
3310 5420 3491 5487 pulsus

1917 5513 2077 5570 homo
2098 5513 2166 5567 de
2190 5511 2457 5582 paradiso,
2481 5511 2577 5567 sed
2602 5522 2846 5581 receptus
2868 5519 2948 5565 est
2977 5510 3027 5564 in
3055 5510 3269 5564 emtum.
3302 5510 3490 5565 Perdi-

1983 5666 2011 5704 δ
2050 5665 2177 5718 Mss.
2218 5663 2353 5720 Aud.
2377 5705 2393 5733 ,
2443 5664 2565 5720 Bec.
2610 5673 2662 5721 et
2705 5662 2879 5727 Fisc.,
2911 5671 2957 5717 et
2995 5663 3049 5718 iu
3088 5680 3167 5720 me
3208 5682 3306 5721 non
3341 5668 3494 5723 habet

1919 5736 2213 5807 quidquam.
