4008 6182
500 355 569 410 2⁸1
1726 344 1797 400 Μ.
1840 337 2115 398 AUREL"
2155 336 2554 396 CASSIODORI
3695 340 3755 390 ιὶει

506 469 584 522 dit
611 466 664 520 in
690 474 832 521 terra
861 460 1267 525 beatitudinem,
1299 456 1391 513 sed
1418 454 1639 526 angelos
1667 454 1959 510 mercbitnr
1989 456 2082 506 ba—
2116 450 2167 511 Α
2196 452 2367 506 virum
2392 452 2666 522 subjunxit
2690 451 2901 521 egregie
2930 469 2941 504 :
2968 452 3040 505 vir
3070 453 3211 506 enim
3255 460 3473 506 vocatur
3495 468 3519 503 a
3548 452 3758 515 viribus,

507 560 635 615 bere
656 565 955 613 consortes.
982 553 1176 607 Luctus
1198 566 1264 605 ex
1289 549 1523 613 diabolo,
1555 547 1805 619 gaudium
1836 545 2089 615 provenit

506 670 573 710 ex
601 652 834 706 Christo.
870 646 1023 703 Unde
1049 640 1419 712 et'Apostolus
1447 642 1576 695 dicit
1607 658 1620 694 :
1655 638 1802 695 Sicut
1839 637 1971 691 enim
2001 651 2090 706 per

505 742 899 799 inobedientiam
924 738 1077 792 unius
1105 735 1325 789 hominis
1352 741 1641 805 peccatores
1683 730 1943 784 constituti
1973 735 2091 781 sunt

508 836 689 901 multi,
719 836 794 888 ita
821 842 866 888 et
897 849 987 903 per
1016 831 1167 883 unius
1207 828 1536 883 obedientiam
1562 825 1695 897 justi
1722 823 2093 878 constituentur

507 929 655 982 multi
684 931 700 995 (
730 906 880 979 liam.
912 939 965 988 v,
1000 922 1064 976 19
1085 922 1127 991 ).

582 1019 639 1072 In
670 1018 784 1086 ipso
814 1017 992 1084 itaque
1020 1012 1196 1081 capite
1228 1009 1418 1079 psalmi
1459 1008 1638 1080 hujus,
1681 1006 1921 1091 deﬁnitio
1950 1005 2092 1060 beati

509 1109 609 1163 viri
634 1120 884 1176 tanquam
928 1104 1344 1173 pulcherrimum
1374 1102 1531 1157 nobis
1561 1100 1780 1172 gloriosi
1812 1098 1953 1170 regis
1980 1098 2093 1152 dia-

509 1200 666 1255 dema
696 1197 1026 1269 resplendet.
1060 1194 1244 1249 Oratio
1287 1193 1465 1248 brevis
1493 1201 1547 1248 et
1577 1191 1784 1259 lucida,
1818 1206 1935 1261 qua:
1977 1206 2091 1245 rem

514 1292 838 1362 propositam
864 1289 1092 1344 diversis
1121 1287 1295 1342 modis
1324 1286 1448 1356 quid
1475 1289 1546 1341 sit
1572 1285 1826 1340 ostendit.
1860 1284 1964 1339 Sed
1995 1284 2094 1338 hoc

512 1385 831 1453 principium
858 1382 991 1438 duas
1014 1382 1223 1451 species
1243 1379 1612 1435 deﬁnitionum
1640 1380 1920 1433 evidenter
1947 1393 2095 1432 com-

514 1475 781 1543 plectitur.
810 1473 862 1527 ln
888 1472 1156 1542 prioribus
1179 1470 1375 1540 quippe
1402 1470 1648 1525 versibus
1669 1469 1877 1524 duobus
1899 1470 1985 1538 qui
2013 1468 2097 1522 di-

513 1572 641 1618 cunt
668 1579 682 1615 :
715 1562 838 1616 Non
867 1563 1011 1629 abiit,
1046 1578 1148 1615 non
1175 1562 1331 1628 stetit,
1363 1577 1467 1615 non
1492 1560 1643 1624 sedit,
1671 1571 1859 1614 octava
1891 1560 2095 1630 species

513 1655 846 1710 deﬁnitionis
892 1662 1007 1716 est.
1057 1669 1175 1722 quae
1221 1653 1411 1709 Graece
1454 1652 1650 1708 dicitur
1687 1654 1797 1709 κατ’
1837 1656 2097 1730 ἀφαίρεσιν

512 1754 604 1802 τοῦ
646 1748 896 1811 ἐναντίου,
944 1744 1133 1799 Latine
1176 1760 1271 1814 per
1314 1744 1636 1813 privantiam
1679 1744 1957 1799 contrarii.
2011 1744 2098 1797 Ait

2190 543 2284 613 qui
2316 544 2483 598 nescit
2512 542 2787 597 tolerando
2809 543 3058 607 deiicere,
3090 554 3177 595 aut
3213 541 3265 595 iu
3297 541 3567 611 prosperis
3595 543 3758 612 aliqua

2191 650 2252 690 se
2278 634 2508 690 elatione
2530 634 2551 705 j
2574 644 2763 699 xctare;
2791 634 2884 689 sed
2914 636 3093 688 animo
3122 634 3298 689 stabili
3326 634 3555 703 deﬁxus,
3584 645 3635 690 et
3663 650 3760 690 cae-

2192 727 2403 781 lestium
2433 741 2611 781 rerum
2643 726 3099 795 contemplatione
3134 726 3393 790 ﬁrmatus,
3428 737 3605 781 manet
3631 741 3751 781 sem-

2194 834 2289 889 per
2319 819 2639 887 impavidus.
2673 819 2782 872 lloc
2828 818 2987 873 etiam
3038 818 3392 887 veriloquium
3439 820 3760 889 appellavere

2194 911 2445 981 majores.
2482 910 2817 982 Etymologia
2846 910 2987 966 enim
3018 923 3098 966 est
3121 912 3296 966 oratio
3319 912 3516 977 brevis,
3544 928 3636 980 per
3655 927 3761 967 cer-

2194 1012 2276 1057 tas
2305 1004 2675 1058 assonationes
2715 1002 3006 1058 ostendens
3036 1018 3102 1058 ex
3132 1019 3238 1073 quo
3280 1003 3497 1058 nomine
3541 1003 3591 1059 id
3632 1005 3761 1074 quod

2195 1096 2450 1166 qumritur
2476 1097 2680 1150 venerit
2708 1110 2924 1151 nomen.
2950 1097 3059 1151 Nec
3079 1097 3290 1153 dubites
3315 1098 3454 1167 quod
3481 1101 3650 1152 virum
3680 1114 3765 1167 ap-
3795 1100 3801 1169 ξ

2195 1188 2358 1258 pellat
2405 1188 2684 1242 Dominum
2733 1187 3098 1255 Salvatorem,
3133 1188 3199 1244 de
3246 1206 3351 1258 quo
3394 1200 3448 1245 et
3487 1190 3764 1244 Zacharias

2197 1280 2452 1350 propheta
2482 1281 2609 1336 dicit
2637 1300 2650 1335 :
2678 1280 2811 1335 Ecce
2837 1283 2910 1334 vir
2944 1281 3123 1336 Oriens
3152 1293 3221 1335 est
3245 1299 3425 1336 nomen
3450 1286 3561 1355 ejus
3590 1282 3762 1353 (Zach.

2198 1385 2247 1424 vr
2269 1410 2283 1435 ,
2320 1369 2384 1423 12
2406 1370 2448 1440 ).
2478 1370 2583 1426 Sed
2626 1380 2896 1426 memento
2933 1372 3074 1442 quod
3102 1373 3404 1442 ubicunque
3433 1376 3511 1427 sic
3541 1375 3765 1441 ponitur,

2199 1470 2471 1530 assumpta
2501 1460 2617 1531 ejus
2648 1460 2952 1519 humanitas
2980 1463 3274 1529 iudicatur;
3314 1465 3390 1517 uir
3428 1465 3571 1518 enim
3615 1480 3768 1519 sexus

2198 1562 2279 1607 est
2305 1553 2501 1618 carnis,
2526 1556 2613 1623 qui
2640 1555 2694 1609 in
2720 1555 2998 1611 divinitate
3026 1557 3328 1612 nullatenus
3356 1558 3640 1613 invenitur.
3673 1558 3769 1612 Sed

2199 1644 2450 1712 quoniam
2493 1652 2676 1699 natura
2721 1644 3070 1701 humanitatis
3121 1661 3153 1701 a
3196 1646 3425 1702 Domino
3467 1645 3637 1701 fuerat
3682 1663 3771 1716 pro

2202 1746 2384 1790 nostra
2430 1736 2796 1806 redemptione
2834 1738 3134 1804 sumenda,
3187 1747 3559 1809 competenter
3608 1742 3775 1809 posuit

513 1840 654 1895 enim
688 1841 815 1910 quid
844 1855 949 1894 non
979 1839 1159 1905 faciat,
1191 1840 1330 1895 sicut
1355 1849 1411 1895 et
1449 1841 1501 1894 in
1545 1840 1733 1910 quinto
1779 1840 1983 1908 psalmo
2013 1839 2093 1893 di-
2130 1823 2178 1884 B
2203 1829 2397 1898 virum,
2429 1831 2788 1901 ututriusque
2816 1841 3018 1886 naturae
3045 1845 3151 1887 uua
3179 1832 3488 1888 crederetur
3511 1845 3632 1887 esse
3660 1846 3773 1901 per-

514 1948 695 1989 uturus
720 1946 800 1989 est
842 1952 855 1988 :
891 1934 1148 1999 Quoniam
1175 1950 1279 1987 non
1312 1935 1483 1988 volens
1523 1934 1659 1987 Deus
1694 1933 2012 2001 iniquitatem
2041 1941 2098 1985 tu

516 2044 566 2081 es
590 2027 608 2096 (
634 2026 779 2081 Psat.
808 2043 861 2091 v,
889 2026 920 2078 5
947 2027 986 2096 ).
1015 2027 1071 2080 in
1097 2029 1254 2080 tertio
1278 2036 1454 2080 autem
1481 2042 1637 2080 versu
1668 2028 1756 2094 qui
1788 2026 1916 2081 dicit
1948 2044 1963 2081 :
1994 2025 2100 2080 Sed

514 2121 566 2172 in
599 2120 707 2188 lege
737 2118 942 2171 Domini
969 2120 1204 2171 voluntas
1232 2120 1346 2189 ejus
1370 2134 1390 2172 :
1415 2129 1460 2171 et
1487 2119 1541 2170 in
1572 2118 1680 2187 lege
1702 2120 1811 2189 ejus
1834 2119 2103 2172 meditabi-

516 2220 597 2264 tur
627 2210 710 2263 die
730 2226 793 2262 ac
821 2217 988 2276 nocte,
1021 2208 1252 2264 secunda
1283 2218 1365 2263 est
1392 2209 1600 2277 species
1625 2207 1954 2262 deﬁnitionis
1981 2224 2099 2278 qua:

514 2300 702 2356 Graece
730 2304 1056 2375 ἒννσηματική
1083 2301 1304 2368 dicitur,
1335 2299 1524 2355 Latine
1563 2300 1711 2355 notio
1738 2311 2098 2370 nuncupatur.

519 2389 643 2447 Haec
671 2406 777 2446 non
814 2394 945 2447 dicit
973 2392 1101 2462 quid
1148 2394 1240 2457 sit,
1283 2393 1375 2447 sed
1421 2406 1518 2462 per
1545 2392 1649 2447 hoc
1673 2392 1812 2462 quod
1843 2393 1985 2464 agit,
2017 2408 2104 2449 res

516 2482 606 2535 illa
631 2497 787 2551 quam
812 2484 1103 2552 quaerimus
1128 2483 1285 2537 nobis
1313 2484 1621 2552 specialiter
1645 2484 1943 2551 indicatur;
1969 2486 2107 2540 sicut

515 2584 572 2628 et
607 2574 658 2627 in
700 2578 1096 2643 septuagesimo
1134 2574 1308 2644 primo
1342 2576 1546 2643 psalmo
1575 2574 1817 2629 dicturus
1845 2584 1930 2630 est
1960 2593 1975 2630 :
2006 2573 2106 2629 Be-

517 2665 745 2717 nedictus
781 2664 1025 2719 Dominus
1058 2663 1197 2720 Deus
1226 2663 1414 2733 Israel,
1438 2666 1525 2734 qui
1559 2667 1683 2736 facit
1719 2665 1974 2720 mirabilia
2003 2682 2110 2719 ma-

518 2771 622 2825 gna
650 2756 787 2809 solus
817 2758 835 2827 (
862 2755 1011 2810 Psal.
1047 2772 1193 2822 Lxxt,
1234 2757 1363 2828 l8).

592 2848 860 2902 Memento
876 2858 1053 2903 autem
1073 2848 1212 2918 quod
1236 2853 1415 2903 omnis
1431 2848 1673 2903 deﬁnitio
1688 2858 1778 2903 aut
1793 2863 1862 2905 ex
1884 2846 2106 2903 materia

522 2940 783 3003 nascitur,
813 2939 957 3007 quod
1000 2948 1085 2994 est
1114 2954 1311 3009 corpus
1341 2958 1355 2994 :
1386 2950 1476 2997 aut
1507 2956 1571 2995 ex
1602 2940 1802 3010 specie,
1836 2940 1977 3011 quod
2028 2949 2112 2995 cst

521 3031 778 3110 qualitas;
807 3042 895 3086 aut
942 3042 1090 3089 certe
1126 3032 1194 3087 de
1222 3043 1473 3103 utroque,
1506 3034 1644 3089 sicut
1677 3044 1758 3088 est
1787 3033 1969 3097 homo,
2005 3034 2107 3087 mi-

520 3126 676 3180 rabili
703 3128 896 3181 ordine
923 3128 1129 3195 prolata
1149 3128 1463 3195 disponens.
1489 3127 1620 3182 Nam
1651 3129 1695 3181 si
1726 3129 1874 3196 prius
1904 3126 2111 3195 posuis-

2202 1933 2357 1974 sona.

2277 2033 2379 2098 Qui
2417 2048 2519 2086 non
2542 2033 2665 2086 abiit
2691 2035 2743 2086 in
2772 2034 2985 2088 consilio
3025 2034 3319 2101 impiorum,
3350 2044 3396 2087 et
3426 2036 3478 2088 in
3501 2036 3582 2088 uia
3609 2051 3776 2105 pecca-

2202 2135 2372 2179 torum
2408 2141 2510 2179 non
2551 2126 2715 2190 stetit,
2749 2136 2796 2179 et
2825 2127 2877 2179 in
2906 2125 3146 2180 cathedra
3176 2126 3480 2195 pestilentia:
3508 2142 3607 2179 non
3630 2126 3773 2181 sedit.

2204 2215 2385 2269 Posito
2429 2214 2589 2283 igitur
2628 2216 2784 2270 beato
2813 2218 2958 2283 viro,
2994 2218 3045 2271 id
3076 2230 3154 2273 eSt
3190 2218 3417 2272 Domino
3445 2217 3685 2288 Christo,
3716 2218 3779 2272 ab

2204 2303 2293 2358 illa
2319 2303 2716 2373 dispensatione
2742 2320 2846 2374 qua
2874 2319 3059 2374 passus
3088 2313 3198 2371 est,
3225 2306 3354 2359 utile
3382 2304 3557 2360 fuerat
3580 2317 3636 2360 ut
3660 2322 3778 2362 eum

2208 2409 2302 2463 per
2329 2406 2479 2449 actus
2506 2409 2632 2449 suos
2656 2406 3051 2465 consequenter
3071 2408 3401 2466 exponeret;
3429 2398 3665 2467 alioquin
3688 2401 3784 2453 mi-

2208 2500 2307 2539 nus
2336 2486 2512 2552 docet,
2545 2486 2687 2555 quod
2719 2485 2873 2540 fuerit
2910 2486 2961 2540 in
2991 2487 3253 2556 explicata
3292 2487 3659 2557 propositione
3696 2489 3788 2543 de-

2209 2578 2472 2633 relictum.
2525 2577 2717 2632 Tribus
2756 2579 2935 2647 itaque
2978 2579 3154 2634 modis
3202 2580 3485 2649 provenire
3529 2580 3787 2635 humanos

2208 2674 2419 2720 constat
2445 2679 2678 2732 errores,
2709 2665 3055 2735 cogitatione,
3086 2666 3246 2732 facto,
3276 2675 3331 2722 et
3356 2667 3521 2733 dicto,
3550 2684 3682 2738 quos
3705 2669 3791 2724 hic

2210 2771 2307 2826 per
2336 2756 2578 2811 ordinem
2622 2757 2851 2827 abnegat
2878 2757 3061 2813 dicens
3100 2774 3117 2813 ε
3169 2758 3293 2813 Νοη
3321 2760 3443 2813 abiit
3485 2761 3538 2813 in
3578 2761 3787 2814 consilio

2210 2847 2505 2919 impiorum.
2540 2848 2775 2902 Primum
2805 2848 3149 2903 detestabiles
3187 2850 3417 2919 denegat
3444 2851 3795 2920 cogitationes

2214 2956 2348 3009 quas
2376 2942 2476 2995 sibi
2511 2940 2843 2997 familiariter
2869 2943 3102 2997 vindicat
3123 2959 3291 3013 genus
3321 2946 3630 3013 humanum,
3663 2964 3796 3017 quas

2217 3037 2472 3092 Dominus
2493 3037 2735 3092 Christus
2754 3036 2974 3091 omnino
2996 3054 3101 3091 non
3128 3038 3329 3093 habuit.
3359 3041 3421 3093 Et
3445 3055 3509 3094 ne
3528 3042 3798 3097 extraneis

2217 3139 2432 3183 utamur
2471 3129 2763 3198 exemplis,
2812 3129 2916 3183 hoc
2962 3129 3162 3186 debere
3204 3130 3422 3202 intelligi
3469 3132 3536 3187 de
3576 3132 3801 3187 Domino

522 3225 606 3272 set
633 3217 777 3287 quod
804 3226 940 3285 erat,
974 3218 1338 3273 necessarium
1369 3234 1474 3274 non
1516 3218 1688 3272 fuerat
1717 3218 1924 3271 dixisse
1968 3217 2107 3286 quod
2135 3190 2182 3255 (ἶ
2219 3218 2495 3275 Salvatore
2518 3218 2817 3274 tricesimus
2842 3235 3015 3275 nonus
3038 3220 3273 3289 psalmus
3302 3221 3546 3276 absolute
3573 3232 3803 3279 testatur

526 3324 635 3364 non
662 3318 798 3363 erat.
830 3309 945 3364 Hoc
973 3310 1209 3364 imitatus
1237 3325 1501 3366 converso
1528 3310 1716 3364 ordine
1752 3308 2110 3380 geometricus

527 3402 651 3457 fecit
690 3400 938 3457 Euclides
964 3402 1149 3457 dicens
1175 3403 1195 3473 (
1220 3403 1332 3459 Lib.
1365 3420 1381 3458 ι
1414 3404 1721 3458 Etementor.
1740 3444 1755 3469 ,
1789 3404 1842 3455 in
1873 3401 2058 3475 initio)
2093 3420 2107 3457 ε

528 3490 695 3547 Linea
723 3503 805 3547 est
830 3493 1107 3563 longitudo
1137 3497 1252 3550 sine
1286 3496 1580 3551 latitudine.
1616 3498 1767 3552 Prius
1798 3500 1939 3552 enim
1980 3497 2115 3553 dixit

529 3584 672 3654 quod
714 3592 815 3651 est,
856 3594 910 3640 et
956 3586 1230 3655 subiunxit
1276 3597 1456 3655 postea
1509 3589 1653 3659 quod
1696 3603 1801 3642 non
1830 3598 1945 3655 est;
1978 3590 2115 3643 sicut

529 3675 705 3731 facere
731 3685 1127 3732 consueverunt
1149 3681 1239 3747 qui
1264 3680 1501 3748 priorum
1526 3680 1664 3735 dicta
1690 3680 1862 3750 aliqua
1892 3680 2116 3735 diversi-

532 3780 639 3825 tate
666 3782 1019 3838 commutant,
1062 3783 1119 3827 ut
1157 3789 1217 3829 se
1261 3774 1315 3828 in
1358 3776 1437 3829 eis
1479 3777 1805 3829 mentiantur
1846 3783 2113 3831 auctores.

533 3861 682 3915 Nunc
719 3862 782 3915 ad
818 3863 1199 3932 perscrutanda
1234 3866 1394 3918 verba
1423 3865 1702 3919 veniamus
1737 3880 1751 3918 :
1781 3864 2031 3932 quoniam
2064 3864 2117 3918 in

535 3952 880 4007 interioribus
902 3970 1085 4008 eorum
1110 3955 1259 4023 quasi
1283 3956 1335 4009 in
1359 3955 1672 4025 quibusdam
1695 3955 1897 4009 nucleis
1917 3954 2119 4010 fructus

536 4044 875 4099 dulcissimus
905 4046 1192 4100 invenitur.

1070 4134 1339 4206 Expositio
1384 4136 1588 4204 psalmi.

609 4227 764 4282 \‘ers.
799 4228 849 4282 1.
891 4227 1080 4282 Beatus
1119 4229 1213 4282 uir.
1246 4229 1412 4282 Nimis
1443 4228 1720 4298 pulchrum
1749 4228 2122 4282 commodum-

540 4336 644 4390 que
691 4322 1041 4390 principium;
1088 4330 1146 4373 ut
1192 4323 1442 4389 quoniam
1490 4330 1609 4376 erat
1648 4321 1879 4388 Spiritus
1909 4334 2125 4375 sanctus

541 4408 759 4463 humani
806 4410 1017 4475 ger-neris
1063 4408 1326 4462 imbecilla
1377 4410 1711 4474 moniturus,
1741 4424 1768 4461 a
1800 4409 2126 4464 beatitudine

541 4515 753 4555 sumere
799 4500 1070 4554 videretur
1110 4500 1349 4565 initium;
1383 4508 1439 4554 ut
1485 4499 1584 4555 hac
1622 4514 1716 4568 Spe
1746 4501 2123 4571 trepidantium

2217 3310 2400 3363 dicens
2429 3327 2441 3361 :
2475 3308 2621 3362 Tunc
2649 3309 2778 3374 dixi,
2806 3325 2919 3364 ecce
2942 3311 3118 3375 venio;
3143 3311 3197 3363 in
3223 3311 3385 3377 capite
3410 3311 3527 3364 libri
3556 3312 3805 3378 scriptum

2215 3408 2290 3453 est
2311 3398 2372 3452 de
2395 3415 2470 3451 me
2495 3399 2514 3469 (
2535 3396 2679 3452 Psal.
2710 3414 2889 3463 xxxix,
2918 3399 3007 3470 8).
3036 3400 3173 3455 Abiit
3202 3402 3343 3456 enim
3372 3402 3633 3471 signiﬁcat
3658 3402 3806 3471 quod

2217 3504 2246 3543 a
2295 3490 2375 3544 via
2429 3500 2575 3544 rrcta
2622 3490 2926 3557 discedens,
2970 3493 3023 3546 in
3066 3493 3232 3548 calles
3273 3494 3468 3549 labitur
3514 3504 3806 3557 tortuosos.
3875 3498 3878 3499 ⁷

2221 3582 2424 3637 Deinde
2456 3593 2605 3638 actus
2637 3584 2844 3638 vitiosa:
2882 3585 3308 3639 conversationis
3347 3588 3580 3642 excludit
3620 3590 3807 3646 dicen-

2220 3675 2289 3729 do
2315 3691 2329 3728 :
2365 3675 2428 3728 Et
2453 3676 2507 3729 in
2529 3675 2610 3727 via
2638 3685 2959 3743 peccatorum
2985 3692 3087 3729 non
3114 3679 3282 3743 stetit;
3312 3681 3488 3748 utique
3514 3682 3636 3749 quia
3665 3685 3815 3737 venit

2220 3767 2273 3821 in
2303 3768 2580 3831 mundum,
2604 3768 2692 3836 qui
2718 3777 2799 3822 est
2823 3768 2903 3821 via
2927 3779 3283 3837 peccatorum;
3306 3772 3397 3824 sed
3421 3771 3490 3825 ibi
3517 3787 3619 3826 non
3645 3775 3811 3838 stetit,

2221 3858 2473 3929 quoniam
2503 3860 2620 3927 ejus
2642 3859 2766 3912 vitia
2799 3859 3137 3912 immaculata
3170 3862 3583 3916 conversatione
3611 3866 3816 3918 transi-

2224 3953 2319 4006 vit.
2355 3951 2607 4006 l‘oneudo
2636 3959 2812 4005 autem
2842 3952 2975 4005 viam
3007 3962 3330 4019 peccatorum
3372 3951 3532 4007 latam
3579 3954 3693 4007 vult
3735 3955 3822 4009 in-

2226 4046 2391 4115 telligi
2434 4062 2447 4099 :
2494 4044 2747 4113 quoniam
2797 4054 3073 4112 angustam
3121 4054 3332 4099 constat
3370 4060 3490 4100 esse
3517 4046 3816 4116 justorum.

2226 4136 2409 4191 Tertio
2440 4135 2560 4190 loco
2584 4135 2858 4203 subiunxit
2890 4153 2901 4187 :
2936 4133 3001 4187 Et
3026 4136 3077 4188 in
3109 4134 3355 4189 cathedra
3387 4137 3685 4205 pestilentia-
3714 4153 3823 4190 non

2228 4230 2379 4284 sedit.
2414 4228 2493 4282 Ad
2538 4228 2810 4282 doctrinas
2859 4227 2960 4280 hoc
2988 4227 3198 4281 videtur
3224 4227 3609 4282 abominabiles
3653 4228 3830 4296 perti-

2231 4334 2380 4384 nere,
2414 4333 2531 4387 qua:
2574 4319 2874 4386 pestilentis
2903 4319 3167 4387 dogmatis
3195 4332 3399 4371 venena
3436 4319 3826 4372 disseminant.

2232 4410 2355 4465 Haec
2386 4409 2581 4463 merito
2625 4418 2886 4476 negantur
2916 4409 2970 4461 in
3011 4406 3246 4471 Christo,
3296 4406 3385 4475 qui
3428 4408 3592 4461 totius
3634 4409 3831 4461 mundi

2233 4490 2455 4557 vulnera
2500 4498 2808 4555 medicabili
2841 4510 2863 4534 α
2898 4498 3278 4568 pratdicatione
3315 4499 3557 4552 salvavit.
3589 4496 3833 4564 Quidam

541 4591 749 4644 animos
779 4591 1047 4655 invitaret,
1079 4606 1146 4645 ne
1173 4605 1230 4645 se
1258 4590 1561 4643 mortalium
1592 4591 1795 4660 fragilia
1815 4590 1974 4645 corda
2003 4592 2127 4647 sub—
2158 4565 2211 4628 Ῐ)
2237 4609 2363 4649 vero
2388 4593 2530 4647 hunc
2555 4592 2730 4647 locum
2760 4591 2850 4645 tali
2879 4590 3217 4645 distinctione
3246 4590 3559 4657 complexus
3585 4598 3689 4655 est,
3727 4592 3839 4643 im-

541 4681 819 4735 dncerent.
853 4681 981 4747 Quis
1012 4682 1153 4737 enim
1198 4681 1263 4735 ad
1306 4681 1556 4751 quazlibet
1584 4682 1747 4735 ardua
1785 4698 1890 4737 non
1922 4681 2125 4738 incite-

544 4783 650 4837 tur,
686 4774 773 4829 ubi
814 4774 941 4828 felix
984 4774 1252 4828 beatitudo
1292 4774 1636 4844 praedicitur?
1677 4774 1863 4829 Beatus
1892 4789 2022 4845 ergo
2053 4776 2130 4829 uir

543 4864 762 4930 dicitur,
797 4866 936 4918 sicut
967 4866 1123 4920 nobis
1152 4866 1411 4936 majorum
1443 4866 1598 4919 tradit
1632 4867 1941 4933 auctoritas,
1976 4867 2128 4936 quasi

548 4955 683 5007 bene
700 4964 873 5022 aptus,
896 4955 977 5008 cui
1001 4956 1176 5009 omnia
1200 4955 1501 5010 desiderata
1522 4956 1836 5011 succedunt.
1860 4956 1966 5011 Sed
1990 4957 2132 5011 hunc

546 5045 751 5097 duobus
790 5046 962 5101 modis
989 5045 1092 5100 dici
1121 5047 1174 5101 in
1210 5047 1505 5101 centesimo
1533 5045 1942 5117 quadragesimo
1970 5048 2129 5102 tertio

554 5136 758 5202 psalmo
782 5135 1037 5205 propheta
1055 5147 1441 5192 commemorat
1464 5153 1666 5205 p0nens
1698 5156 1710 5190 :
1740 5138 1950 5192 Beatum
1974 5140 2131 5194 dixe-

549 5238 667 5281 runt
705 5228 950 5298 populum
989 5230 1069 5281 cui
1116 5229 1224 5283 ha'c
1258 5240 1376 5283 sunt
1413 5229 1601 5301 (Psal.
1632 5246 1823 5299 cxuu,
1860 5232 1924 5286 i5
1947 5231 2000 5303 );
2034 5234 2130 5288 ite-

552 5336 774 5390 rumque
800 5321 1070 5391 suhjungit
1094 5340 1108 5375 :
1138 5320 1327 5377 Beatus
1353 5323 1574 5393 populus
1604 5329 1749 5394 cujus
1776 5335 1848 5379 est
1878 5323 2131 5381 Dominus

556 5410 693 5467 Deus
744 5417 877 5486 ejus.
923 5416 1260 5485 Quapropter
1306 5417 1487 5471 saeculi
1519 5418 1704 5473 beatus
1735 5428 1851 5484 est,
1898 5421 2023 5489 qui,
2074 5431 2132 5476 ut

556 5514 732 5571 putat,
761 5522 969 5563 summa
996 5511 1281 5564 securitate
1312 5510 1558 5565 suffultus
1579 5552 1595 5579 ,
1629 5514 1679 5567 in
1712 5514 2015 5568 cuntinuata
2049 5515 2139 5571 lu:-

557 5595 666 5648 titia
694 5608 746 5652 et
769 5603 1054 5656 mundanis
1077 5605 1247 5672 copiis
1269 5614 1596 5671 perseverat.
1629 5604 1720 5661 lsti
1750 5616 1927 5661 autem
1954 5608 2134 5677 beato,

557 5686 647 5757 qui
693 5704 723 5743 a
773 5697 1051 5762 proposito
1094 5710 1193 5749 suo
1221 5693 1364 5749 nulla
1396 5701 1776 5754 contrarietate
1807 5710 2131 5770 removetur,

633 5858 657 5885 ⁸
702 5851 841 5906 Edit.
860 5894 874 5920 ,
911 5860 1222 5916 mt‘dlt‘inatt.

2234 4686 2379 4757 pium
2409 4684 2594 4738 dicens
2633 4697 2753 4737 eum
2796 4683 2884 4750 qui
2928 4690 3113 4751 peccat
3152 4680 3203 4734 in
3235 4681 3401 4735 Deum
3438 4698 3451 4733 :
3483 4689 3836 4748 peccatorem

2234 4792 2363 4832 vero
2392 4777 2484 4847 qui
2514 4777 2567 4830 in
2598 4775 2945 4844 semetipsum
2973 4774 3237 4843 delinquit
3263 4790 3276 4837 ;
3308 4772 3643 4840 pestilentem
3678 4770 3840 4824 scili-

2234 4882 2339 4936 cet,
2363 4871 2450 4939 qui
2476 4871 2774 4938 proximum
2802 4883 2955 4922 suum
2980 4866 3353 4936 depopulatur,
3382 4866 3637 4934 Opprith
3663 4873 3843 4933 atque

2236 4964 2401 5017 laedit.
2437 4961 2540 5018 Sed
2577 4961 2801 5030 quodvis
2832 4960 3018 5015 horum
3050 4959 3298 5029 recipias,
3334 4956 3465 5012 nihil
3498 4958 3600 5012 tale
3632 4957 3685 5009 in
3724 4956 3847 5007 Do-

2238 5055 2383 5109 mino
2414 5053 2576 5107 fuisse
2614 5052 2911 5122 cognoscis.
2954 5050 3211 5104 Cathedra
3250 5058 3331 5103 est
3372 5048 3513 5103 enim
3544 5062 3609 5102 ex
3647 5046 3846 5114 aliqua

2240 5147 2461 5200 materia
2488 5145 2785 5214 composita
2818 5144 2982 5198 forma
3014 5142 3277 5207 sedibilis,
3306 5157 3425 5211 quae
3452 5155 3549 5195 nos
3575 5148 3851 5194 curvatos

2238 5235 2475 5291 molliter
2512 5250 2541 5289 a
2582 5234 2744 5288 dorso
2788 5235 3045 5301 suscipit,
3088 5246 3295 5302 suoque
3329 5233 3533 5300 gremio
3563 5228 3854 5283 demissos

2240 5331 2384 5384 velut
2415 5327 2606 5381 habilis
2636 5325 2789 5380 theca
2820 5325 3214 5394 complectitur.
3251 5324 3375 5379 llmc
3403 5321 3614 5393 proprie
3640 5321 3857 5377 docto-

2242 5424 2389 5479 ribus
2411 5423 2598 5486 datur,
2629 5421 2769 5473 sicut
2794 5418 2867 5472 ait
2891 5417 2941 5472 in
2969 5416 3253 5485 Evangelia
3288 5434 3300 5469 ε
3338 5416 3503 5482 Super
3528 5413 3855 5465 cathedram

2245 5514 2416 5585 Moysi
2445 5514 2682 5568 sederunt
2708 5513 2888 5565 scriba:
2916 5522 2963 5566 et
2996 5511 3251 5565 Pharisa’i
3280 5508 3503 5582 (Matth.
3540 5521 3712 5569 mn,
3748 5506 3789 5556 ‘2
3809 5505 3858 5571 ).

2244 5607 2331 5662 Sic
2361 5606 2520 5659 etiam
2548 5604 2785 5674 judicum
2826 5602 3094 5669 tribunal,
3143 5611 3195 5657 et
3240 5600 3432 5655 soliqu
3480 5612 3668 5667 regum
3715 5610 3867 5664 pro-

2247 5701 2416 5773 prium
2440 5710 2559 5755 esse
2583 5708 2965 5751 memoramus.
2992 5690 3423 5750 Considerandus
3452 5690 3550 5761 13
3572 5699 3657 5744 est
3674 5688 3868 5743 etiam
