4008 6182
280 356 349 413 29
1269 357 1626 416 EXPOSITIO
1666 357 1728 412 IN
1769 354 2229 416 PSALTElllUll-l.
2273 362 2461 418 PSAL.
2504 362 2544 417 1.
3458 356 3529 409 50

281 476 375 528 hic
401 475 531 528 ordo
554 472 847 541 dictorum,
883 474 1330 544 quemadmodum
1359 486 1544 531 contra
1576 474 1742 529 Adam
1775 481 1855 527 to-
1884 472 1936 529 Δ
1962 471 2200 530 dicturus
2222 484 2303 530 est
2333 494 2347 531 :
2382 476 2449 531 Ut
2478 478 2663 544 faciam
2684 479 2990 533 voluntatem
3014 490 3179 550 tuam,
3210 479 3345 535 Deus
3371 499 3532 547 meus,

282 577 367 621 tus
391 575 605 635 aptetur
641 582 655 619 :
696 567 820 620 abiit
850 581 972 621 eum
999 568 1221 623 recessit
1248 583 1277 621 a
1307 580 1573 637 przecepto
1605 567 1807 621 Domini
1842 584 1854 618 :

282 659 439 724 stetit,
466 672 591 712 cum
615 658 912 713 delectatus
939 668 1024 713 est
1052 668 1292 729 peccato,
1325 659 1538 727 quando
1571 657 1859 727 acquisitu-

283 765 400 804 rum
425 765 487 805 se
505 750 785 806 scientiam
816 752 938 806 boui
965 761 1017 806 et
1040 751 1189 816 mali,
1217 752 1470 819 deceptus
1497 749 1699 805 arbiter
1719 747 1862 802 testi-

285 844 485 907 mavit;
520 845 813 897 cathedram
837 858 962 898 vero
993 845 1295 912 pestilentia
1312 844 1463 907 sedit,
1485 856 1607 897 cum
1633 841 1862 909 posteris

286 932 602 999 perniciosae
652 932 913 987 doctrina.-
959 935 1206 1001 exempla
1259 930 1563 1000 dereliquit.
1619 930 1686 984 Et
1736 938 1861 982 nota

285 1038 444 1089 quam
487 1022 706 1091 pulchre
734 1022 940 1091 singula
970 1022 1130 1077 verba
1161 1021 1321 1077 rebus
1351 1020 1570 1089 singulis
1599 1018 1776 1082 dedit;
1810 1018 1863 1072 id

283 1120 367 1166 est
390 1112 534 1178 abiit,
566 1114 700 1166 stetit
738 1123 794 1168 et
834 1112 986 1167 sedit.
1016 1112 1147 1178 Quae
1174 1112 1337 1183 ﬁgura
1375 1111 1568 1166 dicitur
1597 1110 1864 1180 hypozeu-

288 1205 387 1271 xis,
420 1204 631 1272 quando
658 1204 867 1258 diversa
894 1204 1057 1263 verba
1086 1205 1310 1273 singulis
1339 1212 1459 1272 apta
1488 1202 1739 1258 clausulis
1767 1217 1862 1268 ap-

292 1304 577 1360 ponuntur.
610 1294 948 1362 Quapropter
973 1293 1236 1362 generalis
1273 1293 1572 1361 complexio
1606 1300 1853 1360 peccato-

289 1402 407 1440 rum
432 1386 622 1440 merito
642 1388 694 1440 in
722 1386 948 1440 Domino
977 1386 1252 1441 Salvatore
1282 1387 1537 1453 denegata
1566 1393 1648 1439 est
1677 1400 1693 1438 :
1725 1383 1865 1438 sicut

290 1475 403 1543 ipsa
433 1474 642 1529 Veritas
671 1476 723 1529 in
755 1474 1046 1545 Evangelio
1073 1474 1202 1529 dicit
1230 1493 1244 1530 :
1279 1474 1412 1529 Ecce
1440 1476 1600 1529 veniet
1632 1475 1864 1545 princeps

288 1570 470 1621 rutundi
508 1570 693 1639 hujus,
721 1577 770 1623 et
803 1568 859 1623 in
887 1584 964 1623 me
987 1584 1087 1622 non
1114 1570 1329 1623 inveniet
1355 1570 1631 1639 quidquam
1665 1553 1861 1637 (Joan.

292 1672 409 1722 xtv,
442 1657 563 1727 30).

367 1744 515 1801 Vers.
548 1747 605 1801 2.
637 1748 747 1803 Sed
775 1749 828 1801 in
854 1747 963 1820 lege
984 1746 1193 1802 Domini
1214 1749 1312 1819 fuit
1334 1749 1567 1804 voluntas
1586 1752 1720 1820 ejus.
1748 1750 1865 1804 Non

1962 566 2118 634 volui,
2150 576 2196 620 et
2217 567 2374 636 legem
2399 577 2539 622 luant
2560 570 2613 623 in
2640 571 2809 624 medio
2835 572 3003 625 cordis
3023 573 3121 625 mei
3141 572 3314 642 (Psal.
3340 588 3499 627 xxxix
3516 613 3532 637 ,

1962 655 2042 727 9).
2070 658 2159 714 Sic
2186 659 2255 714 de
2281 676 2385 714 uno
2418 662 2622 729 psalmo
2651 642 3234 731 utrumque'proliatum
3273 675 3375 729 est,
3407 680 3537 733 quo-

1962 746 2103 801 niam
2146 756 2199 803 et
2244 748 2559 819 principium
2608 750 2725 805 libri
2775 750 2843 806 de
2873 752 2988 821 ipso
3018 752 3177 808 debet
3208 754 3447 823 intelligi,
3477 764 3533 808 et

1962 838 2211 893 mandata
2240 840 2449 895 Domini
2481 856 2693 910 semper
2720 857 2838 896 eum
2868 852 3075 897 constat
3104 842 3269 897 fuisse
3311 848 3535 899 medita-

1966 942 2097 988 tum.
2129 933 2184 987 In
2212 935 2611 1005 septuagesimo
2638 937 2866 1003 septimo
2895 950 3105 1004 quoque
3136 936 3339 1003 psalmo
3365 937 3492 989 dicit
3520 954 3533 990 :

1962 1023 2168 1094 Loquar
2194 1028 2561 1097 propositiones
2589 1029 2649 1081 ab
2672 1028 2819 1080 initio
2849 1026 3021 1095 (Psal.
3066 1040 3247 1081 Lxxvu
3268 1067 3282 1091 ,
3311 1026 3370 1095 2)
3399 1044 3412 1081 :
3443 1027 3534 1081 sed

1964 1131 2081 1169 cum
2112 1116 2260 1182 dicit,
2289 1115 2495 1187 Loquar
2522 1117 2585 1171 ab
2627 1118 2788 1180 initio,
2820 1132 2922 1172 non
2949 1117 3058 1172 vult
3083 1131 3362 1187 personam
3384 1131 3534 1171 suam

1965 1206 2159 1260 alicubi
2210 1209 2440 1261 fortasse
2493 1207 2786 1275 praeteriri;
2833 1221 2930 1260 nos
2979 1216 3155 1260 tamen
3204 1206 3535 1258 diversorum

1966 1297 2180 1351 Patrum
2209 1299 2576 1353 auctoritatem
2608 1301 2795 1362 secuti,
2830 1308 2884 1353 et
2907 1298 3160 1352 Ecclesia:
3186 1298 3348 1353 verba
3381 1296 3536 1352 dedi-

1966 1404 2083 1443 mus
2112 1398 2168 1443 et
2198 1390 2472 1461 prOpItetze
2495 1429 2512 1454 ,
2555 1398 2609 1443 et
2633 1389 2954 1457 iustissimos
2997 1404 3236 1460 quosque
3274 1388 3536 1452 homines,

1967 1481 2047 1534 vel
2078 1488 2386 1548 peccatores
2409 1480 2640 1535 diximus
2668 1480 2836 1549 loqui,
2869 1492 2999 1549 quos
3023 1480 3132 1534 suis
3160 1479 3292 1533 locis
3319 1478 3536 1532 eviden-

1967 1578 2048 1624 ter
2094 1570 2446 1637 ostendimus,
2503 1579 2560 1624 ut
2608 1572 2837 1628 varietas
2886 1570 2998 1639 ipsa
3045 1584 3224 1625 rerum
3270 1569 3538 1625 oblectare

1966 1657 2137 1727 possit
2164 1657 2421 1711 auditum.

2038 1748 2135 1803 Die
2180 1765 2241 1802 ac
2288 1759 2451 1803 nocte.
2498 1748 2624 1804 Haec
2667 1747 2966 1815 complexio
2987 1748 3299 1803 continuum
3328 1753 3536 1816 tempus

293 1852 475 1908 magna
515 1839 689 1909 gloria
719 1838 892 1893 fuerat
916 1839 1214 1894 declinasse
1243 1839 1468 1899 vitiosa.
1511 1840 1612 1894 nisi
1641 1851 1694 1894 et
1721 1840 1865 1895 dice-
1897 1837 1946 1897 B
1970 1838 2236 1903 ostendit;
2267 1839 2407 1907 quod
2437 1838 2484 1892 si
2523 1837 2588 1891 ad
2617 1838 2845 1891 litteram
2888 1838 3151 1901 intendas,
3185 1839 3401 1891 omnino
3431 1852 3534 1890 non

296 1938 369 1981 ret
394 1929 615 1981 omnino
657 1928 954 1995 laudanda,
995 1930 1135 1984 sicut
1160 1937 1215 1983 et
1240 1929 1362 1984 alibi
1389 1930 1563 1996 docet,
1601 1931 1864 1986 Declinaa

294 2021 452 2083 male,
480 2028 527 2074 et
565 2020 651 2090 {ac
678 2021 863 2073 bonum
893 2019 1061 2092 (Psal.
1093 2036 1274 2085 xxxv1,
1308 2022 1420 2092 27).
1455 2022 1565 2078 Lex
1606 2038 1734 2094 ergo
1763 2024 1866 2078 Do-

294 2111 418 2165 mini
468 2121 553 2165 est
596 2111 649 2165 in
697 2111 1033 2167 declinandis
1078 2112 1309 2181 peccatis
1340 2124 1522 2169 sancta
1556 2117 1862 2184 praeceptio,

291 2215 449 2268 quam
478 2200 530 2254 in
564 2208 747 2255 monte
791 2202 916 2257 Sina
946 2201 1162 2271 Moysen
1206 2203 1482 2272 accepisse
1526 2204 1864 2259 manifestum

291 2300 411 2344 est:
440 2290 494 2345 in
535 2305 637 2360 qua
672 2299 784 2345 tota
814 2290 1011 2346 mentis
1032 2291 1332 2347 intentione
1362 2292 1454 2348 ille
1474 2308 1604 2348 vere
1630 2292 1748 2363 fuit,
1775 2295 1865 2363 qui

291 2392 505 2450 peccata
537 2398 645 2437 non
681 2383 899 2450 habuit;
953 2398 1053 2439 nos
1096 2386 1239 2439 enim
1284 2385 1383 2440 etsi
1430 2383 1495 2440 ad
1540 2396 1866 2442 momentum

291 2474 423 2543 legis
452 2485 720 2543 praecepta
750 2475 1067 2545 cogitamus,
1100 2476 1281 2531 delicti
1309 2486 1484 2532 tamen
1508 2488 1745 2547 tempore
1776 2494 1868 2534 vo-

290 2566 469 2622 luntas
505 2575 688 2622 nostra
718 2568 771 2622 in
800 2567 919 2636 lege
947 2583 1051 2622 non
1080 2578 1379 2637 permanet.
1426 2569 1677 2623 Voluntas
1720 2571 1863 2625 enim

289 2658 546 2713 decenter
565 2668 650 2713 est
673 2659 867 2728 posita,
896 2668 954 2713 ut
974 2662 1333 2715 constantiam
1351 2661 1616 2715 continuae
1640 2661 1870 2716 medlta-

288 2747 452 2805 tionis
473 2751 805 2815 ostenderet,
833 2766 952 2821 quae
975 2752 1099 2806 dum
1132 2762 1536 2820 perseveranter
1558 2755 1866 2817 assumitur,

288 2842 491 2897 laboris
522 2843 678 2898 tedia
720 2843 1052 2897 nesciuntur.
1082 2841 1187 2897 Sed
1233 2857 1303 2897 ne
1346 2843 1519 2912 ipsam
1544 2844 1868 2909 volutum

289 2944 511 3002 putares
541 2934 791 2999 otiosam,
837 2935 1076 3003 sequitur
1105 2935 1431 3004 operationis
1471 2932 1717 3001 eﬂectus‘,
1746 2936 1891 3005 quiaw

288 3035 486 3079 sancto
535 3028 811 3094 proposito
838 3041 944 3081 non
974 3027 1270 3082 sulﬁciebat
1295 3036 1497 3081 tantum
1539 3026 1675 3081 bona
1704 3028 1863 3091 velle,

286 3117 386 3171 nisi
412 3118 580 3172 etiam
624 3118 947 3173 desiderium
976 3134 1131 3174 suum
1162 3122 1414 3175 continuo
1445 3120 1637 3188 uioduh
1684 3120 1869 3176 labore

1965 1926 2232 1991 convenit,
2266 1935 2321 1980 ut
2348 1926 2431 1980 die
2450 1941 2510 1978 ac
2534 1932 2676 1978 nocte
2697 1923 2894 1994 jugiter
2917 1926 3083 1993 legem
3106 1923 3311 1977 Domini
3334 1924 3534 1992 aliquis

1968 2028 2058 2072 aut
2090 2019 2233 2086 legat
2259 2026 2351 2070 aut
2375 2015 2648 2085 prmdicet,
2676 2016 2799 2068 dum
2826 2014 3093 2068 reﬁciendi
3118 2024 3325 2083 tempus
3348 2028 3536 2079 corpo-

1966 2109 2114 2165 ribus
2130 2110 2305 2173 detur,
2326 2116 2379 2161 et
2393 2106 2635 2175 capiendi
2649 2104 2823 2159 somni
2840 2104 3127 2159 necessitas
3149 2102 3415 2157 efferatur.
3434 2100 3537 2157 Sed

1968 2199 2054 2254 ille
2101 2199 2351 2269 probatur
2399 2198 2568 2266 legem
2623 2195 2875 2250 continue
2930 2193 3199 2255 meditari,
3242 2191 3329 2260 qui
3357 2192 3537 2245 omnia

1967 2289 2263 2345 secundum
2294 2289 2635 2343 sanctitatem
2667 2300 2877 2355 gerens,
2902 2284 3105 2338 ctelesti
3127 2297 3187 2337 se
3214 2283 3265 2337 in
3293 2281 3538 2336 omnibus

1967 2379 2197 2448 puritate
2247 2378 2514 2432 tractavit.
2567 2376 2677 2429 Hoc
2725 2388 2911 2430 revera
2962 2373 3061 2442 ipsi
3107 2371 3265 2441 capiti
3315 2371 3539 2425 Domino

1967 2469 2177 2524 Christo
2197 2478 2406 2522 certum
2429 2476 2511 2521 est
2539 2465 2846 2528 convenire,
2877 2462 3119 2533 quamvis
3139 2462 3205 2515 ad
3234 2461 3536 2530 exemplum

1968 2555 2265 2611 sanctitatis
2293 2555 2438 2623 ejus,
2484 2563 2536 2608 et
2587 2551 2842 2607 membris
2886 2564 3096 2619 quoque
3137 2549 3377 2603 videatur
3423 2563 3542 2603 esse

1971 2653 2313 2714 praeceptum,
2342 2644 2479 2699 sicut
2502 2642 2631 2697 dicit
2660 2640 2943 2710 Apostolus
2970 2656 2984 2695 :
3020 2638 3204 2693 Omnia
3230 2654 3537 2707 quotcunque

1971 2738 2142 2808 facitis
2187 2738 2240 2790 in
2286 2734 2434 2789 verbo
2473 2743 2560 2788 aut
2587 2736 2740 2803 facta,
2788 2731 3034 2786 omniain
3060 2731 3222 2800 gloria
3267 2729 3361 2783 Dei
3392 2731 3542 2800 [iteite

1972 2829 2169 2901 (lACor.
2196 2840 2253 2892 ῖς,
2274 2826 2516 2901 al)._Esg
2540 2827 2741 2899 etealibi
2767 2826 3045 2895 prmdicata
3068 2826 3167 2878 ista
3194 2825 3537 2888 continuitas,

1973 2896 2787 2995 sicui.it}..et.ote,siugo.cecimo
2833 2926 3020 2971 octavo
3064 2917 3265 2983 psalmo
3310 2916 3533 2984 legitur:

1977 3012 2285 3067 Testimonia
2330 3018 2416 3062 tua
2461 3009 2584 3062 doce
2610 3025 2708 3072 me,
2756 3006 2988 3071 Domine,
3032 3015 3078 3058 et
3105 3006 3345 3057 mandata
3372 3016 3460 3057 tua
3488 3006 3541 3058 in

1934 3099 2123 3178 'ctrde
2152 3116 2265 3177 meo
2290 3115 2498 3179 semper
2524 3098 2829 3179 utrumnam:
2854 3097 2977 3150 Dies
3006 3092 3196 3163 pagani
3237 3092 3481 3147 dixerunt
3510 3105 3539 3143 a

290 3210 541 3263 satiaret.
573 3210 670 3264 llic
694 3218 869 3278 potest
893 3210 1234 3281 syllogismus
1256 3183 1592 3282 categori‘cu‘s
1619 3213 1865 3280 inveniri;
1888 3196 1942 3260 (δ
1975 3189 2518 3256 η¹¹¹τ¹ίῐιίῧυβνευίεληίά
2537 3187 2890 3282 θδξςθτξίῖδιλ
2918 3185 3107 3282 ίιυξξωε
3136 3198 3228 3237 εοε
3250 3183 3409 3237 etiam
3443 3195 3540 3282 "0':

286 3312 444 3366 quem
475 3301 888 3368 praetermittere
916 3316 1022 3356 non
1054 3302 1335 3370 debemus,
1362 3317 1431 3357 ne
1454 3305 1539 3373 qui
1566 3302 1869 3359 intellectus

282 3399 366 3444 est
402 3391 614 3459 primus
635 3432 650 3456 ,
681 3390 1104 3461 incompetenter
1129 3393 1373 3448 videatur
1395 3407 1514 3448 esse
1540 3395 1861 3461 praeteritus.

285 3481 451 3550 Cujus
505 3482 871 3537 deﬁnitionem
922 3492 1206 3554 partesque
1248 3484 1524 3549 dicemus,
1556 3493 1610 3537 ut
1651 3484 1870 3541 rudibus

282 3587 471 3627 earum
530 3588 708 3627 rerum
748 3574 877 3629 nihil
906 3587 1186 3630 remanere
1219 3574 1388 3643 possit
1411 3574 1736 3645 ambiguum.
1764 3574 1868 3629 Ca-

286 3664 565 3734 tegoricus
616 3665 794 3732 itaque
841 3664 1183 3735 syllogismus
1228 3673 1341 3731 est,
1394 3681 1552 3734 quem
1603 3666 1864 3722 dialectici

280 3768 498 3808 summa
548 3754 709 3810 laude
750 3756 1129 3810 concelebrant
1160 3754 1396 3821 :oratio,
1431 3755 1481 3810 in
1528 3771 1635 3826 qua
1680 3758 1869 3826 positis

279 3844 612 3914 quibusdam
638 3886 655 3911 ,
682 3845 785 3899 alia
812 3845 1055 3915 quaedam
1082 3860 1149 3902 ex
1179 3847 1503 3902 necessitate
1528 3848 1752 3901 veniunt
1774 3863 1870 3917 per

280 3950 343 3990 ea
372 3950 505 4005 qua
536 3936 704 4004 posita
732 3944 876 3990 sunt.
914 3936 1021 3991 lste
1062 3951 1131 3991 ex
1170 3936 1380 3991 duabus
1415 3938 1872 4006 propositionibus

277 4039 331 4081 et
357 4027 716 4083 conclusione
755 4027 1017 4083 formatur
1035 4069 1052 4095 ,
1082 4027 1223 4083 sicut
1250 4028 1338 4083 hic
1364 4036 1574 4083 constat
1595 4027 1865 4085 eﬁ'cctum.

274 4119 449 4189 Cujus
473 4120 646 4189 prima
669 4119 962 4188 propositio
982 4128 1066 4174 est
1094 4137 1108 4171 :
1134 4119 1326 4174 Beatus
1349 4118 1430 4173 vir
1447 4117 1601 4186 cujus
1622 4118 1870 4174 voluntas

277 4213 329 4265 in
359 4213 490 4280 lege
520 4210 724 4266 Domini
747 4221 850 4269 est.
874 4211 1119 4275 Secunda
1148 4211 1476 4282 propositio:
1502 4212 1688 4268 Nullus
1712 4209 1863 4280 cujus

278 4306 543 4358 voluntas
567 4304 621 4357 in
649 4304 765 4373 lege
787 4304 995 4359 Domini
1017 4312 1104 4360 est
1122 4342 1137 4369 ,
1184 4305 1315 4359 abiit
1342 4305 1393 4359 in
1421 4305 1648 4360 consilio
1676 4306 1869 4376 impio-

275 4410 421 4448 rum.
482 4393 740 4448 Provenit
776 4402 1081 4464 exspectata
1126 4395 1402 4449 conclusio
1434 4413 1447 4448 :
1478 4395 1665 4451 Nullus
1705 4399 1870 4464 igitur

274 4484 480 4539 beatus
513 4482 598 4537 vir
622 4484 752 4538 abiit
778 4484 829 4538 in
856 4482 1083 4540 consilio
1108 4484 1413 4553 impiorum.
1437 4485 1549 4539 Hoc
1568 4486 1780 4555 quidem
1813 4489 1864 4540 in

1972 3286 2204 3340 minasse
2233 3289 2547 3337 noscuntur.
2597 3277 2711 3332 Nox
2749 3284 2926 3331 autem
2973 3275 3110 3329 dicta
3140 3282 3263 3341 est,
3307 3286 3373 3327 eo
3399 3271 3540 3342 quod

1971 3387 2160 3434 noceat
2185 3373 2487 3445 aspectibus
2514 3371 2628 3426 sive
2653 3368 2951 3424 actionibus
2977 3368 3193 3424 nostris.

2045 3488 2198 3543 Vers.
2240 3485 2295 3539 5.
2331 3482 2398 3537 Et
2414 3483 2507 3537 erit
2523 3493 2761 3552 tanquam
2792 3481 2984 3550 lignum
3009 3479 3145 3549 quod
3166 3478 3448 3546 plantatum
3470 3484 3540 3531 est

1968 3595 2113 3633 secus
2143 3579 2382 3632 decursus
2400 3589 2669 3644 aquarum.
2703 3573 2832 3626 llinc
2849 3573 2957 3641 jam
2982 3570 3283 3639 przedicitur
3308 3569 3537 3639 gloriosa

1971 3670 2150 3732 nimis,
2181 3666 2569 3737 singularisque
2595 3663 2854 3728 felicitas;
2886 3673 2941 3716 ut
2970 3663 3107 3715 sicut
3127 3661 3266 3713 actio
3296 3659 3537 3713 miranda

1971 3762 2242 3829 descripta
2264 3768 2365 3825 est,
2400 3758 2473 3811 ita
2493 3764 2546 3811 et
2571 3754 2686 3823 ejus
2709 3766 2959 3821 proSpera
2990 3750 3267 3818 magniﬁca
3290 3750 3541 3802 similitu-

1971 3859 2095 3913 dine
2122 3857 2436 3911 relerantur.
2469 3853 2612 3906 Bene
2638 3891 2653 3917 ,
2702 3856 2760 3905 ut
2785 3849 3046 3911 arbitror,
3092 3848 3230 3914 ligno
3269 3844 3540 3900 fructifero

1970 3957 2317 4017 comparatus
2345 3954 2426 4000 est
2456 3943 2708 4019 Dominus
2751 3940 3018 4001 Christus,
3069 3948 3284 4007 propter
3322 3950 3535 3991 crucem

1970 4054 2127 4108 quam
2157 4051 2253 4106 pro
2275 4035 2545 4089 hominum
2577 4032 2745 4086 salute
2770 4031 3017 4095 suscepit.
3049 4028 3179 4094 Quae
3209 4027 3399 4080 merito
3447 4027 3541 4094 lig-

1969 4143 2097 4183 num
2130 4126 2497 4186 vitardicitur,
2530 4121 2741 4190 quando
2780 4128 2833 4173 et
2877 4120 2947 4172 ibi
2988 4118 3240 4171 Dominus
3271 4117 3537 4180 Christus,

1970 4219 2060 4290 qui
2101 4226 2182 4272 est
2211 4217 2317 4270 vita
2350 4223 2553 4277 nostra,
2587 4224 2877 4278 suspensus
2906 4216 3022 4271 est,
3054 4216 3110 4260 et
3138 4207 3327 4260 latroni
3363 4207 3412 4260 iu
3445 4222 3539 4260 ca-

1969 4312 2091 4366 dem
2121 4306 2394 4365 conﬁtenti
2419 4307 2614 4361 dictum
2637 4310 2719 4357 est
2753 4319 2766 4355 :
2798 4302 2952 4354 Amen
2985 4301 3101 4353 dico
3129 4300 3238 4364 tibi,
3263 4298 3415 4353 hodie
3435 4315 3539 4353 me-

1969 4419 2082 4456 cum
2108 4403 2210 4457 eris
2238 4401 2288 4454 in
2310 4399 2546 4471 paradiso
2568 4394 2720 4464 (Luc.
2742 4408 2888 4454 xxtn,
2912 4391 3027 4459 45).
3051 4390 3289 4460 Denique
3311 4400 3363 4445 et
3386 4391 3540 4447 hodie

1973 4492 2146 4547 omnis
2178 4492 2230 4544 in
2259 4504 2321 4544 ea
2348 4488 2602 4551 credens,
2628 4494 2839 4539 aeterna:
2864 4484 2983 4536 vitte
3011 4481 3149 4536 dona
3174 4483 3537 4550 consequitur.

1894 4550 1950 4614 Β
1975 4583 2125 4648 Sive,
2155 4590 2212 4635 ut
2255 4578 2476 4634 historia
2505 4576 2701 4638 refert,
2739 4574 2934 4642 lignum
2968 4585 3150 4627 revera
3184 4572 3281 4625 luit
3310 4572 3361 4626 in
3389 4587 3540 4641 para-

1974 4674 2092 4728 diso
2135 4669 2384 4741 perennis
2414 4668 2553 4728 vitae,
2590 4667 2634 4720 si
2675 4664 3001 4719 detesmbilis
3050 4664 3402 4719 inobedienlia
3436 4681 3540 4718 non

1972 4764 2177 4818 fuisset.
2207 4760 2357 4816 Unde
2374 4759 2514 4812 enim
2542 4769 2685 4810 mors
2707 4755 2974 4808 habuisset
2991 4755 3283 4818 introitum,
3303 4756 3348 4809 si
3370 4756 3538 4809 Adam

1972 4858 2325 4907 monstrasset
2376 4846 2676 4902 devotionis
2706 4843 2992 4899 allectum?
3040 4845 3173 4899 Hinc
3217 4845 3540 4900 sanctissimi

1973 4943 2158 4998 Patres
2187 4938 2498 4995 suavissima
2525 4936 2680 4991 mella
2707 4936 3051 5002 sudaverunt,
3077 4935 3313 4989 dicentes
3342 4953 3354 4988 :
3386 4935 3539 4989 Dedit

1973 5037 2313 5103 mandatum,
2352 5042 2411 5087 ut
2452 5031 2713 5087 inveniret
2753 5029 3063 5095 arbitrium;
3105 5027 3217 5083 ﬁxlt
3246 5029 3415 5098 legem
3439 5070 3452 5093 ,
3483 5039 3540 5082 ut

1968 5130 2169 5184 laceret
2218 5125 2530 5181 cautiorem.
2574 5121 2680 5178 Sed
2730 5120 2820 5175 ille
2863 5119 3157 5189 improvide
3194 5132 3411 5177 secutus
3457 5127 3540 5175 est

1970 5220 2199 5281 hostem,
2220 5227 2276 5273 et
2302 5216 2586 5271 infeliciter
2604 5215 2724 5268 vita:
2766 5212 2976 5281 reliquit
3002 5223 3271 5268 auctorem
3305 5223 3352 5266 ι.
3385 5213 3535 5268 Tunc

1970 5310 2299 5368 lamentabili
2326 5318 2473 5364 sorte
2517 5307 2799 5375 deceptus,
2832 5305 2990 5360 vitam
3023 5318 3346 5375 perpetuam,
3375 5321 3537 5374 quam

1969 5413 2312 5472 possessorus
2342 5406 2456 5453 erat
2484 5396 2679 5459 amisit,
2726 5403 2781 5449 et
2823 5396 2874 5448 in
2923 5405 3166 5458 mortem,
3219 5409 3375 5463 quam
3423 5410 3530 5449 non

1972 5491 2222 5558 habebat,
2265 5489 2509 5545 incurrit.
2540 5484 2645 5541 Sed
2680 5495 2736 5539 ut
2775 5485 2839 5539 ad
2880 5496 3149 5553 conceptae
3179 5483 3543 5540 similitudinis

1971 5584 2214 5640 instituta
2240 5582 2553 5643 redeamus,
2583 5578 2723 5649 quod
2767 5576 2910 5644 dicit,
2937 5577 3221 5648 plantatum
3249 5588 3343 5646 est,
3378 5577 3428 5633 id
3458 5588 3545 5634 est

271 4576 522 4631 diversis
539 4574 673 4629 locis
694 4574 921 4644 diligens
946 4576 1038 4630 tibi
1060 4586 1422 4644 perscrutator
1442 4577 1697 4643 invenies,
1723 4578 1865 4647 quod

269 4682 375 4721 nos
424 4665 611 4721 rarius
656 4666 959 4733 ponendum
996 4681 1118 4721 esse
1168 4667 1563 4735 perspeximus,
1612 4670 1866 4738 quoniam

268 4757 437 4809 nobis
483 4770 557 4808 ex
586 4755 810 4810 diversis
838 4757 1043 4811 artibus
1069 4765 1227 4826 atque
1275 4756 1575 4825 disciplinis
1616 4772 1737 4813 cum
1772 4773 1868 4815 ex-

266 4846 555 4915 positione
586 4846 851 4914 proposita
883 4847 1049 4900 multa
1076 4847 1300 4901 dicenda
1322 4856 1465 4902 sunt.

337 4933 418 4988 Et
443 4935 507 4987 in
524 4935 628 5004 lege
646 4937 755 5006 ejus
776 4936 1097 4990 meditabitur
1116 4938 1199 4991 die
1218 4954 1279 4992 ac
1297 4949 1460 4993 nocte.
1481 4939 1861 4995 lntendendum

262 5026 416 5094 quod
451 5024 689 5079 secundo
717 5026 883 5082 dicit:
915 5026 980 5082 In
1006 5030 1114 5099 lege
1136 5071 1151 5095 ,
1202 5045 1307 5085 non
1352 5031 1452 5086 sub
1480 5032 1624 5101 lege,
1655 5036 1775 5103 quia
1811 5038 1861 5089 in

264 5116 387 5184 lege
425 5114 536 5168 fuit
564 5115 652 5184 qui
678 5127 891 5184 peccata
914 5120 1252 5189 contempsit.
1280 5120 1485 5188 Reliqui
1517 5129 1693 5177 autem
1716 5139 1866 5180 mor-

264 5211 408 5265 tales
444 5209 648 5263 merito
685 5211 786 5266 sub
816 5212 931 5281 lege
961 5222 1124 5277 sunt,
1156 5212 1248 5283 qui
1278 5213 1491 5269 delictis
1520 5218 1865 5272 onerantibus

260 5302 639 5355 inclinantur.
694 5300 801 5355 Lex
854 5304 995 5357 enim
1026 5302 1224 5359 dicitur
1261 5320 1325 5358 ex
1373 5321 1437 5359 eo
1486 5307 1630 5375 quod
1656 5307 1865 5363 animos

260 5402 498 5446 nostros
545 5392 691 5460 liget,
738 5394 959 5465 suisque
1004 5403 1183 5451 teneat
1228 5396 1488 5450 obnoxios
1534 5400 1861 5454 constitutis.

265 5485 489 5541 \‘erum
526 5485 617 5539 ille
645 5486 816 5555 legem
857 5503 963 5541 non
995 5487 1351 5543 meditabatur
1379 5488 1589 5556 litteris,
1620 5490 1712 5545 sed
1743 5506 1863 5546 san-

257 5579 469 5631 ctitate
516 5577 817 5648 propositi;
866 5579 1004 5633 sicut
1046 5580 1097 5633 in
1150 5578 1422 5635 tricesimo
1464 5594 1606 5636 nono
1656 5584 1862 5652 psalmo

340 5793 369 5823 ⁸
417 5782 549 5838 ﬂss.
576 5786 743 5852 Aud.,
789 5785 935 5852 Bec.,
979 5783 1142 5842 Fisc..
1184 5797 1230 5841 et
1270 5789 1467 5860 felicem
1510 5787 1706 5855 reliquit
1752 5797 1863 5841 vute
1900 5797 2175 5841 auctorem.
2216 5856 2224 5862 .
