4008 6182
462 381 525 436 51

1677 370 1744 424 Μ.
1786 366 2061 425 AURELII
2103 362 2501 420 CASSIODORI

3636 346 3705 400 51

464 493 757 547 institutum
789 498 873 547 est
907 489 1102 559 lignum
1132 486 1306 543 crucis
1333 503 1361 539 a
1393 486 1525 551 Deo,
1556 482 1697 552 quod
1725 497 1935 550 semper
1969 482 2020 534 in
2053 484 2104 543 Α
2126 494 2242 530 rum
2272 473 2492 546 (Philip.
2526 488 2594 537 ιι,
2619 471 2699 541 9).
2731 468 2797 524 Et
2821 468 2873 559 in
2922 462 3237 536 Apocalypsi
3267 460 3488 518 Joannis
3519 461 3589 559 ita
3633 460 3707 513 le-

467 584 573 639 ﬁde
600 586 795 639 vireret
818 597 879 637 ac
899 589 1190 636 cresceret.
1226 579 1339 634 Hoc
1368 578 1581 633 schema
1614 574 1862 645 parabola
1890 573 2026 627 dici-

467 682 571 739 tur,
604 674 654 729 id
682 682 765 728 est
788 686 983 741 genere
1009 669 1344 727 dissimilium
1384 666 1732 737 comparatio.
1763 665 1855 720 Sic
1885 665 2029 718 enim

466 762 522 816 in
550 760 995 830 subsequentibus
1023 768 1078 815 et
1105 760 1291 826 monti,
1322 766 1377 814 et
1405 758 1568 824 leoni,
1599 763 1655 812 et
1674 755 1846 811 vermi
1876 768 2031 808 com-

468 865 684 922 paratus
712 862 795 906 est
822 850 1090 906 Christus.

542 944 702 1000 Secus
746 945 986 997 decursus
1027 960 1293 1013 aquarum.
1328 943 1384 997 In
1411 940 1835 1010 comparationis
1863 937 2034 1009 gratia

471 1042 795 1102 perseverat.
822 1032 952 1087 Nam
984 1033 1120 1088 sicut
1148 1033 1420 1089 terrestris
1449 1046 1585 1103 aqua
1609 1031 1901 1087 decurrens
1925 1030 2038 1084 vita

472 1133 558 1180 est
599 1125 859 1194 lignorum
886 1124 1190 1191 virentium,
1236 1124 1315 1178 sic
1363 1138 1498 1192 aqua
1540 1121 1795 1191 spiritalis
1831 1120 2040 1191 signum

474 1212 649 1267 crucis
677 1211 915 1277 inundat,
961 1228 1080 1282 quae
1119 1213 1264 1267 salus
1289 1226 1411 1267 esse
1439 1210 1671 1266 ﬁdelium
1703 1209 2045 1279 cognoscitur

478 1305 794 1358 animarum.
833 1303 957 1358 Haec
993 1318 1126 1376 ergo
1160 1318 1293 1373 aqua
1328 1301 1430 1374 14
1456 1312 1540 1358 est
1568 1301 1634 1357 de
1658 1316 1760 1371 qua
1786 1300 1841 1355 in
1869 1299 2047 1354 Evan-

476 1392 616 1460 gelio
644 1391 836 1447 dicitur
867 1409 882 1448 :
914 1392 976 1447 Si
1004 1394 1164 1447 scires
1190 1393 1303 1462 quis
1326 1402 1399 1447 est
1428 1392 1513 1463 qui
1541 1408 1573 1445 a
1606 1402 1653 1446 te
1677 1406 1862 1459 aquam
1888 1392 2044 1461 petit,

478 1484 685 1553 petisses
710 1482 771 1536 ab
801 1499 860 1537 eo
879 1525 894 1547 ,
939 1495 990 1537 ut
1021 1484 1163 1537 daret
1193 1484 1279 1536 tibi
1315 1499 1500 1553 aquam
1547 1483 1709 1538 vivam
1749 1480 1928 1553 (Joan.
1961 1497 2044 1547 tv,

482 1572 595 1643 10),
614 1581 718 1627 etc.
737 1572 926 1641 Operae
943 1575 1171 1643 pretium
1194 1582 1275 1629 est
1295 1588 1508 1643 quoque
1530 1571 1861 1644 perpendere
1881 1584 2049 1641 quare

479 1663 679 1717 dixerit
723 1678 738 1717 :
786 1680 929 1718 secus
980 1665 1219 1719 decursus
1263 1680 1547 1733 aquarum;
1602 1664 1802 1719 scilicet
1851 1672 1908 1718 ut
1950 1675 2051 1717 nec

480 1752 643 1808 nimia
672 1753 943 1808 inundatio
972 1754 1171 1824 lignum
1199 1754 1437 1822 laederet,
1468 1768 1568 1810 nec
1596 1754 1789 1809 iterum
1812 1752 2051 1824 irrigatio

483 1842 666 1910 procul
701 1843 986 1897 constituta
1018 1845 1266 1898 siccaret.

553 1932 705 1987 Vers.
733 1934 787 1987 4.
830 1933 979 1998 Quod
1006 1935 1230 2005 fructum
1263 1952 1411 1989 suum
1435 1936 1577 1991 dabit
1603 1937 1658 1990 in
1686 1946 1907 2008 tempore
1933 1952 2047 1991 suo.

486 2023 738 2078 Fructum
763 2025 901 2079 dabit
926 2066 942 2092 ,
988 2025 1039 2079 id
1085 2036 1168 2081 est
1198 2025 1465 2081 Ecclesias
1493 2028 1781 2082 constituet
1809 2036 2054 2097 tempore

484 2117 826 2185 competenti,
862 2117 961 2171 hoc
988 2124 1092 2185 est,
1125 2118 1334 2185 quando
1364 2118 1531 2172 beatae
1553 2119 1935 2172 incarnationis
1959 2133 2051 2173 sa-

482 2214 750 2260 cramenta
787 2205 1039 2274 suscepit.
1071 2207 1115 2260 Ο
1153 2206 1353 2263 fructus
1388 2207 1479 2261 ille
1509 2208 1766 2262 mirabilis
1789 2248 1805 2273 ,
1835 2208 1923 2277 qui
1953 2208 2056 2262 hu-

483 2312 697 2351 manum
719 2312 887 2367 genus
925 2297 1232 2353 dulcissima
1277 2298 1592 2355 credulitate
1620 2299 1868 2353 satiavit!
1902 2298 2054 2355 Unde

484 2404 590 2443 non
611 2399 824 2458 gustare
853 2402 1077 2457 peccare
1105 2398 1215 2454 est;
1246 2398 1299 2445 et
1327 2390 1501 2459 potius
1523 2403 1690 2460 genus
1727 2399 1810 2444 est
1849 2404 2057 2459 praeva-

488 2480 760 2534 ricationis
785 2494 815 2532 a
843 2480 975 2535 cibis
998 2480 1193 2535 talibus
1217 2480 1504 2537 abstinere.
1546 2479 1775 2536 Fructus
1801 2483 1946 2537 enim
1975 2482 2056 2537 di-

485 2572 625 2625 citur
645 2586 676 2625 a
704 2570 947 2626 fruendo.
998 2571 1064 2625 Et
1092 2571 1383 2627 notandum
1413 2574 1535 2642 quia
1565 2573 1703 2626 dabit
1730 2572 1885 2639 dixit,
1916 2571 2055 2641 quod

487 2660 551 2713 ad
599 2660 962 2716 rationabilem
1005 2674 1217 2715 sensum
1243 2703 1258 2729 ,
1308 2672 1364 2716 et
1403 2662 1470 2717 ad
1501 2660 1778 2717 offerentis
1821 2662 2060 2731 pertinet

488 2750 834 2805 voluntatem.
868 2749 999 2805 Nam
1027 2751 1149 2806 licet
1167 2761 1223 2806 et
1248 2752 1355 2807 alia
1381 2751 1519 2821 ligna
1560 2760 1901 2821 erumpentes
1924 2750 2060 2807 infe-

495 2849 617 2895 rant
654 2839 888 2907 fructus,
920 2842 1021 2897 hoc
1068 2852 1214 2898 recte
1255 2844 1384 2909 dare
1423 2844 1656 2917 dicitur;
1687 2838 2083 2921 th‘atigtdrné,

488 2931 705 3000 praemia
735 2932 935 2988 donare
961 2926 1411 3005 monstratum-3':
1436 2932 1455 3001 ξ
1478 2924 1559 2999 Ξᾟ
1604 2928 1611 2933 ’
1635 2922 1655 2995 Ξ
1677 2948 1758 2992 ..ι
1777 2946 1857 2990 ..ξ
1886 2935 1971 2981 -.:
1998 2936 2021 2978 ἱ
2043 2932 2093 2969 ”ῖ

1438 2986 1455 3001 ι

562 3021 714 3077 Vers.
747 3022 802 3075 5.
842 3021 911 3076 Et
938 3023 1117 3093 folium
1145 3025 1254 3095 ejus
1281 2986 1633 3083 nomdecidet.
1682 3027 1739 3083 id
1767 3036 1849 3083 est
1878 3042 2062 3083 sermo

493 3111 659 3181 ipsius
688 3113 835 3169 nullo
863 3129 989 3169 casu
1011 3131 1040 3169 a
1068 3106 2121 3201 veritajtgndisgetlit,issittaimuaiuinE~

2131 568 2273 637 gitur
2304 583 2317 617 :
2351 561 2420 618 Et
2464 563 2590 628 vidi,
2618 569 2663 614 et
2692 558 2866 613 audivi
2910 572 3080 610 vocem
3126 570 3367 624 magnam
3405 551 3707 622 angelorum

2132 661 2409 711 multorum
2427 657 2479 709 in
2506 654 2717 710 circuitu
2740 651 2928 716 throni,
2960 659 3004 705 et
3022 647 3323 703 animalium
3340 658 3385 701 et
3407 648 3664 702 seniorum
3687 660 3708 699 :

2134 760 2181 804 et
2207 760 2314 803 erat
2359 764 2593 802 numerus
2637 761 2810 801 eorum
2838 745 2974 798 dena
3002 741 3165 797 millia
3193 743 3437 795 denorum
3466 742 3703 799 millium.

2134 840 2299 893 millia
2342 838 2559 892 millium
2613 836 2887 889 dicentium
2933 849 3050 888 voce
3099 848 3288 902 magna
3328 847 3349 886 :
3379 830 3579 902 Dignus
3633 838 3705 885 est

2134 932 2307 999 Agnus
2335 930 2419 998 qui
2450 928 2641 982 occisus
2669 935 2742 980 est
2768 925 2999 995 accipere
3023 926 3257 979 virtutem
3280 965 3295 991 ,
3322 934 3368 978 et
3391 924 3597 977 divitias
3617 964 3629 987 ,
3661 931 3706 975 et

2136 1026 2457 1097 sapientiam,
2486 1031 2532 1076 et
2562 1021 2930 1091 fortitudinem,
2956 1026 3006 1074 et
3036 1019 3298 1085 honorem,
3332 1026 3381 1070 et
3423 1017 3638 1088 gloriam
3662 1025 3708 1069 et

2140 1115 2557 1170 benedictionem.
2592 1111 2661 1166 Et
2688 1126 2887 1166 omnem
2916 1121 3219 1175 creaturam,
3252 1123 3368 1179 qua
3390 1118 3461 1161 est
3487 1109 3537 1161 in
3561 1109 3705 1173 caelo,

2140 1216 2187 1261 et
2214 1206 2266 1260 in
2292 1215 2448 1270 terra,
2478 1212 2527 1257 et
2551 1209 2644 1257 sub
2670 1212 2826 1268 terra,
2854 1212 2901 1256 et
2932 1202 2986 1254 in
3012 1201 3161 1264 mari,
3194 1210 3241 1253 et
3270 1215 3380 1267 qum
3401 1208 3517 1253 sunt
3544 1200 3595 1252 in
3616 1200 3709 1265 eis,

2143 1296 2401 1349 universos
2437 1294 2605 1347 audivi
2629 1294 2849 1346 dicentes
2878 1308 2899 1345 :
2923 1290 3133 1346 Sedenti
3161 1291 3215 1343 in
3242 1291 3439 1353 throno,
3475 1297 3521 1341 et
3544 1291 3712 1358 Agna,

2145 1385 2442 1450 benedictio,
2472 1392 2519 1439 et
2546 1383 2731 1451 honor,
2773 1390 2821 1435 et
2865 1383 3052 1454 gloria,
3092 1390 3138 1433 et
3178 1380 3399 1449 potentia
3437 1380 3491 1432 in
3531 1380 3714 1432 scecula

2144 1473 2464 1529 seculorum.
2496 1471 2563 1525 Et
2602 1481 2817 1541 quatuor
2856 1471 3099 1525 animalia
3134 1470 3407 1523 dicebant:
3436 1470 3614 1522 Amen.
3650 1466 3715 1520 Et

2146 1565 2367 1623 seniores
2410 1563 2719 1631 ceciderunt,
2769 1572 2817 1618 et
2866 1564 3205 1616 adorauerunt
3251 1561 3434 1631 (Apoc.
3489 1578 3539 1625 v,
3574 1560 3633 1613 ll
3670 1571 3719 1612 et

2147 1658 2303 1728 seq.),
2330 1664 2434 1714 etc.’
2466 1657 2628 1711 Plena
2667 1664 2750 1710 est
2781 1672 2955 1710 rerum
2991 1654 3171 1707 talium
3203 1652 3476 1721 Scriptura
3519 1652 3716 1714 divina,

2153 1752 2402 1819 quoniam
2450 1749 2588 1801 sicut
2626 1747 2677 1800 in
2717 1757 2986 1814 assumpto
3016 1759 3239 1812 corpore
3287 1743 3384 1797 fuit
3424 1742 3717 1805 humilius,

2079 1838 2128 1899 B
2154 1841 2224 1895 ita
2244 1850 2325 1895 est
2353 1846 2471 1909 post
2500 1835 2944 1891 resurrectionem
2977 1833 3187 1888 Domini
3225 1832 3422 1888 Christi
3450 1830 3719 1886 declaiata

2153 1933 2423 2000 maiestas.
2449 1928 2598 1983 Nunc
2618 1927 2683 1981 ad
2712 1927 2916 1995 reliqua
2944 1925 3238 1980 veniamus.

2228 2024 2379 2076 Vers.
2412 2020 2464 2075 6.
2490 2018 2612 2072 Non
2638 2018 2710 2072 sic
2728 2017 2907 2086 impii,
2935 2033 3036 2070 non
3062 2016 3156 2069 sic.
3174 2014 3331 2069 Venit
3349 2012 3415 2067 ad
3439 2011 3724 2067 secundam

2154 2125 2395 2185 partem,
2423 2111 2513 2165 ubi
2565 2117 2827 2164 memorat
2869 2123 2989 2177 quae
3017 2107 3162 2176 impii
3206 2120 3326 2161 cum
3360 2103 3727 2175 peccatoribus

2153 2202 2510 2265 sustinebunt,
2528 2209 2581 2253 ut
2603 2214 2788 2254 eorum
2808 2208 2957 2253 actus
2978 2198 3285 2267 refugiatur,
3311 2212 3537 2268 quorum
3562 2210 3723 2265 paena

2153 2292 2512 2363 cognoscitur.
2531 2290 2680 2358 Quod
2698 2290 2912 2346 schema
2934 2289 3123 2344 dicitur
3140 2290 3466 2358 paradigma.
3493 2287 3722 2344 Schema

2155 2396 2331 2440 autem
2379 2393 2460 2439 est
2489 2383 2653 2455 ﬁgura
2699 2383 2946 2438 dictionis
2978 2384 3028 2438 in
3059 2383 3248 2438 ordine
3285 2382 3570 2437 verborum
3598 2395 3719 2434 cum

2157 2475 2352 2530 decore
2379 2475 2707 2544 composita;
2735 2484 2816 2529 est
2846 2475 2988 2529 enim
3020 2473 3323 2542 paradigma
3362 2472 3597 2526 narratio
3633 2484 3730 2539 per

2159 2567 2422 2634 exempla,
2475 2568 2693 2620 hortans
2718 2564 2968 2634 aliquem,
3016 2573 3106 2618 aut
3149 2564 3446 2619 deterrens.
3484 2562 3734 2616 Invitavit

2159 2662 2335 2710 autem
2381 2670 2503 2711 cum
2549 2654 2681 2710 dixit
2707 2675 2722 2711 :
2748 2653 2940 2709 Beatus
2966 2655 3061 2718 vir,
3111 2662 3167 2708 et
3201 2654 3437 2723 reliqua;
3470 2650 3733 2707 deterruit

2161 2756 2335 2801 autem
2360 2760 2480 2800 cum
2508 2746 2585 2799 ait
2613 2762 2628 2797 :
2654 2742 2775 2799 Non
2799 2745 2874 2799 sic
2899 2744 3064 2813 impii,
3091 2759 3196 2797 non
3218 2745 3312 2809 sic,
3331 2751 3435 2797 etc.
3463 2741 3736 2796 Efﬁcacis-

2163 2826 2360 2905 simum
2387 2822 2543 2904 plpne
2579 2833 2837 2887 doctrinae
2867 2848 3035 2902 genus
3060 2874 3075 2898 ,
3102 2844 3156 2887 et
3187 2833 3414 2887 invitare
3438 2832 3729 2901 prosperis,

2092 2920 2791 2990 neit‘terrerécontrariis;
2821 2926 2957 2979 sicut
3001 2932 3056 2979 et
3107 2924 3261 2979 Pater
3308 2924 3629 2995 Augustinus
3679 2925 3732 2978 in

2165 3019 2314 3075 libris
2348 3019 2419 3097 de
2446 3018 2691 3097 Doctrina
2723 3016 3021 3072 Christiana
3066 3026 3325 3070 memorat
3368 3006 3551 3070 dicens
3595 3014 3731 3085 (Lib.

2147 3100 2279 3200 3:31,?
2299 3092 2755 3197 ξᾶηεξλξίίρεὺει
2804 3108 2962 3177 igitur
3002 3108 3298 3163 divinarum
3346 3108 3737 3179 Scripturarum

492 3203 682 3257 arbore
722 3204 910 3273 palmae
936 3203 1059 3259 folia
1087 3186 1369 3278 mananth
1385 3186 1734 3275 mnium
1755 3186 1865 3263 ne.
1899 3186 2059 3265 inﬁxa
2078 3186 2427 3266 causam
2445 3186 2501 3256 et
2525 3186 2734 3269 d'o'clor,
2768 3201 3017 3257 defensor
3042 3212 3201 3258 rectae
3230 3202 3381 3266 ﬁdei,
3414 3216 3475 3256 ac
3501 3202 3738 3257 debella-

497 3296 702 3349 veritati
734 3304 761 3332 ι
787 3297 947 3351 certis
978 3298 1418 3366 promissionibus
1446 3309 1813 3369 perseverant,
1850 3304 1992 3358 sicut
2013 3303 2068 3357 in

497 3384 782 3455 Evangelia
820 3386 1010 3456 legitur
1039 3404 1054 3441 :
1082 3388 1273 3443 Caelum
1313 3398 1362 3443 et
1403 3398 1538 3445 terra
1583 3394 1888 3460 transibunt,
1918 3394 2073 3448 verba

496 3486 667 3532 autem
701 3495 812 3533 mea
839 3496 940 3533 non
968 3482 1292 3551 praeteribunt
1333 3482 1547 3551 (Matth.
1573 3501 1716 3550 xxiv,
1752 3487 1860 3555 15).
1896 3486 1963 3541 Et
1986 3489 2069 3541 in-

502 3577 650 3623 tuere
678 3569 889 3625 Domini
937 3571 1095 3625 verba
1141 3572 1281 3626 loliis
1330 3572 1539 3629 arboris
1580 3586 1915 3645 comparata,
1948 3578 2073 3647 quia

500 3662 638 3715 sicut
657 3662 744 3716 illa
775 3661 975 3717 fructus
1005 3672 1205 3733 tegunt,
1231 3665 1308 3721 sic
1340 3666 1723 3733 promissiones
1751 3683 1874 3724 suas
1896 3677 1952 3725 et
1971 3669 2073 3724 ista

506 3751 827 3805 tustodiunt.
861 3752 952 3805 liae
997 3764 1119 3808 sunt
1144 3769 1295 3823 aqua:
1321 3756 1647 3825 spirituales,
1680 3756 1794 3811 hzec
1826 3757 1951 3813 folia
1983 3774 2073 3812 sa-

505 3840 717 3907 lutaria,
740 3841 807 3896 de
823 3843 1011 3909 quibus
1030 3844 1081 3897 in
1103 3844 1422 3915 Apocalypsi
1442 3846 1630 3900 beatus
1651 3846 1882 3902 Joannes
1904 3848 2033 3902 dicit
2057 3865 2072 3903 :

506 3927 572 3982 Et
612 3932 827 3985 ostendit
858 3932 980 3985 mihi
1014 3934 1204 4001 ﬂumen
1240 3950 1387 4003 aqua:
1411 3936 1533 3990 viva:
1568 3936 1928 4008 splendidum,
1961 3946 2075 3991 tan-

504 4035 656 4086 quam
701 4020 1021 4090 crystallum,
1066 4024 1236 4076 exiens
1277 4024 1339 4077 de
1369 4022 1549 4077 throno
1582 4024 1675 4079 Dei
1717 4034 1763 4079 et
1810 4025 1975 4096 Agni;
2024 4030 2077 4079 in

506 4112 672 4185 medio
700 4113 881 4181 platea:
927 4116 1058 4183 ejus,
1087 4122 1134 4166 et
1163 4130 1225 4168 ea:
1250 4124 1459 4184 utraque
1484 4126 1627 4185 parte
1647 4118 1897 4186 ﬂuminis,
1928 4118 2077 4171 arbo-

504 4219 609 4255 rem
638 4204 778 4269 vitte,
808 4219 920 4273 quae
950 4205 1071 4274 facit
1101 4209 1324 4275 fructum
1362 4208 1629 4262 duodecies
1648 4249 1663 4274 ,
1696 4209 1916 4280 singulis
1942 4225 2081 4262 men-

505 4295 642 4348 sibus
665 4295 878 4349 reddens
899 4300 1118 4366 fructum
1138 4315 1317 4363 suum;
1350 4308 1395 4353 et
1424 4302 1551 4368 folia
1576 4300 1774 4355 arboris
1804 4300 1943 4355 illius
1964 4309 2080 4354 sunt

506 4382 575 4433 ad
593 4384 859 4435 sanitatem
886 4385 1110 4453 gentium
1131 4386 1374 4453 deputata
1404 4389 1589 4457 (Apoc.
1626 4404 1733 4443 xxn
1755 4429 1768 4453 ,
1801 4391 1856 4453 Ι,
1888 4390 1971 4457 2).

577 4473 644 4528 Ει
674 4477 844 4529 omnia
871 4490 1173 4547 quotcunque
1211 4478 1364 4545 faciet
1405 4484 1852 4549 prosperabuntur.
1896 4482 2077 4550 Aptis-

2173 3305 2256 3351 tor
2282 3295 2500 3357 erroris,
2536 3302 2591 3349 et
2620 3295 2754 3347 bona
2785 3293 2999 3357 docere,
3029 3303 3083 3349 et
3107 3296 3244 3349 mala
3273 3293 3554 3348 dedocere.
3585 3293 3739 3360 Quod

2170 3385 2517 3443 institutionis
2552 3399 2720 3453 genus
2743 3391 2798 3439 et
2827 3384 2881 3438 in
2913 3384 3122 3439 decimo
3151 3392 3371 3454 quarto,
3405 3393 3458 3438 et
3489 3384 3539 3437 in
3578 3384 3737 3437 trice-

2173 3478 2311 3533 simo
2336 3483 2513 3539 sexto,
2544 3483 2597 3529 et
2617 3475 2669 3528 in
2691 3472 2984 3527 centesimo
3010 3473 3237 3538 decimo,
3271 3482 3326 3527 et
3354 3474 3405 3527 in
3437 3474 3736 3527 centesimo

2174 3567 2382 3623 decimo
2404 3575 2594 3620 octavo
2625 3565 2827 3633 psalmo
2854 3572 3098 3634 potenter
3118 3564 3450 3634 exsequitur,
3475 3574 3529 3618 ut
3550 3564 3745 3618 distin-

2175 3662 2281 3715 ctio
2311 3660 2379 3714 sit
2408 3659 2462 3714 in
2488 3660 2903 3714 comminatione
2938 3658 3217 3727 supplicii,
3251 3658 3560 3728 magnitudo
3598 3672 3746 3712 sem-

2178 3770 2271 3824 per
2314 3753 2365 3805 in
2409 3752 2661 3821 prmmiis.
2691 3750 2826 3805 Dicit
2851 3764 2979 3820 ergo
3009 3769 3023 3803 :
3056 3749 3177 3804 Non
3206 3751 3280 3805 sic
3304 3750 3470 3819 impii,
3504 3765 3605 3803 non
3632 3750 3706 3802 sic
3726 3790 3741 3812 ,

2175 3844 2425 3914 quoniam
2452 3855 2555 3897 non
2586 3842 2689 3897 erit
2713 3841 2790 3896 sic
2816 3841 3010 3911 impiis,
3042 3851 3101 3895 ut
3136 3842 3381 3911 superius
3407 3841 3559 3897 dixit.
3592 3842 3655 3895 Et
3686 3849 3745 3895 ut

2178 3935 2524 3991 immobiliter
2550 3933 2825 4000 crederes,
2859 3934 3162 3990 ﬁrmitatem
3187 3934 3482 4003 negationis
3505 3932 3747 3988 iterando

2178 4028 2516 4082 monstravit.
2550 4026 2679 4080 Nam
2709 4028 2754 4080 si
2786 4026 2957 4080 locum
2984 4041 3167 4081 eorum
3190 4026 3466 4095 diligenter
3489 4026 3746 4093 inquiras,

2179 4119 2300 4173 audi
2332 4118 2712 4188 Apocalypsim
2760 4116 2980 4172 Joannis
3028 4116 3292 4171 dicentem
3326 4133 3339 4169 :
3375 4114 3440 4169 Et
3490 4113 3746 4178 diabolus,

2178 4210 2263 4277 qui
2300 4209 2567 4263 seducebat
2593 4223 2697 4270 eos,
2730 4206 2913 4261 missus
2942 4216 3014 4260 est
3051 4208 3104 4259 in
3131 4215 3365 4276 stagnum
3409 4205 3539 4273 ignis
3567 4215 3613 4258 et
3643 4204 3751 4257 sul-

2180 4299 2376 4367 phuris,
2412 4296 2498 4349 ubi
2526 4297 2618 4349 illa
2644 4296 2798 4350 bestia
2839 4305 2887 4349 et
2917 4294 3389 4364 pseudopropheta,
3426 4294 3563 4361 quod
3603 4294 3755 4346 vide-

2181 4392 2305 4445 licet
2325 4388 2391 4442 ad
2421 4402 2607 4442 omnes
2635 4385 2866 4455 pertinet
2897 4385 3113 4454 impios,
3149 4382 3510 4438 cruciabuntur
3538 4383 3647 4435 illic
3669 4384 3755 4437 die

2178 4495 2244 4533 ac
2267 4488 2411 4532 nocte
2435 4522 2449 4547 ,
2474 4478 2529 4531 in
2556 4476 2744 4531 sarcula
2773 4478 3071 4531 steculorum
3103 4477 3286 4547 (Apoc.
3319 4492 3407 4542 xx,
3440 4475 3496 4541 9,
3530 4474 3640 4547 10).

507 4566 642 4619 sime
670 4572 854 4620 contra
883 4565 1008 4620 illud
1033 4567 1164 4621 Adae
1189 4570 1419 4635 ponitur,
1449 4569 1602 4639 cujus
1627 4569 1765 4625 facta
1790 4572 1943 4625 nobis
1973 4572 2072 4625 ad-
2106 4571 2158 4629 D
2255 4572 2359 4628 Sed
2406 4581 2644 4641 tanquam
2689 4570 2853 4641 pulvis
2894 4585 3043 4640 quem
3089 4570 3295 4641 projicit
3347 4577 3523 4622 ventus
3557 4584 3588 4621 a
3622 4570 3758 4639 facie

510 4669 660 4709 versa
701 4665 1040 4725 pepererunt.
1072 4657 1201 4711 Nam
1233 4659 1374 4714 sicut
1402 4660 1659 4735 Dominus
1683 4660 1934 4716 Christus
1960 4662 2079 4716 dul-

510 4744 751 4800 ccdinem
798 4746 984 4800 salutis
1029 4748 1229 4803 mundo
1275 4751 1543 4817 praestitit,
1598 4751 1669 4806 ita
1701 4751 1797 4806 ille
1848 4752 2080 4808 humano

508 4838 689 4908 generi
738 4838 1143 4894 amaritudinem
1190 4840 1378 4895 mortis
1432 4841 1645 4897 inﬂixit.
1700 4843 1894 4899 Tribus
1944 4858 2078 4914 ergo

510 4923 679 4979 modis
726 4923 837 4976 hazc
868 4924 1260 4991 praedicationis
1301 4925 1468 4981 forma
1497 4938 1802 4983 constructa
1847 4938 1950 4993 est,
2000 4931 2081 4984 di-

509 5013 677 5068 cendo
702 5013 825 5082 quid
845 5014 1110 5081 vitaverit,
1140 5016 1420 5072 referendo
1449 5019 1576 5087 quid
1604 5020 1794 5087 egerit,
1826 5021 1986 5075 tertio
2011 5020 2079 5074 ad

509 5121 665 5174 quem
698 5104 857 5160 linem
900 5107 1101 5162 fructus
1127 5109 1239 5176 ipse
1268 5111 1593 5179 pervenerit.
1634 5112 1740 5166 Sed
1773 5112 1873 5168 hoc
1902 5115 2080 5170 brevi-

512 5208 594 5251 ter
618 5205 774 5264 atque
802 5197 1137 5253 mediocriter
1176 5202 1403 5269 positum
1430 5213 1514 5257 est
1545 5216 1760 5297 propter;
1797 5206 2074 5261 humilita-

514 5296 617 5340 tem
661 5287 997 5341 humanitatis
1023 5300 1327 5360 assumptze.
1366 5292 1631 5348 Ceterum
1661 5298 1705 5351 si
1733 5287 2084 5368 magniﬁcen-

514 5379 636 5430 tiam
666 5379 787 5446 ejus
804 5380 933 5432 velis
954 5379 1250 5441 advertere.
1281 5384 1400 5437 audi
1425 5388 1740 5453 Apostolum
1765 5389 2031 5445 dicentem
2061 5409 2075 5446 :

516 5464 732 5535 PrOpter
758 5470 892 5537 quod
920 5478 966 5522 et
994 5468 1129 5523 Deus
1155 5472 1302 5525 illum
1351 5473 1590 5528 exultavit
1614 5516 1631 5542 ,
1681 5490 1727 5532 et
1772 5480 1977 5533 donavit
2003 5480 2084 5535 illi

516 5572 695 5610 nomen
722 5562 858 5626 quod
877 5568 947 5613 est
976 5578 1127 5629 super
1156 5578 1302 5617 autne
1322 5582 1535 5629 nomen;
1564 5576 1617 5619 ut
1639 5569 1689 5622 in
1720 5572 1927 5624 nomine
1953 5570 2083 5627 Jesu

519 5660 663 5699 omne
701 5662 828 5714 genu
848 5649 1100 5718 ﬂectatur,
1126 5652 1418 5720 caelestium,
1442 5657 1750 5709 terrestrium
1781 5668 1828 5711 et
1851 5658 2079 5727 inferno-

2189 4674 2357 4719 terrm.
2392 4662 2639 4732 Congrua
2665 4663 2821 4716 nimis
2860 4662 2995 4715 facta
3022 4662 3372 4730 comparatio.
3408 4659 3584 4713 Pulvis
3611 4662 3753 4715 enim

2188 4769 2273 4815 est
2300 4759 2552 4811 resolutio
2584 4765 2760 4812 terrae.
2796 4756 2862 4810 Et
2896 4757 3021 4824 quia
3052 4759 3209 4811 homo
3236 4766 3514 4822 terrenus,
3545 4755 3756 4824 quando

2190 4847 2405 4903 inﬂatur
2421 4847 2723 4901 seductorio
2740 4854 2896 4900 vento
2917 4846 3202 4914 superbite,
3227 4846 3294 4899 de
3310 4845 3574 4900 soliditate
3602 4854 3755 4900 terra:

2190 4942 2479 4999 viventium
2525 4942 2673 5010 quasi
2720 4942 2891 5011 pulvis
2931 4942 3212 5011 abj’icitur,
3243 4945 3367 5011 quia
3415 4959 3509 4996 sua
3542 4943 3752 4997 levitate

2189 5034 2257 5088 ad
2297 5035 2689 5088 ﬁrmamentum
2721 5035 3088 5089 mandatorum
3117 5051 3176 5089 se
3208 5047 3392 5090 tenere
3423 5052 3527 5089 nun
3559 5036 3754 5104 potuit,
3798 5110 3805 5113 ν

2183 5127 2376 5180 merito
2408 5127 2580 5195 pulvis
2607 5126 2822 5191 dicitur,
2852 5128 2939 5195 qui
2972 5137 3219 5197 tanquam
3258 5130 3550 5184 substantia
3582 5129 3757 5184 tenuis

2181 5216 2431 5271 vitiorum
2460 5216 2668 5271 ﬂatibus
2698 5217 3001 5271 ventilatur.
3046 5218 3153 5273 Sed
3196 5220 3331 5273 hanc
3361 5220 3758 5273 damnationem

2184 5307 2549 5378 gravissimam
2592 5322 2698 5363 non
2730 5319 2976 5377 putemus
3008 5320 3285 5364 ventorum
3338 5312 3580 5364 ludibriis
3610 5324 3750 5363 com—

2184 5405 2423 5464 paratam
2447 5438 2460 5461 ,
2496 5412 2613 5465 qua
2635 5411 2857 5466 corpora
2892 5398 3044 5455 facile
3071 5400 3283 5453 mobilia
3317 5401 3368 5453 in
3410 5415 3565 5453 auras
3591 5402 3759 5456 aethe-

2184 5500 2306 5539 reas
2350 5485 2588 5553 ludivaga
2637 5489 3003 5555 compulsione
3037 5498 3408 5557 transponunt.
3463 5488 3557 5541 ilic
3612 5491 3762 5543 enim

2184 5573 2491 5629 facilitatem
2517 5577 2840 5643 expulsiouis
2868 5578 2980 5631 vult
3016 5580 3321 5647 ostendere,
3356 5594 3459 5631 non
3490 5580 3754 5633 acerbita-

2188 5674 2297 5722 tem
2322 5668 2647 5723 discriminis
2675 5669 2923 5739 levigare.
2952 5669 3133 5726 Facies
3162 5687 3285 5727 vero
3325 5680 3474 5725 terra:
3499 5672 3765 5742 signiﬁcat

593 5785 619 5815 ⁸
657 5776 779 5829 Mss.
808 5778 966 5847 Aud.,
1002 5782 1119 5837 Bcc.
1154 5791 1206 5837 et
1248 5784 1409 5854 Fistu,
1443 5788 1511 5840 ita
1538 5799 1580 5842 rt
1612 5784 1707 5842 ista
1739 5791 1785 5842 in
1824 5792 1929 5859 ﬁxa
1959 5796 2174 5851 veritate.
