4008 6182
293 294 370 350 S3

1202 321 1219 333 .
1294 273 1654 335 EXPOSITIO
1692 272 1755 328 IN
1799 264 2255 327 PSALTEBIUM.
2299 261 2489 321 PSAL.
2531 261 2571 317 1.

3479 249 3549 304 Μ

302 401 635 475 superﬁciem
668 396 893 462 telluris,
923 394 1014 451 abi
1048 407 1233 449 revera
1274 398 1452 461 potest
1474 388 1646 459 pulvis
1673 384 1872 440 teuuis-
1903 385 1956 440 A
1983 375 2135 448 (Gen.
2169 390 2258 442 ιιι,
2304 373 2398 443 9)l
2442 386 2546 475 no-n
2575 369 2706 475 quia
2748 366 2978 475 Deusﬁin
3008 362 3399 468 paradisoeam
3429 375 3548 417 esse

306 500 477 551 simas
500 490 753 547 insidere.
784 487 932 541 lianc
953 484 1123 540 Graeci
1152 481 1489 551 epiplianiam
1516 483 1728 541 vocant,
1753 487 1871 540 quae

307 586 478 641 solam
508 579 892 651 longitudinem
926 588 978 633 et
1006 573 1336 629 latitudinem
1362 570 1542 625 habet.
1579 567 1700 622 llaec
1729 564 1876 619 colo-

307 693 393 732 res
419 673 646 743 suscipit
666 671 880 725 diversa
909 666 1164 737 qualitate
1186 662 1465 718 distinctos
1498 677 1510 713 :
1544 658 1660 712 haec
1686 655 1874 726 proba-

310 779 392 823 tur
419 766 663 833 recipere
695 762 889 830 ﬁguras
931 758 1049 814 illas
1094 754 1433 826 geometrica:
1474 749 1794 817 disciplinae;
1824 746 1875 799 in

308 872 372 912 ea
399 856 630 924 denique
659 853 818 911 datur
844 847 1103 918 conspici,
1126 844 1380 916 quidquid
1406 849 1579 912 potest
1605 837 1878 908 corporeis

304 950 480 1005 oculis
509 945 724 1003 intueri.

382 1038 538 1094 ἴθι-ε.
568 1036 622 1089 7.
667 1033 794 1088 Ideo
812 1050 912 1087 non
935 1038 1200 1101 resurgunt
1222 1027 1368 1093 impii
1395 1026 1445 1078 in
1466 1024 1688 1093 judicio.
1726 1021 1881 1091 [mpii

314 1140 437 1185 sunt
455 1130 542 1198 qui
565 1135 806 1182 sanctam
831 1125 1145 1180 Trinitatem
1169 1120 1480 1176 crudelitate
1504 1126 1528 1153 ⁸
1552 1116 1744 1170 mentis
1767 1113 1883 1167 nul-

319 1221 523 1273 latenus
544 1217 889 1279 conﬁtentur,
914 1229 1013 1268 nec
1049 1212 1252 1266 \‘eteris
1280 1220 1370 1263 aut
1396 1208 1529 1263 Novi
1559 1204 1882 1260 Tcstamenti

323 1325 506 1378 parere
556 1306 752 1376 regulis
780 1304 1155 1372 acquiescant;
1188 1301 1290 1367 vel,
1336 1298 1475 1353 sicut
1503 1297 1631 1352 dicit
1659 1294 1884 1364 Aposto-

321 1402 440 1454 lus:
473 1399 571 1463 Qui
592 1397 749 1450 verbis
779 1396 1081 1463 conﬁtentur
1111 1392 1300 1459 Deum,
1328 1392 1476 1461 factis
1504 1398 1673 1441 autem
1703 1397 1885 1456 negant

324 1489 449 1561 (Tit.
478 1505 530 1552 ι,
561 1488 685 1556 16);
714 1496 769 1541 et
803 1484 856 1539 hi
885 1487 938 1538 in
969 1484 1158 1549 iudicio
1186 1499 1288 1536 non
1316 1488 1600 1551 resurgunt,
1627 1479 1747 1548 quia
1774 1478 1885 1546 jam

325 1598 421 1638 sua
436 1581 700 1635 infidelita'
714 1593 743 1634 e
758 1579 990 1633 damnati
1009 1588 1152 1642 sunt,
1173 1576 1227 1631 in
1247 1575 1539 1643 Evangelio
1560 1574 1767 1629 dicente
1788 1574 1887 1626 Do-

330 1674 502 1727 mino:
525 1671 619 1738 Qui
634 1680 916 1723 autemnon
937 1666 1036 1737 15
1050 1666 1209 1721 credit
1227 1665 1277 1719 in
1296 1664 1452 1727 Filio,
1466 1668 1570 1735 iam
1582 1664 1890 1718 condemna-

1978 484 2081 521 nun
2132 474 2376 530 noverat,
2427 464 2521 518 sed
2574 464 2824 531 indignus
2871 460 3052 515 divina
3108 456 3437 527 cognitione,
3480 469 3549 509 eo

1974 558 2115 628 quod
2146 555 2402 612 ceciderit
2431 555 2753 623 increpatur.
2790 551 2854 605 Et
2899 552 2995 604 iter
3031 549 3305 618 impiorum
3344 544 3545 616 peribit.

1976 649 2105 702 Nam
2133 647 2269 700 sicut
2293 645 2566 700 beatorum
2599 643 2677 697 via
2702 650 2784 696 est
2808 639 3088 706 Dominus,
3114 639 3183 691 ita
3211 647 3547 705 peccatorum

1979 739 2078 794 iter
2099 736 2343 793 diabolus
2367 750 2486 789 esse
2508 734 2846 802 cognoscitur
2872 746 2887 783 :
2910 730 2997 799 qui
3020 728 3135 783 sine
3158 727 3318 780 dubio
3336 725 3551 794 peribit,

1980 826 2193 898 quando
2222 840 2341 880 cum
2375 824 2692 893 sequacibus
2730 822 2843 875 suis
2880 829 3079 874 acterna
3127 832 3280 887 pmna
3327 816 3553 869 damna-

1981 918 2140 973 bitur.
2182 916 2274 969 Via
2303 916 2447 969 enim
2478 914 2690 976 dicitur,
2731 910 2868 980 quod
2916 924 3009 978 per
3039 923 3156 961 eam
3191 905 3555 974 unusquisque

1988 1004 2375 1060 transeuntium
2410 1000 2599 1054 tiatur.
2649 998 2775 1061 Iter,
2806 998 2953 1067 quasi
2995 997 3183 1050 iterum
3214 1004 3382 1057 actus,
3412 992 3552 1061 quod

1989 1097 2193 1166 agendo
2222 1094 2462 1149 iteratur.
2498 1090 2647 1159 Quod
2675 1101 2851 1144 tamen
2883 1097 3163 1155 utrumque
3191 1098 3288 1154 pro
3314 1084 3551 1138 locorum

1990 1186 2328 1257 qualitatibus
2384 1183 2588 1253 reperis
2645 1196 2764 1235 esse
2820 1179 3107 1243 variatam;
3155 1189 3276 1229 nam
3317 1184 3371 1228 et
3418 1173 3556 1227 viam

1989 1286 2327 1348 peccatorum
2371 1275 2617 1343 superius
2654 1271 2808 1335 dixit,
2845 1279 2899 1324 et
2928 1269 3028 1322 iter
3065 1269 3117 1321 in
3157 1267 3297 1319 bono
3331 1264 3556 1333 positum

1988 1377 2087 1433 est,
2119 1369 2256 1423 sicut
2299 1367 2354 1421 in
2395 1365 2500 1419 alio
2531 1364 2733 1433 psalmo
2762 1363 2836 1415 ait
2867 1378 2880 1413 :
2913 1360 2977 1413 Et
3014 1359 3121 1412 illic
3146 1358 3240 1412 iter
3265 1365 3360 1422 est,
3385 1359 3439 1409 in
3460 1372 3560 1425 quo

1993 1459 2251 1513 ostendam
2276 1457 2355 1511 illi
2376 1456 2600 1511 salutare
2624 1455 2718 1508 Dei
2744 1452 2911 1523 (Psal.
2940 1466 3087 1515 XLIX,
3106 1448 3221 1519 2'5).
3248 1450 3373 1503 Item
3397 1446 3560 1502 Isaias

1992 1548 2248 1618 propheta
2280 1546 2407 1603 dicit
2438 1565 2452 1601 :
2482 1545 2804 1613 Principium
2846 1542 2976 1597 Sion
3013 1542 3166 1606 dabo,
3193 1550 3239 1595 et
3275 1537 3561 1593 Jerusalem

1992 1637 2293 1692 consolabor
2320 1638 2373 1689 in
2407 1637 2583 1689 itinere
2604 1634 2756 1705 (lsai.
2786 1648 2892 1700 xu,
2922 1632 3039 1701 27).
3064 1630 3218 1685 Nunc
3245 1628 3310 1683 ad
3345 1627 3565 1683 conclu-

513 1721 747 1832 b“(deum
776 1774 856 1828 ιιι,
890 1721 1154 1828 Nam
1180 1756 1226 1812 si
1251 1721 1585 1825 adjudicium
1613 1770 1891 1823 resurgere

2010 1729 2167 1785 EiOlliS
2196 1728 2461 1799 quoddam
2504 1727 2775 1796 speculum
2804 1725 3098 1790 veniamus,
3133 1732 3190 1778 at
3218 1722 3372 1779 nobis
3402 1721 3561 1777 tetius

329 1862 511 1923 estpro
523 1851 638 1905 suis
663 1848 1119 1918 lactisquempiam
1144 1846 1369 1903 reddere
1397 1848 1677 1908 rationem,
1705 1845 1891 1900 merito

334 1947 400 2001 illi
420 1946 678 2000 dicuntur
701 1942 753 1996 in
779 1943 1032 2011 judicium
1061 1956 1166 1996 non
1193 1954 1496 2010 resurgere,
1524 1954 1654 2008 quos
1672 1939 1780 2008 jam
1803 1952 1895 1992 co-

329 2034 599 2104 gnoscitur
614 2032 874 2088 sententia
890 2031 1065 2087 divina
1080 2031 1381 2086 damnasse.
1398 2031 1595 2085 Omnes
1617 2044 1895 2099 resurgere

329 2124 731 2181 ﬁdeseatboliea
751 2122 1053 2186 conﬁzetur,
1070 2123 1208 2177 sicut
1227 2121 1353 2176 dicit
1373 2121 1687 2190 Apostolus:
1711 2121 1896 2173 Omnes

330 2230 646 2284 resurgemus
665 2252 683 2280 ,
704 2212 796 2266 sed
825 2228 924 2265 non
954 2227 1126 2265 omnes
1164 2211 1543 2264 immutabimur
1568 2208 1621 2279 (1
1650 2208 1769 2265 Cor.
1795 2225 1858 2262 xv
1879 2249 1894 2275 ,

330 2307 444 2376 5|).
472 2307 739 2374 Resarget
762 2304 902 2359 enim
939 2303 1134 2372 justus,
1180 2311 1237 2357 ut
1261 2301 1496 2371 jadicet;
1543 2312 1809 2371 peccator,
1842 2312 1899 2356 at

325 2398 620 2467 iudicetur;
660 2397 879 2467 impias,
907 2406 963 2451 ut
986 2396 1104 2452 sine
1129 2395 1328 2464 judicio
1360 2393 1624 2463 puniatur.

401 2490 583 2560 Neque
606 2498 895 2558 peccatores
930 2489 984 2543 in
1021 2488 1230 2541 consilio
1269 2491 1549 2557 justorum.
1586 2485 1898 2540 Peccatores

333 2592 460 2638 sunt
506 2582 841 2653 professione
880 2581 1092 2651 quidem
1137 2578 1443 2647 Christiani,
1477 2577 1569 2632 sed
1607 2576 1901 2631 minoribus

336 2673 570 2741 peccatis
614 2673 853 2737 obnoxii,
885 2672 1078 2740 quibus
1117 2669 1381 2724 dominica
1424 2669 1579 2723 datur
1620 2668 1811 2735 oratio,
1847 2676 1903 2722 ut

334 2780 395 2821 se
420 2772 618 2819 exuant
645 2778 677 2817 a
703 2762 943 2828 delictis;
975 2762 1121 2831 impii
1150 2769 1325 2814 autem
1356 2769 1479 2813 sant
1508 2758 1598 2829 qui
1625 2774 1778 2813 suam
1812 2772 1905 2812 ne-

336 2856 571 2910 scientes
604 2864 875 2908 auctorem
906 2851 1131 2906 diversis
1164 2850 1452 2905 sceleribus
1497 2848 1818 2917 polluantur,
1848 2855 1906 2901 at

335 2946 659 3015 blasphemi,
682 2944 1099 3013 impmnitentes,
1128 2942 1359 2997 cultores
1381 2940 1662 3005 idolorum,
1688 2948 1739 2993 et
1763 2939 1906 3007 prin-

335 3038 605 3107 cipalibus
629 3036 767 3089 vitiis
797 3032 1032 3104 obligati.
1061 3032 1395 3101 Quapropter
1424 3031 1527 3085 duo
1553 3037 1675 3083 sunt
1712 3044 1905 3099 genera

336 3127 680 3196 peccantium
710 3142 724 3179 :
756 3123 1009 3194 primum,
1040 3121 1177 3191 quod
1216 3120 1357 3174 nulla
1396 3118 1644 3190 placabili
1694 3117 1905 3171 satisfa-

339 3221 519 3273 ctione
542 3216 805 3284 completa
833 3223 1079 3269 remanet
1103 3214 1155 3268 in
1178 3212 1413 3276 delictis;
1436 3209 1576 3265 aliud
1600 3220 1681 3265 est
1705 3211 1786 3264 cui
1818 3224 1911 3279 per

342 3308 567 3377 gratiam
597 3304 955 3360 confessionis
984 3312 1195 3370 jeccata
1218 3301 1500 3366 donantur,
1525 3301 1657 3356 sicut
1680 3300 1907 3370 legitur:

341 3396 485 3450 Beati
514 3412 731 3465 quorum
753 3396 973 3449 remissis
994 3402 1113 3447 sunt
1142 3392 1451 3461 iniquitates,
1481 3400 1526 3443 et
1548 3406 1763 3460 quorum
1783 3401 1914 3447 tecta

340 3498 455 3541 sunt
477 3495 690 3558 peccata
720 3485 894 3556 (Psal.
925 3500 1070 3548 xxxi,
1101 3484 1175 3553 l).
1206 3483 1262 3538 ln
1292 3497 1396 3551 quo
1426 3496 1647 3537 numero
1670 3490 1723 3536 et
1746 3486 1915 3540 sancti

338 3589 490 3643 sunt,
519 3576 642 3645 quia
674 3576 849 3629 nullas
876 3573 993 3628 sine
1019 3582 1236 3642 peccato
1256 3581 1356 3633 est,
1381 3572 1517 3626 sicut
1545 3570 1731 3631 beatus
1750 3574 1914 3631 Joan-

340 3684 440 3724 nes
472 3667 752 3738 apostolus
778 3666 906 3723 dicit
938 3681 955 3724 :
983 3665 1043 3723 Si
1072 3665 1347 3721 dixerimus
1381 3669 1507 3737 quia
1531 3676 1787 3740 peccatum
1814 3682 1918 3721 non

340 3760 611 3823 habemus,
650 3761 981 3828 nosmetipsos
1020 3761 1326 3825 seducimus,
1376 3770 1422 3813 et
1463 3762 1645 3814 veritas
1683 3760 1735 3814 in
1776 3759 1919 3814 nobis

342 3866 446 3903 non
478 3859 556 3903 est
584 3848 633 3920 (ι
662 3849 818 3905 Joan.
852 3866 891 3917 t,
926 3850 1000 3921 8).
1050 3851 1187 3921 Ergo
1232 3850 1300 3906 de
1346 3851 1439 3905 illo
1484 3851 1653 3920 primo
1697 3866 1920 3907 numero

344 3942 689 4010 peccantium
716 3942 844 3997 dicit
872 3943 961 4012 qui
990 3942 1131 3996 nulla
1160 3941 1370 3996 fuerunt
1398 3942 1542 4011 digni
1579 3943 1922 3998 miseratione

344 4031 572 4085 salvari.
598 4030 659 4085 lli
686 4032 826 4085 enim
856 4046 976 4086 cum
993 4030 1155 4101 jaSIis
1175 4031 1393 4085 minime
1418 4030 1751 4100 judicabant,
1782 4032 1921 4101 quod

344 4122 658 4190 evangelica
688 4135 818 4175 voce
845 4121 977 4176 solis
1010 4120 1255 4176 ﬁdelibus
1294 4121 1404 4175 suis
1435 4119 1691 4175 Dominus
1714 4121 1764 4174 in
1788 4136 1921 4190 prte-

344 4211 522 4264 miurn
554 4211 855 4280 pollicetur.
890 4211 961 4264 In
998 4211 1210 4265 consilio
1256 4210 1416 4275 enim,
1451 4211 1500 4264 in
1538 4209 1736 4279 judicio
1774 4210 1921 4277 dicit,

342 4301 471 4369 quia
498 4314 661 4354 omne
682 4310 886 4355 rectum
910 4300 1168 4370 judicium
1198 4299 1249 4354 in
1277 4300 1499 4356 consilio
1517 4309 1617 4354 est.
1642 4299 1923 4353 Consilium

341 4391 500 4443 enim
534 4388 733 4443 dictum
760 4399 843 4444 est
866 4404 896 4443 a
925 4389 1273 4445 consulendo.
1313 4389 1442 4444 Nam
1478 4390 1718 4459 superius
1746 4391 1921 4445 consi-

340 4480 481 4535 lium
513 4477 798 4547 impiorum
823 4480 1039 4535 abusive
1069 4480 1297 4549 positum
1325 4490 1404 4533 est
1432 4498 1444 4533 :
1468 4481 1715 4549 quoniam
1742 4492 1793 4536 et
1822 4481 1922 4551 ipsi

342 4580 545 4639 putant
576 4570 876 4635 consulere,
899 4571 1141 4640 quamvis
1164 4582 1551 4639 cognoscantur
1577 4586 1926 4642 unamquamo

340 4674 455 4728 que
491 4673 607 4713 rem
638 4659 797 4712 noxia
822 4659 917 4713 sibi
939 4659 1329 4715 machinatione
1360 4668 1605 4716 tractare.

425 4749 585 4803 νοτε.
618 4751 671 4803 8.
708 4749 955 4816 Quoniam
980 4751 1113 4804 novit
1143 4750 1392 4805 Dominus
1418 4752 1550 4804 viam
1568 4754 1846 4822 justorum,
1880 4761 1928 4807 et

341 4840 444 4892 iter
476 4840 750 4905 impiorum
780 4841 983 4909 peribit.
1026 4841 1291 4895 Bonorum
1322 4842 1451 4894 viam
1489 4840 1623 4896 dixit
1653 4840 1927 4895 Dominum

338 4944 546 4993 noue;
570 4931 661 4983 iter
689 4943 864 4987 autem
905 4932 1179 5002 impiorum
1226 4934 1391 5003 perire
1431 4934 1709 4988 conﬁrmat
1740 4935 1925 5003 :quasi

340 5019 620 5075 Dominus
649 5030 933 5091 utrumque
978 5037 1081 5076 non
1132 5024 1358 5077 noverit.
1402 5022 1506 5078 Sed
1534 5023 1819 5093 allegorice
1847 5023 1928 5079 di-

340 5122 504 5164 ctum
535 5120 636 5175 est,
668 5121 723 5165 at
755 5112 856 5167 hoc
884 5114 1015 5166 sciat
1045 5113 1324 5179 Dominus,
1353 5114 1491 5184 quod
1522 5114 1572 5168 iu
1604 5114 1929 5170 beatitudine

344 5200 695 5265 permanebit
723 5217 735 5253 :
767 5201 867 5254 hoc
908 5203 1110 5256 nesciat
1151 5202 1291 5272 quod
1332 5203 1541 5271 peribit.
1580 5203 1708 5257 Nam
1734 5215 1784 5259 et
1816 5206 1929 5274 ipse

342 5291 608 5342 dicturus
634 5298 717 5343 est
743 5290 796 5343 in
820 5290 1020 5359 judicio
1055 5306 1153 5346 suo
1193 5292 1556 5360 peccatoribus
1587 5310 1598 5345 :
1630 5292 1815 5347 Nescio
1844 5311 1929 5349 vos

344 5379 574 5443 (Humi.
603 5394 726 5445 xxv,
761 5381 867 5451 η).
900 5381 1048 5449 Quod
1094 5382 1139 5436 si
1186 5381 1288 5437 hoc
1332 5383 1396 5437 ad
1430 5383 1659 5439 litteram
1689 5386 1818 5439 velis
1845 5386 1936 5439 ad-

346 5480 594 5534 vertere,
624 5471 893 5539 quomodo
923 5473 1169 5541 ignorare
1214 5473 1408 5542 poterit
1433 5490 1566 5544 quos
1591 5474 1823 5529 creavit?
1849 5475 1937 5531 Sic

346 5574 406 5616 et
452 5564 584 5617 Ada‘.
630 5563 842 5618 locatas
879 5574 961 5618 est
1006 5575 1121 5634 post
1166 5573 1439 5633 peccatum
1469 5605 1482 5618 .
1517 5564 1616 5618 Ubi
1660 5581 1733 5634 es,
1776 5567 1937 5620 Adam

425 5708 455 5738 ⁸
500 5698 628 5755 Ias.
659 5698 826 5767 Aud.,
857 5698 980 5757 Bec.
1007 5707 1062 5755 et
1090 5699 1255 5757 Fisc..
1285 5699 1603 5753 credulitate.

1995 1819 2182 1889 psalmi
2212 1816 2570 1887 pulcherrima
2595 1814 2755 1869 iacies
2778 1815 3065 1869 elucescat.

2532 1924 2800 1980 Conclusio
2830 1923 3033 1994 psalmi.

2066 2040 2231 2095 Totus
2275 2038 2361 2093 hic
2404 2036 2639 2106 psalmus
2671 2034 2736 2090 ad
2779 2033 3030 2090 moralem
3066 2032 3293 2104 pertinet
3324 2033 3563 2104 discipli-

2002 2149 2148 2201 nam,
2179 2134 2245 2188 de
2272 2147 2377 2202 quo
2406 2141 2455 2187 et
2486 2132 2653 2187 bonus
2677 2129 2950 2195 imbuitur,
2971 2139 3023 2185 et
3055 2142 3386 2197 peccatorum
3418 2145 3567 2186 mens

2003 2223 2263 2279 scelerata
2290 2230 2540 2277 terretur.
2574 2220 2682 2276 Nec
2710 2228 2860 2275 vacat
2880 2220 3018 2290 quod
3052 2221 3303 2275 Dominus
3325 2218 3568 2277 Christus

1999 2325 2082 2370 est
2112 2316 2314 2384 positus
2346 2315 2396 2368 in
2430 2313 2690 2383 principio
2734 2328 3099 2368 numerorum.
3142 2314 3331 2369 Unitas
3374 2317 3569 2386 quippe

1998 2405 2270 2474 specialis,
2303 2404 2527 2472 simplex
2571 2413 2728 2471 atque
2759 2402 2988 2473 perfecta
3017 2412 3116 2469 est,
3150 2403 3341 2459 nullius
3371 2404 3569 2474 indiga,

2002 2497 2054 2550 iit
2086 2496 2257 2564 seipsa
2304 2496 2609 2563 perenniter
2639 2508 2862 2547 manens
2893 2510 2904 2545 :
2931 2508 2959 2545 a
2982 2508 3087 2562 quo
3117 2491 3262 2548 fonte
3291 2494 3572 2548 multitudo

2003 2602 2342 2642 numerorum
2370 2586 2447 2640 sic
2475 2585 2767 2656 egreditur,
2801 2595 2855 2639 ut
2885 2584 2949 2638 ad
2981 2599 3097 2638 eam
3125 2598 3357 2653 semper,
3382 2600 3568 2655 qnam-

2002 2679 2084 2731 vis
2114 2677 2479 2746 multiplicata,
2520 2685 2806 2731 revocetur
2837 2694 2850 2731 :
2877 2676 2988 2728 sine
3012 2691 3111 2745 qua
3148 2676 3450 2744 supputatio
3476 2690 3571 2729 nec

2009 2768 2261 2822 inchoare
2308 2767 2592 2836 quidquam
2642 2766 2915 2836 praevalet,
2966 2780 3063 2820 nec
3108 2766 3339 2834 prodire.
3387 2764 3574 2820 Merito

2006 2872 2131 2927 ergo
2178 2842 2229 2911 in
2282 2858 2381 2910 hoc
2429 2855 2581 2908 initio
2628 2855 2810 2909 calculi
2858 2856 3070 2922 ponitur
3114 2854 3570 2923 Christuszquia,

2007 2946 2145 3001 sicut
2168 2946 2294 3001 dicit
2317 2944 2603 3015 Apostolus
2634 2961 2646 2995 :
2678 2942 2760 2997 Ea:
2788 2944 2896 3013 ipso
2934 2944 3088 3008 enim,
3109 2952 3155 2996 et
3190 2961 3280 3012 per
3312 2945 3498 3013 ipsum,
3526 2954 3573 2999 et

2010 3037 2063 3090 in
2093 3037 2203 3105 ipso
2230 3045 2347 3089 sunt
2389 3035 2557 3089 omnia
2598 3033 2772 3104 (Rom.
2813 3048 2885 3100 xt,
2931 3032 3039 3101 56).
3085 3032 3231 3085 lianc
3266 3032 3573 3087 Trinitatem

2013 3126 2184 3183 Grmci
2225 3125 2507 3181 monadem
2542 3134 2753 3180 vocant.
2784 3123 2915 3179 Nam
2944 3123 2986 3176 si
3029 3124 3375 3192 incorporalis
3396 3134 3448 3179 et
3475 3123 3576 3179 im-

2011 3219 2281 3275 mutabilis
2322 3228 2405 3273 est
2440 3217 2756 3283 substantia,
2800 3216 3110 3286 intelligitur
3132 3216 3298 3283 Deus;
3331 3217 3374 3271 si
3406 3218 3579 3272 incor-

2010 3310 2211 3380 poralis
2261 3318 2315 3364 et
2362 3308 2653 3372 mutabilis,
2692 3307 3003 3376 intelligitur
3040 3306 3248 3373 anima;
3293 3309 3335 3361 si
3371 3323 3497 3363 vero
3524 3318 3578 3363 et

2013 3400 2304 3471 corporalis
2341 3409 2395 3455 et
2434 3399 2726 3464 mutabilis,
2753 3399 3061 3468 intelligitur
3090 3414 3301 3467 corpus.
3329 3400 3427 3455 Ista
3453 3415 3580 3469 ergo

2015 3506 2200 3546 monas
2230 3489 2321 3544 tali
2358 3488 2745 3558 complexione,
2780 3489 2917 3543 sicut
2947 3488 3144 3542 dictum
3181 3498 3282 3555 est,
3312 3490 3379 3544 ah
3417 3491 3582 3544 arith-

2018 3582 2224 3638 meticis
2249 3582 2561 3651 explicatur.
2588 3580 2849 3634 Memento
2868 3588 3044 3634 autem
3070 3580 3207 3649 quod
3229 3594 3433 3644 monas,
3458 3579 3583 3635 licet

2017 3672 2135 3728 fons
2162 3681 2323 3741 atque
2364 3670 2573 3725 initium
2597 3670 2803 3725 numeri
2833 3684 2953 3724 esse
2982 3669 3239 3736 videatur,
3267 3669 3378 3740 ipsa
3407 3680 3581 3725 tamen

2018 3776 2123 3816 non
2153 3767 2326 3831 potest
2354 3774 2605 3813 numerus
2627 3759 2752 3813 diei.
2783 3758 3049 3825 Quidquid
3079 3757 3218 3813 enim
3251 3759 3317 3811 ab
3344 3773 3447 3812 uno
3470 3759 3585 3827 plus

2019 3860 2122 3919 est,
2150 3851 2286 3906 sicut
2308 3849 2381 3904 ait
2401 3848 2775 3913 Nicomachus,
2798 3848 2906 3918 jam
2931 3848 2987 3902 ﬁt
3017 3849 3361 3904 numerabile.
3393 3849 3588 3904 Name-

2019 3957 2110 3996 rus
2140 3941 2279 3995 enim
2313 3949 2392 3995 est
2418 3939 2635 3995 unitatis
2677 3939 2942 4003 col'ectio,
2973 3940 3055 3994 vel
3104 3940 3411 4009 quantitatis
3438 3955 3588 3995 acer.

2019 4045 2118 4086 vus
2158 4046 2222 4085 ex
2255 4030 2543 4085 unitatibus
2586 4029 2852 4097 profusus.
2887 4029 2996 4082 Hoc
3031 4031 3170 4083 enim
3197 4030 3335 4098 quod
3362 4031 3585 4085 dicimus

2021 4121 2252 4175 nominis
2277 4134 2488 4189 quoque
2526 4119 2690 4187 ipsius
2730 4117 3028 4173 declaratur
3076 4119 3293 4172 iudicio.
3327 4119 3589 4173 Numerus

2023 4210 2217 4279 quippe
2262 4223 2292 4260 a
2337 4208 2715 4263 numerositate
2763 4214 2980 4260 vocatas
3020 4215 3120 4261 est.
3151 4207 3279 4274 Quae
3313 4208 3588 4277 disciplina

2023 4313 2122 4354 nec
2164 4313 2193 4352 a
2236 4296 2478 4351 Patribas
2522 4293 2717 4350 nostris
2763 4295 3068 4365 praecipitur
3117 4297 3459 4367 negligenda;
3510 4311 3591 4354 est

2025 4390 2165 4445 enim
2194 4402 2351 4442 verax
2382 4396 2436 4442 et
2477 4386 2847 4451 immutabilis,
2876 4394 2929 4441 et
2969 4401 3063 4453 per
3103 4402 3290 4444 omnes
3324 4398 3594 4443 creaturis

2030 4496 2124 4549 pro
2152 4478 2367 4535 modulo
2395 4493 2504 4533 sua:
2553 4478 2861 4546 quantitatis
2896 4477 3081 4532 effusa.
3135 4479 3347 4548 Legitur
3373 4480 3513 4534 enim
3544 4482 3594 4534 in

2027 4569 2361 4625 Salomone:
2397 4566 2582 4620 Omnia
2630 4566 2681 4619 in
2724 4582 2983 4633 mensura,
3031 4583 3238 4621 numero
3284 4578 3330 4622 et
3378 4571 3598 4639 pondere

2030 4660 2185 4733 (Sap.
2215 4675 2293 4726 xt,
2324 4658 2416 4728 21)
2451 4658 2616 4713 Deam
2662 4657 2873 4712 iecisse.
2921 4657 3049 4711 Illud
3074 4659 3232 4713 etiam
3262 4660 3489 4715 arbitror
3520 4661 3600 4715 in-

2029 4750 2306 4813 tuendum,
2357 4746 2496 4816 quod
2544 4746 2776 4801 mirabili
2821 4746 3167 4815 dispositione
3214 4749 3597 4819 consequentia

2029 4850 2221 4898 cuncta
2249 4838 2633 4895 conscendant.
2677 4839 2731 4892 lu
2769 4839 2941 4907 primo
2967 4840 3224 4907 siquidem
3260 4841 3459 4907 psalmo
3491 4840 3595 4894 Do-

2034 4932 2164 4987 mini
2204 4931 2404 4986 Christi
2436 4929 2665 4984 carnalis
2692 4930 2797 4983 vita
2828 4929 3179 4995 describitur;
3209 4928 3401 4984 deinde
3428 4932 3602 4986 omni-

2035 5030 2225 5091 potens
2255 5029 2441 5075 natura
2467 5018 2682 5075 deitatis
2707 5022 2822 5087 ejus
2852 5018 3116 5073 subtiliter
3160 5020 3439 5074 indicatur.
3470 5020 3603 5075 'l'er-

2037 5118 2110 5167 tio
2150 5114 2527 5181 multiplicatos
2573 5111 2703 5165 dicit
2752 5111 2999 5181 populos,
3031 5113 3118 5181 qni
3150 5126 3268 5167 eum
3301 5103 3603 5167 nitebantur

2036 5202 2402 5272 exstinguere;
2428 5201 2620 5255 deinde
2642 5209 2843 5269 septem
2873 5202 3239 5269 paenitentiam
3266 5202 3451 5270 psalmi
3473 5202 3601 5255 fide»

2038 5296 2165 5349 lium
2209 5293 2371 5347 corda
2418 5292 2731 5362 puriﬁcant;
2774 5304 2954 5361 postea
2998 5294 3262 5362 parabolis
3297 5302 3350 5347 et
3385 5294 3602 5360 trepicis

2040 5384 2393 5440 allusionibus
2437 5384 2767 5454 subsequens
2814 5384 2995 5439 drama
3046 5384 3380 5450 decurritur,
3415 5393 3470 5440 et
3510 5402 3604 5455 per

2038 5476 2349 5544 allegoricus
2389 5475 2770 5529 similitudines
2815 5490 2949 5542 pene
2990 5478 3164 5529 omnia
3209 5474 3508 5532 referuntur
3536 5479 3601 5533 ad

2038 5568 2368 5624 Salvatorem
2417 5566 2718 5631 Dominam,
2761 5566 2900 5636 quod
2946 5566 3055 5621 suis
3096 5567 3227 5621 locis
3267 5581 3606 5626 commonere

2108 5698 2136 5737 ι’
2176 5700 2298 5758 Mss.
2331 5699 2497 5768 Autl.,
2532 5700 2655 5755 Bec.
2688 5708 2740 5753 et
2770 5697 3066 5770 Fisc.,jam
3093 5702 3357 5772 iudicatus
3386 5717 3477 5763 est.
