4014 6188
429 256 496 310 35
1650 256 1719 310 Μ.
1758 251 2019 311 AUREIJ]

2121 248 2465 307 ASSIODORI
2634 261 2641 287 τ
3608 247 3674 299 36

429 379 748 436 curabimus.
776 376 903 432 Post
931 376 1043 432 haec
1082 376 1266 431 laudes
1294 373 1494 428 Christi
1525 372 1735 428 Domini
1766 369 1996 425 mirabili
2028 370 2075 428 Α
2102 374 2219 434 pter
2243 364 2542 435 passionem
2569 361 2785 419 Christi.
2830 361 3076 418 Secundo
3115 358 3273 415 verba
3303 367 3425 413 sunt
3450 357 3675 415 demen-

412 470 686 526 varietate
714 468 967 540 propheta
994 466 1393 531 concelebrans,
1427 478 1594 534 usque
1620 462 1685 517 ad
1712 462 1866 516 ﬁnem
1893 474 1999 515 non

430 562 631 617 desinit
674 558 790 630 ejus
840 558 1103 627 praeconia
1148 556 1444 611 sanctitatis
1471 554 1701 608 edicere.
1733 551 1820 606 Sic
1845 551 2004 621 igitur

433 654 679 708 universa
709 651 777 705 de
803 652 918 719 ipso
946 648 1147 719 prolata
1174 654 1487 711 noscuntur,
1521 643 1672 712 cujus
1700 641 1814 697 btcc
1843 654 2001 696 causa

433 757 679 817 suscepta
709 753 854 799 sunt.

590 874 950 932 EXPOSlTlU
989 872 1054 927 IN
1094 868 1416 927 PSALMUM
1456 865 1841 925 SECUNDUM.

988 984 1229 1038 Psalmus
1262 982 1442 1036 Dauid.

506 1097 757 1165 Quamvis
786 1097 838 1151 in
869 1094 1187 1166 quibusdam
1217 1092 1493 1147 codicibus
1519 1106 1616 1146 nec
1645 1092 1744 1145 iste
1772 1090 2006 1159 psalmus

436 1190 633 1244 habere
661 1186 869 1241 titulum
896 1183 1289 1252 comprobetur,
1315 1189 1532 1252 prepter
1550 1180 1687 1250 quod
1714 1180 1765 1234 in
1786 1180 2005 1235 Actibus

434 1280 794 1349 apostolorum
828 1276 1039 1346 legitur,
1070 1273 1209 1328 sicut
1258 1274 1308 1326 in
1361 1273 1528 1339 primo
1567 1273 1769 1340 psalmo
1807 1270 2003 1324 dictum

436 1380 517 1427 est
549 1388 564 1425 :
598 1372 768 1435 Quare
802 1372 1117 1437 fremuerunt
1163 1374 1352 1435 gentes,
1384 1374 1489 1418 etc.
1536 1380 1548 1415 :
1588 1372 1763 1416 tamen
1800 1362 1843 1415 si
1888 1361 2006 1413 dili-

435 1472 622 1532 genter
653 1461 918 1523 inteudas,
946 1473 1055 1513 non
1080 1458 1291 1512 videtur
1320 1471 1442 1512 esse
1470 1455 1816 1510 contrarium.
1866 1453 2005 1507 Dici-

437 1566 523 1610 tur
547 1554 689 1609 enim
721 1553 771 1605 in
807 1552 977 1621 primo
1019 1550 1223 1620 psalmo
1273 1551 1522 1618 positum,
1555 1548 1647 1602 sed
1676 1547 1763 1616 qui
1800 1561 1898 1616 per
1927 1547 2007 1600 in-

438 1645 779 1713 scriptionem
803 1641 933 1696 tituli
966 1642 1169 1710 primus
1190 1639 1461 1694 habendus
1490 1646 1597 1703 est;
1620 1645 1701 1693 est
1723 1639 1863 1693 enim
1893 1637 2006 1706 ipse

445 1737 548 1806 ιθ
575 1743 733 1803 atque
764 1732 902 1787 idem
926 1731 1188 1786 secundus
1213 1730 1264 1783 in
1292 1729 1495 1793 ordine,
1528 1730 1728 1796 primus
1754 1729 1807 1782 in
1834 1728 2002 1781 titulo.
2038 1746 2085 1806 Β

440 1830 556 1889 Quo
583 1822 829 1890 exemplo
854 1820 1241 1890 quamplurima
1269 1818 1408 1873 dicta
1439 1828 1581 1881 sunt,
1610 1833 1729 1887 qua:
1753 1832 1872 1871 cum
1904 1818 2005 1871 sibi

440 1915 505 1969 ad
554 1915 782 1968 litteram
827 1912 1155 1979 discrepent,
1195 1910 1500 1981 diligentius
1538 1910 1809 1980 inquisita,
1844 1924 2005 1963 unum

441 2020 560 2060 esse
586 2011 973 2068 monstrantur,
1007 2011 1062 2055 ut
1082 2013 1160 2057 est
1197 2002 1263 2056 de
1296 2001 1575 2055 concordia
1608 1999 2008 2069 Evangeliorum

441 2112 660 2162 campus
687 2096 774 2150 ille
805 2094 1115 2149 latissimus.
1143 2094 1474 2161 Quapropter
1502 2092 1859 2146 Ecclesiarum
1882 2108 2013 2147 cun-

440 2197 645 2241 ctarum
694 2184 950 2253 probabili
999 2198 1097 2237 usu
1140 2191 1409 2250 receptum
1455 2190 1555 2246 est,
1590 2190 1646 2235 ut
1680 2182 1803 2236 hinc
1844 2181 2013 2251 magis

441 2276 660 2343 incipiat
689 2274 969 2330 exordium
1013 2274 1309 2336 titulorum,
1342 2273 1553 2341 quando
1586 2272 1800 2327 inchoat
1837 2271 1905 2325 ab
1933 2270 2014 2325 in-

441 2368 746 2437 crepatione
788 2365 1115 2421 Judteorum.
1159 2365 1224 2420 Et
1266 2364 1386 2419 ideo
1432 2377 1764 2431 consequens
1795 2361 1891 2416 luit
1921 2363 2014 2416 ha-

444 2459 569 2512 bere
610 2472 822 2511 causam
866 2456 1075 2510 titulum
1111 2471 1286 2518 suum,
1320 2456 1569 2524 quoniam
1601 2470 1630 2507 a
1664 2455 1837 2523 priore
1868 2463 2013 2509 textu

444 2549 678 2604 noscitur
707 2556 1003 2618 segregata.
1036 2546 1142 2602 Sed
1187 2546 1436 2615 quoniam
1486 2546 1683 2599 dictum
1724 2555 1805 2600 est
1848 2562 2014 2616 quare

444 2640 656 2692 titulum
686 2638 951 2707 receperit
980 2638 1077 2699 ista
1106 2637 1315 2703 divisio,
1346 2652 1485 2691 nunc
1512 2637 1578 2692 de
1609 2637 1783 2693 verbis
1823 2639 2012 2708 ipsius,

446 2738 730 2800 praestante
760 2729 999 2794 Domino,
1028 2728 1371 2783 disseramus.
1402 2729 1641 2782 Psalmus
1672 2738 1752 2782 est
1782 2728 2014 2799 hymnus

442 2820 668 2889 alicujus
696 2820 848 2874 metri
889 2820 1001 2888 lege
1030 2818 1377 2886 compositus,
1401 2819 1488 2886 qui
1518 2819 1581 2871 ad
1612 2818 2012 2874 similitudinem

446 2911 680 2982 praedicti
709 2912 893 2980 organi
925 2923 1206 2978 supernam
1238 2908 1392 2963 nobis
1415 2910 1752 2977 cognoscitur
1780 2909 2014 2963 indicare

445 3003 718 3056 virtutem.
752 2998 913 3055 David
941 3008 1143 3065 autem,
1170 2997 1411 3067 quamvis
1434 2998 1676 3052 conditor
1718 2997 1872 3066 hujus
1900 2997 2016 3052 uni-

443 3092 582 3147 versi
611 3091 786 3161 operis
832 3089 1176 3159 inspiratione
1212 3088 1388 3142 divina
1417 3102 1535 3143 esse
1565 3088 1828 3153 videatur,
1853 3090 2012 3143 certis
2042 3100 2088 3163 ρ

443 3195 622 3240 tamen
669 3183 799 3237 locis
842 3189 1194 3249 congruenter
1240 3180 1541 3247 apponitur.
1597 3178 1703 3234 Sed
1755 3180 2005 3249 quohiam

446 3275 815 3345 interpretatio
858 3274 1152 3336 nominum,
1190 3270 1639 3340 quemadmodum
1684 3270 1892 3340 praefati
1923 3286 2017 3326 su-

448 3384 607 3434 mus,
655 3383 741 3424 res
788 3367 940 3419 nobis
993 3364 1311 3420 secretiores
1364 3364 1600 3419 indicare
1657 3373 2015 3433 monstratur,

447 3460 584 3516 sicut
622 3460 939 3526 interpretes
980 3458 1321 3514 llebrmorum
1366 3459 1645 3514 nominum
1674 3458 1881 3513 tradere
1910 3472 2020 3512 ma-

448 3554 659 3609 luerunt
686 3570 699 3606 :
731 3552 894 3606 David
926 3551 1187 3621 signiﬁcat
1213 3566 1371 3606 manu
1404 3550 1575 3616 fortis,
1606 3553 1720 3607 sive
1749 3552 2020 3607 desidera-

449 3646 589 3710 bilis,
635 3644 773 3714 quod
815 3643 941 3698 nulli
988 3652 1160 3713 potest
1194 3643 1368 3711 aptius
1400 3644 1686 3697 convenire
1718 3658 1877 3713 quam
1906 3658 2020 3698 om—

448 3738 706 3805 nipotenti
754 3735 987 3799 Christo,
1018 3736 1109 3803 qui
1159 3743 1241 3790 est
1286 3734 1547 3791 veraciter
1594 3733 1933 3799 fortissimus,
1966 3742 2021 3789 et

450 3844 659 3882 summo
690 3824 957 3880 desiderio
986 3825 1368 3894 requirendus;
1392 3834 1716 3895 quapropter
1745 3824 1909 3879 David
1935 3824 2021 3880 hic

448 3919 827 3991 intelligendus
850 3927 931 3973 est
956 3918 1204 3972 Dominus
1228 3918 1490 3983 Christus,
1513 3917 1580 3973 de
1602 3917 1754 3986 cujus
1773 3917 2022 3986 passione

448 4011 682 4081 loquitur
714 4009 971 4079 propheta
996 4024 1008 4060 :
1033 4016 1087 4062 et
1111 4009 1222 4076 ipse
1254 4009 1507 4062 Dominus
1532 4023 1627 4063 sua
1657 4008 1819 4061 verba
1850 4009 2022 4063 dictu-

448 4116 539 4155 rus
568 4111 680 4166 est;
711 4100 850 4169 quod
882 4100 933 4152 in
961 4098 1403 4168 subsequentibus
1432 4098 1651 4167 psalmis
1694 4098 2022 4153 creberrime

450 4193 735 4259 reperitur,
769 4202 825 4246 ut
868 4193 923 4246 in
955 4192 1311 4261 appellatione
1354 4191 1519 4244 David
1565 4192 1822 4245 Dominus
1852 4190 2023 4261 possit

448 4283 691 4337 Christus
734 4282 979 4351 intelligi.
1014 4282 1079 4334 Et
1107 4296 1174 4334 ne
1204 4295 1299 4349 per
1337 4280 1613 4335 btereticas
1653 4281 2021 4336 contentiones

453 4374 735 4428 Christiani
776 4372 983 4424 animus
1029 4369 1265 4433 ﬂuctuet,
1292 4384 1450 4438 quem
1493 4378 1704 4437 oportet
1732 4371 1907 4424 omnia
1931 4384 2022 4425 ve-

452 4463 645 4518 raciter
675 4462 879 4526 tixeque
912 4458 1152 4521 credere,
1184 4459 1416 4513 nominis
1455 4459 1621 4527 ipsius
1658 4458 2021 4525 definitionem
2055 4459 2102 4519 D

451 4551 767 4605 auctoritate
812 4548 1025 4602 Patrum
1058 4548 1202 4603 brevi
1231 4549 1597 4606 satisfactione
1625 4552 2017 4607 concludimus.

454 4640 745 4695 Audiamus
771 4653 898 4708 ergo
930 4639 1141 4693 beatum
1172 4654 1234 4694 ac
1257 4640 1624 4696 doctissimum
1667 4641 2022 4711 Augustinum

454 4732 510 4787 in
542 4730 882 4802 evangelista:
908 4729 1131 4784 Joannis
1160 4731 1495 4800 expositione
1525 4733 1790 4791 dicentem
1820 4734 1888 4807 (Τ
1887 4744 2018 4788 raet.

453 4823 544 4888 78,
592 4823 646 4877 in
691 4820 875 4892 Joan.)
907 4837 921 4874 :
952 4821 1319 4890 Agnoscamus
1360 4825 1627 4893 geminam
1675 4826 2021 4880 substantiam

454 4913 676 4977 Christi,
708 4912 942 4966 divinam
973 4912 1204 4977 scilicet,
1240 4928 1343 4982 qua
1369 4914 1586 4983 aequalis
1617 4924 1697 4971 est
1723 4916 1897 4982 Patri;
1929 4915 2020 4972 bu<

459 5021 691 5071 manam,
716 5021 819 5075 qua
845 5004 1017 5075 major
1042 5014 1125 5059 est
1146 5004 1330 5071 Pater;
1351 5014 1630 5077 utrumque
1644 5017 1821 5062 autem
1844 5008 2021 5076 simul,

458 5113 564 5152 non
591 5096 717 5161 duo,
750 5095 844 5150 sed
878 5109 1016 5149 unus
1055 5106 1139 5150 est
1181 5097 1445 5165 Christus,
1478 5113 1542 5153 ne
1581 5100 1651 5153 sit
1678 5102 2025 5168 quaternitas,

458 5203 565 5242 non
593 5187 827 5241 Trinitas
868 5186 1046 5251 Deus;
1084 5202 1147 5242 ac
1184 5202 1279 5256 per
1321 5190 1423 5245 boc
1464 5191 1707 5248 Christus
1736 5201 1820 5247 est
1850 5193 2024 5263 Deus,

459 5278 635 5332 anima
685 5277 981 5343 rationalis,
1024 5286 1078 5332 et
1122 5293 1269 5334 caro.
1312 5280 1423 5347 Qua
1466 5282 1689 5338 veritate
1736 5287 2024 5354 recognita,

456 5377 824 5440 competenter
848 5368 1152 5423 mortiferos
1181 5371 1409 5425 vitamus
1436 5386 1669 5428 errores.

1020 5481 1209 5536 Divisio
1255 5482 1457 5550 psalmi.

530 5569 764 5635 Quatuor
790 5571 1047 5626 membris
1069 5572 1260 5640 psalmi
1289 5571 1445 5640 hujus
1472 5575 1675 5642 species
1701 5575 1895 5630 decora
1922 5579 2029 5634 for-

462 5667 602 5714 mata
628 5668 729 5715 est.
759 5660 813 5715 ln
845 5662 1020 5731 primo
1046 5662 1279 5732 loquitur
1301 5664 1555 5733 propheta
1586 5664 1654 5722 de
1682 5666 1879 5725 Judaeis
1908 5684 2028 5738 pro-

2109 458 2237 513 tittm
2267 458 2591 513 Judaeorum.
2615 456 2794 511 Tertio
2821 455 2961 510 dicta
2997 461 3119 508 sunt
3145 451 3353 507 Domini
3381 450 3675 507 Salvatoris

2105 550 2173 605 de
2194 548 2544 619 omnipotenti
2573 561 2737 617 regno
2782 556 2836 601 et
2863 546 2931 600 de
2961 542 3300 599 inenarrabili
3329 543 3675 613 generatione

2107 655 2242 703 sua,
2297 649 2552 709 quantum
2607 646 2783 707 potest
2835 636 3070 706 parvitas
3120 633 3352 690 humana
3415 634 3672 703 recipere.

2105 732 2305 797 Quarto
2334 732 2590 800 propheta
2618 728 2851 798 loquitur
2874 739 3221 781 commoneas
3264 725 3487 795 pepulos
3514 735 3573 779 ut
3603 725 3669 779 ad

2107 824 2269 878 (idem
2300 823 2677 887 Christianam,
2705 820 2880 890 agnita
2915 818 3126 875 Domini
3156 818 3451 887 majestate,
3481 832 3676 873 conve-

2107 915 2257 970 niant
2288 932 2300 967 :
2333 913 2565 969 scientes
2593 911 2662 967 de
2703 912 2785 965 via
2813 911 2955 979 justa
2993 923 3050 964 se
3088 922 3209 963 esse
3255 910 3542 976 perituros,
3576 906 3675 960 nisi

2105 1003 2562 1074 apprehenderint
2609 999 2881 1069 religionis
2927 998 3206 1054 catholicae
3241 996 3567 1051 verissimam
3596 993 3675 1048 di-

2106 1097 2384 1164 sciplinam
2407 1112 2420 1158 ;
2443 1094 2582 1165 quod
2608 1094 2768 1148 etiam
2798 1093 3022 1147 aliorum
3053 1089 3429 1161 prophetarum
3455 1086 3671 1143 creber-

2107 1191 2243 1244 rimo
2272 1201 2524 1243 sermone
2554 1194 2824 1240 narratur.

2630 1295 2894 1362 Expositio
2946 1294 3149 1364 psalmi.

2178 1410 2329 1465 Vers.
2361 1410 2411 1463 l.
2439 1408 2606 1473 Quare
2627 1409 2936 1480 fremuerunt
2958 1416 3151 1479 gentes,
3173 1414 3219 1458 et
3245 1402 3423 1475 populi
3448 1401 3677 1455 meditati

2106 1510 2221 1555 sunt
2250 1500 2461 1554 inania?
2486 1499 2611 1554 Haec
2648 1500 2813 1567 ﬁgura
2843 1498 3030 1553 Grajce
3064 1496 3256 1550 dicitur
3289 1504 3547 1560 erotema,
3579 1492 3678 1546 La-

2110 1595 2215 1649 tine
2241 1592 2624 1662 interrogatio;
2657 1606 2773 1659 quae
2800 1589 2979 1644 multis
3006 1587 3219 1657 quidem
3248 1585 3421 1640 modis
3451 1583 3508 1637 ﬁt
3536 1601 3547 1633 :
3584 1582 3677 1635 sed

2110 1696 2167 1741 ut
2193 1687 2259 1741 de
2290 1686 2373 1740 his
2402 1698 2565 1753 pauca
2598 1693 2881 1752 ponantur,
2910 1681 3301 1751 interrogamus
3344 1676 3557 1746 quando
3588 1674 3684 1727 ali-

2110 1778 2236 1849 quid
2266 1779 2406 1833 scire
2431 1778 2675 1831 volumus
2697 1775 2837 1844 quod
2869 1773 3259 1834 nesciebamus,
3290 1779 3347 1824 ut
3371 1776 3453 1822 est
3478 1765 3606 1821 illud
3630 1766 3683 1819 iu

2112 1868 2290 1923 futuro
2311 1868 2556 1937 psalmo:
2589 1865 2724 1931 Quot
2749 1873 2868 1917 sunt
2898 1862 3006 1916 dies
3036 1863 3160 1915 servi
3186 1860 3282 1926 tui,
3305 1859 3509 1925 quando
3535 1857 3686 1925 facies

2112 1961 2174 2012 de
2201 1956 2610 2027 persequentibus
2638 1971 2717 2008 me
2737 1954 2999 2026 judicium
3030 1950 3202 2024 (Psal.
3245 1965 3424 2014 cxvnr,
3457 1947 3581 2017 Si)?
3606 1948 3687 2000 ln-

2114 2059 2444 2117 terrogamus
2484 2048 2645 2101 etiam
2688 2060 2805 2114 quae
2836 2052 2980 2098 certe
3016 2043 3279 2105 novimus,
3310 2051 3368 2095 ut
3396 2051 3477 2094 est
3508 2039 3635 2094 illud
3668 2056 3683 2093 :

2116 2138 2362 2209 Nunquid
2392 2146 2463 2191 est
2492 2138 2543 2189 in
2578 2136 2732 2190 idolis
2765 2134 2985 2206 gentium
3022 2134 3110 2204 qui
3140 2134 3302 2201 pluat,
3337 2142 3424 2185 aut
3453 2132 3564 2184 ειειὶ
3594 2131 3687 2184 dae

2113 2229 2231 2282 bunt
2246 2227 2491 2299 pluviam,
2507 2227 2602 2280 nist
2626 2234 2679 2279 tu
2704 2224 2920 2279 uolueris
2945 2220 3075 2293 (εἶεν.
3095 2236 3206 2288 stv,
3227 2220 3350 2292 22)?
3367 2220 3459 2275 Est
3480 2233 3689 2289 quoque

2114 2317 2461 2386 interrogatio
2492 2314 2770 2384 arguendi.
2816 2312 2952 2367 sicut
2991 2312 3077 2366 hic
3121 2312 3290 2381 posita
3326 2317 3437 2374 est;
3468 2309 3690 2376 corripit

2114 2408 2257 2462 enim
2294 2406 2518 2475 pepulos
2541 2406 2824 2475 propheta,
2851 2418 2946 2457 cur
2982 2402 3275 2473 fremuerint
3300 2410 3485 2455 contra
3512 2399 3692 2453 Domi-

2116 2516 2240 2555 num
2282 2498 2635 2563 Salvatorem,
2668 2510 2788 2551 cum
2819 2509 3008 2549 causas
3039 2492 3326 2547 iracundius
3373 2507 3480 2545 non
3524 2490 3687 2544 habe-

2118 2598 2254 2644 rent.
2297 2586 2562 2643 Fremitus
2602 2587 2742 2640 enim
2792 2583 3005 2654 preprie
3034 2581 3263 2636 ferarum
3296 2588 3395 2644 est,
3426 2580 3515 2650 qui
3543 2578 3690 2649 ju~te

2118 2678 2414 2735 furentibus
2440 2677 2592 2732 datus
2614 2685 2717 2740 est,
2743 2674 2978 2744 quando,
3006 2673 3211 2727 ratione
3238 2672 3551 2742 postposita,
3571 2670 3688 2725 bel-

2118 2771 2264 2825 luino
2309 2770 2488 2824 furore
2530 2766 2774 2822 succensi
2816 2774 2958 2820 sunt.
3005 2765 3068 2819 Et
3111 2764 3358 2833 quoniam
3399 2763 3551 2816 nobis
3586 2762 3690 2817 fre-

2117 2870 2342 2933 quenter
2384 2861 2567 2931 ﬁgurae
2610 2856 2870 2927 ponendae
2906 2863 3052 2921 sunt,
3082 2863 3294 2924 oportet
3335 2856 3385 2908 in
3425 2854 3551 2920 ipsis
3584 2852 3693 2921 pri-

2120 2952 2344 3007 mordiis
2372 2950 2488 3020 ejus
2516 2949 2593 3003 rei
2618 2947 2982 3002 deﬁnitionem
3009 2946 3158 3011 dare,
3188 2954 3245 2998 ut
3273 2958 3393 2999 cum
3422 2942 3690 2998 nominata

2119 3043 2298 3105 fuerit.
2345 3043 2519 3097 valeat
2565 3040 2840 3095 evidenter
2881 3039 3121 3107 agnosci.
3166 3038 3360 3108 Figura
3405 3045 3507 3100 est,
3556 3037 3694 3090 sicut

2120 3136 2336 3191 nomine
2382 3134 2499 3203 ipso
2544 3132 2700 3186 datur
2741 3130 2996 3199 intelligi,
3052 3130 3293 3201 quasdam
3342 3128 3694 3182 conformatio

2118 3226 2371 3283 dictionis
2419 3240 2447 3278 a
2497 3224 2870 3280 communiore
2919 3233 3145 3287 remota,
3191 3238 3309 3293 quae
3352 3222 3693 3276 interioribus

2118 3317 2289 3372 oculis
2313 3316 2454 3370 velut
2482 3314 2677 3383 aliquid
2700 3315 3002 3369 vultuosum
3028 3329 3240 3383 semper
3263 3312 3505 3380 oll'ertur,
3533 3328 3694 3382 quam

2121 3408 2406 3464 traditione
2435 3407 2697 3478 majorum
2720 3406 3135 3461 ostentationem
3163 3414 3217 3461 et
3243 3404 3477 3459 habitum
3509 3416 3700 3481 possu-

2120 3515 2240 3556 mus
2268 3516 2596 3571 nuncupare.
2644 3500 2748 3556 Has
2794 3499 2954 3555 etiam
2997 3499 3157 3554 Pater
3204 3498 3532 3568 Augustinus
3579 3496 3698 3566 pul-

2121 3589 2385 3647 cherrime
2424 3590 2562 3645 inter
2603 3588 2931 3644 locutionum
2979 3586 3169 3643 modos
3208 3596 3540 3642 annumerat.
3590 3586 3699 3643 Nec

2123 3680 2253 3735 illud
2300 3695 2399 3735 nos
2446 3687 2676 3745 moveat,
2708 3693 2828 3733 cum
2876 3678 3015 3748 apud
3054 3678 3268 3733 Judtcos
3297 3687 3568 3747 ageretur,
3601 3690 3699 3732 cur

2124 3769 2399 3841 pluraliter
2440 3778 2627 3838 gentes
2672 3776 2724 3822 et
2771 3768 2952 3838 populi
2997 3768 3155 3837 positi
3203 3783 3324 3822 esse
3374 3766 3693 3821 videantur:

2120 3859 2314 3930 legitur
2355 3858 2496 3912 enim
2537 3858 2591 3911 in
2634 3856 2851 3911 Actibus
2898 3856 3313 3926 apostolorum:
3354 3854 3701 3908 Conveneruut

2122 3956 2258 4006 enim
2303 3966 2413 4004 vere
2459 3952 2511 4002 in
2561 3950 2655 4002 hac
2702 3950 2902 4003 ciuitate
2940 3947 3179 4001 adversus
3224 3956 3455 4000 sanctum
3502 3943 3701 3998 Filium

2124 4052 2291 4106 tuum,
2319 4057 2468 4111 quem
2497 4041 2713 4107 unxisti,
2748 4039 2979 4093 Herodes
3010 4047 3057 4092 et
3097 4039 3298 4093 Pilatus
3328 4053 3442 4090 cum
3472 4037 3698 4088 nationi-

2125 4135 2214 4187 bus
2239 4141 2284 4186 et
2309 4131 2508 4201 pupulis
2538 4130 2704 4184 Israel
2738 4132 2875 4200 (Act.
2906 4146 2978 4197 tv,
3010 4130 3122 4198 27).
3161 4129 3397 4183 Meditati
3425 4137 3543 4182 sunt
3570 4142 3701 4197 quo-

2123 4239 2227 4293 que
2264 4225 2460 4286 inania,
2491 4224 2610 4291 quia
2662 4222 2967 4289 Scripturas
3007 4222 3210 4275 divinas
3253 4222 3370 4274 sine
3413 4220 3583 4274 fructu
3615 4221 3700 4273 in—

2125 4310 2430 4379 telligentire
2484 4310 2789 4377 frequenter
2851 4308 3131 4361 iterabant.
3191 4308 3568 4375 PrOphetatum
3621 4318 3701 4362 cst

2125 4401 2265 4456 enim
2290 4401 2343 4454 in
2365 4398 2658 4452 innumeris
2685 4396 2817 4451 locis
2838 4396 2903 4450 de
2920 4395 3144 4450 Domino
3163 4395 3434 4450 Salvatore
3455 4396 3697 4450 Messiam

2127 4506 2247 4546 esse
2270 4499 2577 4555 venturum,
2608 4502 2762 4557 quem
2792 4487 2867 4541 illi
2896 4486 3124 4541 maximo
3150 4501 3332 4540 errore
3361 4485 3564 4551 decepti
3594 4500 3696 4543 non

2128 4583 2359 4647 venisse,
2392 4580 2483 4635 sed
2514 4578 2687 4634 adhuc
2727 4584 3005 4631 venturum
3045 4590 3166 4631 esse
3192 4575 3482 4630 conﬁdunt.
3515 4576 3698 4630 Merito

2128 4691 2255 4745 ergo
2282 4677 2458 4730 inania
2488 4672 2861 4727 meditabantur
2886 4670 2974 4740 qui
3005 4667 3121 4739 ejus
3146 4668 3426 4722 adventum
3459 4667 3698 4722 fructuo-

2128 4781 2245 4821 sum
2268 4778 2596 4835 nequaquam
2624 4761 2921 4831 intelligere
2950 4768 3251 4829 potuerunt.

2202 4856 2352 4911 Vers.
2385 4856 2439 4909 ε.
2485 4855 2760 4908 Astiterunt
2794 4870 2934 4923 reges
2963 4862 3131 4917 terrm,
3160 4859 3205 4903 et
3245 4851 3497 4918 principes
3524 4866 3704 4905 conve-
3786 4854 3791 4859 ’

2129 4958 2310 5002 nerunt
2353 4950 2404 4999 in
2444 4961 2603 4998 unum
2633 4946 2873 4997 adversus
2902 4941 3180 4995 Dominum
3209 4950 3255 4994 et
3290 4940 3528 4993 adversus
3554 4939 3705 4993 Chri-

2129 5049 2263 5095 stum
2290 5042 2420 5112 ejus.
2448 5038 2748 5104 Astiterunt,
2778 5052 2882 5089 non
2928 5033 3264 5103 przesentiam
3297 5031 3576 5101 signiﬁcat,
3608 5032 3701 5087 scd

2131 5130 2482 5184 voluntatem.
2534 5128 2664 5181 Nam
2711 5126 3012 5195 passionem
3045 5123 3254 5178 Domini
3292 5130 3501 5177 constat
3526 5137 3704 5177 coram

2130 5222 2340 5292 regibus
2358 5220 2664 5275 omnimodo
2678 5234 2780 5273 non
2800 5216 2981 5273 fuisse.
3006 5219 3165 5291 Reges
3180 5225 3355 5271 autem
3370 5227 3517 5270 terra:
3537 5216 3704 5271 llero-

2140 5311 2261 5365 dem
2293 5310 2400 5363 vult
2428 5309 2670 5379 intelligi,
2694 5308 2784 5379 qui
2811 5308 3178 5377 persequendo
3204 5306 3479 5362 Dominum
3503 5308 3708 5363 necavit

2139 5399 2395 5463 infantes;
2442 5399 2666 5453 alterum
2712 5413 2839 5453 vero
2885 5398 3147 5453 Herodem
3175 5406 3421 5467 nepotem
3452 5396 3586 5464 ejus,
3617 5398 3706 5464 qui

2141 5490 2326 5544 Pontio
2371 5489 2538 5544 Pilato
2580 5489 2632 5543 in
2677 5489 2966 5544 Salvatoris
3012 5503 3143 5544 nece
3186 5487 3474 5544 consensit.
3519 5486 3706 5541 Mv'rito

2139 5596 2265 5650 ergo
2290 5581 2505 5633 astitisse
2527 5580 2652 5634 dicti
2684 5589 2824 5647 sunt,
2853 5582 2939 5648 qui
2968 5580 3241 5649 sacrilegis
3280 5577 3544 5633 mentibus
3571 5592 3703 5632 con-

2137 5670 2427 5725 sentientes
2453 5671 2508 5726 iu
2536 5685 2640 5726 uno
2666 5670 2869 5727 scelere
2896 5677 3275 5728 convenerunt.
3304 5668 3576 5738 Principes
3601 5682 3701 5723 au-
