  <div class='ocr_page' id='page_1' title='image "/cluster/home/n/w/nwhite01/storage/ocr_20150623/70/hvd.32044054758735/024.png"; bbox 0 0 4008 6182; ppageno 0'>
   <div class='ocr_carea' id='block_1_1' title="bbox 295 242 3544 338">
    <p class='ocr_par' dir='ltr' id='par_1_1' title="bbox 295 242 3544 338">
     <span class='ocr_line' id='line_1_1' title="bbox 295 242 3544 338; baseline 0.005 -17"><span class='ocrx_word' id='word_1_1' title='bbox 295 284 362 338; x_wconf 71' lang='grc' dir='ltr'><strong>εει</strong></span> <span class='ocrx_word' id='word_1_2' title='bbox 1277 273 1632 330; x_wconf 74' lang='lat' dir='ltr'><strong>exrosmo</strong></span> <span class='ocrx_word' id='word_1_3' title='bbox 1669 272 1737 329; x_wconf 78' lang='lat' dir='ltr'><strong>IN</strong></span> <span class='ocrx_word' id='word_1_4' title='bbox 1776 272 2235 330; x_wconf 64' lang='lat' dir='ltr'><strong>assummum.</strong></span> <span class='ocrx_word' id='word_1_5' title='bbox 2279 273 2468 328; x_wconf 78' lang='lat' dir='ltr'><strong>l&#39;SAL.</strong></span> <span class='ocrx_word' id='word_1_6' title='bbox 2514 242 2614 330; x_wconf 63' lang='lat' dir='ltr'><strong>u.’</strong></span> <span class='ocrx_word' id='word_1_7' title='bbox 3478 283 3544 337; x_wconf 77' lang='lat' dir='ltr'><strong>ss</strong></span> 
     </span>
    </p>
   </div>
   <div class='ocr_carea' id='block_1_2' title="bbox 296 386 3536 458">
    <p class='ocr_par' dir='ltr' id='par_1_2' title="bbox 296 386 3536 458">
     <span class='ocr_line' id='line_1_2' title="bbox 296 386 3536 458; baseline -0.001 -6"><span class='ocrx_word' id='word_1_8' title='bbox 296 412 405 455; x_wconf 87' lang='lat' dir='ltr'><strong>tem</strong></span> <span class='ocrx_word' id='word_1_9' title='bbox 431 397 493 452; x_wconf 86' lang='lat' dir='ltr'><strong>de</strong></span> <span class='ocrx_word' id='word_1_10' title='bbox 522 393 806 449; x_wconf 72' lang='lat' dir='ltr'><strong>Pharisteis</strong></span> <span class='ocrx_word' id='word_1_11' title='bbox 843 392 989 447; x_wconf 92' lang='lat' dir='ltr'><strong>dicit.</strong></span> <span class='ocrx_word' id='word_1_12' title='bbox 1037 391 1223 448; x_wconf 87' lang='lat' dir='ltr'><strong>Sermo</strong></span> <span class='ocrx_word' id='word_1_13' title='bbox 1264 392 1408 446; x_wconf 89' lang='lat' dir='ltr'><strong>enim</strong></span> <span class='ocrx_word' id='word_1_14' title='bbox 1453 390 1555 445; x_wconf 86' lang='lat' dir='ltr'><strong>iste</strong></span> <span class='ocrx_word' id='word_1_15' title='bbox 1603 389 1866 444; x_wconf 91' lang='lat' dir='ltr'><strong>interdum</strong></span> <span class='ocrx_word' id='word_1_16' title='bbox 1896 394 1947 454; x_wconf 73' lang='grc' dir='ltr'><strong>Δ</strong></span> <span class='ocrx_word' id='word_1_17' title='bbox 1978 395 2186 456; x_wconf 98' lang='lat' dir='ltr'><strong>tempus</strong></span> <span class='ocrx_word' id='word_1_18' title='bbox 2232 386 2513 456; x_wconf 81' lang='lat' dir='ltr'><strong>signiﬁcat,</strong></span> <span class='ocrx_word' id='word_1_19' title='bbox 2554 401 2672 442; x_wconf 92' lang='lat' dir='ltr'><strong>cum</strong></span> <span class='ocrx_word' id='word_1_20' title='bbox 2710 387 2952 458; x_wconf 81' lang='lat' dir='ltr'><strong>judicare</strong></span> <span class='ocrx_word' id='word_1_21' title='bbox 2998 392 3206 450; x_wconf 88' lang='lat' dir='ltr'><strong>venerit</strong></span> <span class='ocrx_word' id='word_1_22' title='bbox 3260 394 3536 450; x_wconf 90' lang='lat' dir='ltr'><strong>mundum.</strong></span> 
     </span>
    </p>
   </div>
   <div class='ocr_carea' id='block_1_3' title="bbox 291 482 1866 554">
    <p class='ocr_par' dir='ltr' id='par_1_3' title="bbox 291 482 1866 554">
     <span class='ocr_line' id='line_1_3' title="bbox 291 482 1866 554; baseline -0.007 -8"><span class='ocrx_word' id='word_1_23' title='bbox 291 504 466 554; x_wconf 78' lang='lat' dir='ltr'><strong>reges,</strong></span> <span class='ocrx_word' id='word_1_24' title='bbox 509 484 775 541; x_wconf 84' lang='lat' dir='ltr'><strong>interdum</strong></span> <span class='ocrx_word' id='word_1_25' title='bbox 830 483 1096 553; x_wconf 78' lang='lat' dir='ltr'><strong>significat</strong></span> <span class='ocrx_word' id='word_1_26' title='bbox 1144 483 1369 552; x_wconf 90' lang='lat' dir='ltr'><strong>priores.</strong></span> <span class='ocrx_word' id='word_1_27' title='bbox 1425 482 1676 553; x_wconf 83' lang='lat' dir='ltr'><strong>Princeps</strong></span> <span class='ocrx_word' id='word_1_28' title='bbox 1723 482 1866 536; x_wconf 86' lang='lat' dir='ltr'><strong>enim</strong></span> 
     </span>
    </p>
   </div>
   <div class='ocr_carea' id='block_1_4' title="bbox 294 573 1863 646">
    <p class='ocr_par' dir='ltr' id='par_1_4' title="bbox 294 573 1863 646">
     <span class='ocr_line' id='line_1_4' title="bbox 294 573 1863 646; baseline -0.007 -12"><span class='ocrx_word' id='word_1_29' title='bbox 294 581 464 635; x_wconf 88' lang='lat' dir='ltr'><strong>dictus</strong></span> <span class='ocrx_word' id='word_1_30' title='bbox 484 588 568 632; x_wconf 87' lang='lat' dir='ltr'><strong>est</strong></span> <span class='ocrx_word' id='word_1_31' title='bbox 594 576 745 646; x_wconf 73' lang='lat' dir='ltr'><strong>quasi</strong></span> <span class='ocrx_word' id='word_1_32' title='bbox 779 576 945 645; x_wconf 85' lang='lat' dir='ltr'><strong>prima</strong></span> <span class='ocrx_word' id='word_1_33' title='bbox 971 575 1203 642; x_wconf 88' lang='lat' dir='ltr'><strong>capiens.</strong></span> <span class='ocrx_word' id='word_1_34' title='bbox 1238 573 1581 627; x_wconf 80' lang='lat' dir='ltr'><strong>Cnnvenerunt</strong></span> <span class='ocrx_word' id='word_1_35' title='bbox 1608 575 1659 626; x_wconf 86' lang='lat' dir='ltr'><strong>in</strong></span> <span class='ocrx_word' id='word_1_36' title='bbox 1686 589 1863 639; x_wconf 83' lang='lat' dir='ltr'><strong>unum,</strong></span> 
     </span>
    </p>
   </div>
   <div class='ocr_carea' id='block_1_5' title="bbox 292 665 1863 731">
    <p class='ocr_par' dir='ltr' id='par_1_5' title="bbox 292 665 1863 731">
     <span class='ocr_line' id='line_1_5' title="bbox 292 665 1863 731; baseline -0.004 -7"><span class='ocrx_word' id='word_1_37' title='bbox 292 673 343 724; x_wconf 90' lang='lat' dir='ltr'><strong>in</strong></span> <span class='ocrx_word' id='word_1_38' title='bbox 374 684 532 723; x_wconf 82' lang='lat' dir='ltr'><strong>unam</strong></span> <span class='ocrx_word' id='word_1_39' title='bbox 563 669 908 731; x_wconf 81' lang='lat' dir='ltr'><strong>voluntatem,</strong></span> <span class='ocrx_word' id='word_1_40' title='bbox 941 680 1043 718; x_wconf 89' lang='lat' dir='ltr'><strong>non</strong></span> <span class='ocrx_word' id='word_1_41' title='bbox 1074 665 1126 719; x_wconf 90' lang='lat' dir='ltr'><strong>in</strong></span> <span class='ocrx_word' id='word_1_42' title='bbox 1160 680 1320 718; x_wconf 90' lang='lat' dir='ltr'><strong>unum</strong></span> <span class='ocrx_word' id='word_1_43' title='bbox 1349 674 1666 719; x_wconf 83' lang='lat' dir='ltr'><strong>conventum</strong></span> <span class='ocrx_word' id='word_1_44' title='bbox 1701 680 1713 714; x_wconf 77' lang='grc' dir='ltr'><strong>ι</strong></span> <span class='ocrx_word' id='word_1_45' title='bbox 1745 677 1863 717; x_wconf 87' lang='lat' dir='ltr'><strong>nam</strong></span> 
     </span>
    </p>
   </div>
   <div class='ocr_carea' id='block_1_6' title="bbox 295 754 1866 823">
    <p class='ocr_par' dir='ltr' id='par_1_6' title="bbox 295 754 1866 823">
     <span class='ocr_line' id='line_1_6' title="bbox 295 754 1866 823; baseline -0.006 -7"><span class='ocrx_word' id='word_1_46' title='bbox 295 762 516 817; x_wconf 75' lang='lat' dir='ltr'><strong>diversis</strong></span> <span class='ocrx_word' id='word_1_47' title='bbox 544 758 910 813; x_wconf 82' lang='lat' dir='ltr'><strong>conciliabulis</strong></span> <span class='ocrx_word' id='word_1_48' title='bbox 956 757 1055 809; x_wconf 92' lang='lat' dir='ltr'><strong>hoc</strong></span> <span class='ocrx_word' id='word_1_49' title='bbox 1094 755 1266 810; x_wconf 86' lang='lat' dir='ltr'><strong>scelus</strong></span> <span class='ocrx_word' id='word_1_50' title='bbox 1294 755 1536 823; x_wconf 84' lang='lat' dir='ltr'><strong>leguntur</strong></span> <span class='ocrx_word' id='word_1_51' title='bbox 1568 754 1727 809; x_wconf 80' lang='lat' dir='ltr'><strong>fuisse</strong></span> <span class='ocrx_word' id='word_1_52' title='bbox 1755 770 1866 807; x_wconf 87' lang='lat' dir='ltr'><strong>ma-</strong></span> 
     </span>
    </p>
   </div>
   <div class='ocr_carea' id='block_1_7' title="bbox 294 842 1864 915">
    <p class='ocr_par' dir='ltr' id='par_1_7' title="bbox 294 842 1864 915">
     <span class='ocr_line' id='line_1_7' title="bbox 294 842 1864 915; baseline -0.005 -11"><span class='ocrx_word' id='word_1_53' title='bbox 294 850 513 905; x_wconf 84' lang='lat' dir='ltr'><strong>chinati.</strong></span> <span class='ocrx_word' id='word_1_54' title='bbox 562 847 666 901; x_wconf 87' lang='lat' dir='ltr'><strong>Sed</strong></span> <span class='ocrx_word' id='word_1_55' title='bbox 721 857 778 900; x_wconf 93' lang='lat' dir='ltr'><strong>ut</strong></span> <span class='ocrx_word' id='word_1_56' title='bbox 820 846 1140 915; x_wconf 85' lang='lat' dir='ltr'><strong>iutelligeres</strong></span> <span class='ocrx_word' id='word_1_57' title='bbox 1192 842 1438 912; x_wconf 78' lang='lat' dir='ltr'><strong>injuriam</strong></span> <span class='ocrx_word' id='word_1_58' title='bbox 1493 843 1609 897; x_wconf 85' lang='lat' dir='ltr'><strong>Filii</strong></span> <span class='ocrx_word' id='word_1_59' title='bbox 1658 843 1864 896; x_wconf 79' lang='lat' dir='ltr'><strong>Patrem</strong></span> 
     </span>
    </p>
   </div>
   <div class='ocr_carea' id='block_1_8' title="bbox 296 933 1866 1011">
    <p class='ocr_par' dir='ltr' id='par_1_8' title="bbox 296 933 1866 1011">
     <span class='ocr_line' id='line_1_8' title="bbox 296 933 1866 1011; baseline -0.006 -15"><span class='ocrx_word' id='word_1_60' title='bbox 296 955 453 1011; x_wconf 83' lang='lat' dir='ltr'><strong>posse</strong></span> <span class='ocrx_word' id='word_1_61' title='bbox 495 939 783 1007; x_wconf 82' lang='lat' dir='ltr'><strong>reSpicere,</strong></span> <span class='ocrx_word' id='word_1_62' title='bbox 827 947 1108 1006; x_wconf 89' lang='lat' dir='ltr'><strong>utrumque</strong></span> <span class='ocrx_word' id='word_1_63' title='bbox 1156 938 1375 1004; x_wconf 83' lang='lat' dir='ltr'><strong>posuit:</strong></span> <span class='ocrx_word' id='word_1_64' title='bbox 1410 939 1647 989; x_wconf 84' lang='lat' dir='ltr'><strong>adversus</strong></span> <span class='ocrx_word' id='word_1_65' title='bbox 1688 933 1866 987; x_wconf 89' lang='lat' dir='ltr'><strong>Domi-</strong></span> 
     </span>
    </p>
   </div>
   <div class='ocr_carea' id='block_1_9' title="bbox 298 1023 1866 1094">
    <p class='ocr_par' dir='ltr' id='par_1_9' title="bbox 298 1023 1866 1094">
     <span class='ocr_line' id='line_1_9' title="bbox 298 1023 1866 1094; baseline -0.003 -11"><span class='ocrx_word' id='word_1_66' title='bbox 298 1048 435 1094; x_wconf 74' lang='lat' dir='ltr'><strong>num,</strong></span> <span class='ocrx_word' id='word_1_67' title='bbox 465 1028 516 1084; x_wconf 89' lang='lat' dir='ltr'><strong>id</strong></span> <span class='ocrx_word' id='word_1_68' title='bbox 546 1037 629 1084; x_wconf 80' lang='lat' dir='ltr'><strong>est</strong></span> <span class='ocrx_word' id='word_1_69' title='bbox 661 1028 901 1091; x_wconf 80' lang='lat' dir='ltr'><strong>Patrem;</strong></span> <span class='ocrx_word' id='word_1_70' title='bbox 931 1038 978 1081; x_wconf 88' lang='lat' dir='ltr'><strong>et</strong></span> <span class='ocrx_word' id='word_1_71' title='bbox 1014 1028 1249 1079; x_wconf 83' lang='lat' dir='ltr'><strong>adversus</strong></span> <span class='ocrx_word' id='word_1_72' title='bbox 1292 1025 1543 1079; x_wconf 79' lang='lat' dir='ltr'><strong>Christum</strong></span> <span class='ocrx_word' id='word_1_73' title='bbox 1587 1027 1716 1094; x_wconf 83' lang='lat' dir='ltr'><strong>ejus,</strong></span> <span class='ocrx_word' id='word_1_74' title='bbox 1765 1023 1866 1079; x_wconf 91' lang='lat' dir='ltr'><strong>hoc</strong></span> 
     </span>
    </p>
   </div>
   <div class='ocr_carea' id='block_1_10' title="bbox 297 1118 1865 1189">
    <p class='ocr_par' dir='ltr' id='par_1_10' title="bbox 297 1118 1865 1189">
     <span class='ocr_line' id='line_1_10' title="bbox 297 1118 1865 1189; baseline -0.004 -12"><span class='ocrx_word' id='word_1_75' title='bbox 297 1134 378 1177; x_wconf 88' lang='lat' dir='ltr'><strong>est</strong></span> <span class='ocrx_word' id='word_1_76' title='bbox 424 1123 634 1187; x_wconf 82' lang='lat' dir='ltr'><strong>Filium,</strong></span> <span class='ocrx_word' id='word_1_77' title='bbox 668 1122 803 1177; x_wconf 83' lang='lat' dir='ltr'><strong>sicut</strong></span> <span class='ocrx_word' id='word_1_78' title='bbox 833 1122 945 1189; x_wconf 85' lang='lat' dir='ltr'><strong>ipse</strong></span> <span class='ocrx_word' id='word_1_79' title='bbox 993 1120 1045 1174; x_wconf 89' lang='lat' dir='ltr'><strong>in</strong></span> <span class='ocrx_word' id='word_1_80' title='bbox 1092 1119 1378 1189; x_wconf 80' lang='lat' dir='ltr'><strong>Evangelia</strong></span> <span class='ocrx_word' id='word_1_81' title='bbox 1414 1118 1540 1171; x_wconf 80' lang='lat' dir='ltr'><strong>dicit</strong></span> <span class='ocrx_word' id='word_1_82' title='bbox 1572 1135 1584 1168; x_wconf 89' lang='lat'>:</span> <span class='ocrx_word' id='word_1_83' title='bbox 1617 1118 1719 1181; x_wconf 83' lang='lat' dir='ltr'><strong>Qui</strong></span> <span class='ocrx_word' id='word_1_84' title='bbox 1765 1133 1865 1170; x_wconf 88' lang='lat' dir='ltr'><strong>non</strong></span> 
     </span>
    </p>
   </div>
   <div class='ocr_carea' id='block_1_11' title="bbox 302 1208 1865 1279">
    <p class='ocr_par' dir='ltr' id='par_1_11' title="bbox 302 1208 1865 1279">
     <span class='ocr_line' id='line_1_11' title="bbox 302 1208 1865 1279; baseline -0.001 -16"><span class='ocrx_word' id='word_1_85' title='bbox 302 1211 600 1275; x_wconf 51' lang='lat' dir='ltr'><strong>honoriﬁci-4</strong></span> <span class='ocrx_word' id='word_1_86' title='bbox 632 1210 846 1272; x_wconf 72' lang='lat' dir='ltr'><strong>Filium,</strong></span> <span class='ocrx_word' id='word_1_87' title='bbox 877 1227 981 1263; x_wconf 84' lang='lat' dir='ltr'><strong>non</strong></span> <span class='ocrx_word' id='word_1_88' title='bbox 1020 1210 1317 1279; x_wconf 80' lang='lat' dir='ltr'><strong>honoriﬁcat</strong></span> <span class='ocrx_word' id='word_1_89' title='bbox 1361 1209 1564 1263; x_wconf 86' lang='lat' dir='ltr'><strong>Patrem</strong></span> <span class='ocrx_word' id='word_1_90' title='bbox 1595 1210 1680 1276; x_wconf 90' lang='lat' dir='ltr'><strong>qui</strong></span> <span class='ocrx_word' id='word_1_91' title='bbox 1730 1208 1865 1261; x_wconf 81' lang='lat' dir='ltr'><strong>misit</strong></span> 
     </span>
    </p>
   </div>
   <div class='ocr_carea' id='block_1_12' title="bbox 300 1300 875 1371">
    <p class='ocr_par' dir='ltr' id='par_1_12' title="bbox 300 1300 875 1371">
     <span class='ocr_line' id='line_1_12' title="bbox 300 1300 875 1371; baseline -0.002 -16"><span class='ocrx_word' id='word_1_92' title='bbox 300 1303 444 1355; x_wconf 82' lang='lat' dir='ltr'><strong>illum</strong></span> <span class='ocrx_word' id='word_1_93' title='bbox 472 1300 645 1371; x_wconf 78' lang='lat' dir='ltr'><strong>(loon.</strong></span> <span class='ocrx_word' id='word_1_94' title='bbox 684 1317 734 1359; x_wconf 85' lang='lat' dir='ltr'><strong>v,</strong></span> <span class='ocrx_word' id='word_1_95' title='bbox 760 1301 875 1368; x_wconf 73' lang='grc'><strong>25).</strong></span> 
     </span>
    </p>
   </div>
   <div class='ocr_carea' id='block_1_13' title="bbox 377 1390 1865 1457">
    <p class='ocr_par' dir='ltr' id='par_1_13' title="bbox 377 1390 1865 1457">
     <span class='ocr_line' id='line_1_13' title="bbox 377 1390 1865 1457; baseline 0.003 -18"><span class='ocrx_word' id='word_1_96' title='bbox 377 1392 523 1445; x_wconf 73' lang='lat' dir='ltr'><strong>\‘ers.</strong></span> <span class='ocrx_word' id='word_1_97' title='bbox 556 1393 609 1445; x_wconf 79' lang='grc'><strong>3.</strong></span> <span class='ocrx_word' id='word_1_98' title='bbox 644 1390 1036 1457; x_wconf 76' lang='grc' dir='ltr'><strong>Οἰδνιιηιραηιυε</strong></span> <span class='ocrx_word' id='word_1_99' title='bbox 1072 1392 1271 1444; x_wconf 81' lang='lat' dir='ltr'><strong>vincula</strong></span> <span class='ocrx_word' id='word_1_100' title='bbox 1298 1407 1494 1445; x_wconf 87' lang='lat' dir='ltr'><strong>eorunt.</strong></span> <span class='ocrx_word' id='word_1_101' title='bbox 1529 1390 1700 1446; x_wconf 85' lang='lat' dir='ltr'><strong>Verba</strong></span> <span class='ocrx_word' id='word_1_102' title='bbox 1744 1400 1865 1444; x_wconf 86' lang='lat' dir='ltr'><strong>sunt</strong></span> 
     </span>
    </p>
   </div>
   <div class='ocr_carea' id='block_1_14' title="bbox 303 1482 1865 1551">
    <p class='ocr_par' dir='ltr' id='par_1_14' title="bbox 303 1482 1865 1551">
     <span class='ocr_line' id='line_1_14' title="bbox 303 1482 1865 1551; baseline 0 -14"><span class='ocrx_word' id='word_1_103' title='bbox 303 1484 395 1537; x_wconf 58' lang='lat' dir='ltr'><strong>ista</strong></span> <span class='ocrx_word' id='word_1_104' title='bbox 440 1482 764 1537; x_wconf 88' lang='lat' dir='ltr'><strong>dementium</strong></span> <span class='ocrx_word' id='word_1_105' title='bbox 814 1482 1136 1538; x_wconf 64' lang='lat' dir='ltr'><strong>indecorum.</strong></span> <span class='ocrx_word' id='word_1_106' title='bbox 1187 1483 1440 1538; x_wconf 85' lang='lat' dir='ltr'><strong>Dicebant</strong></span> <span class='ocrx_word' id='word_1_107' title='bbox 1483 1484 1704 1548; x_wconf 86' lang='lat' dir='ltr'><strong>vincula,</strong></span> <span class='ocrx_word' id='word_1_108' title='bbox 1745 1498 1865 1551; x_wconf 70' lang='lat' dir='ltr'><strong>qua:</strong></span> 
     </span>
    </p>
   </div>
   <div class='ocr_carea' id='block_1_15' title="bbox 305 1574 1866 1644">
    <p class='ocr_par' dir='ltr' id='par_1_15' title="bbox 305 1574 1866 1644">
     <span class='ocr_line' id='line_1_15' title="bbox 305 1574 1866 1644; baseline 0.002 -18"><span class='ocrx_word' id='word_1_109' title='bbox 305 1575 478 1642; x_wconf 86' lang='lat' dir='ltr'><strong>potius</strong></span> <span class='ocrx_word' id='word_1_110' title='bbox 525 1584 733 1641; x_wconf 88' lang='lat' dir='ltr'><strong>peccata</strong></span> <span class='ocrx_word' id='word_1_111' title='bbox 780 1575 1077 1629; x_wconf 80' lang='lat' dir='ltr'><strong>solvebant.</strong></span> <span class='ocrx_word' id='word_1_112' title='bbox 1118 1574 1209 1631; x_wconf 90' lang='lat' dir='ltr'><strong>Sic</strong></span> <span class='ocrx_word' id='word_1_113' title='bbox 1254 1574 1394 1631; x_wconf 90' lang='lat' dir='ltr'><strong>enim</strong></span> <span class='ocrx_word' id='word_1_114' title='bbox 1447 1585 1763 1644; x_wconf 80' lang='lat' dir='ltr'><strong>putaverunt</strong></span> <span class='ocrx_word' id='word_1_115' title='bbox 1807 1590 1866 1629; x_wconf 88' lang='lat' dir='ltr'><strong>se</strong></span> 
     </span>
    </p>
   </div>
   <div class='ocr_carea' id='block_1_16' title="bbox 308 1662 1866 1735">
    <p class='ocr_par' dir='ltr' id='par_1_16' title="bbox 308 1662 1866 1735">
     <span class='ocr_line' id='line_1_16' title="bbox 308 1662 1866 1735; baseline 0.003 -20"><span class='ocrx_word' id='word_1_116' title='bbox 308 1662 505 1715; x_wconf 64' lang='lat' dir='ltr'><strong>riuulo</strong></span> <span class='ocrx_word' id='word_1_117' title='bbox 542 1664 632 1718; x_wconf 78' lang='lat' dir='ltr'><strong>ista</strong></span> <span class='ocrx_word' id='word_1_118' title='bbox 672 1665 1004 1734; x_wconf 80' lang='lat' dir='ltr'><strong>disrumpere,</strong></span> <span class='ocrx_word' id='word_1_119' title='bbox 1052 1666 1098 1720; x_wconf 88' lang='lat' dir='ltr'><strong>si</strong></span> <span class='ocrx_word' id='word_1_120' title='bbox 1143 1667 1194 1720; x_wconf 91' lang='lat' dir='ltr'><strong>in</strong></span> <span class='ocrx_word' id='word_1_121' title='bbox 1244 1676 1620 1735; x_wconf 66' lang='lat' dir='ltr'><strong>praeceptorem</strong></span> <span class='ocrx_word' id='word_1_122' title='bbox 1655 1666 1784 1734; x_wconf 83' lang='lat' dir='ltr'><strong>legis</strong></span> <span class='ocrx_word' id='word_1_123' title='bbox 1812 1674 1866 1722; x_wconf 90' lang='lat' dir='ltr'><strong>et</strong></span> 
     </span>
    </p>
   </div>
   <div class='ocr_carea' id='block_1_17' title="bbox 1972 478 3543 555">
    <p class='ocr_par' dir='ltr' id='par_1_17' title="bbox 1972 478 3543 555">
     <span class='ocr_line' id='line_1_17' title="bbox 1972 478 3543 555; baseline 0.006 -23"><span class='ocrx_word' id='word_1_124' title='bbox 1972 478 2160 532; x_wconf 84' lang='lat' dir='ltr'><strong>Merito</strong></span> <span class='ocrx_word' id='word_1_125' title='bbox 2184 492 2311 546; x_wconf 82' lang='lat' dir='ltr'><strong>ergo</strong></span> <span class='ocrx_word' id='word_1_126' title='bbox 2342 478 2415 530; x_wconf 88' lang='lat' dir='ltr'><strong>ira</strong></span> <span class='ocrx_word' id='word_1_127' title='bbox 2445 487 2497 532; x_wconf 92' lang='lat' dir='ltr'><strong>et</strong></span> <span class='ocrx_word' id='word_1_128' title='bbox 2529 479 2671 533; x_wconf 91' lang='lat' dir='ltr'><strong>furor</strong></span> <span class='ocrx_word' id='word_1_129' title='bbox 2709 479 2923 547; x_wconf 90' lang='lat' dir='ltr'><strong>dicitur,</strong></span> <span class='ocrx_word' id='word_1_130' title='bbox 2953 488 3169 553; x_wconf 80' lang='lat' dir='ltr'><strong>quando</strong></span> <span class='ocrx_word' id='word_1_131' title='bbox 3215 487 3392 539; x_wconf 84' lang='lat' dir='ltr'><strong>omnia</strong></span> <span class='ocrx_word' id='word_1_132' title='bbox 3421 500 3543 555; x_wconf 87' lang='lat' dir='ltr'><strong>pec-</strong></span> 
     </span>
    </p>
   </div>
   <div class='ocr_carea' id='block_1_18' title="bbox 1969 570 3430 644">
    <p class='ocr_par' dir='ltr' id='par_1_18' title="bbox 1969 570 3430 644">
     <span class='ocr_line' id='line_1_18' title="bbox 1969 570 3430 644; baseline 0.005 -19"><span class='ocrx_word' id='word_1_133' title='bbox 1969 571 2243 625; x_wconf 89' lang='lat' dir='ltr'><strong>catoribus</strong></span> <span class='ocrx_word' id='word_1_134' title='bbox 2271 570 2574 634; x_wconf 67' lang='lat' dir='ltr'><strong>obstinatis,</strong></span> <span class='ocrx_word' id='word_1_135' title='bbox 2605 572 2714 626; x_wconf 89' lang='lat' dir='ltr'><strong>suis</strong></span> <span class='ocrx_word' id='word_1_136' title='bbox 2736 574 2942 628; x_wconf 88' lang='lat' dir='ltr'><strong>meritis</strong></span> <span class='ocrx_word' id='word_1_137' title='bbox 2968 587 3088 644; x_wconf 85' lang='lat' dir='ltr'><strong>apta</strong></span> <span class='ocrx_word' id='word_1_138' title='bbox 3118 577 3430 631; x_wconf 90' lang='lat' dir='ltr'><strong>redduntur.</strong></span> 
     </span>
    </p>
   </div>
   <div class='ocr_carea' id='block_1_19' title="bbox 2044 660 3533 730">
    <p class='ocr_par' dir='ltr' id='par_1_19' title="bbox 2044 660 3533 730">
     <span class='ocr_line' id='line_1_19' title="bbox 2044 660 3533 730; baseline 0.008 -21"><span class='ocrx_word' id='word_1_139' title='bbox 2044 662 2190 714; x_wconf 81' lang='lat' dir='ltr'><strong>\‘ers.</strong></span> <span class='ocrx_word' id='word_1_140' title='bbox 2219 661 2270 714; x_wconf 82' lang='lat'><strong>6.</strong></span> <span class='ocrx_word' id='word_1_141' title='bbox 2308 660 2416 730; x_wconf 80' lang='lat' dir='ltr'><strong>Ego</strong></span> <span class='ocrx_word' id='word_1_142' title='bbox 2461 677 2627 714; x_wconf 79' lang='lat' dir='ltr'><strong>autem</strong></span> <span class='ocrx_word' id='word_1_143' title='bbox 2658 665 2963 718; x_wconf 80' lang='lat' dir='ltr'><strong>constitutus</strong></span> <span class='ocrx_word' id='word_1_144' title='bbox 3002 683 3113 718; x_wconf 81' lang='lat' dir='ltr'><strong>sum</strong></span> <span class='ocrx_word' id='word_1_145' title='bbox 3145 683 3233 720; x_wconf 72' lang='lat' dir='ltr'><strong>rex</strong></span> <span class='ocrx_word' id='word_1_146' title='bbox 3259 669 3322 720; x_wconf 84' lang='lat' dir='ltr'><strong>ab</strong></span> <span class='ocrx_word' id='word_1_147' title='bbox 3354 685 3412 722; x_wconf 88' lang='lat' dir='ltr'><strong>eo</strong></span> <span class='ocrx_word' id='word_1_148' title='bbox 3439 686 3533 723; x_wconf 84' lang='lat' dir='ltr'><strong>su-</strong></span> 
     </span>
    </p>
   </div>
   <div class='ocr_carea' id='block_1_20' title="bbox 1967 750 3539 827">
    <p class='ocr_par' dir='ltr' id='par_1_20' title="bbox 1967 750 3539 827">
     <span class='ocr_line' id='line_1_20' title="bbox 1967 750 3539 827; baseline 0.006 -25"><span class='ocrx_word' id='word_1_149' title='bbox 1967 767 2057 820; x_wconf 86' lang='lat' dir='ltr'><strong>per</strong></span> <span class='ocrx_word' id='word_1_150' title='bbox 2086 750 2212 804; x_wconf 82' lang='lat' dir='ltr'><strong>Sion</strong></span> <span class='ocrx_word' id='word_1_151' title='bbox 2238 763 2453 803; x_wconf 71' lang='lat' dir='ltr'><strong>montem</strong></span> <span class='ocrx_word' id='word_1_152' title='bbox 2485 763 2713 803; x_wconf 84' lang='lat' dir='ltr'><strong>sanctum</strong></span> <span class='ocrx_word' id='word_1_153' title='bbox 2736 754 2865 821; x_wconf 70' lang='lat' dir='ltr'><strong>ejus.</strong></span> <span class='ocrx_word' id='word_1_154' title='bbox 2891 754 3153 809; x_wconf 87' lang='lat' dir='ltr'><strong>llactenus</strong></span> <span class='ocrx_word' id='word_1_155' title='bbox 3191 772 3258 810; x_wconf 79' lang='lat' dir='ltr'><strong>ex</strong></span> <span class='ocrx_word' id='word_1_156' title='bbox 3292 772 3383 811; x_wconf 83' lang='lat' dir='ltr'><strong>sua</strong></span> <span class='ocrx_word' id='word_1_157' title='bbox 3417 774 3539 827; x_wconf 78' lang='lat' dir='ltr'><strong>per—</strong></span> 
     </span>
    </p>
   </div>
   <div class='ocr_carea' id='block_1_21' title="bbox 1967 842 3537 917">
    <p class='ocr_par' dir='ltr' id='par_1_21' title="bbox 1967 842 3537 917">
     <span class='ocr_line' id='line_1_21' title="bbox 1967 842 3537 917; baseline 0.008 -24"><span class='ocrx_word' id='word_1_158' title='bbox 1967 855 2097 894; x_wconf 90' lang='lat' dir='ltr'><strong>sona</strong></span> <span class='ocrx_word' id='word_1_159' title='bbox 2142 845 2399 910; x_wconf 84' lang='lat' dir='ltr'><strong>propheta</strong></span> <span class='ocrx_word' id='word_1_160' title='bbox 2432 842 2635 895; x_wconf 87' lang='lat' dir='ltr'><strong>locutus</strong></span> <span class='ocrx_word' id='word_1_161' title='bbox 2666 852 2780 907; x_wconf 70' lang='lat' dir='ltr'><strong>e~t;</strong></span> <span class='ocrx_word' id='word_1_162' title='bbox 2827 860 2965 899; x_wconf 91' lang='lat' dir='ltr'><strong>nunc</strong></span> <span class='ocrx_word' id='word_1_163' title='bbox 2998 862 3090 913; x_wconf 89' lang='lat' dir='ltr'><strong>per</strong></span> <span class='ocrx_word' id='word_1_164' title='bbox 3145 846 3387 915; x_wconf 89' lang='lat' dir='ltr'><strong>ﬁguram,</strong></span> <span class='ocrx_word' id='word_1_165' title='bbox 3420 866 3537 917; x_wconf 74' lang='lat' dir='ltr'><strong>qua:</strong></span> 
     </span>
    </p>
   </div>
   <div class='ocr_carea' id='block_1_22' title="bbox 1966 930 3538 1006">
    <p class='ocr_par' dir='ltr' id='par_1_22' title="bbox 1966 930 3538 1006">
     <span class='ocr_line' id='line_1_22' title="bbox 1966 930 3538 1006; baseline 0.006 -21"><span class='ocrx_word' id='word_1_166' title='bbox 1966 930 2151 985; x_wconf 69' lang='lat' dir='ltr'><strong>Grtece</strong></span> <span class='ocrx_word' id='word_1_167' title='bbox 2198 932 2391 985; x_wconf 91' lang='lat' dir='ltr'><strong>dicitur</strong></span> <span class='ocrx_word' id='word_1_168' title='bbox 2437 933 2694 1003; x_wconf 85' lang='lat' dir='ltr'><strong>exallage,</strong></span> <span class='ocrx_word' id='word_1_169' title='bbox 2748 934 2934 989; x_wconf 86' lang='lat' dir='ltr'><strong>Latine</strong></span> <span class='ocrx_word' id='word_1_170' title='bbox 2984 940 3323 1006; x_wconf 82' lang='lat' dir='ltr'><strong>permutatio,</strong></span> <span class='ocrx_word' id='word_1_171' title='bbox 3377 941 3538 994; x_wconf 86' lang='lat' dir='ltr'><strong>verba</strong></span> 
     </span>
    </p>
   </div>
   <div class='ocr_carea' id='block_1_23' title="bbox 1966 1022 3539 1098">
    <p class='ocr_par' dir='ltr' id='par_1_23' title="bbox 1966 1022 3539 1098">
     <span class='ocr_line' id='line_1_23' title="bbox 1966 1022 3539 1098; baseline 0.008 -23"><span class='ocrx_word' id='word_1_172' title='bbox 1966 1022 2129 1076; x_wconf 89' lang='lat' dir='ltr'><strong>refert</strong></span> <span class='ocrx_word' id='word_1_173' title='bbox 2158 1023 2363 1077; x_wconf 79' lang='lat' dir='ltr'><strong>Domini</strong></span> <span class='ocrx_word' id='word_1_174' title='bbox 2394 1023 2706 1089; x_wconf 81' lang='lat' dir='ltr'><strong>Salvatoris,</strong></span> <span class='ocrx_word' id='word_1_175' title='bbox 2737 1027 2826 1095; x_wconf 87' lang='lat' dir='ltr'><strong>qui</strong></span> <span class='ocrx_word' id='word_1_176' title='bbox 2858 1042 2915 1081; x_wconf 87' lang='lat' dir='ltr'><strong>se</strong></span> <span class='ocrx_word' id='word_1_177' title='bbox 2953 1028 3145 1098; x_wconf 76' lang='lat' dir='ltr'><strong>[legem</strong></span> <span class='ocrx_word' id='word_1_178' title='bbox 3178 1046 3206 1084; x_wconf 92' lang='lat' dir='ltr'><strong>a</strong></span> <span class='ocrx_word' id='word_1_179' title='bbox 3233 1032 3388 1087; x_wconf 84' lang='lat' dir='ltr'><strong>Patre</strong></span> <span class='ocrx_word' id='word_1_180' title='bbox 3411 1048 3539 1088; x_wconf 89' lang='lat' dir='ltr'><strong>con-</strong></span> 
     </span>
    </p>
   </div>
   <div class='ocr_carea' id='block_1_24' title="bbox 1966 1112 3534 1189">
    <p class='ocr_par' dir='ltr' id='par_1_24' title="bbox 1966 1112 3534 1189">
     <span class='ocr_line' id='line_1_24' title="bbox 1966 1112 3534 1189; baseline 0.008 -23"><span class='ocrx_word' id='word_1_181' title='bbox 1966 1112 2203 1166; x_wconf 86' lang='lat' dir='ltr'><strong>stitutum</strong></span> <span class='ocrx_word' id='word_1_182' title='bbox 2244 1129 2364 1170; x_wconf 88' lang='lat' dir='ltr'><strong>esse</strong></span> <span class='ocrx_word' id='word_1_183' title='bbox 2403 1124 2644 1170; x_wconf 69' lang='lat' dir='ltr'><strong>teSIatnr.</strong></span> <span class='ocrx_word' id='word_1_184' title='bbox 2678 1118 2827 1182; x_wconf 84' lang='lat' dir='ltr'><strong>Quod</strong></span> <span class='ocrx_word' id='word_1_185' title='bbox 2859 1119 3017 1173; x_wconf 87' lang='lat' dir='ltr'><strong>etiam</strong></span> <span class='ocrx_word' id='word_1_186' title='bbox 3050 1122 3306 1189; x_wconf 82' lang='lat' dir='ltr'><strong>scriptum</strong></span> <span class='ocrx_word' id='word_1_187' title='bbox 3347 1135 3431 1178; x_wconf 89' lang='lat' dir='ltr'><strong>est</strong></span> <span class='ocrx_word' id='word_1_188' title='bbox 3464 1125 3534 1180; x_wconf 89' lang='lat' dir='ltr'><strong>de</strong></span> 
     </span>
    </p>
   </div>
   <div class='ocr_carea' id='block_1_25' title="bbox 1966 1199 3538 1281">
    <p class='ocr_par' dir='ltr' id='par_1_25' title="bbox 1966 1199 3538 1281">
     <span class='ocr_line' id='line_1_25' title="bbox 1966 1199 3538 1281; baseline 0.011 -29"><span class='ocrx_word' id='word_1_189' title='bbox 1966 1199 2082 1267; x_wconf 86' lang='lat' dir='ltr'><strong>ipso</strong></span> <span class='ocrx_word' id='word_1_190' title='bbox 2134 1202 2183 1255; x_wconf 92' lang='lat' dir='ltr'><strong>in</strong></span> <span class='ocrx_word' id='word_1_191' title='bbox 2234 1202 2383 1256; x_wconf 89' lang='lat' dir='ltr'><strong>titulo</strong></span> <span class='ocrx_word' id='word_1_192' title='bbox 2417 1207 2675 1273; x_wconf 71' lang='lat' dir='ltr'><strong>passionis</strong></span> <span class='ocrx_word' id='word_1_193' title='bbox 2702 1225 2713 1259; x_wconf 88' lang='lat'>:</span> <span class='ocrx_word' id='word_1_194' title='bbox 2746 1208 2855 1263; x_wconf 80' lang='lat' dir='ltr'><strong>Rea:</strong></span> <span class='ocrx_word' id='word_1_195' title='bbox 2881 1208 3181 1265; x_wconf 72' lang='lat' dir='ltr'><strong>Juda’orum</strong></span> <span class='ocrx_word' id='word_1_196' title='bbox 3223 1211 3402 1281; x_wconf 82' lang='lat' dir='ltr'><strong>(Joan.</strong></span> <span class='ocrx_word' id='word_1_197' title='bbox 3428 1231 3538 1279; x_wconf 74' lang='lat' dir='ltr'><strong>xu,</strong></span> 
     </span>
    </p>
   </div>
   <div class='ocr_carea' id='block_1_26' title="bbox 1968 1287 3538 1371">
    <p class='ocr_par' dir='ltr' id='par_1_26' title="bbox 1968 1287 3538 1371">
     <span class='ocr_line' id='line_1_26' title="bbox 1968 1287 3538 1371; baseline 0.013 -31"><span class='ocrx_word' id='word_1_198' title='bbox 1968 1287 2076 1354; x_wconf 82' lang='lat' dir='ltr'><strong>l9).</strong></span> <span class='ocrx_word' id='word_1_199' title='bbox 2105 1289 2214 1344; x_wconf 89' lang='lat' dir='ltr'><strong>lloc</strong></span> <span class='ocrx_word' id='word_1_200' title='bbox 2257 1306 2355 1346; x_wconf 91' lang='lat' dir='ltr'><strong>nec</strong></span> <span class='ocrx_word' id='word_1_201' title='bbox 2384 1293 2584 1347; x_wconf 85' lang='lat' dir='ltr'><strong>Pilatus</strong></span> <span class='ocrx_word' id='word_1_202' title='bbox 2616 1294 2780 1351; x_wconf 89' lang='lat' dir='ltr'><strong>deleri</strong></span> <span class='ocrx_word' id='word_1_203' title='bbox 2814 1312 3000 1366; x_wconf 81' lang='lat' dir='ltr'><strong>passus</strong></span> <span class='ocrx_word' id='word_1_204' title='bbox 3041 1310 3143 1365; x_wconf 88' lang='lat' dir='ltr'><strong>est,</strong></span> <span class='ocrx_word' id='word_1_205' title='bbox 3174 1303 3262 1371; x_wconf 89' lang='lat' dir='ltr'><strong>qui</strong></span> <span class='ocrx_word' id='word_1_206' title='bbox 3293 1318 3414 1357; x_wconf 89' lang='lat' dir='ltr'><strong>eum</strong></span> <span class='ocrx_word' id='word_1_207' title='bbox 3446 1305 3538 1360; x_wconf 60' lang='lat' dir='ltr'><strong>Juo</strong></span> 
     </span>
    </p>
   </div>
   <div class='ocr_carea' id='block_1_27' title="bbox 1965 1376 3533 1462">
    <p class='ocr_par' dir='ltr' id='par_1_27' title="bbox 1965 1376 3533 1462">
     <span class='ocr_line' id='line_1_27' title="bbox 1965 1376 3533 1462; baseline 0.013 -33"><span class='ocrx_word' id='word_1_208' title='bbox 1965 1376 2094 1431; x_wconf 69' lang='lat' dir='ltr'><strong>dmis</strong></span> <span class='ocrx_word' id='word_1_209' title='bbox 2131 1381 2273 1433; x_wconf 90' lang='lat' dir='ltr'><strong>cruci</strong></span> <span class='ocrx_word' id='word_1_210' title='bbox 2308 1382 2521 1437; x_wconf 74' lang='lat' dir='ltr'><strong>tradidit</strong></span> <span class='ocrx_word' id='word_1_211' title='bbox 2559 1384 2901 1454; x_wconf 77' lang='lat' dir='ltr'><strong>afﬁgrndum.</strong></span> <span class='ocrx_word' id='word_1_212' title='bbox 2930 1387 3038 1443; x_wconf 84' lang='lat' dir='ltr'><strong>lloc</strong></span> <span class='ocrx_word' id='word_1_213' title='bbox 3078 1392 3237 1444; x_wconf 89' lang='lat' dir='ltr'><strong>etiam</strong></span> <span class='ocrx_word' id='word_1_214' title='bbox 3282 1392 3411 1462; x_wconf 85' lang='lat' dir='ltr'><strong>Magi</strong></span> <span class='ocrx_word' id='word_1_215' title='bbox 3453 1395 3533 1449; x_wconf 85' lang='lat' dir='ltr'><strong>in-</strong></span> 
     </span>
    </p>
   </div>
   <div class='ocr_carea' id='block_1_28' title="bbox 1964 1466 3535 1547">
    <p class='ocr_par' dir='ltr' id='par_1_28' title="bbox 1964 1466 3535 1547">
     <span class='ocr_line' id='line_1_28' title="bbox 1964 1466 3535 1547; baseline 0.013 -29"><span class='ocrx_word' id='word_1_216' title='bbox 1964 1466 2223 1535; x_wconf 89' lang='lat' dir='ltr'><strong>qnirendo</strong></span> <span class='ocrx_word' id='word_1_217' title='bbox 2254 1472 2474 1538; x_wconf 78' lang='lat' dir='ltr'><strong>professi</strong></span> <span class='ocrx_word' id='word_1_218' title='bbox 2500 1482 2623 1527; x_wconf 89' lang='lat' dir='ltr'><strong>sunt</strong></span> <span class='ocrx_word' id='word_1_219' title='bbox 2654 1493 2665 1527; x_wconf 93' lang='lat'>:</span> <span class='ocrx_word' id='word_1_220' title='bbox 2699 1474 2795 1528; x_wconf 83' lang='lat' dir='ltr'><strong>Ubi</strong></span> <span class='ocrx_word' id='word_1_221' title='bbox 2818 1490 2887 1530; x_wconf 84' lang='lat' dir='ltr'><strong>est</strong></span> <span class='ocrx_word' id='word_1_222' title='bbox 2913 1478 2999 1547; x_wconf 86' lang='lat' dir='ltr'><strong>qui</strong></span> <span class='ocrx_word' id='word_1_223' title='bbox 3030 1490 3178 1533; x_wconf 84' lang='lat' dir='ltr'><strong>natus</strong></span> <span class='ocrx_word' id='word_1_224' title='bbox 3198 1490 3268 1534; x_wconf 84' lang='lat' dir='ltr'><strong>est</strong></span> <span class='ocrx_word' id='word_1_225' title='bbox 3303 1481 3411 1536; x_wconf 74' lang='lat' dir='ltr'><strong>Rex</strong></span> <span class='ocrx_word' id='word_1_226' title='bbox 3434 1482 3535 1539; x_wconf 80' lang='lat' dir='ltr'><strong>Ju-</strong></span> 
     </span>
    </p>
   </div>
   <div class='ocr_carea' id='block_1_29' title="bbox 1966 1559 3537 1639">
    <p class='ocr_par' dir='ltr' id='par_1_29' title="bbox 1966 1559 3537 1639">
     <span class='ocr_line' id='line_1_29' title="bbox 1966 1559 3537 1639; baseline 0.013 -31"><span class='ocrx_word' id='word_1_227' title='bbox 1966 1559 2192 1611; x_wconf 68' lang='lat' dir='ltr'><strong>da’orum</strong></span> <span class='ocrx_word' id='word_1_228' title='bbox 2230 1559 2439 1624; x_wconf 83' lang='lat' dir='ltr'><strong>(Matth.</strong></span> <span class='ocrx_word' id='word_1_229' title='bbox 2473 1579 2531 1627; x_wconf 88' lang='grc' dir='ltr'>ιι,</span> <span class='ocrx_word' id='word_1_230' title='bbox 2560 1564 2655 1633; x_wconf 69' lang='lat'><strong>2)?</strong></span> <span class='ocrx_word' id='word_1_231' title='bbox 2684 1565 2955 1635; x_wconf 82' lang='lat' dir='ltr'><strong>Sequitur,</strong></span> <span class='ocrx_word' id='word_1_232' title='bbox 2986 1587 3134 1639; x_wconf 86' lang='lat' dir='ltr'><strong>super</strong></span> <span class='ocrx_word' id='word_1_233' title='bbox 3156 1570 3285 1625; x_wconf 85' lang='lat' dir='ltr'><strong>Sion</strong></span> <span class='ocrx_word' id='word_1_234' title='bbox 3318 1585 3537 1628; x_wconf 73' lang='lat' dir='ltr'><strong>montem</strong></span> 
     </span>
    </p>
   </div>
   <div class='ocr_carea' id='block_1_30' title="bbox 1965 1652 3532 1731">
    <p class='ocr_par' dir='ltr' id='par_1_30' title="bbox 1965 1652 3532 1731">
     <span class='ocr_line' id='line_1_30' title="bbox 1965 1652 3532 1731; baseline 0.012 -32"><span class='ocrx_word' id='word_1_235' title='bbox 1965 1659 2191 1701; x_wconf 86' lang='lat' dir='ltr'><strong>sanctum</strong></span> <span class='ocrx_word' id='word_1_236' title='bbox 2219 1652 2347 1718; x_wconf 84' lang='lat' dir='ltr'><strong>ejus.</strong></span> <span class='ocrx_word' id='word_1_237' title='bbox 2388 1652 2590 1706; x_wconf 85' lang='lat' dir='ltr'><strong>Nomen</strong></span> <span class='ocrx_word' id='word_1_238' title='bbox 2638 1657 2777 1708; x_wconf 77' lang='lat' dir='ltr'><strong>enin:</strong></span> <span class='ocrx_word' id='word_1_239' title='bbox 2820 1657 2957 1711; x_wconf 84' lang='lat' dir='ltr'><strong>istud</strong></span> <span class='ocrx_word' id='word_1_240' title='bbox 2993 1660 3278 1715; x_wconf 89' lang='lat' dir='ltr'><strong>multarum</strong></span> <span class='ocrx_word' id='word_1_241' title='bbox 3317 1663 3532 1731; x_wconf 85' lang='lat' dir='ltr'><strong>quidem</strong></span> 
     </span>
    </p>
   </div>
   <div class='ocr_carea' id='block_1_31' title="bbox 299 1740 1850 1827">
    <p class='ocr_par' dir='ltr' id='par_1_31' title="bbox 299 1755 1850 1827">
     <span class='ocr_line' id='line_1_31' title="bbox 299 1755 1850 1827; baseline 0.005 -22"><span class='ocrx_word' id='word_1_242' title='bbox 299 1755 564 1822; x_wconf 73' lang='lat' dir='ltr'><strong>apostolos</strong></span> <span class='ocrx_word' id='word_1_243' title='bbox 606 1756 772 1821; x_wconf 90' lang='lat' dir='ltr'><strong>ipsius</strong></span> <span class='ocrx_word' id='word_1_244' title='bbox 818 1757 1044 1813; x_wconf 87' lang='lat' dir='ltr'><strong>scelesta</strong></span> <span class='ocrx_word' id='word_1_245' title='bbox 1082 1756 1348 1812; x_wconf 88' lang='lat' dir='ltr'><strong>voluntate</strong></span> <span class='ocrx_word' id='word_1_246' title='bbox 1397 1758 1494 1827; x_wconf 78' lang='lat'><strong>17</strong></span> <span class='ocrx_word' id='word_1_247' title='bbox 1534 1757 1850 1825; x_wconf 85' lang='lat' dir='ltr'><strong>prosilirent.</strong></span> 
     </span>
    </p>
   </div>
   <div class='ocr_carea' id='block_1_32' title="bbox 1956 1740 3522 1827">
    <p class='ocr_par' dir='ltr' id='par_1_32' title="bbox 1967 1740 3522 1822">
     <span class='ocr_line' id='line_1_32' title="bbox 1967 1740 3522 1822; baseline 0.012 -31"><span class='ocrx_word' id='word_1_248' title='bbox 1967 1752 2144 1793; x_wconf 91' lang='lat' dir='ltr'><strong>rerum</strong></span> <span class='ocrx_word' id='word_1_249' title='bbox 2176 1740 2411 1795; x_wconf 79' lang='lat' dir='ltr'><strong>absolut:</strong></span> <span class='ocrx_word' id='word_1_250' title='bbox 2445 1743 2726 1798; x_wconf 88' lang='lat' dir='ltr'><strong>fecundum</strong></span> <span class='ocrx_word' id='word_1_251' title='bbox 2755 1757 2858 1801; x_wconf 90' lang='lat' dir='ltr'><strong>est.</strong></span> <span class='ocrx_word' id='word_1_252' title='bbox 2907 1748 3061 1803; x_wconf 83' lang='lat' dir='ltr'><strong>Medo</strong></span> <span class='ocrx_word' id='word_1_253' title='bbox 3087 1752 3225 1805; x_wconf 87' lang='lat' dir='ltr'><strong>enim</strong></span> <span class='ocrx_word' id='word_1_254' title='bbox 3257 1754 3522 1822; x_wconf 80' lang='lat' dir='ltr'><strong>significat</strong></span> 
     </span>
    </p>
   </div>
   <div class='ocr_carea' id='block_1_33' title="bbox 305 1843 1863 1916">
    <p class='ocr_par' dir='ltr' id='par_1_33' title="bbox 305 1843 1863 1916">
     <span class='ocr_line' id='line_1_33' title="bbox 305 1843 1863 1916; baseline 0.004 -21"><span class='ocrx_word' id='word_1_255' title='bbox 305 1843 484 1896; x_wconf 75' lang='lat' dir='ltr'><strong>Eorum</strong></span> <span class='ocrx_word' id='word_1_256' title='bbox 515 1860 751 1912; x_wconf 83' lang='lat' dir='ltr'><strong>namque</strong></span> <span class='ocrx_word' id='word_1_257' title='bbox 777 1846 839 1899; x_wconf 87' lang='lat' dir='ltr'><strong>ad</strong></span> <span class='ocrx_word' id='word_1_258' title='bbox 869 1845 1137 1901; x_wconf 85' lang='lat' dir='ltr'><strong>Christum</strong></span> <span class='ocrx_word' id='word_1_259' title='bbox 1165 1847 1399 1916; x_wconf 86' lang='lat' dir='ltr'><strong>pertinet</strong></span> <span class='ocrx_word' id='word_1_260' title='bbox 1424 1856 1479 1900; x_wconf 91' lang='lat' dir='ltr'><strong>et</strong></span> <span class='ocrx_word' id='word_1_261' title='bbox 1499 1846 1564 1899; x_wconf 89' lang='lat' dir='ltr'><strong>ad</strong></span> <span class='ocrx_word' id='word_1_262' title='bbox 1594 1847 1863 1915; x_wconf 62' lang='lat' dir='ltr'><strong>apustolos</strong></span> 
     </span>
    </p>
   </div>
   <div class='ocr_carea' id='block_1_34' title="bbox 304 1932 1861 2007">
    <p class='ocr_par' dir='ltr' id='par_1_34' title="bbox 304 1932 1861 2007">
     <span class='ocr_line' id='line_1_34' title="bbox 304 1932 1861 2007; baseline 0.006 -23"><span class='ocrx_word' id='word_1_263' title='bbox 304 1932 429 2001; x_wconf 80' lang='lat' dir='ltr'><strong>ejus,</strong></span> <span class='ocrx_word' id='word_1_264' title='bbox 467 1934 560 2000; x_wconf 87' lang='lat' dir='ltr'><strong>qui</strong></span> <span class='ocrx_word' id='word_1_265' title='bbox 591 1934 693 1987; x_wconf 88' lang='lat' dir='ltr'><strong>sub</strong></span> <span class='ocrx_word' id='word_1_266' title='bbox 720 1952 935 1992; x_wconf 88' lang='lat' dir='ltr'><strong>numero</strong></span> <span class='ocrx_word' id='word_1_267' title='bbox 962 1936 1153 2006; x_wconf 83' lang='lat' dir='ltr'><strong>plurali</strong></span> <span class='ocrx_word' id='word_1_268' title='bbox 1196 1936 1407 1992; x_wconf 87' lang='lat' dir='ltr'><strong>Domini</strong></span> <span class='ocrx_word' id='word_1_269' title='bbox 1446 1937 1626 2007; x_wconf 90' lang='lat' dir='ltr'><strong>regula</strong></span> <span class='ocrx_word' id='word_1_270' title='bbox 1667 1939 1861 2006; x_wconf 83' lang='lat' dir='ltr'><strong>proba-</strong></span> 
     </span>
    </p>
   </div>
   <div class='ocr_carea' id='block_1_35' title="bbox 301 2024 755 2097">
    <p class='ocr_par' dir='ltr' id='par_1_35' title="bbox 301 2024 755 2097">
     <span class='ocr_line' id='line_1_35' title="bbox 301 2024 755 2097; baseline 0.011 -20"><span class='ocrx_word' id='word_1_271' title='bbox 301 2024 484 2079; x_wconf 79' lang='lat' dir='ltr'><strong>bantur</strong></span> <span class='ocrx_word' id='word_1_272' title='bbox 506 2028 755 2097; x_wconf 79' lang='lat' dir='ltr'><strong>astringi.</strong></span> 
     </span>
    </p>
   </div>
   <div class='ocr_carea' id='block_1_36' title="bbox 362 2124 1856 2211">
    <p class='ocr_par' dir='ltr' id='par_1_36' title="bbox 362 2124 1856 2211">
     <span class='ocr_line' id='line_1_36' title="bbox 362 2124 1856 2211; baseline 0.007 -26"><span class='ocrx_word' id='word_1_273' title='bbox 362 2133 432 2186; x_wconf 77' lang='lat' dir='ltr'><strong>Et</strong></span> <span class='ocrx_word' id='word_1_274' title='bbox 462 2138 795 2205; x_wconf 72' lang='lat' dir='ltr'><strong>proﬁciamus</strong></span> <span class='ocrx_word' id='word_1_275' title='bbox 822 2156 854 2193; x_wconf 89' lang='lat' dir='ltr'><strong>a</strong></span> <span class='ocrx_word' id='word_1_276' title='bbox 891 2143 1032 2195; x_wconf 80' lang='lat' dir='ltr'><strong>nobis</strong></span> <span class='ocrx_word' id='word_1_277' title='bbox 1053 2142 1239 2211; x_wconf 84' lang='lat' dir='ltr'><strong>jttgum</strong></span> <span class='ocrx_word' id='word_1_278' title='bbox 1268 2124 1520 2210; x_wconf 78' lang='lat' dir='ltr'><strong>ipsorum.</strong></span> <span class='ocrx_word' id='word_1_279' title='bbox 1553 2140 1608 2195; x_wconf 81' lang='grc' dir='ltr'><strong>ιιι</strong></span> <span class='ocrx_word' id='word_1_280' title='bbox 1635 2141 1856 2210; x_wconf 89' lang='lat' dir='ltr'><strong>jumen-</strong></span> 
     </span>
    </p>
   </div>
   <div class='ocr_carea' id='block_1_37' title="bbox 298 2227 1860 2301">
    <p class='ocr_par' dir='ltr' id='par_1_37' title="bbox 298 2227 1860 2301">
     <span class='ocr_line' id='line_1_37' title="bbox 298 2227 1860 2301; baseline 0.008 -26"><span class='ocrx_word' id='word_1_281' title='bbox 298 2234 466 2278; x_wconf 88' lang='lat' dir='ltr'><strong>torum</strong></span> <span class='ocrx_word' id='word_1_282' title='bbox 510 2227 879 2294; x_wconf 82' lang='lat' dir='ltr'><strong>insipientium</strong></span> <span class='ocrx_word' id='word_1_283' title='bbox 904 2231 1065 2301; x_wconf 86' lang='lat' dir='ltr'><strong>digna</strong></span> <span class='ocrx_word' id='word_1_284' title='bbox 1091 2232 1192 2285; x_wconf 85' lang='lat' dir='ltr'><strong>sibi</strong></span> <span class='ocrx_word' id='word_1_285' title='bbox 1220 2234 1619 2299; x_wconf 85' lang='lat' dir='ltr'><strong>comparatione</strong></span> <span class='ocrx_word' id='word_1_286' title='bbox 1647 2247 1860 2287; x_wconf 88' lang='lat' dir='ltr'><strong>manse-</strong></span> 
     </span>
    </p>
   </div>
   <div class='ocr_carea' id='block_1_38' title="bbox 295 2317 1859 2391">
    <p class='ocr_par' dir='ltr' id='par_1_38' title="bbox 295 2317 1859 2391">
     <span class='ocr_line' id='line_1_38' title="bbox 295 2317 1859 2391; baseline 0.006 -22"><span class='ocrx_word' id='word_1_287' title='bbox 295 2327 435 2379; x_wconf 90' lang='lat' dir='ltr'><strong>runt,</strong></span> <span class='ocrx_word' id='word_1_288' title='bbox 468 2317 558 2382; x_wconf 88' lang='lat' dir='ltr'><strong>qui</strong></span> <span class='ocrx_word' id='word_1_289' title='bbox 588 2333 693 2372; x_wconf 91' lang='lat' dir='ltr'><strong>non</strong></span> <span class='ocrx_word' id='word_1_290' title='bbox 732 2322 1020 2391; x_wconf 87' lang='lat' dir='ltr'><strong>projiciunt</strong></span> <span class='ocrx_word' id='word_1_291' title='bbox 1035 2322 1243 2391; x_wconf 81' lang='lat' dir='ltr'><strong>jugum,</strong></span> <span class='ocrx_word' id='word_1_292' title='bbox 1275 2322 1375 2375; x_wconf 90' lang='lat' dir='ltr'><strong>nisi</strong></span> <span class='ocrx_word' id='word_1_293' title='bbox 1413 2324 1559 2389; x_wconf 89' lang='lat' dir='ltr'><strong>prius</strong></span> <span class='ocrx_word' id='word_1_294' title='bbox 1595 2321 1713 2391; x_wconf 87' lang='lat' dir='ltr'><strong>ejus</strong></span> <span class='ocrx_word' id='word_1_295' title='bbox 1739 2322 1859 2377; x_wconf 85' lang='lat' dir='ltr'><strong>vin-</strong></span> 
     </span>
    </p>
   </div>
   <div class='ocr_carea' id='block_1_39' title="bbox 294 2406 1862 2476">
    <p class='ocr_par' dir='ltr' id='par_1_39' title="bbox 294 2406 1862 2476">
     <span class='ocr_line' id='line_1_39' title="bbox 294 2406 1862 2476; baseline 0.004 -17"><span class='ocrx_word' id='word_1_296' title='bbox 294 2406 411 2459; x_wconf 80' lang='lat' dir='ltr'><strong>cula</strong></span> <span class='ocrx_word' id='word_1_297' title='bbox 440 2408 787 2476; x_wconf 64' lang='lat' dir='ltr'><strong>disrupet&#39;inl,</strong></span> <span class='ocrx_word' id='word_1_298' title='bbox 834 2411 886 2465; x_wconf 91' lang='lat' dir='ltr'><strong>in</strong></span> <span class='ocrx_word' id='word_1_299' title='bbox 919 2420 1086 2465; x_wconf 72' lang='lat' dir='ltr'><strong>torum</strong></span> <span class='ocrx_word' id='word_1_300' title='bbox 1129 2411 1415 2466; x_wconf 73' lang='lat' dir='ltr'><strong>vanissima</strong></span> <span class='ocrx_word' id='word_1_301' title='bbox 1447 2413 1718 2467; x_wconf 88' lang='lat' dir='ltr'><strong>voluntate</strong></span> <span class='ocrx_word' id='word_1_302' title='bbox 1756 2412 1862 2465; x_wconf 82' lang='lat' dir='ltr'><strong>de-</strong></span> 
     </span>
    </p>
   </div>
   <div class='ocr_carea' id='block_1_40' title="bbox 293 2496 1855 2569">
    <p class='ocr_par' dir='ltr' id='par_1_40' title="bbox 293 2496 1855 2569">
     <span class='ocr_line' id='line_1_40' title="bbox 293 2496 1855 2569; baseline 0.006 -21"><span class='ocrx_word' id='word_1_303' title='bbox 293 2499 449 2561; x_wconf 79' lang='lat' dir='ltr'><strong>cepti.</strong></span> <span class='ocrx_word' id='word_1_304' title='bbox 477 2496 607 2550; x_wconf 80' lang='lat' dir='ltr'><strong>Nam</strong></span> <span class='ocrx_word' id='word_1_305' title='bbox 653 2499 976 2569; x_wconf 81' lang='lat' dir='ltr'><strong>euntjugmn</strong></span> <span class='ocrx_word' id='word_1_306' title='bbox 1011 2501 1218 2555; x_wconf 83' lang='lat' dir='ltr'><strong>Domini</strong></span> <span class='ocrx_word' id='word_1_307' title='bbox 1246 2502 1539 2556; x_wconf 69' lang='lat' dir='ltr'><strong>Salvator-is</strong></span> <span class='ocrx_word' id='word_1_308' title='bbox 1577 2503 1643 2556; x_wconf 85' lang='lat' dir='ltr'><strong>sit</strong></span> <span class='ocrx_word' id='word_1_309' title='bbox 1682 2518 1855 2569; x_wconf 84' lang='lat' dir='ltr'><strong>suave,</strong></span> 
     </span>
    </p>
   </div>
   <div class='ocr_carea' id='block_1_41' title="bbox 294 2590 1859 2664">
    <p class='ocr_par' dir='ltr' id='par_1_41' title="bbox 294 2590 1859 2664">
     <span class='ocr_line' id='line_1_41' title="bbox 294 2590 1859 2664; baseline 0.006 -25"><span class='ocrx_word' id='word_1_310' title='bbox 294 2598 340 2639; x_wconf 86' lang='lat' dir='ltr'><strong>et</strong></span> <span class='ocrx_word' id='word_1_311' title='bbox 362 2604 488 2641; x_wconf 78' lang='lat' dir='ltr'><strong>onus</strong></span> <span class='ocrx_word' id='word_1_312' title='bbox 516 2592 627 2659; x_wconf 78' lang='lat' dir='ltr'><strong>ejus</strong></span> <span class='ocrx_word' id='word_1_313' title='bbox 656 2592 760 2643; x_wconf 81' lang='lat' dir='ltr'><strong>leve</strong></span> <span class='ocrx_word' id='word_1_314' title='bbox 783 2590 1000 2659; x_wconf 72' lang='lat' dir='ltr'><strong>(Matth.</strong></span> <span class='ocrx_word' id='word_1_315' title='bbox 1041 2608 1117 2656; x_wconf 76' lang='grc' dir='ltr'>ιιι,</span> <span class='ocrx_word' id='word_1_316' title='bbox 1151 2592 1265 2662; x_wconf 78' lang='grc'><strong>50),</strong></span> <span class='ocrx_word' id='word_1_317' title='bbox 1296 2594 1713 2648; x_wconf 86' lang='lat' dir='ltr'><strong>dominationem</strong></span> <span class='ocrx_word' id='word_1_318' title='bbox 1742 2595 1859 2664; x_wconf 78' lang='lat' dir='ltr'><strong>ejus</strong></span> 
     </span>
    </p>
   </div>
   <div class='ocr_carea' id='block_1_42' title="bbox 288 2682 1856 2754">
    <p class='ocr_par' dir='ltr' id='par_1_42' title="bbox 288 2682 1856 2754">
     <span class='ocr_line' id='line_1_42' title="bbox 288 2682 1856 2754; baseline 0.008 -24"><span class='ocrx_word' id='word_1_319' title='bbox 288 2682 659 2747; x_wconf 53' lang='lat' dir='ltr'><strong>gravissimam</strong></span> <span class='ocrx_word' id='word_1_320' title='bbox 691 2694 1028 2751; x_wconf 88' lang='lat' dir='ltr'><strong>putaverunt.</strong></span> <span class='ocrx_word' id='word_1_321' title='bbox 1066 2683 1141 2739; x_wconf 88' lang='lat' dir='ltr'><strong>Ita</strong></span> <span class='ocrx_word' id='word_1_322' title='bbox 1172 2685 1315 2754; x_wconf 87' lang='lat' dir='ltr'><strong>quod</strong></span> <span class='ocrx_word' id='word_1_323' title='bbox 1357 2702 1455 2740; x_wconf 90' lang='lat' dir='ltr'><strong>eos</strong></span> <span class='ocrx_word' id='word_1_324' title='bbox 1487 2686 1767 2742; x_wconf 90' lang='lat' dir='ltr'><strong>continere</strong></span> <span class='ocrx_word' id='word_1_325' title='bbox 1795 2703 1856 2743; x_wconf 90' lang='lat' dir='ltr'><strong>ac</strong></span> 
     </span>
    </p>
   </div>
   <div class='ocr_carea' id='block_1_43' title="bbox 290 2772 1855 2844">
    <p class='ocr_par' dir='ltr' id='par_1_43' title="bbox 290 2772 1855 2844">
     <span class='ocr_line' id='line_1_43' title="bbox 290 2772 1855 2844; baseline 0.005 -21"><span class='ocrx_word' id='word_1_326' title='bbox 290 2785 475 2838; x_wconf 67' lang='lat' dir='ltr'><strong>regeze</strong></span> <span class='ocrx_word' id='word_1_327' title='bbox 518 2784 743 2839; x_wconf 82' lang='lat' dir='ltr'><strong>poterat,</strong></span> <span class='ocrx_word' id='word_1_328' title='bbox 776 2772 877 2827; x_wconf 88' lang='lat' dir='ltr'><strong>hoc</strong></span> <span class='ocrx_word' id='word_1_329' title='bbox 922 2774 1203 2831; x_wconf 80' lang='lat' dir='ltr'><strong>infeliciter</strong></span> <span class='ocrx_word' id='word_1_330' title='bbox 1243 2777 1474 2844; x_wconf 82' lang='lat' dir='ltr'><strong>abjicere</strong></span> <span class='ocrx_word' id='word_1_331' title='bbox 1515 2777 1855 2832; x_wconf 85' lang='lat' dir='ltr'><strong>festinabant.</strong></span> 
     </span>
    </p>
   </div>
   <div class='ocr_carea' id='block_1_44' title="bbox 360 2878 1859 2951">
    <p class='ocr_par' dir='ltr' id='par_1_44' title="bbox 360 2878 1859 2951">
     <span class='ocr_line' id='line_1_44' title="bbox 360 2878 1859 2951; baseline 0.009 -22"><span class='ocrx_word' id='word_1_332' title='bbox 360 2878 465 2945; x_wconf 73' lang='lat' dir='ltr'><strong>Qui</strong></span> <span class='ocrx_word' id='word_1_333' title='bbox 488 2880 681 2933; x_wconf 86' lang='lat' dir='ltr'><strong>habitat</strong></span> <span class='ocrx_word' id='word_1_334' title='bbox 722 2884 773 2935; x_wconf 81' lang='lat' dir='ltr'><strong>in</strong></span> <span class='ocrx_word' id='word_1_335' title='bbox 810 2884 948 2937; x_wconf 68' lang='lat' dir='ltr'><strong>caelis</strong></span> <span class='ocrx_word' id='word_1_336' title='bbox 974 2886 1203 2939; x_wconf 79' lang='lat' dir='ltr'><strong>irridebit</strong></span> <span class='ocrx_word' id='word_1_337' title='bbox 1234 2902 1340 2951; x_wconf 86' lang='lat' dir='ltr'><strong>eos,</strong></span> <span class='ocrx_word' id='word_1_338' title='bbox 1372 2897 1419 2941; x_wconf 86' lang='lat' dir='ltr'><strong>et</strong></span> <span class='ocrx_word' id='word_1_339' title='bbox 1448 2886 1695 2941; x_wconf 87' lang='lat' dir='ltr'><strong>Dominus</strong></span> <span class='ocrx_word' id='word_1_340' title='bbox 1739 2889 1859 2941; x_wconf 85' lang='lat' dir='ltr'><strong>sub-</strong></span> 
     </span>
    </p>
   </div>
   <div class='ocr_carea' id='block_1_45' title="bbox 286 2969 1857 3045">
    <p class='ocr_par' dir='ltr' id='par_1_45' title="bbox 286 2969 1857 3045">
     <span class='ocr_line' id='line_1_45' title="bbox 286 2969 1857 3045; baseline 0.007 -25"><span class='ocrx_word' id='word_1_341' title='bbox 286 2969 524 3021; x_wconf 77' lang='lat' dir='ltr'><strong>umnabit</strong></span> <span class='ocrx_word' id='word_1_342' title='bbox 551 2987 658 3024; x_wconf 81' lang='lat' dir='ltr'><strong>eos.</strong></span> <span class='ocrx_word' id='word_1_343' title='bbox 681 2973 859 3027; x_wconf 75' lang='lat' dir='ltr'><strong>Caelos</strong></span> <span class='ocrx_word' id='word_1_344' title='bbox 892 2973 973 3027; x_wconf 79' lang='lat' dir='ltr'><strong>hic</strong></span> <span class='ocrx_word' id='word_1_345' title='bbox 997 2975 1139 3029; x_wconf 80' lang='lat' dir='ltr'><strong>viros</strong></span> <span class='ocrx_word' id='word_1_346' title='bbox 1160 2984 1373 3029; x_wconf 89' lang='lat' dir='ltr'><strong>sanctos</strong></span> <span class='ocrx_word' id='word_1_347' title='bbox 1401 2976 1685 3045; x_wconf 81' lang='lat' dir='ltr'><strong>significat,</strong></span> <span class='ocrx_word' id='word_1_348' title='bbox 1719 2977 1857 3031; x_wconf 90' lang='lat' dir='ltr'><strong>sicut</strong></span> 
     </span>
    </p>
   </div>
   <div class='ocr_carea' id='block_1_46' title="bbox 285 3060 1855 3137">
    <p class='ocr_par' dir='ltr' id='par_1_46' title="bbox 285 3060 1855 3137">
     <span class='ocr_line' id='line_1_46' title="bbox 285 3060 1855 3137; baseline 0.004 -24"><span class='ocrx_word' id='word_1_349' title='bbox 285 3070 335 3113; x_wconf 82' lang='lat' dir='ltr'><strong>et</strong></span> <span class='ocrx_word' id='word_1_350' title='bbox 359 3060 483 3128; x_wconf 86' lang='lat' dir='ltr'><strong>ipse</strong></span> <span class='ocrx_word' id='word_1_351' title='bbox 512 3061 635 3114; x_wconf 78' lang='lat' dir='ltr'><strong>alibi</strong></span> <span class='ocrx_word' id='word_1_352' title='bbox 666 3063 904 3117; x_wconf 90' lang='lat' dir='ltr'><strong>dicturus</strong></span> <span class='ocrx_word' id='word_1_353' title='bbox 938 3074 1019 3118; x_wconf 85' lang='lat' dir='ltr'><strong>est</strong></span> <span class='ocrx_word' id='word_1_354' title='bbox 1044 3082 1054 3116; x_wconf 93' lang='lat'>:</span> <span class='ocrx_word' id='word_1_355' title='bbox 1084 3064 1209 3118; x_wconf 73' lang='lat' dir='ltr'><strong>Caeli</strong></span> <span class='ocrx_word' id='word_1_356' title='bbox 1238 3076 1476 3119; x_wconf 85' lang='lat' dir='ltr'><strong>enarrant</strong></span> <span class='ocrx_word' id='word_1_357' title='bbox 1508 3067 1728 3137; x_wconf 88' lang='lat' dir='ltr'><strong>gloriam</strong></span> <span class='ocrx_word' id='word_1_358' title='bbox 1757 3065 1855 3119; x_wconf 88' lang='lat' dir='ltr'><strong>Dei</strong></span> 
     </span>
    </p>
   </div>
   <div class='ocr_carea' id='block_1_47' title="bbox 285 3149 1852 3225">
    <p class='ocr_par' dir='ltr' id='par_1_47' title="bbox 285 3149 1852 3225">
     <span class='ocr_line' id='line_1_47' title="bbox 285 3149 1852 3225; baseline 0.006 -22"><span class='ocrx_word' id='word_1_359' title='bbox 285 3149 455 3217; x_wconf 70' lang='lat' dir='ltr'><strong>(Ptol.</strong></span> <span class='ocrx_word' id='word_1_360' title='bbox 513 3168 663 3220; x_wconf 81' lang='lat' dir='ltr'><strong>xvnt,</strong></span> <span class='ocrx_word' id='word_1_361' title='bbox 713 3155 797 3223; x_wconf 70' lang='lat'><strong>2),</strong></span> <span class='ocrx_word' id='word_1_362' title='bbox 843 3170 980 3225; x_wconf 90' lang='lat' dir='ltr'><strong>quos</strong></span> <span class='ocrx_word' id='word_1_363' title='bbox 1027 3156 1301 3225; x_wconf 88' lang='lat' dir='ltr'><strong>aptissime</strong></span> <span class='ocrx_word' id='word_1_364' title='bbox 1355 3158 1852 3213; x_wconf 88' lang='lat' dir='ltr'><strong>commemorandos</strong></span> 
     </span>
    </p>
   </div>
   <div class='ocr_carea' id='block_1_48' title="bbox 284 3241 1851 3317">
    <p class='ocr_par' dir='ltr' id='par_1_48' title="bbox 284 3241 1851 3317">
     <span class='ocr_line' id='line_1_48' title="bbox 284 3241 1851 3317; baseline 0.006 -23"><span class='ocrx_word' id='word_1_365' title='bbox 284 3241 459 3309; x_wconf 83' lang='lat' dir='ltr'><strong>elegit,</strong></span> <span class='ocrx_word' id='word_1_366' title='bbox 497 3254 555 3297; x_wconf 89' lang='lat' dir='ltr'><strong>ut</strong></span> <span class='ocrx_word' id='word_1_367' title='bbox 589 3244 825 3313; x_wconf 81' lang='lat' dir='ltr'><strong>amplius</strong></span> <span class='ocrx_word' id='word_1_368' title='bbox 854 3246 1139 3315; x_wconf 90' lang='lat' dir='ltr'><strong>impiorum</strong></span> <span class='ocrx_word' id='word_1_369' title='bbox 1169 3247 1456 3303; x_wconf 86' lang='lat' dir='ltr'><strong>elationem</strong></span> <span class='ocrx_word' id='word_1_370' title='bbox 1488 3248 1851 3317; x_wconf 83' lang='lat' dir='ltr'><strong>malitiamque</strong></span> 
     </span>
    </p>
   </div>
   <div class='ocr_carea' id='block_1_49' title="bbox 282 3334 1849 3409">
    <p class='ocr_par' dir='ltr' id='par_1_49' title="bbox 282 3334 1849 3409">
     <span class='ocr_line' id='line_1_49' title="bbox 282 3334 1849 3409; baseline 0.003 -20"><span class='ocrx_word' id='word_1_371' title='bbox 282 3334 652 3390; x_wconf 83' lang='lat' dir='ltr'><strong>confunderet.</strong></span> <span class='ocrx_word' id='word_1_372' title='bbox 687 3334 931 3390; x_wconf 87' lang='lat' dir='ltr'><strong>lm&#39;debit</strong></span> <span class='ocrx_word' id='word_1_373' title='bbox 959 3350 1007 3393; x_wconf 87' lang='lat' dir='ltr'><strong>et</strong></span> <span class='ocrx_word' id='word_1_374' title='bbox 1043 3340 1393 3405; x_wconf 83' lang='lat' dir='ltr'><strong>subsannabit,</strong></span> <span class='ocrx_word' id='word_1_375' title='bbox 1440 3350 1493 3394; x_wconf 89' lang='lat' dir='ltr'><strong>et</strong></span> <span class='ocrx_word' id='word_1_376' title='bbox 1521 3340 1603 3395; x_wconf 85' lang='lat' dir='ltr'><strong>his</strong></span> <span class='ocrx_word' id='word_1_377' title='bbox 1632 3339 1849 3409; x_wconf 86' lang='lat' dir='ltr'><strong>similia,</strong></span> 
     </span>
    </p>
   </div>
   <div class='ocr_carea' id='block_1_50' title="bbox 281 3429 1853 3498">
    <p class='ocr_par' dir='ltr' id='par_1_50' title="bbox 281 3429 1853 3498">
     <span class='ocr_line' id='line_1_50' title="bbox 281 3429 1853 3498; baseline 0.006 -21"><span class='ocrx_word' id='word_1_378' title='bbox 281 3439 341 3477; x_wconf 81' lang='lat' dir='ltr'><strong>ex</strong></span> <span class='ocrx_word' id='word_1_379' title='bbox 376 3436 569 3480; x_wconf 84' lang='lat' dir='ltr'><strong>nostro</strong></span> <span class='ocrx_word' id='word_1_380' title='bbox 609 3442 705 3481; x_wconf 90' lang='lat' dir='ltr'><strong>usu</strong></span> <span class='ocrx_word' id='word_1_381' title='bbox 748 3429 1053 3498; x_wconf 86' lang='lat' dir='ltr'><strong>accipienda</strong></span> <span class='ocrx_word' id='word_1_382' title='bbox 1103 3440 1244 3484; x_wconf 88' lang='lat' dir='ltr'><strong>sunt.</strong></span> <span class='ocrx_word' id='word_1_383' title='bbox 1294 3430 1558 3486; x_wconf 63' lang='lat' dir='ltr'><strong>therum</strong></span> <span class='ocrx_word' id='word_1_384' title='bbox 1600 3431 1853 3486; x_wconf 87' lang='lat' dir='ltr'><strong>Dominus</strong></span> 
     </span>
    </p>
   </div>
   <div class='ocr_carea' id='block_1_51' title="bbox 280 3518 1849 3587">
    <p class='ocr_par' dir='ltr' id='par_1_51' title="bbox 280 3518 1849 3587">
     <span class='ocr_line' id='line_1_51' title="bbox 280 3518 1849 3587; baseline 0.003 -16"><span class='ocrx_word' id='word_1_385' title='bbox 280 3531 373 3571; x_wconf 86' lang='lat' dir='ltr'><strong>nec</strong></span> <span class='ocrx_word' id='word_1_386' title='bbox 400 3518 594 3586; x_wconf 84' lang='lat' dir='ltr'><strong>splene</strong></span> <span class='ocrx_word' id='word_1_387' title='bbox 631 3520 789 3585; x_wconf 91' lang='lat' dir='ltr'><strong>ridet,</strong></span> <span class='ocrx_word' id='word_1_388' title='bbox 834 3535 934 3576; x_wconf 91' lang='lat' dir='ltr'><strong>nec</strong></span> <span class='ocrx_word' id='word_1_389' title='bbox 961 3525 1105 3577; x_wconf 88' lang='lat' dir='ltr'><strong>vultu</strong></span> <span class='ocrx_word' id='word_1_390' title='bbox 1150 3523 1474 3587; x_wconf 88' lang='lat' dir='ltr'><strong>subsannat;</strong></span> <span class='ocrx_word' id='word_1_391' title='bbox 1523 3524 1614 3577; x_wconf 89' lang='lat' dir='ltr'><strong>sed</strong></span> <span class='ocrx_word' id='word_1_392' title='bbox 1654 3523 1849 3577; x_wconf 84' lang='lat' dir='ltr'><strong>virtute</strong></span> 
     </span>
    </p>
   </div>
   <div class='ocr_carea' id='block_1_52' title="bbox 278 3609 1847 3684">
    <p class='ocr_par' dir='ltr' id='par_1_52' title="bbox 278 3609 1847 3684">
     <span class='ocr_line' id='line_1_52' title="bbox 278 3609 1847 3684; baseline 0.005 -23"><span class='ocrx_word' id='word_1_393' title='bbox 278 3620 368 3661; x_wconf 78' lang='lat' dir='ltr'><strong>sua</strong></span> <span class='ocrx_word' id='word_1_394' title='bbox 409 3609 767 3677; x_wconf 86' lang='lat' dir='ltr'><strong>spiritualiter</strong></span> <span class='ocrx_word' id='word_1_395' title='bbox 801 3613 1006 3681; x_wconf 66' lang='lat' dir='ltr'><strong>peragit</strong></span> <span class='ocrx_word' id='word_1_396' title='bbox 1050 3629 1381 3683; x_wconf 67' lang='lat' dir='ltr'><strong>quaecunque</strong></span> <span class='ocrx_word' id='word_1_397' title='bbox 1423 3614 1678 3684; x_wconf 87' lang='lat' dir='ltr'><strong>disponit.</strong></span> <span class='ocrx_word' id='word_1_398' title='bbox 1722 3614 1847 3669; x_wconf 80' lang='lat' dir='ltr'><strong>Haec</strong></span> 
     </span>
    </p>
   </div>
   <div class='ocr_carea' id='block_1_53' title="bbox 277 3699 1846 3774">
    <p class='ocr_par' dir='ltr' id='par_1_53' title="bbox 277 3699 1846 3774">
     <span class='ocr_line' id='line_1_53' title="bbox 277 3699 1846 3774; baseline 0.005 -25"><span class='ocrx_word' id='word_1_399' title='bbox 277 3699 442 3767; x_wconf 79' lang='lat' dir='ltr'><strong>ﬁgura</strong></span> <span class='ocrx_word' id='word_1_400' title='bbox 468 3699 657 3753; x_wconf 62' lang='grc' dir='ltr'><strong>διξερε</strong></span> <span class='ocrx_word' id='word_1_401' title='bbox 696 3701 890 3755; x_wconf 90' lang='lat' dir='ltr'><strong>dicitur</strong></span> <span class='ocrx_word' id='word_1_402' title='bbox 926 3703 1272 3774; x_wconf 91' lang='lat' dir='ltr'><strong>metonymia,</strong></span> <span class='ocrx_word' id='word_1_403' title='bbox 1308 3704 1491 3758; x_wconf 86' lang='lat' dir='ltr'><strong>Latine</strong></span> <span class='ocrx_word' id='word_1_404' title='bbox 1524 3703 1846 3758; x_wconf 87' lang='lat' dir='ltr'><strong>transnomi-</strong></span> 
     </span>
    </p>
   </div>
   <div class='ocr_carea' id='block_1_54' title="bbox 274 3789 1846 3861">
    <p class='ocr_par' dir='ltr' id='par_1_54' title="bbox 274 3789 1846 3861">
     <span class='ocr_line' id='line_1_54' title="bbox 274 3789 1846 3861; baseline 0.006 -22"><span class='ocrx_word' id='word_1_405' title='bbox 274 3793 441 3853; x_wconf 84' lang='lat' dir='ltr'><strong>natio,</strong></span> <span class='ocrx_word' id='word_1_406' title='bbox 474 3789 684 3856; x_wconf 80' lang='lat' dir='ltr'><strong>quaties</strong></span> <span class='ocrx_word' id='word_1_407' title='bbox 716 3791 1040 3845; x_wconf 89' lang='lat' dir='ltr'><strong>intellectum</strong></span> <span class='ocrx_word' id='word_1_408' title='bbox 1083 3793 1157 3846; x_wconf 90' lang='lat' dir='ltr'><strong>rei</strong></span> <span class='ocrx_word' id='word_1_409' title='bbox 1187 3793 1415 3847; x_wconf 83' lang='lat' dir='ltr'><strong>diversis</strong></span> <span class='ocrx_word' id='word_1_410' title='bbox 1440 3793 1634 3861; x_wconf 87' lang='lat' dir='ltr'><strong>modis,</strong></span> <span class='ocrx_word' id='word_1_411' title='bbox 1667 3793 1846 3848; x_wconf 77' lang='lat' dir='ltr'><strong>verbis</strong></span> 
     </span>
    </p>
   </div>
   <div class='ocr_carea' id='block_1_55' title="bbox 272 3880 1843 3955">
    <p class='ocr_par' dir='ltr' id='par_1_55' title="bbox 272 3880 1843 3955">
     <span class='ocr_line' id='line_1_55' title="bbox 272 3880 1843 3955; baseline 0.004 -21"><span class='ocrx_word' id='word_1_412' title='bbox 272 3880 462 3934; x_wconf 78' lang='lat' dir='ltr'><strong>alienis</strong></span> <span class='ocrx_word' id='word_1_413' title='bbox 511 3897 573 3935; x_wconf 86' lang='lat' dir='ltr'><strong>ac</strong></span> <span class='ocrx_word' id='word_1_414' title='bbox 606 3884 932 3937; x_wconf 86' lang='lat' dir='ltr'><strong>translatitiis</strong></span> <span class='ocrx_word' id='word_1_415' title='bbox 981 3885 1299 3939; x_wconf 85' lang='lat' dir='ltr'><strong>indicamus.</strong></span> <span class='ocrx_word' id='word_1_416' title='bbox 1330 3885 1480 3939; x_wconf 81' lang='lat' dir='ltr'><strong>Juste</strong></span> <span class='ocrx_word' id='word_1_417' title='bbox 1528 3886 1688 3955; x_wconf 86' lang='lat' dir='ltr'><strong>igitur</strong></span> <span class='ocrx_word' id='word_1_418' title='bbox 1719 3900 1843 3954; x_wconf 80' lang='lat' dir='ltr'><strong>pro-</strong></span> 
     </span>
    </p>
   </div>
   <div class='ocr_carea' id='block_1_56' title="bbox 270 3972 1843 4048">
    <p class='ocr_par' dir='ltr' id='par_1_56' title="bbox 270 3972 1843 4048">
     <span class='ocr_line' id='line_1_56' title="bbox 270 3972 1843 4048; baseline 0.004 -23"><span class='ocrx_word' id='word_1_419' title='bbox 270 3973 428 4041; x_wconf 82' lang='lat' dir='ltr'><strong>pheta</strong></span> <span class='ocrx_word' id='word_1_420' title='bbox 457 3972 767 4029; x_wconf 74' lang='lat' dir='ltr'><strong>Judzeorum</strong></span> <span class='ocrx_word' id='word_1_421' title='bbox 818 3977 1091 4045; x_wconf 90' lang='lat' dir='ltr'><strong>perﬁdiam</strong></span> <span class='ocrx_word' id='word_1_422' title='bbox 1135 3982 1327 4035; x_wconf 87' lang='lat' dir='ltr'><strong>asserit</strong></span> <span class='ocrx_word' id='word_1_423' title='bbox 1367 3978 1716 4042; x_wconf 87' lang='lat' dir='ltr'><strong>irridendam,</strong></span> <span class='ocrx_word' id='word_1_424' title='bbox 1750 3978 1843 4048; x_wconf 88' lang='lat' dir='ltr'><strong>qui</strong></span> 
     </span>
    </p>
   </div>
   <div class='ocr_carea' id='block_1_57' title="bbox 268 4060 1835 4123">
    <p class='ocr_par' dir='ltr' id='par_1_57' title="bbox 268 4060 1835 4123">
     <span class='ocr_line' id='line_1_57' title="bbox 268 4060 1835 4123; baseline 0.006 -10"><span class='ocrx_word' id='word_1_425' title='bbox 268 4060 430 4116; x_wconf 81' lang='lat' dir='ltr'><strong>falsos</strong></span> <span class='ocrx_word' id='word_1_426' title='bbox 490 4072 655 4117; x_wconf 88' lang='lat' dir='ltr'><strong>testes</strong></span> <span class='ocrx_word' id='word_1_427' title='bbox 700 4077 888 4119; x_wconf 86' lang='lat' dir='ltr'><strong>contra</strong></span> <span class='ocrx_word' id='word_1_428' title='bbox 937 4068 1212 4122; x_wconf 86' lang='lat' dir='ltr'><strong>veritatem</strong></span> <span class='ocrx_word' id='word_1_429' title='bbox 1271 4067 1536 4123; x_wconf 76' lang='lat' dir='ltr'><strong>adducere</strong></span> <span class='ocrx_word' id='word_1_430' title='bbox 1595 4077 1835 4123; x_wconf 67' lang='lat' dir='ltr'><strong>tentare-</strong></span> 
     </span>
    </p>
   </div>
   <div class='ocr_carea' id='block_1_58' title="bbox 264 4154 1834 4227">
    <p class='ocr_par' dir='ltr' id='par_1_58' title="bbox 264 4154 1834 4227">
     <span class='ocr_line' id='line_1_58' title="bbox 264 4154 1834 4227; baseline 0.005 -22"><span class='ocrx_word' id='word_1_431' title='bbox 264 4165 411 4219; x_wconf 85' lang='lat' dir='ltr'><strong>runt,</strong></span> <span class='ocrx_word' id='word_1_432' title='bbox 452 4156 542 4221; x_wconf 86' lang='lat' dir='ltr'><strong>qui</strong></span> <span class='ocrx_word' id='word_1_433' title='bbox 593 4154 874 4209; x_wconf 85' lang='lat' dir='ltr'><strong>Dominum</strong></span> <span class='ocrx_word' id='word_1_434' title='bbox 926 4158 1111 4225; x_wconf 77' lang='lat' dir='ltr'><strong>gloria:</strong></span> <span class='ocrx_word' id='word_1_435' title='bbox 1151 4158 1461 4227; x_wconf 87' lang='lat' dir='ltr'><strong>cruciﬁgere</strong></span> <span class='ocrx_word' id='word_1_436' title='bbox 1509 4159 1834 4225; x_wconf 87' lang='lat' dir='ltr'><strong>maluerunt,</strong></span> 
     </span>
    </p>
   </div>
   <div class='ocr_carea' id='block_1_59' title="bbox 262 4244 1845 4319">
    <p class='ocr_par' dir='ltr' id='par_1_59' title="bbox 262 4244 1845 4319">
     <span class='ocr_line' id='line_1_59' title="bbox 262 4244 1845 4319; baseline 0.005 -25"><span class='ocrx_word' id='word_1_437' title='bbox 262 4244 351 4307; x_wconf 89' lang='lat' dir='ltr'><strong>qui</strong></span> <span class='ocrx_word' id='word_1_438' title='bbox 403 4247 759 4299; x_wconf 85' lang='lat' dir='ltr'><strong>resurrecturi</strong></span> <span class='ocrx_word' id='word_1_439' title='bbox 800 4248 1175 4316; x_wconf 85' lang='lat' dir='ltr'><strong>omnipotentis</strong></span> <span class='ocrx_word' id='word_1_440' title='bbox 1214 4248 1410 4302; x_wconf 80' lang='lat' dir='ltr'><strong>Christi</strong></span> <span class='ocrx_word' id='word_1_441' title='bbox 1450 4250 1610 4304; x_wconf 87' lang='lat' dir='ltr'><strong>stulte</strong></span> <span class='ocrx_word' id='word_1_442' title='bbox 1657 4252 1845 4319; x_wconf 86' lang='lat' dir='ltr'><strong>sepul-</strong></span> 
     </span>
    </p>
   </div>
   <div class='ocr_carea' id='block_1_60' title="bbox 260 4333 1838 4409">
    <p class='ocr_par' dir='ltr' id='par_1_60' title="bbox 260 4333 1838 4409">
     <span class='ocr_line' id='line_1_60' title="bbox 260 4333 1838 4409; baseline 0.008 -24"><span class='ocrx_word' id='word_1_443' title='bbox 260 4333 338 4386; x_wconf 82' lang='lat' dir='ltr'><strong>cri</strong></span> <span class='ocrx_word' id='word_1_444' title='bbox 376 4336 719 4399; x_wconf 62' lang='lat' dir='ltr'><strong>receptacula</strong></span> <span class='ocrx_word' id='word_1_445' title='bbox 747 4338 1110 4406; x_wconf 80' lang='lat' dir='ltr'><strong>signaverunt.</strong></span> <span class='ocrx_word' id='word_1_446' title='bbox 1151 4340 1333 4394; x_wconf 70' lang='lat' dir='ltr'><strong>Tanta:</strong></span> <span class='ocrx_word' id='word_1_447' title='bbox 1373 4341 1633 4409; x_wconf 87' lang='lat' dir='ltr'><strong>siquidem</strong></span> <span class='ocrx_word' id='word_1_448' title='bbox 1664 4344 1838 4397; x_wconf 84' lang='lat' dir='ltr'><strong>scele-</strong></span> 
     </span>
    </p>
   </div>
   <div class='ocr_carea' id='block_1_61' title="bbox 263 4424 1837 4495">
    <p class='ocr_par' dir='ltr' id='par_1_61' title="bbox 263 4424 1837 4495">
     <span class='ocr_line' id='line_1_61' title="bbox 263 4424 1837 4495; baseline 0.008 -21"><span class='ocrx_word' id='word_1_449' title='bbox 263 4437 381 4476; x_wconf 78' lang='lat' dir='ltr'><strong>rum</strong></span> <span class='ocrx_word' id='word_1_450' title='bbox 429 4424 626 4487; x_wconf 82' lang='lat' dir='ltr'><strong>moles,</strong></span> <span class='ocrx_word' id='word_1_451' title='bbox 667 4436 846 4479; x_wconf 87' lang='lat' dir='ltr'><strong>contra</strong></span> <span class='ocrx_word' id='word_1_452' title='bbox 879 4429 1167 4495; x_wconf 84' lang='lat' dir='ltr'><strong>potentiam</strong></span> <span class='ocrx_word' id='word_1_453' title='bbox 1203 4430 1407 4484; x_wconf 89' lang='lat' dir='ltr'><strong>Domini</strong></span> <span class='ocrx_word' id='word_1_454' title='bbox 1450 4431 1725 4487; x_wconf 88' lang='lat' dir='ltr'><strong>dementer</strong></span> <span class='ocrx_word' id='word_1_455' title='bbox 1753 4443 1837 4487; x_wconf 89' lang='lat' dir='ltr'><strong>at-</strong></span> 
     </span>
    </p>
   </div>
   <div class='ocr_carea' id='block_1_62' title="bbox 258 4512 1279 4587">
    <p class='ocr_par' dir='ltr' id='par_1_62' title="bbox 258 4512 1279 4587">
     <span class='ocr_line' id='line_1_62' title="bbox 258 4512 1279 4587; baseline 0.014 -25"><span class='ocrx_word' id='word_1_456' title='bbox 258 4527 363 4580; x_wconf 82' lang='lat' dir='ltr'><strong>que</strong></span> <span class='ocrx_word' id='word_1_457' title='bbox 391 4512 637 4567; x_wconf 79' lang='lat' dir='ltr'><strong>inaniter</strong></span> <span class='ocrx_word' id='word_1_458' title='bbox 662 4516 946 4579; x_wconf 80' lang='lat' dir='ltr'><strong>probantur</strong></span> <span class='ocrx_word' id='word_1_459' title='bbox 970 4530 1279 4587; x_wconf 61' lang='lat' dir='ltr'><strong>assumptio.</strong></span> 
     </span>
    </p>
   </div>
   <div class='ocr_carea' id='block_1_63' title="bbox 334 4603 1834 4681">
    <p class='ocr_par' dir='ltr' id='par_1_63' title="bbox 334 4603 1834 4681">
     <span class='ocr_line' id='line_1_63' title="bbox 334 4603 1834 4681; baseline 0.007 -27"><span class='ocrx_word' id='word_1_460' title='bbox 334 4605 498 4659; x_wconf 61' lang='grc' dir='ltr'><strong>γεγε.</strong></span> <span class='ocrx_word' id='word_1_461' title='bbox 530 4606 587 4659; x_wconf 88' lang='lat'><strong>5.</strong></span> <span class='ocrx_word' id='word_1_462' title='bbox 620 4603 763 4657; x_wconf 83' lang='lat' dir='ltr'><strong>Tunc</strong></span> <span class='ocrx_word' id='word_1_463' title='bbox 786 4608 1015 4675; x_wconf 84' lang='lat' dir='ltr'><strong>loquetur</strong></span> <span class='ocrx_word' id='word_1_464' title='bbox 1050 4611 1117 4660; x_wconf 86' lang='lat' dir='ltr'><strong>ad</strong></span> <span class='ocrx_word' id='word_1_465' title='bbox 1140 4626 1225 4663; x_wconf 82' lang='lat' dir='ltr'><strong>eos</strong></span> <span class='ocrx_word' id='word_1_466' title='bbox 1256 4611 1307 4663; x_wconf 84' lang='lat' dir='ltr'><strong>in</strong></span> <span class='ocrx_word' id='word_1_467' title='bbox 1336 4611 1415 4664; x_wconf 86' lang='lat' dir='ltr'><strong>ira</strong></span> <span class='ocrx_word' id='word_1_468' title='bbox 1443 4628 1559 4678; x_wconf 82' lang='lat' dir='ltr'><strong>sua,</strong></span> <span class='ocrx_word' id='word_1_469' title='bbox 1597 4621 1643 4665; x_wconf 89' lang='lat' dir='ltr'><strong>et</strong></span> <span class='ocrx_word' id='word_1_470' title='bbox 1672 4613 1724 4667; x_wconf 87' lang='lat' dir='ltr'><strong>in</strong></span> <span class='ocrx_word' id='word_1_471' title='bbox 1753 4615 1834 4681; x_wconf 75' lang='lat' dir='ltr'><strong>fu-</strong></span> 
     </span>
    </p>
   </div>
   <div class='ocr_carea' id='block_1_64' title="bbox 259 4698 1836 4760">
    <p class='ocr_par' dir='ltr' id='par_1_64' title="bbox 259 4698 1836 4760">
     <span class='ocr_line' id='line_1_64' title="bbox 259 4698 1836 4760; baseline 0.009 -15"><span class='ocrx_word' id='word_1_472' title='bbox 259 4710 377 4747; x_wconf 86' lang='lat' dir='ltr'><strong>rore</strong></span> <span class='ocrx_word' id='word_1_473' title='bbox 419 4712 519 4748; x_wconf 78' lang='lat' dir='ltr'><strong>suo</strong></span> <span class='ocrx_word' id='word_1_474' title='bbox 549 4698 870 4752; x_wconf 81' lang='lat' dir='ltr'><strong>conturbabit</strong></span> <span class='ocrx_word' id='word_1_475' title='bbox 910 4716 1013 4754; x_wconf 77' lang='lat' dir='ltr'><strong>eos.</strong></span> <span class='ocrx_word' id='word_1_476' title='bbox 1058 4702 1163 4755; x_wconf 89' lang='lat' dir='ltr'><strong>Sed</strong></span> <span class='ocrx_word' id='word_1_477' title='bbox 1208 4718 1273 4756; x_wconf 90' lang='lat' dir='ltr'><strong>ne</strong></span> <span class='ocrx_word' id='word_1_478' title='bbox 1304 4702 1602 4759; x_wconf 87' lang='lat' dir='ltr'><strong>irridendos</strong></span> <span class='ocrx_word' id='word_1_479' title='bbox 1633 4716 1836 4760; x_wconf 88' lang='lat' dir='ltr'><strong>tantum</strong></span> 
     </span>
    </p>
   </div>
   <div class='ocr_carea' id='block_1_65' title="bbox 260 4786 1843 4869">
    <p class='ocr_par' dir='ltr' id='par_1_65' title="bbox 260 4786 1843 4869">
     <span class='ocr_line' id='line_1_65' title="bbox 260 4786 1843 4869; baseline 0.008 -30"><span class='ocrx_word' id='word_1_480' title='bbox 260 4786 468 4855; x_wconf 79' lang='lat' dir='ltr'><strong>impios</strong></span> <span class='ocrx_word' id='word_1_481' title='bbox 510 4798 837 4855; x_wconf 84' lang='lat' dir='ltr'><strong>putaremus,</strong></span> <span class='ocrx_word' id='word_1_482' title='bbox 872 4805 1012 4845; x_wconf 90' lang='lat' dir='ltr'><strong>nunc</strong></span> <span class='ocrx_word' id='word_1_483' title='bbox 1054 4807 1147 4846; x_wconf 90' lang='lat' dir='ltr'><strong>eos</strong></span> <span class='ocrx_word' id='word_1_484' title='bbox 1186 4792 1419 4860; x_wconf 83' lang='lat' dir='ltr'><strong>graviter</strong></span> <span class='ocrx_word' id='word_1_485' title='bbox 1455 4805 1843 4869; x_wconf 74' lang='lat' dir='ltr'><strong>commemorat</strong></span> 
     </span>
    </p>
   </div>
   <div class='ocr_carea' id='block_1_66' title="bbox 254 4878 1839 4957">
    <p class='ocr_par' dir='ltr' id='par_1_66' title="bbox 254 4878 1839 4957">
     <span class='ocr_line' id='line_1_66' title="bbox 254 4878 1839 4957; baseline 0.01 -30"><span class='ocrx_word' id='word_1_486' title='bbox 254 4878 595 4944; x_wconf 77' lang='lat' dir='ltr'><strong>arguendos.</strong></span> <span class='ocrx_word' id='word_1_487' title='bbox 624 4878 704 4933; x_wconf 83' lang='lat' dir='ltr'><strong>Ira</strong></span> <span class='ocrx_word' id='word_1_488' title='bbox 734 4894 866 4935; x_wconf 88' lang='lat' dir='ltr'><strong>vero</strong></span> <span class='ocrx_word' id='word_1_489' title='bbox 893 4891 946 4936; x_wconf 89' lang='lat' dir='ltr'><strong>et</strong></span> <span class='ocrx_word' id='word_1_490' title='bbox 974 4880 1120 4936; x_wconf 91' lang='lat' dir='ltr'><strong>furor</strong></span> <span class='ocrx_word' id='word_1_491' title='bbox 1140 4882 1334 4937; x_wconf 85' lang='lat' dir='ltr'><strong>similia</strong></span> <span class='ocrx_word' id='word_1_492' title='bbox 1364 4894 1489 4940; x_wconf 87' lang='lat' dir='ltr'><strong>sunt</strong></span> <span class='ocrx_word' id='word_1_493' title='bbox 1512 4887 1670 4943; x_wconf 88' lang='lat' dir='ltr'><strong>verba</strong></span> <span class='ocrx_word' id='word_1_494' title='bbox 1699 4903 1839 4957; x_wconf 76' lang='lat' dir='ltr'><strong>prte-</strong></span> 
     </span>
    </p>
   </div>
   <div class='ocr_carea' id='block_1_67' title="bbox 254 4968 1835 5048">
    <p class='ocr_par' dir='ltr' id='par_1_67' title="bbox 254 4968 1835 5048">
     <span class='ocr_line' id='line_1_67' title="bbox 254 4968 1835 5048; baseline 0.007 -26"><span class='ocrx_word' id='word_1_495' title='bbox 254 4968 603 5023; x_wconf 80' lang='lat' dir='ltr'><strong>cedentibus.</strong></span> <span class='ocrx_word' id='word_1_496' title='bbox 633 4969 761 5025; x_wconf 80' lang='lat' dir='ltr'><strong>Nam</strong></span> <span class='ocrx_word' id='word_1_497' title='bbox 795 4974 935 5027; x_wconf 88' lang='lat' dir='ltr'><strong>Deus</strong></span> <span class='ocrx_word' id='word_1_498' title='bbox 974 4982 1029 5028; x_wconf 90' lang='lat' dir='ltr'><strong>et</strong></span> <span class='ocrx_word' id='word_1_499' title='bbox 1057 4988 1175 5029; x_wconf 89' lang='lat' dir='ltr'><strong>cum</strong></span> <span class='ocrx_word' id='word_1_500' title='bbox 1211 4978 1592 5047; x_wconf 90' lang='lat' dir='ltr'><strong>tranquillitate</strong></span> <span class='ocrx_word' id='word_1_501' title='bbox 1616 4979 1835 5048; x_wconf 72' lang='lat' dir='ltr'><strong>iudicat,</strong></span> 
     </span>
    </p>
   </div>
   <div class='ocr_carea' id='block_1_68' title="bbox 253 5060 1840 5127">
    <p class='ocr_par' dir='ltr' id='par_1_68' title="bbox 253 5060 1840 5127">
     <span class='ocr_line' id='line_1_68' title="bbox 253 5060 1840 5127; baseline 0.008 -16"><span class='ocrx_word' id='word_1_502' title='bbox 253 5069 307 5111; x_wconf 85' lang='lat' dir='ltr'><strong>et</strong></span> <span class='ocrx_word' id='word_1_503' title='bbox 332 5067 552 5112; x_wconf 80' lang='lat' dir='ltr'><strong>servata</strong></span> <span class='ocrx_word' id='word_1_504' title='bbox 582 5060 772 5127; x_wconf 88' lang='lat' dir='ltr'><strong>pietate</strong></span> <span class='ocrx_word' id='word_1_505' title='bbox 800 5064 1120 5119; x_wconf 88' lang='lat' dir='ltr'><strong>conturbat:</strong></span> <span class='ocrx_word' id='word_1_506' title='bbox 1145 5080 1249 5122; x_wconf 91' lang='lat' dir='ltr'><strong>non</strong></span> <span class='ocrx_word' id='word_1_507' title='bbox 1280 5068 1333 5121; x_wconf 92' lang='lat' dir='ltr'><strong>in</strong></span> <span class='ocrx_word' id='word_1_508' title='bbox 1368 5069 1538 5123; x_wconf 85' lang='lat' dir='ltr'><strong>malos</strong></span> <span class='ocrx_word' id='word_1_509' title='bbox 1565 5078 1709 5123; x_wconf 90' lang='lat' dir='ltr'><strong>motu</strong></span> <span class='ocrx_word' id='word_1_510' title='bbox 1741 5071 1840 5125; x_wconf 86' lang='lat' dir='ltr'><strong>ali-</strong></span> 
     </span>
    </p>
   </div>
   <div class='ocr_carea' id='block_1_69' title="bbox 252 5152 1835 5228">
    <p class='ocr_par' dir='ltr' id='par_1_69' title="bbox 252 5152 1835 5228">
     <span class='ocr_line' id='line_1_69' title="bbox 252 5152 1835 5228; baseline 0.01 -30"><span class='ocrx_word' id='word_1_511' title='bbox 252 5161 361 5210; x_wconf 81' lang='lat' dir='ltr'><strong>quo</strong></span> <span class='ocrx_word' id='word_1_512' title='bbox 382 5158 639 5215; x_wconf 85' lang='lat' dir='ltr'><strong>surgente</strong></span> <span class='ocrx_word' id='word_1_513' title='bbox 666 5152 1014 5217; x_wconf 86' lang='lat' dir='ltr'><strong>candescens,</strong></span> <span class='ocrx_word' id='word_1_514' title='bbox 1050 5154 1145 5210; x_wconf 76' lang='lat' dir='ltr'><strong>sed</strong></span> <span class='ocrx_word' id='word_1_515' title='bbox 1169 5157 1236 5209; x_wconf 88' lang='lat' dir='ltr'><strong>ab</strong></span> <span class='ocrx_word' id='word_1_516' title='bbox 1264 5159 1345 5211; x_wconf 85' lang='lat' dir='ltr'><strong>eis</strong></span> <span class='ocrx_word' id='word_1_517' title='bbox 1375 5172 1486 5211; x_wconf 85' lang='lat' dir='ltr'><strong>suae</strong></span> <span class='ocrx_word' id='word_1_518' title='bbox 1510 5161 1693 5228; x_wconf 66' lang='lat' dir='ltr'><strong>gratia:</strong></span> <span class='ocrx_word' id='word_1_519' title='bbox 1718 5176 1835 5215; x_wconf 81' lang='lat' dir='ltr'><strong>mo-</strong></span> 
     </span>
    </p>
   </div>
   <div class='ocr_carea' id='block_1_70' title="bbox 256 5241 1837 5312">
    <p class='ocr_par' dir='ltr' id='par_1_70' title="bbox 256 5241 1837 5312">
     <span class='ocr_line' id='line_1_70' title="bbox 256 5241 1837 5312; baseline 0.012 -25"><span class='ocrx_word' id='word_1_520' title='bbox 256 5245 449 5290; x_wconf 76' lang='lat' dir='ltr'><strong>menta</strong></span> <span class='ocrx_word' id='word_1_521' title='bbox 496 5241 846 5304; x_wconf 79' lang='lat' dir='ltr'><strong>suspendens.</strong></span> <span class='ocrx_word' id='word_1_522' title='bbox 886 5243 967 5296; x_wconf 90' lang='lat' dir='ltr'><strong>Ira</strong></span> <span class='ocrx_word' id='word_1_523' title='bbox 1001 5258 1127 5312; x_wconf 86' lang='lat' dir='ltr'><strong>ergo</strong></span> <span class='ocrx_word' id='word_1_524' title='bbox 1157 5244 1248 5299; x_wconf 91' lang='lat' dir='ltr'><strong>Dei</strong></span> <span class='ocrx_word' id='word_1_525' title='bbox 1294 5258 1513 5302; x_wconf 86' lang='lat' dir='ltr'><strong>vocatur</strong></span> <span class='ocrx_word' id='word_1_526' title='bbox 1560 5251 1837 5307; x_wconf 84' lang='lat' dir='ltr'><strong>retributio</strong></span> 
     </span>
    </p>
   </div>
   <div class='ocr_carea' id='block_1_71' title="bbox 256 5333 1833 5411">
    <p class='ocr_par' dir='ltr' id='par_1_71' title="bbox 256 5333 1833 5411">
     <span class='ocr_line' id='line_1_71' title="bbox 256 5333 1833 5411; baseline 0.012 -33"><span class='ocrx_word' id='word_1_527' title='bbox 256 5334 637 5391; x_wconf 78' lang='lat' dir='ltr'><strong>peccatorum;</strong></span> <span class='ocrx_word' id='word_1_528' title='bbox 660 5344 781 5383; x_wconf 86' lang='lat' dir='ltr'><strong>nam</strong></span> <span class='ocrx_word' id='word_1_529' title='bbox 812 5341 987 5386; x_wconf 88' lang='lat' dir='ltr'><strong>motus</strong></span> <span class='ocrx_word' id='word_1_530' title='bbox 1017 5333 1273 5390; x_wconf 83' lang='lat' dir='ltr'><strong>Divinitas</strong></span> <span class='ocrx_word' id='word_1_531' title='bbox 1302 5337 1453 5392; x_wconf 86' lang='lat' dir='ltr'><strong>beata</strong></span> <span class='ocrx_word' id='word_1_532' title='bbox 1493 5352 1595 5392; x_wconf 91' lang='lat' dir='ltr'><strong>non</strong></span> <span class='ocrx_word' id='word_1_533' title='bbox 1620 5342 1833 5411; x_wconf 87' lang='lat' dir='ltr'><strong>patitur,</strong></span> 
     </span>
    </p>
   </div>
   <div class='ocr_carea' id='block_1_72' title="bbox 256 5420 1839 5499">
    <p class='ocr_par' dir='ltr' id='par_1_72' title="bbox 256 5420 1839 5499">
     <span class='ocr_line' id='line_1_72' title="bbox 256 5420 1839 5499; baseline 0.013 -32"><span class='ocrx_word' id='word_1_534' title='bbox 256 5429 377 5477; x_wconf 68' lang='lat' dir='ltr'><strong>qua</strong></span> <span class='ocrx_word' id='word_1_535' title='bbox 400 5430 623 5486; x_wconf 77' lang='lat' dir='ltr'><strong>semper</strong></span> <span class='ocrx_word' id='word_1_536' title='bbox 650 5420 860 5486; x_wconf 86' lang='lat' dir='ltr'><strong>eadem,</strong></span> <span class='ocrx_word' id='word_1_537' title='bbox 897 5432 1119 5486; x_wconf 64' lang='lat' dir='ltr'><strong>interna,</strong></span> <span class='ocrx_word' id='word_1_538' title='bbox 1151 5434 1311 5494; x_wconf 86' lang='lat' dir='ltr'><strong>atque</strong></span> <span class='ocrx_word' id='word_1_539' title='bbox 1342 5428 1628 5483; x_wconf 88' lang='lat' dir='ltr'><strong>immobilis</strong></span> <span class='ocrx_word' id='word_1_540' title='bbox 1656 5446 1839 5499; x_wconf 88' lang='lat' dir='ltr'><strong>perse-</strong></span> 
     </span>
    </p>
   </div>
   <div class='ocr_carea' id='block_1_73' title="bbox 256 5511 1839 5594">
    <p class='ocr_par' dir='ltr' id='par_1_73' title="bbox 256 5511 1839 5594">
     <span class='ocr_line' id='line_1_73' title="bbox 256 5511 1839 5594; baseline 0.012 -34"><span class='ocrx_word' id='word_1_541' title='bbox 256 5519 432 5563; x_wconf 78' lang='lat' dir='ltr'><strong>verat.</strong></span> <span class='ocrx_word' id='word_1_542' title='bbox 460 5511 567 5567; x_wconf 87' lang='lat' dir='ltr'><strong>Sed</strong></span> <span class='ocrx_word' id='word_1_543' title='bbox 614 5513 717 5568; x_wconf 85' lang='lat' dir='ltr'><strong>ista</strong></span> <span class='ocrx_word' id='word_1_544' title='bbox 746 5518 1028 5574; x_wconf 83' lang='lat' dir='ltr'><strong>conversio</strong></span> <span class='ocrx_word' id='word_1_545' title='bbox 1067 5520 1313 5575; x_wconf 76' lang='lat' dir='ltr'><strong>humanae</strong></span> <span class='ocrx_word' id='word_1_546' title='bbox 1344 5524 1594 5577; x_wconf 88' lang='lat' dir='ltr'><strong>convenit</strong></span> <span class='ocrx_word' id='word_1_547' title='bbox 1636 5526 1839 5594; x_wconf 80' lang='lat' dir='ltr'><strong>fragili-</strong></span> 
     </span>
    </p>
   </div>
   <div class='ocr_carea' id='block_1_74' title="bbox 255 5600 1833 5685">
    <p class='ocr_par' dir='ltr' id='par_1_74' title="bbox 255 5600 1833 5685">
     <span class='ocr_line' id='line_1_74' title="bbox 255 5600 1833 5685; baseline 0.013 -32"><span class='ocrx_word' id='word_1_548' title='bbox 255 5600 380 5666; x_wconf 82' lang='lat' dir='ltr'><strong>tati,</strong></span> <span class='ocrx_word' id='word_1_549' title='bbox 416 5612 476 5657; x_wconf 87' lang='lat' dir='ltr'><strong>ut</strong></span> <span class='ocrx_word' id='word_1_550' title='bbox 513 5604 580 5661; x_wconf 84' lang='lat' dir='ltr'><strong>de</strong></span> <span class='ocrx_word' id='word_1_551' title='bbox 608 5607 736 5662; x_wconf 67' lang='lat' dir='ltr'><strong>laeto</strong></span> <span class='ocrx_word' id='word_1_552' title='bbox 764 5610 884 5678; x_wconf 83' lang='lat' dir='ltr'><strong>quis</strong></span> <span class='ocrx_word' id='word_1_553' title='bbox 932 5610 1123 5675; x_wconf 88' lang='lat' dir='ltr'><strong>tristis,</strong></span> <span class='ocrx_word' id='word_1_554' title='bbox 1173 5612 1241 5667; x_wconf 91' lang='lat' dir='ltr'><strong>de</strong></span> <span class='ocrx_word' id='word_1_555' title='bbox 1281 5614 1486 5682; x_wconf 88' lang='lat' dir='ltr'><strong>placato</strong></span> <span class='ocrx_word' id='word_1_556' title='bbox 1525 5617 1833 5685; x_wconf 82' lang='lat' dir='ltr'><strong>iracundus,</strong></span> 
     </span>
    </p>
   </div>
   <div class='ocr_carea' id='block_1_75' title="bbox 252 5696 1832 5779">
    <p class='ocr_par' dir='ltr' id='par_1_75' title="bbox 252 5696 1832 5779">
     <span class='ocr_line' id='line_1_75' title="bbox 252 5696 1832 5779; baseline 0.012 -30"><span class='ocrx_word' id='word_1_557' title='bbox 252 5696 323 5749; x_wconf 84' lang='lat' dir='ltr'><strong>de</strong></span> <span class='ocrx_word' id='word_1_558' title='bbox 368 5697 631 5756; x_wconf 82' lang='lat' dir='ltr'><strong>benevolo</strong></span> <span class='ocrx_word' id='word_1_559' title='bbox 660 5702 913 5760; x_wconf 87' lang='lat' dir='ltr'><strong>reddatur</strong></span> <span class='ocrx_word' id='word_1_560' title='bbox 945 5704 1205 5762; x_wconf 76' lang='lat' dir='ltr'><strong>offensus.</strong></span> <span class='ocrx_word' id='word_1_561' title='bbox 1239 5706 1383 5761; x_wconf 85' lang='lat' dir='ltr'><strong>Tunc</strong></span> <span class='ocrx_word' id='word_1_562' title='bbox 1419 5709 1671 5779; x_wconf 85' lang='lat' dir='ltr'><strong>loquetur,</strong></span> <span class='ocrx_word' id='word_1_563' title='bbox 1706 5712 1832 5768; x_wconf 91' lang='lat' dir='ltr'><strong>illud</strong></span> 
     </span>
    </p>
   </div>
   <div class='ocr_carea' id='block_1_76' title="bbox 1966 1828 3527 1908">
    <p class='ocr_par' dir='ltr' id='par_1_76' title="bbox 1966 1828 3527 1908">
     <span class='ocr_line' id='line_1_76' title="bbox 1966 1828 3527 1908; baseline 0.012 -27"><span class='ocrx_word' id='word_1_564' title='bbox 1966 1828 2279 1897; x_wconf 83' lang='lat' dir='ltr'><strong>Ecclesiam,</strong></span> <span class='ocrx_word' id='word_1_565' title='bbox 2310 1832 2466 1886; x_wconf 90' lang='lat' dir='ltr'><strong>modo</strong></span> <span class='ocrx_word' id='word_1_566' title='bbox 2489 1834 2661 1902; x_wconf 83' lang='lat' dir='ltr'><strong>ipsum</strong></span> <span class='ocrx_word' id='word_1_567' title='bbox 2693 1836 2971 1892; x_wconf 89' lang='lat' dir='ltr'><strong>Dominum</strong></span> <span class='ocrx_word' id='word_1_568' title='bbox 2993 1838 3344 1908; x_wconf 83' lang='lat' dir='ltr'><strong>Salvatorem,</strong></span> <span class='ocrx_word' id='word_1_569' title='bbox 3370 1844 3527 1899; x_wconf 81' lang='lat' dir='ltr'><strong>modo</strong></span> 
     </span>
    </p>
   </div>
   <div class='ocr_carea' id='block_1_77' title="bbox 1963 1916 3532 2000">
    <p class='ocr_par' dir='ltr' id='par_1_77' title="bbox 1963 1916 3532 2000">
     <span class='ocr_line' id='line_1_77' title="bbox 1963 1916 3532 2000; baseline 0.01 -30"><span class='ocrx_word' id='word_1_570' title='bbox 1963 1916 2257 1973; x_wconf 87' lang='lat' dir='ltr'><strong>Jerusalem</strong></span> <span class='ocrx_word' id='word_1_571' title='bbox 2310 1921 2564 1976; x_wconf 88' lang='lat' dir='ltr'><strong>futuram.</strong></span> <span class='ocrx_word' id='word_1_572' title='bbox 2600 1926 2661 1976; x_wconf 78' lang='lat' dir='ltr'><strong>Et</strong></span> <span class='ocrx_word' id='word_1_573' title='bbox 2700 1927 2823 1994; x_wconf 87' lang='lat' dir='ltr'><strong>quia</strong></span> <span class='ocrx_word' id='word_1_574' title='bbox 2865 1929 3083 1985; x_wconf 85' lang='lat' dir='ltr'><strong>verbum</strong></span> <span class='ocrx_word' id='word_1_575' title='bbox 3127 1928 3227 1982; x_wconf 78' lang='lat' dir='ltr'><strong>hoc</strong></span> <span class='ocrx_word' id='word_1_576' title='bbox 3284 1931 3532 2000; x_wconf 49' lang='lat' dir='ltr'><strong>frequen-</strong></span> 
     </span>
    </p>
   </div>
   <div class='ocr_carea' id='block_1_78' title="bbox 1963 2010 3530 2090">
    <p class='ocr_par' dir='ltr' id='par_1_78' title="bbox 1963 2010 3530 2090">
     <span class='ocr_line' id='line_1_78' title="bbox 1963 2010 3530 2090; baseline 0.012 -29"><span class='ocrx_word' id='word_1_577' title='bbox 1963 2016 2049 2064; x_wconf 87' lang='lat' dir='ltr'><strong>ter</strong></span> <span class='ocrx_word' id='word_1_578' title='bbox 2087 2010 2380 2067; x_wconf 87' lang='lat' dir='ltr'><strong>iterandum</strong></span> <span class='ocrx_word' id='word_1_579' title='bbox 2424 2024 2527 2080; x_wconf 88' lang='lat' dir='ltr'><strong>est,</strong></span> <span class='ocrx_word' id='word_1_580' title='bbox 2577 2018 2822 2070; x_wconf 90' lang='lat' dir='ltr'><strong>convenit</strong></span> <span class='ocrx_word' id='word_1_581' title='bbox 2852 2020 3018 2087; x_wconf 89' lang='lat' dir='ltr'><strong>magis</strong></span> <span class='ocrx_word' id='word_1_582' title='bbox 3059 2032 3115 2074; x_wconf 92' lang='lat' dir='ltr'><strong>ut</strong></span> <span class='ocrx_word' id='word_1_583' title='bbox 3154 2038 3248 2090; x_wconf 87' lang='lat' dir='ltr'><strong>per</strong></span> <span class='ocrx_word' id='word_1_584' title='bbox 3272 2023 3384 2077; x_wconf 89' lang='lat' dir='ltr'><strong>loca</strong></span> <span class='ocrx_word' id='word_1_585' title='bbox 3418 2026 3530 2080; x_wconf 89' lang='lat' dir='ltr'><strong>sin-</strong></span> 
     </span>
    </p>
   </div>
   <div class='ocr_carea' id='block_1_79' title="bbox 1962 2099 3526 2177">
    <p class='ocr_par' dir='ltr' id='par_1_79' title="bbox 1962 2099 3526 2177">
     <span class='ocr_line' id='line_1_79' title="bbox 1962 2099 3526 2177; baseline 0.013 -28"><span class='ocrx_word' id='word_1_586' title='bbox 1962 2099 2082 2167; x_wconf 82' lang='lat' dir='ltr'><strong>gula</strong></span> <span class='ocrx_word' id='word_1_587' title='bbox 2126 2105 2374 2171; x_wconf 87' lang='lat' dir='ltr'><strong>congruis</strong></span> <span class='ocrx_word' id='word_1_588' title='bbox 2414 2104 2861 2161; x_wconf 88' lang='lat' dir='ltr'><strong>satisfactionihus</strong></span> <span class='ocrx_word' id='word_1_589' title='bbox 2904 2111 3218 2177; x_wconf 85' lang='lat' dir='ltr'><strong>explicetur.</strong></span> <span class='ocrx_word' id='word_1_590' title='bbox 3267 2112 3396 2169; x_wconf 83' lang='lat' dir='ltr'><strong>Sion</strong></span> <span class='ocrx_word' id='word_1_591' title='bbox 3436 2115 3526 2170; x_wconf 86' lang='lat' dir='ltr'><strong>hic</strong></span> 
     </span>
    </p>
   </div>
   <div class='ocr_carea' id='block_1_80' title="bbox 1965 2187 3527 2275">
    <p class='ocr_par' dir='ltr' id='par_1_80' title="bbox 1965 2187 3527 2275">
     <span class='ocr_line' id='line_1_80' title="bbox 1965 2187 3527 2275; baseline 0.013 -33"><span class='ocrx_word' id='word_1_592' title='bbox 1965 2187 2255 2244; x_wconf 78' lang='lat' dir='ltr'><strong>Ecclesium</strong></span> <span class='ocrx_word' id='word_1_593' title='bbox 2278 2192 2529 2249; x_wconf 82' lang='lat' dir='ltr'><strong>debemus</strong></span> <span class='ocrx_word' id='word_1_594' title='bbox 2555 2196 2815 2265; x_wconf 85' lang='lat' dir='ltr'><strong>accipere,</strong></span> <span class='ocrx_word' id='word_1_595' title='bbox 2842 2214 2995 2268; x_wconf 88' lang='lat' dir='ltr'><strong>quam</strong></span> <span class='ocrx_word' id='word_1_596' title='bbox 3026 2213 3260 2258; x_wconf 87' lang='lat' dir='ltr'><strong>montem</strong></span> <span class='ocrx_word' id='word_1_597' title='bbox 3293 2208 3527 2275; x_wconf 87' lang='lat' dir='ltr'><strong>appellat</strong></span> 
     </span>
    </p>
   </div>
   <div class='ocr_carea' id='block_1_81' title="bbox 1963 2285 3521 2355">
    <p class='ocr_par' dir='ltr' id='par_1_81' title="bbox 1963 2285 3521 2355">
     <span class='ocr_line' id='line_1_81' title="bbox 1963 2285 3521 2355; baseline 0.015 -23"><span class='ocrx_word' id='word_1_598' title='bbox 1963 2289 2179 2349; x_wconf 87' lang='lat' dir='ltr'><strong>propter</strong></span> <span class='ocrx_word' id='word_1_599' title='bbox 2223 2285 2564 2339; x_wconf 87' lang='lat' dir='ltr'><strong>eminentiam</strong></span> <span class='ocrx_word' id='word_1_600' title='bbox 2637 2287 2855 2342; x_wconf 88' lang='lat' dir='ltr'><strong>honoris</strong></span> <span class='ocrx_word' id='word_1_601' title='bbox 2918 2300 2970 2345; x_wconf 89' lang='lat' dir='ltr'><strong>et</strong></span> <span class='ocrx_word' id='word_1_602' title='bbox 3024 2293 3325 2350; x_wconf 79' lang='lat' dir='ltr'><strong>ﬁrmitatem</strong></span> <span class='ocrx_word' id='word_1_603' title='bbox 3377 2300 3521 2355; x_wconf 59' lang='lat' dir='ltr'><strong>ﬁdei.</strong></span> 
     </span>
    </p>
   </div>
   <div class='ocr_carea' id='block_1_82' title="bbox 1963 2367 3526 2452">
    <p class='ocr_par' dir='ltr' id='par_1_82' title="bbox 1963 2367 3526 2452">
     <span class='ocr_line' id='line_1_82' title="bbox 1963 2367 3526 2452; baseline 0.013 -32"><span class='ocrx_word' id='word_1_604' title='bbox 1963 2367 2092 2421; x_wconf 90' lang='lat' dir='ltr'><strong>Sion</strong></span> <span class='ocrx_word' id='word_1_605' title='bbox 2122 2369 2263 2424; x_wconf 90' lang='lat' dir='ltr'><strong>enim</strong></span> <span class='ocrx_word' id='word_1_606' title='bbox 2304 2370 2527 2426; x_wconf 60' lang='lat' dir='ltr'><strong>Hebraea</strong></span> <span class='ocrx_word' id='word_1_607' title='bbox 2557 2373 2731 2443; x_wconf 84' lang='lat' dir='ltr'><strong>lingua</strong></span> <span class='ocrx_word' id='word_1_608' title='bbox 2758 2377 2952 2432; x_wconf 78' lang='lat' dir='ltr'><strong>dicitur</strong></span> <span class='ocrx_word' id='word_1_609' title='bbox 2977 2384 3213 2450; x_wconf 87' lang='lat' dir='ltr'><strong>specula,</strong></span> <span class='ocrx_word' id='word_1_610' title='bbox 3242 2401 3359 2452; x_wconf 70' lang='lat' dir='ltr'><strong>qua:</strong></span> <span class='ocrx_word' id='word_1_611' title='bbox 3381 2403 3526 2441; x_wconf 86' lang='lat' dir='ltr'><strong>com-</strong></span> 
     </span>
    </p>
   </div>
   <div class='ocr_carea' id='block_1_83' title="bbox 1963 2461 3526 2547">
    <p class='ocr_par' dir='ltr' id='par_1_83' title="bbox 1963 2461 3526 2547">
     <span class='ocr_line' id='line_1_83' title="bbox 1963 2461 3526 2547; baseline 0.017 -40"><span class='ocrx_word' id='word_1_612' title='bbox 1963 2464 2204 2525; x_wconf 89' lang='lat' dir='ltr'><strong>petenter</strong></span> <span class='ocrx_word' id='word_1_613' title='bbox 2229 2467 2440 2528; x_wconf 84' lang='lat' dir='ltr'><strong>aptatur</strong></span> <span class='ocrx_word' id='word_1_614' title='bbox 2469 2461 2754 2529; x_wconf 76' lang='lat' dir='ltr'><strong>Ecclesim;</strong></span> <span class='ocrx_word' id='word_1_615' title='bbox 2787 2469 3034 2535; x_wconf 89' lang='lat' dir='ltr'><strong>quoniam</strong></span> <span class='ocrx_word' id='word_1_616' title='bbox 3076 2472 3140 2526; x_wconf 88' lang='lat' dir='ltr'><strong>ad</strong></span> <span class='ocrx_word' id='word_1_617' title='bbox 3170 2475 3373 2537; x_wconf 83' lang='lat' dir='ltr'><strong>futuras</strong></span> <span class='ocrx_word' id='word_1_618' title='bbox 3406 2494 3526 2547; x_wconf 70' lang='lat' dir='ltr'><strong>spes</strong></span> 
     </span>
    </p>
   </div>
   <div class='ocr_carea' id='block_1_84' title="bbox 1962 2548 3525 2627">
    <p class='ocr_par' dir='ltr' id='par_1_84' title="bbox 1962 2548 3525 2627">
     <span class='ocr_line' id='line_1_84' title="bbox 1962 2548 3525 2627; baseline 0.015 -24"><span class='ocrx_word' id='word_1_619' title='bbox 1962 2548 2290 2605; x_wconf 90' lang='lat' dir='ltr'><strong>sufﬁcienter</strong></span> <span class='ocrx_word' id='word_1_620' title='bbox 2331 2551 2610 2621; x_wconf 89' lang='lat' dir='ltr'><strong>instructa,</strong></span> <span class='ocrx_word' id='word_1_621' title='bbox 2661 2560 3038 2627; x_wconf 86' lang='lat' dir='ltr'><strong>promissiones</strong></span> <span class='ocrx_word' id='word_1_622' title='bbox 3086 2565 3289 2621; x_wconf 91' lang='lat' dir='ltr'><strong>Domini</strong></span> <span class='ocrx_word' id='word_1_623' title='bbox 3330 2573 3525 2627; x_wconf 82' lang='lat' dir='ltr'><strong>mentis</strong></span> 
     </span>
    </p>
   </div>
   <div class='ocr_carea' id='block_1_85' title="bbox 1962 2640 3527 2725">
    <p class='ocr_par' dir='ltr' id='par_1_85' title="bbox 1962 2640 3527 2725">
     <span class='ocr_line' id='line_1_85' title="bbox 1962 2640 3527 2725; baseline 0.018 -37"><span class='ocrx_word' id='word_1_624' title='bbox 1962 2640 2290 2707; x_wconf 78' lang='lat' dir='ltr'><strong>providentia</strong></span> <span class='ocrx_word' id='word_1_625' title='bbox 2351 2655 2661 2711; x_wconf 86' lang='lat' dir='ltr'><strong>contuetur;</strong></span> <span class='ocrx_word' id='word_1_626' title='bbox 2737 2666 2835 2705; x_wconf 91' lang='lat' dir='ltr'><strong>nec</strong></span> <span class='ocrx_word' id='word_1_627' title='bbox 2901 2661 3105 2709; x_wconf 86' lang='lat' dir='ltr'><strong>tantum</strong></span> <span class='ocrx_word' id='word_1_628' title='bbox 3174 2663 3527 2725; x_wconf 67' lang='lat' dir='ltr'><strong>praesentibus</strong></span> 
     </span>
    </p>
   </div>
   <div class='ocr_carea' id='block_1_86' title="bbox 1961 2733 3522 2820">
    <p class='ocr_par' dir='ltr' id='par_1_86' title="bbox 1961 2733 3522 2820">
     <span class='ocr_line' id='line_1_86' title="bbox 1961 2733 3522 2820; baseline 0.017 -40"><span class='ocrx_word' id='word_1_629' title='bbox 1961 2739 2213 2797; x_wconf 75' lang='lat' dir='ltr'><strong>quantum</strong></span> <span class='ocrx_word' id='word_1_630' title='bbox 2267 2733 2456 2788; x_wconf 83' lang='lat' dir='ltr'><strong>futuris</strong></span> <span class='ocrx_word' id='word_1_631' title='bbox 2498 2736 2769 2794; x_wconf 88' lang='lat' dir='ltr'><strong>beneﬁciis</strong></span> <span class='ocrx_word' id='word_1_632' title='bbox 2823 2742 3098 2811; x_wconf 85' lang='lat' dir='ltr'><strong>gloriatur.</strong></span> <span class='ocrx_word' id='word_1_633' title='bbox 3153 2748 3339 2803; x_wconf 82' lang='lat' dir='ltr'><strong>Merito</strong></span> <span class='ocrx_word' id='word_1_634' title='bbox 3393 2767 3522 2820; x_wconf 87' lang='lat' dir='ltr'><strong>ergo</strong></span> 
     </span>
    </p>
   </div>
   <div class='ocr_carea' id='block_1_87' title="bbox 1962 2820 3520 2907">
    <p class='ocr_par' dir='ltr' id='par_1_87' title="bbox 1962 2820 3520 2907">
     <span class='ocr_line' id='line_1_87' title="bbox 1962 2820 3520 2907; baseline 0.014 -32"><span class='ocrx_word' id='word_1_635' title='bbox 1962 2820 2089 2875; x_wconf 83' lang='lat' dir='ltr'><strong>Sion</strong></span> <span class='ocrx_word' id='word_1_636' title='bbox 2133 2824 2364 2879; x_wconf 81' lang='lat' dir='ltr'><strong>Ecclesia</strong></span> <span class='ocrx_word' id='word_1_637' title='bbox 2412 2828 2622 2893; x_wconf 88' lang='lat' dir='ltr'><strong>dicitur,</strong></span> <span class='ocrx_word' id='word_1_638' title='bbox 2670 2832 2789 2900; x_wconf 90' lang='lat' dir='ltr'><strong>quia</strong></span> <span class='ocrx_word' id='word_1_639' title='bbox 2849 2837 3140 2903; x_wconf 88' lang='lat' dir='ltr'><strong>speculatio</strong></span> <span class='ocrx_word' id='word_1_640' title='bbox 3186 2839 3302 2907; x_wconf 87' lang='lat' dir='ltr'><strong>ejus</strong></span> <span class='ocrx_word' id='word_1_641' title='bbox 3344 2842 3394 2895; x_wconf 93' lang='lat' dir='ltr'><strong>in</strong></span> <span class='ocrx_word' id='word_1_642' title='bbox 3435 2843 3520 2901; x_wconf 85' lang='lat' dir='ltr'><strong>illa</strong></span> 
     </span>
    </p>
   </div>
   <div class='ocr_carea' id='block_1_88' title="bbox 1959 2911 3517 2993">
    <p class='ocr_par' dir='ltr' id='par_1_88' title="bbox 1959 2911 3517 2993">
     <span class='ocr_line' id='line_1_88' title="bbox 1959 2911 3517 2993; baseline 0.017 -33"><span class='ocrx_word' id='word_1_643' title='bbox 1959 2911 2363 2977; x_wconf 85' lang='lat' dir='ltr'><strong>contemplativa</strong></span> <span class='ocrx_word' id='word_1_644' title='bbox 2409 2915 2601 2970; x_wconf 86' lang='lat' dir='ltr'><strong>virtute</strong></span> <span class='ocrx_word' id='word_1_645' title='bbox 2643 2918 2906 2988; x_wconf 83' lang='lat' dir='ltr'><strong>defigitur.</strong></span> <span class='ocrx_word' id='word_1_646' title='bbox 2960 2923 3131 2993; x_wconf 86' lang='lat' dir='ltr'><strong>Super</strong></span> <span class='ocrx_word' id='word_1_647' title='bbox 3174 2942 3291 2982; x_wconf 90' lang='lat' dir='ltr'><strong>eam</strong></span> <span class='ocrx_word' id='word_1_648' title='bbox 3333 2946 3517 2987; x_wconf 81' lang='lat' dir='ltr'><strong>revera</strong></span> 
     </span>
    </p>
   </div>
   <div class='ocr_carea' id='block_1_89' title="bbox 1959 3000 3525 3092">
    <p class='ocr_par' dir='ltr' id='par_1_89' title="bbox 1959 3000 3525 3092">
     <span class='ocr_line' id='line_1_89' title="bbox 1959 3000 3525 3092; baseline 0.017 -39"><span class='ocrx_word' id='word_1_649' title='bbox 1959 3000 2201 3055; x_wconf 89' lang='lat' dir='ltr'><strong>Christus</strong></span> <span class='ocrx_word' id='word_1_650' title='bbox 2225 3014 2305 3057; x_wconf 88' lang='lat' dir='ltr'><strong>est</strong></span> <span class='ocrx_word' id='word_1_651' title='bbox 2345 3005 2471 3072; x_wconf 78' lang='lat' dir='ltr'><strong>Rex,</strong></span> <span class='ocrx_word' id='word_1_652' title='bbox 2503 3009 2748 3076; x_wconf 87' lang='lat' dir='ltr'><strong>quoniam</strong></span> <span class='ocrx_word' id='word_1_653' title='bbox 2775 3013 2841 3066; x_wconf 91' lang='lat' dir='ltr'><strong>ab</strong></span> <span class='ocrx_word' id='word_1_654' title='bbox 2871 3014 2988 3083; x_wconf 92' lang='lat' dir='ltr'><strong>ipso</strong></span> <span class='ocrx_word' id='word_1_655' title='bbox 3013 3018 3212 3086; x_wconf 79' lang='lat' dir='ltr'><strong>regitur</strong></span> <span class='ocrx_word' id='word_1_656' title='bbox 3236 3034 3392 3092; x_wconf 80' lang='lat' dir='ltr'><strong>atque</strong></span> <span class='ocrx_word' id='word_1_657' title='bbox 3414 3024 3525 3079; x_wconf 89' lang='lat' dir='ltr'><strong>dis-</strong></span> 
     </span>
    </p>
   </div>
   <div class='ocr_carea' id='block_1_90' title="bbox 1879 3091 2194 3194">
    <p class='ocr_par' dir='ltr' id='par_1_90' title="bbox 1879 3091 2194 3194">
     <span class='ocr_line' id='line_1_90' title="bbox 1879 3091 2194 3194; baseline 0.006 -52"><span class='ocrx_word' id='word_1_658' title='bbox 1879 3132 1927 3194; x_wconf 75' lang='lat' dir='ltr'>c</span> <span class='ocrx_word' id='word_1_659' title='bbox 1964 3091 2194 3157; x_wconf 83' lang='lat' dir='ltr'><strong>punitur.</strong></span> 
     </span>
    </p>
   </div>
   <div class='ocr_carea' id='block_1_91' title="bbox 2031 3181 3521 3275">
    <p class='ocr_par' dir='ltr' id='par_1_91' title="bbox 2031 3181 3521 3275">
     <span class='ocr_line' id='line_1_91' title="bbox 2031 3181 3521 3275; baseline 0.02 -41"><span class='ocrx_word' id='word_1_660' title='bbox 2031 3181 2327 3238; x_wconf 77' lang='lat' dir='ltr'><strong>Prtedicans</strong></span> <span class='ocrx_word' id='word_1_661' title='bbox 2350 3198 2657 3259; x_wconf 70' lang='lat' dir='ltr'><strong>praeceptum</strong></span> <span class='ocrx_word' id='word_1_662' title='bbox 2688 3189 2913 3250; x_wconf 80' lang='lat' dir='ltr'><strong>Domini.</strong></span> <span class='ocrx_word' id='word_1_663' title='bbox 2945 3197 3094 3264; x_wconf 89' lang='lat' dir='ltr'><strong>Quod</strong></span> <span class='ocrx_word' id='word_1_664' title='bbox 3127 3200 3249 3257; x_wconf 90' lang='lat' dir='ltr'><strong>fecit</strong></span> <span class='ocrx_word' id='word_1_665' title='bbox 3280 3204 3521 3275; x_wconf 77' lang='lat' dir='ltr'><strong>Evange-</strong></span> 
     </span>
    </p>
   </div>
   <div class='ocr_carea' id='block_1_92' title="bbox 1957 3271 3523 3361">
    <p class='ocr_par' dir='ltr' id='par_1_92' title="bbox 1957 3271 3523 3361">
     <span class='ocr_line' id='line_1_92' title="bbox 1957 3271 3523 3361; baseline 0.02 -36"><span class='ocrx_word' id='word_1_666' title='bbox 1957 3271 2084 3327; x_wconf 89' lang='lat' dir='ltr'><strong>lium</strong></span> <span class='ocrx_word' id='word_1_667' title='bbox 2133 3274 2357 3337; x_wconf 85' lang='lat' dir='ltr'><strong>docens,</strong></span> <span class='ocrx_word' id='word_1_668' title='bbox 2407 3287 2467 3332; x_wconf 91' lang='lat' dir='ltr'><strong>ut</strong></span> <span class='ocrx_word' id='word_1_669' title='bbox 2519 3283 2947 3349; x_wconf 70' lang='lat' dir='ltr'><strong>prtedicationem</strong></span> <span class='ocrx_word' id='word_1_670' title='bbox 3002 3292 3376 3361; x_wconf 83' lang='lat' dir='ltr'><strong>prepbetarum</strong></span> <span class='ocrx_word' id='word_1_671' title='bbox 3426 3271 3523 3357; x_wconf 76' lang='lat' dir='ltr'><strong>sua</strong></span> 
     </span>
    </p>
   </div>
   <div class='ocr_carea' id='block_1_93' title="bbox 1958 3362 2729 3438">
    <p class='ocr_par' dir='ltr' id='par_1_93' title="bbox 1958 3362 2729 3438">
     <span class='ocr_line' id='line_1_93' title="bbox 1958 3362 2729 3438; baseline 0.017 -24"><span class='ocrx_word' id='word_1_672' title='bbox 1958 3362 2386 3421; x_wconf 87' lang='lat' dir='ltr'><strong>manifestatione</strong></span> <span class='ocrx_word' id='word_1_673' title='bbox 2413 3371 2729 3438; x_wconf 90' lang='lat' dir='ltr'><strong>compleret.</strong></span> 
     </span>
    </p>
   </div>
   <div class='ocr_carea' id='block_1_94' title="bbox 2025 3452 3521 3548">
    <p class='ocr_par' dir='ltr' id='par_1_94' title="bbox 2025 3452 3521 3548">
     <span class='ocr_line' id='line_1_94' title="bbox 2025 3452 3521 3548; baseline 0.021 -43"><span class='ocrx_word' id='word_1_674' title='bbox 2025 3452 2181 3507; x_wconf 78' lang='lat' dir='ltr'><strong>Vers.</strong></span> <span class='ocrx_word' id='word_1_675' title='bbox 2216 3455 2266 3509; x_wconf 89' lang='lat'><strong>7.</strong></span> <span class='ocrx_word' id='word_1_676' title='bbox 2311 3456 2559 3513; x_wconf 84' lang='lat' dir='ltr'><strong>Dominus</strong></span> <span class='ocrx_word' id='word_1_677' title='bbox 2590 3464 2718 3516; x_wconf 70' lang='lat' dir='ltr'><strong>dixit</strong></span> <span class='ocrx_word' id='word_1_678' title='bbox 2747 3466 2815 3519; x_wconf 87' lang='lat' dir='ltr'><strong>ad</strong></span> <span class='ocrx_word' id='word_1_679' title='bbox 2852 3484 2928 3522; x_wconf 89' lang='lat' dir='ltr'><strong>me</strong></span> <span class='ocrx_word' id='word_1_680' title='bbox 2950 3485 2969 3523; x_wconf 90' lang='lat'><strong><em>:</em></strong></span> <span class='ocrx_word' id='word_1_681' title='bbox 2993 3467 3163 3527; x_wconf 80' lang='lat' dir='ltr'><strong>Filius</strong></span> <span class='ocrx_word' id='word_1_682' title='bbox 3189 3491 3329 3531; x_wconf 88' lang='lat' dir='ltr'><strong>meus</strong></span> <span class='ocrx_word' id='word_1_683' title='bbox 3366 3495 3417 3534; x_wconf 77' lang='lat' dir='ltr'><strong>es</strong></span> <span class='ocrx_word' id='word_1_684' title='bbox 3444 3489 3521 3548; x_wconf 86' lang='lat' dir='ltr'><strong>tu,</strong></span> 
     </span>
    </p>
   </div>
   <div class='ocr_carea' id='block_1_95' title="bbox 1952 3541 3522 3630">
    <p class='ocr_par' dir='ltr' id='par_1_95' title="bbox 1952 3541 3522 3630">
     <span class='ocr_line' id='line_1_95' title="bbox 1952 3541 3522 3630; baseline 0.019 -39"><span class='ocrx_word' id='word_1_685' title='bbox 1952 3554 2045 3608; x_wconf 85' lang='lat' dir='ltr'><strong>ego</strong></span> <span class='ocrx_word' id='word_1_686' title='bbox 2066 3541 2216 3596; x_wconf 87' lang='lat' dir='ltr'><strong>hodie</strong></span> <span class='ocrx_word' id='word_1_687' title='bbox 2244 3548 2398 3613; x_wconf 85' lang='lat' dir='ltr'><strong>genui</strong></span> <span class='ocrx_word' id='word_1_688' title='bbox 2427 3559 2492 3602; x_wconf 88' lang='lat' dir='ltr'><strong>te.</strong></span> <span class='ocrx_word' id='word_1_689' title='bbox 2542 3550 2820 3608; x_wconf 89' lang='lat' dir='ltr'><strong>Dominum</strong></span> <span class='ocrx_word' id='word_1_690' title='bbox 2863 3556 3125 3625; x_wconf 81' lang='lat' dir='ltr'><strong>signiﬁcat</strong></span> <span class='ocrx_word' id='word_1_691' title='bbox 3169 3561 3395 3630; x_wconf 83' lang='lat' dir='ltr'><strong>Patrem,</strong></span> <span class='ocrx_word' id='word_1_692' title='bbox 3428 3541 3522 3621; x_wconf 86' lang='lat' dir='ltr'><strong>sed</strong></span> 
     </span>
    </p>
   </div>
   <div class='ocr_carea' id='block_1_96' title="bbox 1953 3632 3523 3713">
    <p class='ocr_par' dir='ltr' id='par_1_96' title="bbox 1953 3632 3523 3713">
     <span class='ocr_line' id='line_1_96' title="bbox 1953 3632 3523 3713; baseline 0.02 -30"><span class='ocrx_word' id='word_1_693' title='bbox 1953 3638 2007 3684; x_wconf 87' lang='lat' dir='ltr'><strong>et</strong></span> <span class='ocrx_word' id='word_1_694' title='bbox 2036 3632 2149 3698; x_wconf 90' lang='lat' dir='ltr'><strong>ipse</strong></span> <span class='ocrx_word' id='word_1_695' title='bbox 2176 3648 2384 3705; x_wconf 90' lang='lat' dir='ltr'><strong>quoque</strong></span> <span class='ocrx_word' id='word_1_696' title='bbox 2403 3637 2655 3696; x_wconf 83' lang='lat' dir='ltr'><strong>Dominus</strong></span> <span class='ocrx_word' id='word_1_697' title='bbox 2677 3654 2789 3712; x_wconf 90' lang='lat' dir='ltr'><strong>est,</strong></span> <span class='ocrx_word' id='word_1_698' title='bbox 2822 3647 2959 3702; x_wconf 90' lang='lat' dir='ltr'><strong>sicut</strong></span> <span class='ocrx_word' id='word_1_699' title='bbox 2986 3650 3037 3704; x_wconf 90' lang='lat' dir='ltr'><strong>in</strong></span> <span class='ocrx_word' id='word_1_700' title='bbox 3065 3655 3356 3709; x_wconf 89' lang='lat' dir='ltr'><strong>centesimo</strong></span> <span class='ocrx_word' id='word_1_701' title='bbox 3381 3673 3523 3713; x_wconf 91' lang='lat' dir='ltr'><strong>nono</strong></span> 
     </span>
    </p>
   </div>
   <div class='ocr_carea' id='block_1_97' title="bbox 1953 3723 3517 3819">
    <p class='ocr_par' dir='ltr' id='par_1_97' title="bbox 1953 3723 3517 3819">
     <span class='ocr_line' id='line_1_97' title="bbox 1953 3723 3517 3819; baseline 0.019 -45"><span class='ocrx_word' id='word_1_702' title='bbox 1953 3723 2158 3788; x_wconf 86' lang='lat' dir='ltr'><strong>psalmo</strong></span> <span class='ocrx_word' id='word_1_703' title='bbox 2199 3725 2437 3782; x_wconf 86' lang='lat' dir='ltr'><strong>diCturns</strong></span> <span class='ocrx_word' id='word_1_704' title='bbox 2476 3742 2558 3785; x_wconf 68' lang='lat' dir='ltr'><strong>est</strong></span> <span class='ocrx_word' id='word_1_705' title='bbox 2591 3750 2603 3785; x_wconf 94' lang='lat'><strong>:</strong></span> <span class='ocrx_word' id='word_1_706' title='bbox 2640 3732 2782 3789; x_wconf 75' lang='lat' dir='ltr'><strong>Dixit</strong></span> <span class='ocrx_word' id='word_1_707' title='bbox 2822 3737 3069 3795; x_wconf 87' lang='lat' dir='ltr'><strong>Dominus</strong></span> <span class='ocrx_word' id='word_1_708' title='bbox 3118 3743 3335 3800; x_wconf 88' lang='lat' dir='ltr'><strong>Domino</strong></span> <span class='ocrx_word' id='word_1_709' title='bbox 3376 3766 3517 3819; x_wconf 81' lang='lat' dir='ltr'><strong>meo,</strong></span> 
     </span>
    </p>
   </div>
   <div class='ocr_carea' id='block_1_98' title="bbox 1953 3812 3517 3896">
    <p class='ocr_par' dir='ltr' id='par_1_98' title="bbox 1953 3812 3517 3896">
     <span class='ocr_line' id='line_1_98' title="bbox 1953 3812 3517 3896; baseline 0.017 -30"><span class='ocrx_word' id='word_1_710' title='bbox 1953 3812 2087 3867; x_wconf 82' lang='lat' dir='ltr'><strong>Sede</strong></span> <span class='ocrx_word' id='word_1_711' title='bbox 2112 3832 2143 3867; x_wconf 92' lang='lat' dir='ltr'><strong>a</strong></span> <span class='ocrx_word' id='word_1_712' title='bbox 2169 3816 2360 3873; x_wconf 77' lang='lat' dir='ltr'><strong>dextris</strong></span> <span class='ocrx_word' id='word_1_713' title='bbox 2387 3823 2509 3875; x_wconf 88' lang='lat' dir='ltr'><strong>meis</strong></span> <span class='ocrx_word' id='word_1_714' title='bbox 2540 3823 2710 3893; x_wconf 83' lang='lat' dir='ltr'><strong>(Psal.</strong></span> <span class='ocrx_word' id='word_1_715' title='bbox 2736 3842 2844 3893; x_wconf 74' lang='lat' dir='ltr'><strong>cu,</strong></span> <span class='ocrx_word' id='word_1_716' title='bbox 2870 3830 2942 3896; x_wconf 85' lang='lat' dir='ltr'><strong>l).</strong></span> <span class='ocrx_word' id='word_1_717' title='bbox 2970 3830 3309 3889; x_wconf 89' lang='lat' dir='ltr'><strong>lntendamus</strong></span> <span class='ocrx_word' id='word_1_718' title='bbox 3338 3812 3517 3893; x_wconf 79' lang='lat' dir='ltr'><strong>autem</strong></span> 
     </span>
    </p>
   </div>
   <div class='ocr_carea' id='block_1_99' title="bbox 1953 3905 3516 3997">
    <p class='ocr_par' dir='ltr' id='par_1_99' title="bbox 1953 3905 3516 3997">
     <span class='ocr_line' id='line_1_99' title="bbox 1953 3905 3516 3997; baseline 0.017 -42"><span class='ocrx_word' id='word_1_719' title='bbox 1953 3905 2094 3971; x_wconf 81' lang='lat' dir='ltr'><strong>quod</strong></span> <span class='ocrx_word' id='word_1_720' title='bbox 2124 3908 2299 3974; x_wconf 87' lang='lat' dir='ltr'><strong>posuit</strong></span> <span class='ocrx_word' id='word_1_721' title='bbox 2323 3924 2338 3964; x_wconf 87' lang='lat'><strong>:</strong></span> <span class='ocrx_word' id='word_1_722' title='bbox 2366 3909 2507 3964; x_wconf 69' lang='lat' dir='ltr'><strong>Dixit</strong></span> <span class='ocrx_word' id='word_1_723' title='bbox 2537 3913 2604 3964; x_wconf 83' lang='lat' dir='ltr'><strong>ad</strong></span> <span class='ocrx_word' id='word_1_724' title='bbox 2647 3931 2741 3979; x_wconf 88' lang='lat' dir='ltr'><strong>me,</strong></span> <span class='ocrx_word' id='word_1_725' title='bbox 2770 3914 2937 3971; x_wconf 83' lang='lat' dir='ltr'><strong>Filius</strong></span> <span class='ocrx_word' id='word_1_726' title='bbox 2977 3936 3119 3975; x_wconf 84' lang='lat' dir='ltr'><strong>meus</strong></span> <span class='ocrx_word' id='word_1_727' title='bbox 3155 3940 3206 3977; x_wconf 82' lang='lat' dir='ltr'><strong>es</strong></span> <span class='ocrx_word' id='word_1_728' title='bbox 3245 3934 3335 3990; x_wconf 88' lang='lat' dir='ltr'><strong>tu;</strong></span> <span class='ocrx_word' id='word_1_729' title='bbox 3375 3929 3516 3997; x_wconf 88' lang='lat' dir='ltr'><strong>quod</strong></span> 
     </span>
    </p>
   </div>
   <div class='ocr_carea' id='block_1_100' title="bbox 1950 3994 3514 4075">
    <p class='ocr_par' dir='ltr' id='par_1_100' title="bbox 1950 3994 3514 4075">
     <span class='ocr_line' id='line_1_100' title="bbox 1950 3994 3514 4075; baseline 0.015 -28"><span class='ocrx_word' id='word_1_730' title='bbox 1950 3994 2110 4047; x_wconf 90' lang='lat' dir='ltr'><strong>etiam</strong></span> <span class='ocrx_word' id='word_1_731' title='bbox 2142 3997 2188 4050; x_wconf 90' lang='lat' dir='ltr'><strong>ei</strong></span> <span class='ocrx_word' id='word_1_732' title='bbox 2224 3997 2460 4052; x_wconf 65' lang='lat' dir='ltr'><strong>dicturus</strong></span> <span class='ocrx_word' id='word_1_733' title='bbox 2490 4012 2605 4056; x_wconf 90' lang='lat' dir='ltr'><strong>erat</strong></span> <span class='ocrx_word' id='word_1_734' title='bbox 2639 4014 2757 4072; x_wconf 93' lang='lat' dir='ltr'><strong>post</strong></span> <span class='ocrx_word' id='word_1_735' title='bbox 2797 4006 3113 4075; x_wconf 90' lang='lat' dir='ltr'><strong>baptismum</strong></span> <span class='ocrx_word' id='word_1_736' title='bbox 3142 4030 3153 4064; x_wconf 93' lang='lat'>:</span> <span class='ocrx_word' id='word_1_737' title='bbox 3182 4013 3285 4068; x_wconf 84' lang='lat' dir='ltr'><strong>Hic</strong></span> <span class='ocrx_word' id='word_1_738' title='bbox 3315 3994 3514 4072; x_wconf 28' lang='lat' dir='ltr'><strong>est‘Fi-</strong></span> 
     </span>
    </p>
   </div>
   <div class='ocr_carea' id='block_1_101' title="bbox 1949 4084 3513 4173">
    <p class='ocr_par' dir='ltr' id='par_1_101' title="bbox 1949 4084 3513 4173">
     <span class='ocr_line' id='line_1_101' title="bbox 1949 4084 3513 4173; baseline 0.018 -38"><span class='ocrx_word' id='word_1_739' title='bbox 1949 4084 2048 4137; x_wconf 86' lang='lat' dir='ltr'><strong>lius</strong></span> <span class='ocrx_word' id='word_1_740' title='bbox 2074 4101 2213 4139; x_wconf 83' lang='lat' dir='ltr'><strong>meus</strong></span> <span class='ocrx_word' id='word_1_741' title='bbox 2235 4089 2467 4154; x_wconf 83' lang='lat' dir='ltr'><strong>dilectus,</strong></span> <span class='ocrx_word' id='word_1_742' title='bbox 2491 4092 2543 4143; x_wconf 90' lang='lat' dir='ltr'><strong>in</strong></span> <span class='ocrx_word' id='word_1_743' title='bbox 2565 4109 2663 4161; x_wconf 86' lang='lat' dir='ltr'><strong>quo</strong></span> <span class='ocrx_word' id='word_1_744' title='bbox 2692 4096 2815 4148; x_wconf 88' lang='lat' dir='ltr'><strong>mihi</strong></span> <span class='ocrx_word' id='word_1_745' title='bbox 2844 4102 2971 4151; x_wconf 86' lang='lat' dir='ltr'><strong>bene</strong></span> <span class='ocrx_word' id='word_1_746' title='bbox 2995 4102 3279 4165; x_wconf 82' lang='lat' dir='ltr'><strong>complacui</strong></span> <span class='ocrx_word' id='word_1_747' title='bbox 3300 4105 3513 4173; x_wconf 81' lang='lat' dir='ltr'><strong>(Matth.</strong></span> 
     </span>
    </p>
   </div>
   <div class='ocr_carea' id='block_1_102' title="bbox 1949 4176 3517 4254">
    <p class='ocr_par' dir='ltr' id='par_1_102' title="bbox 1949 4176 3517 4254">
     <span class='ocr_line' id='line_1_102' title="bbox 1949 4176 3517 4254; baseline 0.016 -26"><span class='ocrx_word' id='word_1_748' title='bbox 1949 4190 2026 4239; x_wconf 87' lang='grc' dir='ltr'>ιιι,</span> <span class='ocrx_word' id='word_1_749' title='bbox 2062 4176 2168 4247; x_wconf 77' lang='grc'><strong>17).</strong></span> <span class='ocrx_word' id='word_1_750' title='bbox 2202 4179 2267 4231; x_wconf 86' lang='grc' dir='ltr'>Ει</span> <span class='ocrx_word' id='word_1_751' title='bbox 2291 4188 2345 4232; x_wconf 87' lang='grc' dir='ltr'><strong>ιιι</strong></span> <span class='ocrx_word' id='word_1_752' title='bbox 2373 4180 2639 4236; x_wconf 88' lang='lat' dir='ltr'><strong>Christum</strong></span> <span class='ocrx_word' id='word_1_753' title='bbox 2668 4200 2823 4239; x_wconf 91' lang='lat' dir='ltr'><strong>unam</strong></span> <span class='ocrx_word' id='word_1_754' title='bbox 2856 4203 3156 4254; x_wconf 85' lang='lat' dir='ltr'><strong>personam,</strong></span> <span class='ocrx_word' id='word_1_755' title='bbox 3186 4193 3233 4244; x_wconf 93' lang='lat' dir='ltr'><strong>id</strong></span> <span class='ocrx_word' id='word_1_756' title='bbox 3266 4204 3346 4248; x_wconf 72' lang='lat' dir='ltr'><strong>est</strong></span> <span class='ocrx_word' id='word_1_757' title='bbox 3385 4196 3517 4252; x_wconf 87' lang='lat' dir='ltr'><strong>Ver-</strong></span> 
     </span>
    </p>
   </div>
   <div class='ocr_carea' id='block_1_103' title="bbox 1946 4264 3511 4358">
    <p class='ocr_par' dir='ltr' id='par_1_103' title="bbox 1946 4264 3511 4358">
     <span class='ocr_line' id='line_1_103' title="bbox 1946 4264 3511 4358; baseline 0.014 -38"><span class='ocrx_word' id='word_1_758' title='bbox 1946 4264 2069 4321; x_wconf 88' lang='lat' dir='ltr'><strong>bum</strong></span> <span class='ocrx_word' id='word_1_759' title='bbox 2098 4281 2310 4321; x_wconf 89' lang='lat' dir='ltr'><strong>carnem</strong></span> <span class='ocrx_word' id='word_1_760' title='bbox 2336 4269 2528 4325; x_wconf 89' lang='lat' dir='ltr'><strong>factum</strong></span> <span class='ocrx_word' id='word_1_761' title='bbox 2561 4288 2680 4329; x_wconf 87' lang='lat' dir='ltr'><strong>esse</strong></span> <span class='ocrx_word' id='word_1_762' title='bbox 2706 4278 2954 4343; x_wconf 89' lang='lat' dir='ltr'><strong>sentires,</strong></span> <span class='ocrx_word' id='word_1_763' title='bbox 3004 4281 3199 4350; x_wconf 88' lang='lat' dir='ltr'><strong>adjecit</strong></span> <span class='ocrx_word' id='word_1_764' title='bbox 3226 4302 3237 4335; x_wconf 91' lang='lat'>:</span> <span class='ocrx_word' id='word_1_765' title='bbox 3276 4285 3383 4358; x_wconf 81' lang='lat' dir='ltr'><strong>Ego</strong></span> <span class='ocrx_word' id='word_1_766' title='bbox 3412 4291 3511 4343; x_wconf 83' lang='lat' dir='ltr'><strong>ho-</strong></span> 
     </span>
    </p>
   </div>
   <div class='ocr_carea' id='block_1_104' title="bbox 1943 4358 3510 4433">
    <p class='ocr_par' dir='ltr' id='par_1_104' title="bbox 1943 4358 3510 4433">
     <span class='ocr_line' id='line_1_104' title="bbox 1943 4358 3510 4433; baseline 0.016 -24"><span class='ocrx_word' id='word_1_767' title='bbox 1943 4358 2027 4410; x_wconf 87' lang='lat' dir='ltr'><strong>die</strong></span> <span class='ocrx_word' id='word_1_768' title='bbox 2050 4359 2199 4428; x_wconf 86' lang='lat' dir='ltr'><strong>genui</strong></span> <span class='ocrx_word' id='word_1_769' title='bbox 2228 4370 2293 4413; x_wconf 89' lang='lat' dir='ltr'><strong>te.</strong></span> <span class='ocrx_word' id='word_1_770' title='bbox 2326 4360 2434 4417; x_wconf 92' lang='lat' dir='ltr'><strong>lloc</strong></span> <span class='ocrx_word' id='word_1_771' title='bbox 2458 4362 2570 4431; x_wconf 89' lang='lat' dir='ltr'><strong>jam</strong></span> <span class='ocrx_word' id='word_1_772' title='bbox 2600 4366 2729 4419; x_wconf 90' lang='lat' dir='ltr'><strong>nihil</strong></span> <span class='ocrx_word' id='word_1_773' title='bbox 2767 4368 2926 4423; x_wconf 87' lang='lat' dir='ltr'><strong>habet</strong></span> <span class='ocrx_word' id='word_1_774' title='bbox 2956 4385 3237 4429; x_wconf 89' lang='lat' dir='ltr'><strong>commune</strong></span> <span class='ocrx_word' id='word_1_775' title='bbox 3259 4392 3377 4431; x_wconf 88' lang='lat' dir='ltr'><strong>cum</strong></span> <span class='ocrx_word' id='word_1_776' title='bbox 3408 4395 3510 4433; x_wconf 69' lang='lat' dir='ltr'><strong>ca:-</strong></span> 
     </span>
    </p>
   </div>
   <div class='ocr_carea' id='block_1_105' title="bbox 1946 4452 3509 4540">
    <p class='ocr_par' dir='ltr' id='par_1_105' title="bbox 1946 4452 3509 4540">
     <span class='ocr_line' id='line_1_105' title="bbox 1946 4452 3509 4540; baseline 0.016 -38"><span class='ocrx_word' id='word_1_777' title='bbox 1946 4452 2095 4515; x_wconf 87' lang='lat' dir='ltr'><strong>teris,</strong></span> <span class='ocrx_word' id='word_1_778' title='bbox 2135 4452 2225 4506; x_wconf 90' lang='lat' dir='ltr'><strong>sed</strong></span> <span class='ocrx_word' id='word_1_779' title='bbox 2272 4464 2436 4508; x_wconf 88' lang='lat' dir='ltr'><strong>totum</strong></span> <span class='ocrx_word' id='word_1_780' title='bbox 2481 4465 2563 4510; x_wconf 89' lang='lat' dir='ltr'><strong>est</strong></span> <span class='ocrx_word' id='word_1_781' title='bbox 2590 4458 2844 4527; x_wconf 84' lang='lat' dir='ltr'><strong>unigeniti</strong></span> <span class='ocrx_word' id='word_1_782' title='bbox 2876 4461 2995 4516; x_wconf 83' lang='lat' dir='ltr'><strong>Filii</strong></span> <span class='ocrx_word' id='word_1_783' title='bbox 3040 4468 3336 4535; x_wconf 86' lang='lat' dir='ltr'><strong>prOprium,</strong></span> <span class='ocrx_word' id='word_1_784' title='bbox 3369 4473 3509 4540; x_wconf 92' lang='lat' dir='ltr'><strong>quod</strong></span> 
     </span>
    </p>
   </div>
   <div class='ocr_carea' id='block_1_106' title="bbox 1946 4541 3509 4626">
    <p class='ocr_par' dir='ltr' id='par_1_106' title="bbox 1946 4541 3509 4626">
     <span class='ocr_line' id='line_1_106' title="bbox 1946 4541 3509 4626; baseline 0.014 -32"><span class='ocrx_word' id='word_1_785' title='bbox 1946 4541 2117 4609; x_wconf 90' lang='lat' dir='ltr'><strong>ipsum</strong></span> <span class='ocrx_word' id='word_1_786' title='bbox 2162 4543 2437 4613; x_wconf 88' lang='lat' dir='ltr'><strong>designare</strong></span> <span class='ocrx_word' id='word_1_787' title='bbox 2486 4556 2643 4616; x_wconf 88' lang='lat' dir='ltr'><strong>atque</strong></span> <span class='ocrx_word' id='word_1_788' title='bbox 2701 4550 2964 4606; x_wconf 89' lang='lat' dir='ltr'><strong>inculcare</strong></span> <span class='ocrx_word' id='word_1_789' title='bbox 3008 4569 3187 4609; x_wconf 90' lang='lat' dir='ltr'><strong>rerum</strong></span> <span class='ocrx_word' id='word_1_790' title='bbox 3250 4561 3509 4626; x_wconf 89' lang='lat' dir='ltr'><strong>potuisset</strong></span> 
     </span>
    </p>
   </div>
   <div class='ocr_carea' id='block_1_107' title="bbox 1944 4635 3506 4706">
    <p class='ocr_par' dir='ltr' id='par_1_107' title="bbox 1944 4635 3506 4706">
     <span class='ocr_line' id='line_1_107' title="bbox 1944 4635 3506 4706; baseline 0.013 -22"><span class='ocrx_word' id='word_1_791' title='bbox 1944 4641 2237 4689; x_wconf 85' lang='lat' dir='ltr'><strong>auctorem.</strong></span> <span class='ocrx_word' id='word_1_792' title='bbox 2276 4635 2505 4690; x_wconf 89' lang='lat' dir='ltr'><strong>Dicendo</strong></span> <span class='ocrx_word' id='word_1_793' title='bbox 2532 4638 2697 4704; x_wconf 91' lang='lat' dir='ltr'><strong>enim,</strong></span> <span class='ocrx_word' id='word_1_794' title='bbox 2728 4640 2898 4706; x_wconf 84' lang='lat' dir='ltr'><strong>hodie,</strong></span> <span class='ocrx_word' id='word_1_795' title='bbox 2942 4647 3360 4702; x_wconf 66' lang='lat' dir='ltr'><strong>coaeternitatem</strong></span> <span class='ocrx_word' id='word_1_796' title='bbox 3392 4666 3506 4705; x_wconf 69' lang='lat' dir='ltr'><strong>sua:</strong></span> 
     </span>
    </p>
   </div>
   <div class='ocr_carea' id='block_1_108' title="bbox 1946 4723 3510 4803">
    <p class='ocr_par' dir='ltr' id='par_1_108' title="bbox 1946 4723 3510 4803">
     <span class='ocr_line' id='line_1_108' title="bbox 1946 4723 3510 4803; baseline 0.013 -26"><span class='ocrx_word' id='word_1_797' title='bbox 1946 4723 2235 4792; x_wconf 79' lang='lat' dir='ltr'><strong>majestatis</strong></span> <span class='ocrx_word' id='word_1_798' title='bbox 2274 4728 2528 4784; x_wconf 88' lang='lat' dir='ltr'><strong>ostendit.</strong></span> <span class='ocrx_word' id='word_1_799' title='bbox 2567 4729 2743 4784; x_wconf 80' lang='lat' dir='ltr'><strong>Hodie</strong></span> <span class='ocrx_word' id='word_1_800' title='bbox 2784 4731 2921 4786; x_wconf 90' lang='lat' dir='ltr'><strong>enim</strong></span> <span class='ocrx_word' id='word_1_801' title='bbox 2968 4734 3107 4803; x_wconf 86' lang='lat' dir='ltr'><strong>apud</strong></span> <span class='ocrx_word' id='word_1_802' title='bbox 3155 4737 3319 4792; x_wconf 91' lang='lat' dir='ltr'><strong>Deum</strong></span> <span class='ocrx_word' id='word_1_803' title='bbox 3361 4742 3510 4797; x_wconf 91' lang='lat' dir='ltr'><strong>nullo</strong></span> 
     </span>
    </p>
   </div>
   <div class='ocr_carea' id='block_1_109' title="bbox 1946 4814 3510 4888">
    <p class='ocr_par' dir='ltr' id='par_1_109' title="bbox 1946 4814 3510 4888">
     <span class='ocr_line' id='line_1_109' title="bbox 1946 4814 3510 4888; baseline 0.013 -20"><span class='ocrx_word' id='word_1_804' title='bbox 1946 4814 2094 4869; x_wconf 87' lang='lat' dir='ltr'><strong>initio</strong></span> <span class='ocrx_word' id='word_1_805' title='bbox 2142 4816 2345 4885; x_wconf 88' lang='lat' dir='ltr'><strong>incipit,</strong></span> <span class='ocrx_word' id='word_1_806' title='bbox 2378 4820 2523 4873; x_wconf 91' lang='lat' dir='ltr'><strong>nullo</strong></span> <span class='ocrx_word' id='word_1_807' title='bbox 2566 4821 2670 4876; x_wconf 87' lang='lat' dir='ltr'><strong>ﬁne</strong></span> <span class='ocrx_word' id='word_1_808' title='bbox 2708 4825 3061 4880; x_wconf 90' lang='lat' dir='ltr'><strong>concluditur.</strong></span> <span class='ocrx_word' id='word_1_809' title='bbox 3094 4826 3208 4882; x_wconf 88' lang='lat' dir='ltr'><strong>Non</strong></span> <span class='ocrx_word' id='word_1_810' title='bbox 3249 4840 3331 4884; x_wconf 89' lang='lat' dir='ltr'><strong>est</strong></span> <span class='ocrx_word' id='word_1_811' title='bbox 3369 4836 3510 4888; x_wconf 90' lang='lat' dir='ltr'><strong>enim</strong></span> 
     </span>
    </p>
   </div>
   <div class='ocr_carea' id='block_1_110' title="bbox 1946 4902 3515 4995">
    <p class='ocr_par' dir='ltr' id='par_1_110' title="bbox 1946 4902 3515 4995">
     <span class='ocr_line' id='line_1_110' title="bbox 1946 4902 3515 4995; baseline 0.013 -39"><span class='ocrx_word' id='word_1_812' title='bbox 1946 4902 2040 4969; x_wconf 91' lang='lat' dir='ltr'><strong>ibi,</strong></span> <span class='ocrx_word' id='word_1_813' title='bbox 2082 4902 2197 4972; x_wconf 89' lang='lat' dir='ltr'><strong>fuit,</strong></span> <span class='ocrx_word' id='word_1_814' title='bbox 2254 4920 2445 4975; x_wconf 90' lang='lat' dir='ltr'><strong>neque,</strong></span> <span class='ocrx_word' id='word_1_815' title='bbox 2484 4911 2617 4974; x_wconf 69' lang='lat' dir='ltr'><strong>erit;</strong></span> <span class='ocrx_word' id='word_1_816' title='bbox 2670 4912 2761 4965; x_wconf 84' lang='lat' dir='ltr'><strong>sed</strong></span> <span class='ocrx_word' id='word_1_817' title='bbox 2802 4928 3014 4981; x_wconf 86' lang='lat' dir='ltr'><strong>semper</strong></span> <span class='ocrx_word' id='word_1_818' title='bbox 3058 4928 3252 4986; x_wconf 86' lang='lat' dir='ltr'><strong>manet,</strong></span> <span class='ocrx_word' id='word_1_819' title='bbox 3301 4934 3515 4995; x_wconf 85' lang='lat' dir='ltr'><strong>semper</strong></span> 
     </span>
    </p>
   </div>
   <div class='ocr_carea' id='block_1_111' title="bbox 1949 4995 3513 5072">
    <p class='ocr_par' dir='ltr' id='par_1_111' title="bbox 1949 4995 3513 5072">
     <span class='ocr_line' id='line_1_111' title="bbox 1949 4995 3513 5072; baseline 0.012 -27"><span class='ocrx_word' id='word_1_820' title='bbox 1949 5000 2059 5057; x_wconf 90' lang='lat' dir='ltr'><strong>est;</strong></span> <span class='ocrx_word' id='word_1_821' title='bbox 2104 5002 2155 5049; x_wconf 89' lang='lat' dir='ltr'><strong>et</strong></span> <span class='ocrx_word' id='word_1_822' title='bbox 2209 4995 2460 5065; x_wconf 91' lang='lat' dir='ltr'><strong>quidquid</strong></span> <span class='ocrx_word' id='word_1_823' title='bbox 2491 4998 2708 5064; x_wconf 80' lang='lat' dir='ltr'><strong>dixeris,</strong></span> <span class='ocrx_word' id='word_1_824' title='bbox 2762 5001 2849 5056; x_wconf 88' lang='lat' dir='ltr'><strong>ille</strong></span> <span class='ocrx_word' id='word_1_825' title='bbox 2894 5004 3045 5059; x_wconf 84' lang='lat' dir='ltr'><strong>hodie</strong></span> <span class='ocrx_word' id='word_1_826' title='bbox 3094 5018 3193 5072; x_wconf 69' lang='lat' dir='ltr'><strong>est,</strong></span> <span class='ocrx_word' id='word_1_827' title='bbox 3256 5009 3394 5064; x_wconf 91' lang='lat' dir='ltr'><strong>sicut</strong></span> <span class='ocrx_word' id='word_1_828' title='bbox 3460 5016 3513 5064; x_wconf 81' lang='lat' dir='ltr'><strong>in</strong></span> 
     </span>
    </p>
   </div>
   <div class='ocr_carea' id='block_1_112' title="bbox 1948 5081 3510 5163">
    <p class='ocr_par' dir='ltr' id='par_1_112' title="bbox 1948 5081 3510 5163">
     <span class='ocr_line' id='line_1_112' title="bbox 1948 5081 3510 5163; baseline 0.011 -27"><span class='ocrx_word' id='word_1_829' title='bbox 1948 5081 2133 5139; x_wconf 77' lang='lat' dir='ltr'><strong>Exodo</strong></span> <span class='ocrx_word' id='word_1_830' title='bbox 2162 5085 2329 5156; x_wconf 83' lang='lat' dir='ltr'><strong>Moysi</strong></span> <span class='ocrx_word' id='word_1_831' title='bbox 2356 5090 2603 5157; x_wconf 68' lang='lat' dir='ltr'><strong>prmccpit</strong></span> <span class='ocrx_word' id='word_1_832' title='bbox 2626 5099 2683 5144; x_wconf 91' lang='lat' dir='ltr'><strong>ut</strong></span> <span class='ocrx_word' id='word_1_833' title='bbox 2710 5091 2777 5145; x_wconf 90' lang='lat' dir='ltr'><strong>de</strong></span> <span class='ocrx_word' id='word_1_834' title='bbox 2807 5093 2920 5160; x_wconf 89' lang='lat' dir='ltr'><strong>ipso</strong></span> <span class='ocrx_word' id='word_1_835' title='bbox 2948 5093 3147 5150; x_wconf 88' lang='lat' dir='ltr'><strong>diceret</strong></span> <span class='ocrx_word' id='word_1_836' title='bbox 3176 5114 3188 5150; x_wconf 91' lang='lat'><strong>:</strong></span> <span class='ocrx_word' id='word_1_837' title='bbox 3224 5098 3383 5163; x_wconf 74' lang='lat' dir='ltr'><strong>Vade,</strong></span> <span class='ocrx_word' id='word_1_838' title='bbox 3428 5100 3510 5152; x_wconf 86' lang='lat' dir='ltr'><strong>in-</strong></span> 
     </span>
    </p>
   </div>
   <div class='ocr_carea' id='block_1_113' title="bbox 1944 5174 3513 5258">
    <p class='ocr_par' dir='ltr' id='par_1_113' title="bbox 1944 5174 3513 5258">
     <span class='ocr_line' id='line_1_113' title="bbox 1944 5174 3513 5258; baseline 0.011 -33"><span class='ocrx_word' id='word_1_839' title='bbox 1944 5174 2079 5242; x_wconf 88' lang='lat' dir='ltr'><strong>quit,</strong></span> <span class='ocrx_word' id='word_1_840' title='bbox 2112 5184 2157 5228; x_wconf 89' lang='lat' dir='ltr'><strong>et</strong></span> <span class='ocrx_word' id='word_1_841' title='bbox 2181 5176 2262 5228; x_wconf 88' lang='lat' dir='ltr'><strong>dic</strong></span> <span class='ocrx_word' id='word_1_842' title='bbox 2289 5177 2411 5244; x_wconf 79' lang='lat' dir='ltr'><strong>[iliis</strong></span> <span class='ocrx_word' id='word_1_843' title='bbox 2451 5176 2655 5233; x_wconf 80' lang='lat' dir='ltr'><strong>Israel:</strong></span> <span class='ocrx_word' id='word_1_844' title='bbox 2683 5180 2789 5249; x_wconf 87' lang='lat' dir='ltr'><strong>Ego</strong></span> <span class='ocrx_word' id='word_1_845' title='bbox 2818 5198 2931 5235; x_wconf 87' lang='lat' dir='ltr'><strong>sum</strong></span> <span class='ocrx_word' id='word_1_846' title='bbox 2962 5186 3048 5254; x_wconf 88' lang='lat' dir='ltr'><strong>qui</strong></span> <span class='ocrx_word' id='word_1_847' title='bbox 3074 5204 3219 5254; x_wconf 84' lang='lat' dir='ltr'><strong>sum;</strong></span> <span class='ocrx_word' id='word_1_848' title='bbox 3246 5199 3293 5242; x_wconf 86' lang='lat' dir='ltr'><strong>et</strong></span> <span class='ocrx_word' id='word_1_849' title='bbox 3324 5191 3411 5258; x_wconf 85' lang='lat' dir='ltr'><strong>qui</strong></span> <span class='ocrx_word' id='word_1_850' title='bbox 3440 5203 3513 5243; x_wconf 83' lang='lat' dir='ltr'><strong>est</strong></span> 
     </span>
    </p>
   </div>
   <div class='ocr_carea' id='block_1_114' title="bbox 1944 5264 3511 5345">
    <p class='ocr_par' dir='ltr' id='par_1_114' title="bbox 1944 5264 3511 5345">
     <span class='ocr_line' id='line_1_114' title="bbox 1944 5264 3511 5345; baseline 0.01 -28"><span class='ocrx_word' id='word_1_851' title='bbox 1944 5264 2078 5318; x_wconf 76' lang='lat' dir='ltr'><strong>misit</strong></span> <span class='ocrx_word' id='word_1_852' title='bbox 2106 5282 2183 5319; x_wconf 88' lang='lat' dir='ltr'><strong>me</strong></span> <span class='ocrx_word' id='word_1_853' title='bbox 2220 5268 2287 5319; x_wconf 88' lang='lat' dir='ltr'><strong>ad</strong></span> <span class='ocrx_word' id='word_1_854' title='bbox 2323 5282 2407 5321; x_wconf 78' lang='lat' dir='ltr'><strong>vos</strong></span> <span class='ocrx_word' id='word_1_855' title='bbox 2442 5267 2633 5336; x_wconf 76' lang='lat' dir='ltr'><strong>(Exod.</strong></span> <span class='ocrx_word' id='word_1_856' title='bbox 2664 5286 2744 5337; x_wconf 85' lang='lat' dir='ltr'><strong>tu,</strong></span> <span class='ocrx_word' id='word_1_857' title='bbox 2780 5272 2888 5341; x_wconf 65' lang='lat' dir='ltr'><strong>l4).</strong></span> <span class='ocrx_word' id='word_1_858' title='bbox 2924 5275 3259 5345; x_wconf 84' lang='lat' dir='ltr'><strong>Quapropter</strong></span> <span class='ocrx_word' id='word_1_859' title='bbox 3295 5280 3511 5332; x_wconf 63' lang='lat' dir='ltr'><strong>interni-</strong></span> 
     </span>
    </p>
   </div>
   <div class='ocr_carea' id='block_1_115' title="bbox 1949 5358 3509 5437">
    <p class='ocr_par' dir='ltr' id='par_1_115' title="bbox 1949 5358 3509 5437">
     <span class='ocr_line' id='line_1_115' title="bbox 1949 5358 3509 5437; baseline 0.01 -29"><span class='ocrx_word' id='word_1_860' title='bbox 1949 5364 2110 5409; x_wconf 90' lang='lat' dir='ltr'><strong>tatem</strong></span> <span class='ocrx_word' id='word_1_861' title='bbox 2141 5370 2289 5410; x_wconf 84' lang='lat' dir='ltr'><strong>suatn</strong></span> <span class='ocrx_word' id='word_1_862' title='bbox 2320 5358 2484 5412; x_wconf 91' lang='lat' dir='ltr'><strong>voluit</strong></span> <span class='ocrx_word' id='word_1_863' title='bbox 2524 5361 2881 5429; x_wconf 84' lang='lat' dir='ltr'><strong>appellatione</strong></span> <span class='ocrx_word' id='word_1_864' title='bbox 2929 5371 3207 5434; x_wconf 71' lang='lat' dir='ltr'><strong>pra-sentis</strong></span> <span class='ocrx_word' id='word_1_865' title='bbox 3249 5371 3509 5437; x_wconf 84' lang='lat' dir='ltr'><strong>temporis</strong></span> 
     </span>
    </p>
   </div>
   <div class='ocr_carea' id='block_1_116' title="bbox 1947 5446 3507 5528">
    <p class='ocr_par' dir='ltr' id='par_1_116' title="bbox 1947 5446 3507 5528">
     <span class='ocr_line' id='line_1_116' title="bbox 1947 5446 3507 5528; baseline 0.01 -29"><span class='ocrx_word' id='word_1_866' title='bbox 1947 5446 2190 5501; x_wconf 87' lang='lat' dir='ltr'><strong>indicari.</strong></span> <span class='ocrx_word' id='word_1_867' title='bbox 2250 5448 2488 5505; x_wconf 65' lang='lat' dir='ltr'><strong>Praesens</strong></span> <span class='ocrx_word' id='word_1_868' title='bbox 2532 5452 2674 5506; x_wconf 91' lang='lat' dir='ltr'><strong>enim</strong></span> <span class='ocrx_word' id='word_1_869' title='bbox 2722 5464 2949 5523; x_wconf 90' lang='lat' dir='ltr'><strong>tempus,</strong></span> <span class='ocrx_word' id='word_1_870' title='bbox 3005 5458 3141 5524; x_wconf 90' lang='lat' dir='ltr'><strong>quod</strong></span> <span class='ocrx_word' id='word_1_871' title='bbox 3184 5460 3277 5523; x_wconf 82' lang='lat' dir='ltr'><strong>ait,</strong></span> <span class='ocrx_word' id='word_1_872' title='bbox 3329 5460 3507 5528; x_wconf 87' lang='lat' dir='ltr'><strong>hodie,</strong></span> 
     </span>
    </p>
   </div>
   <div class='ocr_carea' id='block_1_117' title="bbox 1945 5539 3506 5621">
    <p class='ocr_par' dir='ltr' id='par_1_117' title="bbox 1945 5539 3506 5621">
     <span class='ocr_line' id='line_1_117' title="bbox 1945 5539 3506 5621; baseline 0.013 -34"><span class='ocrx_word' id='word_1_873' title='bbox 1945 5550 2042 5604; x_wconf 91' lang='lat' dir='ltr'><strong>pro</strong></span> <span class='ocrx_word' id='word_1_874' title='bbox 2074 5539 2420 5604; x_wconf 84' lang='lat' dir='ltr'><strong>perpetuitate</strong></span> <span class='ocrx_word' id='word_1_875' title='bbox 2450 5542 2592 5607; x_wconf 92' lang='lat' dir='ltr'><strong>poni,</strong></span> <span class='ocrx_word' id='word_1_876' title='bbox 2624 5544 3014 5613; x_wconf 83' lang='lat' dir='ltr'><strong>Scripturarum</strong></span> <span class='ocrx_word' id='word_1_877' title='bbox 3045 5546 3340 5605; x_wconf 48' lang='lat' dir='ltr'><strong>divinarum</strong></span> <span class='ocrx_word' id='word_1_878' title='bbox 3377 5568 3506 5621; x_wconf 91' lang='lat' dir='ltr'><strong>pro-</strong></span> 
     </span>
    </p>
   </div>
   <div class='ocr_carea' id='block_1_118' title="bbox 1944 5625 3503 5701">
    <p class='ocr_par' dir='ltr' id='par_1_118' title="bbox 1944 5625 3503 5701">
     <span class='ocr_line' id='line_1_118' title="bbox 1944 5625 3503 5701; baseline 0.015 -24"><span class='ocrx_word' id='word_1_879' title='bbox 1944 5625 2113 5692; x_wconf 90' lang='lat' dir='ltr'><strong>prium</strong></span> <span class='ocrx_word' id='word_1_880' title='bbox 2151 5642 2270 5681; x_wconf 90' lang='lat' dir='ltr'><strong>esse</strong></span> <span class='ocrx_word' id='word_1_881' title='bbox 2305 5632 2658 5699; x_wconf 85' lang='lat' dir='ltr'><strong>cognoscitur.</strong></span> <span class='ocrx_word' id='word_1_882' title='bbox 2688 5633 2853 5687; x_wconf 83' lang='lat' dir='ltr'><strong>Genui</strong></span> <span class='ocrx_word' id='word_1_883' title='bbox 2892 5645 2960 5701; x_wconf 88' lang='lat' dir='ltr'><strong>te,</strong></span> <span class='ocrx_word' id='word_1_884' title='bbox 3003 5639 3328 5697; x_wconf 74' lang='lat' dir='ltr'><strong>nativitatem</strong></span> <span class='ocrx_word' id='word_1_885' title='bbox 3360 5643 3503 5700; x_wconf 88' lang='lat' dir='ltr'><strong>illam</strong></span> 
     </span>
    </p>
   </div>
   <div class='ocr_carea' id='block_1_119' title="bbox 1939 5715 3502 5792">
    <p class='ocr_par' dir='ltr' id='par_1_119' title="bbox 1939 5715 3502 5792">
     <span class='ocr_line' id='line_1_119' title="bbox 1939 5715 3502 5792; baseline 0.015 -23"><span class='ocrx_word' id='word_1_886' title='bbox 1939 5715 2201 5787; x_wconf 87' lang='lat' dir='ltr'><strong>signiﬁcat</strong></span> <span class='ocrx_word' id='word_1_887' title='bbox 2239 5719 2306 5774; x_wconf 92' lang='lat' dir='ltr'><strong>de</strong></span> <span class='ocrx_word' id='word_1_888' title='bbox 2347 5735 2450 5790; x_wconf 84' lang='lat' dir='ltr'><strong>qua</strong></span> <span class='ocrx_word' id='word_1_889' title='bbox 2500 5721 2659 5779; x_wconf 84' lang='lat' dir='ltr'><strong>Isaias</strong></span> <span class='ocrx_word' id='word_1_890' title='bbox 2700 5724 2825 5779; x_wconf 83' lang='lat' dir='ltr'><strong>dicit</strong></span> <span class='ocrx_word' id='word_1_891' title='bbox 2866 5724 3290 5787; x_wconf 78' lang='lat' dir='ltr'><strong>:Generationem</strong></span> <span class='ocrx_word' id='word_1_892' title='bbox 3333 5745 3502 5792; x_wconf 68' lang='lat' dir='ltr'><strong>autem</strong></span> 
     </span>
    </p>
   </div>
  </div>
