4008 6182
563 309 630 364 59
1763 307 1832 362 Μ.
1875 300 2136 361 AURELI]

2241 301 2584 358 ASSIODORI
3735 305 3800 358 40

561 420 670 490 ejus
698 419 808 489 quis
834 418 1087 473 enarrabit
1115 416 1265 490 (Isai.
1306 432 1419 483 Llll,
1451 413 1543 488 8)?
1575 417 1776 471 Lumen
1805 432 1867 471 ex
1895 417 2120 481 lumine,
2154 415 2203 474 A
2228 424 2402 469 autem
2433 415 2693 485 signiﬁcat
2721 416 2962 471 nationes
2991 423 3102 470 toto
3129 414 3257 471 orbe
3282 416 3499 481 divisas,
3535 429 3667 486 quas
3696 418 3804 470 dis-

560 514 899 579 omnipotens
945 512 1011 566 de
1068 511 1452 577 omnipotente,
1500 510 1639 563 Deus
1687 523 1845 563 verus
1893 509 1962 562 de
2017 508 2126 560 Deo

563 615 692 653 vero
719 617 733 653 ε
760 599 840 652 Ex
870 616 970 669 quo
999 599 1189 662 omnia,
1223 615 1312 668 per
1343 615 1491 667 quem
1519 600 1710 664 omnia,
1741 600 1793 651 in
1823 615 1925 667 quo
1959 599 2130 650 omnia

562 687 738 756 (Rom.
779 703 851 751 XI,
891 686 1008 755 3S);
1053 687 1119 740 de
1166 703 1271 756 quo
1313 686 1378 740 ad
1436 687 1685 742 lilebrteos
1747 688 2011 752 scribens,
2059 686 2128 740 ait

559 779 843 846 Apostolus
885 796 896 830 :
939 778 1194 846 Splendor
1241 781 1448 850 gloria,
1514 789 1559 834 et
1612 781 1779 850 figura
1837 780 2130 833 substantia:

559 875 689 942 ejus,
721 888 898 941 gerens
928 889 1121 942 quoque
1163 875 1333 926 omnia
1367 873 1516 926 verbo
1541 874 1740 927 virtutis
1780 889 1907 938 suae,
1943 890 2128 943 purga-

562 965 748 1016 tionem
787 975 1111 1035 peccatorum
1139 965 1356 1032 faciens,
1394 967 1531 1018 sedet
1569 966 1636 1018 ad
1669 965 1928 1018 dexteram
1971 967 2130 1034 maje-

561 1056 707 1108 statis
734 1055 785 1107 in
812 1057 1022 1108 excelsis
1047 1071 1065 1108 :
1097 1064 1237 1108 tanto
1267 1055 1447 1109 melior
1474 1057 1668 1125 angelis
1691 1056 1916 1122 e/fectus,
1942 1067 2130 1124 quanto

557 1146 875 1213 (li/Terentius
904 1163 1006 1214 pra:
1035 1147 1137 1200 illis
1167 1163 1346 1200 nomen
1375 1148 1712 1200 htereditavit.
1747 1146 1843 1200 Cui
1880 1149 2012 1200 enim
2039 1163 2131 1199 an-

558 1237 786 1307 gelorum
808 1239 938 1292 dixit
963 1237 1240 1306 aliquando
1267 1255 1285 1292 :
1317 1238 1483 1292 Filius
1513 1256 1648 1293 meus
1677 1255 1728 1292 es
1758 1249 1832 1304 tu,
1865 1255 1954 1306 ego
1983 1239 2132 1292 hodie

558 1331 713 1398 genui
756 1338 804 1381 te
833 1329 1017 1398 (Hebr.
1049 1345 1089 1398 ι,
1123 1330 1174 1392 5,
1205 1331 1260 1392 4,
1292 1330 1386 1397 5)?
1430 1340 1484 1384 et
1524 1338 1739 1397 cmtera,
1787 1345 1905 1399 quae
1933 1329 1998 1384 de
2027 1345 2133 1383 ma-

560 1419 864 1487 gniﬁcentia
908 1418 1118 1473 Domini
1162 1419 1362 1474 Christi
1413 1429 1590 1474 textus
1639 1420 1729 1474 ille
1770 1419 2129 1488 proloquitur.

562 1508 895 1576 Quapropter
957 1518 1169 1563 cessent
1229 1509 1530 1578 vaniloquus
1589 1509 2017 1577 disputationes,
2080 1517 2134 1562 et

561 1596 742 1652 Ariani
772 1598 1032 1668 dogmatis
1067 1599 1283 1668 perﬁdia
1325 1599 1689 1668 conquiescat.
1734 1600 1843 1653 Hoc
1883 1598 2014 1652 ﬁdes
2041 1613 2133 1652 ca-

562 1689 780 1755 tholica,
812 1691 915 1744 hoc
961 1693 1161 1745 sanitas
1191 1691 1385 1746 mentis
1430 1689 1698 1759 intelligit,
1738 1700 1793 1743 ut
1826 1690 2131 1758 unigenitus

2232 507 2423 560 tinctas
2467 516 2624 576 atque
2663 517 2934 577 separatas
2971 509 3190 577 sanguis
3221 509 3556 578 amplectitur
3577 517 3625 562 α.
3660 509 3806 564 Gens

2231 599 2373 650 enim
2420 611 2449 649 a
2503 612 2701 666 genere
2753 598 3038 651 vocitatur.
3093 598 3374 666 Sequitur,
3437 597 3806 652 Ha’reditatem

2233 694 2389 738 tuam.
2435 685 2566 738 Cum
2606 685 2755 750 dicit,
2803 697 2962 751 tuam,
3009 694 3252 739 naturam
3303 686 3446 739 illam
3495 686 3546 738 in
3589 684 3806 738 Christo

2231 776 2480 842 perlecta:
2511 776 2723 832 deitatis
2749 778 3000 830 ostendit.
3029 776 3162 832 Nam
3191 777 3290 830 hoc
3321 777 3492 845 ipsum
3525 777 3663 845 quod
3703 779 3802 845 ait,

2233 872 2393 927 tuam,
2428 865 2845 919 incarnationem
2875 865 3038 920 Verbi
3083 880 3203 920 esse
3233 866 3584 929 demonstrat,
3617 874 3674 918 ut
3722 867 3805 918 ni-

2234 952 2304 1005 hil
2346 954 2666 1023 intelligatur
2707 969 2827 1009 esse
2856 956 3106 1018 divisum,
3135 955 3348 1024 quando
3391 968 3498 1009 una
3525 955 3804 1023 majestate

2232 1043 2410 1097 omnia
2449 1046 2815 1113 possidentur;
2866 1047 3004 1100 sicut
3042 1045 3157 1114 ipse
3203 1047 3254 1099 in
3309 1045 3591 1115 Evangelio
3626 1045 3804 1099 dicit:

2237 1135 2423 1189 Omnia
2454 1153 2568 1206 qua:
2616 1137 2769 1190 Pater
2799 1137 2966 1200 habet,
2997 1154 3109 1191 mea
3147 1147 3286 1201 sunt,
3332 1147 3378 1189 et
3422 1137 3594 1189 omnia
3629 1135 3806 1188 Patris

2232 1244 2343 1281 mea
2389 1237 2504 1280 sunt
2551 1227 2734 1296 (Joan.
2783 1227 3032 1297 xvt,15).
3084 1227 3377 1280 [hereditas
3418 1240 3544 1279 vero
3574 1227 3641 1276 ab
3674 1225 3807 1278 hero

2233 1317 2370 1372 dicta
2402 1327 2504 1383 est,
2529 1317 2580 1369 id
2610 1325 2692 1370 est
2721 1316 2959 1380 domino,
2991 1316 3131 1385 quod
3158 1317 3209 1368 in
3241 1330 3301 1368 ea
3345 1321 3608 1383 potestate
3632 1313 3805 1367 libera

2234 1408 2559 1463 dominetur.

2309 1500 2373 1553 Et
2405 1499 2766 1567 possessionem
2797 1507 2936 1551 tuam
2965 1497 3202 1550 terminos
3238 1508 3401 1550 terrai.
3445 1497 3540 1550 Hic
3571 1493 3802 1550 manife-

2236 1601 2407 1645 statur
2431 1593 2709 1646 universas
2737 1603 2922 1660 gentes
2969 1591 3020 1644 in
3059 1591 3254 1644 Christi
3307 1591 3521 1644 nomine
3567 1590 3807 1644 creditu-

2235 1697 2344 1745 ras,
2394 1696 2488 1750 per
2525 1696 2683 1749 quem
2731 1681 2984 1744 mundus,
3031 1679 3263 1747 explosis
3313 1678 3805 1748 superstitionibus,

562 1779 728 1834 Filius
758 1795 788 1832 a
817 1780 994 1845 Patre,
1027 1796 1127 1834 nec
1155 1790 1366 1845 natura,
1393 1796 1491 1835 nec
1521 1790 1760 1848 tempore
1788 1779 1999 1845 debeat,
2026 1795 2124 1834 nec
2154 1765 2202 1823 Β
2230 1770 2605 1826 reconciliatus
2629 1778 2714 1825 est
2746 1771 2872 1825 Deo.
2903 1771 3032 1824 Nam
3065 1784 3184 1823 cum
3215 1778 3267 1821 et
3308 1768 3394 1822 hic
3419 1771 3570 1832 dicit,
3604 1784 3803 1836 posses-

561 1880 822 1939 potestate
870 1875 1122 1941 separari.
1172 1874 1360 1942 Operae
1403 1890 1613 1944 quoque
1643 1875 1870 1944 pretium
1899 1884 1980 1929 εει
2007 1890 2126 1944 per-

562 1962 794 2028 pendere
823 1964 1270 2028 quemadmodum
1317 1966 1370 2020 in
1413 1967 1493 2020 his
1523 1967 1730 2021 duobus
1767 1966 2008 2021 versibus
2036 1982 2129 2035 per

559 2049 718 2104 verba
754 2051 920 2105 Patris
950 2052 982 2106 h
1006 2053 1252 2108 amittibus
1277 2055 1506 2108 voluerit
1531 2056 1805 2110 declarare
1834 2057 1974 2124 quod
2017 2067 2124 2109 est.

560 2142 675 2196 Non
705 2144 846 2197 enim
877 2154 1083 2212 poterat
1121 2147 1542 2199 substantialiter
1567 2161 1662 2215 per
1693 2162 1861 2216 genus
1889 2156 1944 2200 et
1973 2146 2123 2200 diffe-

560 2231 757 2286 rentias
808 2232 874 2286 ad
916 2233 1032 2301 ejus
1076 2233 1347 2302 proprium
1396 2236 1716 2302 pervenire,
1762 2234 1903 2302 quod
1957 2234 2126 2303 magis

559 2323 817 2378 creaturis
862 2339 1018 2392 quam
1066 2325 1304 2378 Creatori
1345 2325 1557 2378 videtur
1603 2339 1761 2395 posse
1813 2340 2129 2393 congruere.

563 2413 691 2468 Nam
731 2414 1173 2483 quemadmodum
1212 2430 1371 2484 supra
1402 2416 1519 2486 ejus
1547 2425 1792 2472 naturam
1829 2432 1999 2486 genus
2037 2417 2132 2471 ali-

561 2506 701 2575 quod
734 2507 982 2575 przevalet
1017 2507 1272 2576 reperiri,
1306 2522 1425 2562 cum
1475 2510 1647 2578 ipsum
1685 2525 1863 2563 rerum
1893 2511 2130 2564 omnium

563 2606 771 2651 constet
827 2598 1078 2667 18esse
1126 2600 1430 2653 auctorem?
1471 2599 1802 2670 Quapropter
1855 2602 2132 2656 dissimilis

563 2695 644 2741 est
672 2689 770 2742 ista
799 2689 1038 2743 deﬁnitio
1067 2690 1141 2743 illi
1171 2691 1463 2746 definitioni
1495 2709 1612 2761 quae
1643 2694 2005 2749 substantialis
2034 2709 2130 2748 v0-

564 2786 737 2844 catur,
769 2793 886 2847 quae
912 2793 1006 2848 per
1037 2778 1245 2832 habitas
1271 2779 1596 2836 differentias
1627 2781 1987 2837 descenditad
2013 2799 2134 2851 pro-

567 2869 761 2938 prium.
790 2867 1167 2924 Substantialis
1211 2871 1350 2924 enim
1384 2871 1479 2924 ista
1509 2871 1611 2926 dici
1644 2888 1748 2926 non
1780 2881 1971 2943 potest,
2001 2888 2135 2943 quo-

567 2962 710 3014 niam
749 2960 875 3030 quid
925 2961 995 3014 sit
1037 2961 1133 3015 Dei
1181 2961 1476 3016 substantia
1527 2963 1828 3017 nullatenus
1884 2964 2135 3032 pratvalet

569 3053 968 3123 comprehendi.
1011 3053 1196 3108 Potest
1227 3062 1424 3119 tamen,
1459 3055 1594 3109 sicut
1621 3054 1933 3124 quibusdam
1962 3055 2132 3111 visum

2229 1865 2426 1917 sionem
2451 1870 2613 1926 tuam,
2645 1870 2834 1914 natura
2863 1860 3206 1913 humanitatis
3238 1858 3464 1926 accepit,
3495 1859 3634 1927 quod
3657 1873 3804 1910 sem-

2234 1969 2329 2023 per
2369 1953 2543 2007 divina
2576 1952 2848 2020 possedit:
2875 1951 3138 2018 maiestati
3170 1949 3310 2003 enim
3355 1949 3521 2016 ipsius
3549 1947 3662 2001 dari
3693 1963 3796 2001 non

2235 2053 2441 2113 poterat
2480 2044 2619 2112 quod
2663 2043 2908 2098 habebat.
2961 2042 3245 2096 Terminus
3291 2050 3466 2095 autem
3499 2041 3670 2095 dictus
3699 2051 3799 2106 est,

2235 2145 2285 2188 ut
2309 2135 2522 2203 quidam
2548 2135 2826 2189 voluerunt
2847 2134 2986 2203 quod
3014 2134 3148 2201 lapis
3175 2135 3286 2202 ipse
3311 2138 3342 2188 a
3374 2134 3541 2188 tribus
3573 2133 3791 2202 pedibus

2234 2226 2433 2296 aliquid
2477 2229 2650 2280 minus
2680 2226 2859 2280 habet.
2905 2225 3009 2281 Sed
3039 2226 3274 2279 terminos
3317 2236 3464 2279 terra:
3495 2241 3599 2279 non
3627 2226 3796 2280 otiose

2233 2319 2440 2374 aestimo
2471 2318 2873 2374 transeundum.
2905 2318 3128 2372 Termini
3171 2318 3312 2372 enim
3343 2329 3493 2372 terra:
3539 2328 3663 2371 sunt
3705 2318 3794 2386 qui

2237 2412 2479 2466 tellurem
2521 2412 2738 2480 cingunt
2781 2421 2939 2479 atque
2983 2410 3328 2475 concludunt,
3376 2418 3435 2463 ut
3483 2424 3585 2464 non
3627 2410 3797 2464 solum

2234 2505 2402 2568 arida,
2430 2518 2614 2558 verum
2647 2503 2805 2557 etiam
2840 2503 3000 2557 totius
3022 2502 3160 2557 aeris
3188 2502 3530 2572 clrcumjecta
3559 2504 3796 2556 substan-

2238 2599 2328 2667 tia,
2360 2607 2413 2653 et
2455 2598 2691 2652 omnium
2743 2607 3103 2653 creaturarum
3150 2596 3542 2666 signiﬁcaretur
3577 2595 3792 2664 integri.

2237 2700 2340 2753 tas;
2374 2691 2511 2744 sicut
2541 2699 2594 2744 et
2625 2691 2738 2757 ipse
2768 2689 2822 2742 in
2861 2689 3144 2758 Evangelio
3174 2689 3272 2743 sub
3301 2688 3559 2744 brevitate
3583 2686 3798 2743 conclu-

2236 2781 2323 2845 sit,
2351 2782 2533 2836 dicens
2557 2797 2570 2834 ε
2598 2780 2730 2833 Data
2757 2790 2829 2834 est
2854 2780 2975 2833 mihi
3006 2781 3166 2834 omnis
3196 2789 3415 2848 potestas
3443 2781 3494 2832 in
3522 2779 3645 2834 ccelo
3673 2789 3719 2832 et
3743 2780 3794 2832 in

2237 2883 2370 2927 terra
2400 2871 2613 2944 (Matth.
2646 2887 2828 2937 xxvnt,
2864 2872 2982 2939 18);
3005 2881 3057 2925 et
3081 2871 3362 2937 Apostolus
3389 2887 3402 2921 :
3436 2869 3502 2923 Ut
3529 2871 3581 2923 in
3604 2871 3800 2923 nomine

2235 2963 2362 3018 Jesu
2390 2980 2536 3017 omne
2566 2980 2695 3032 genu
2718 2965 2948 3030 ﬂectatur
2972 2962 3268 3028 caelestium,
3299 2962 3611 3014 terrestrium
3653 2971 3698 3014 et
3724 2960 3801 3013 in-

2242 3059 2502 3125 fernarum
2535 3053 2757 3121 (Philip.
2789 3069 2844 3118 ll,
2880 3053 2992 3121 10).

569 3155 671 3211 εει,
695 3117 916 3200 deﬁniri
949 3147 1126 3200 taliter
1151 3147 1288 3202 Deus
1321 3165 1333 3199 :
1366 3117 1504 3202 Deus
1534 3159 1616 3203 est
1639 3117 1930 3204 substantia
1962 3150 2137 3203 incor-
2164 3117 2211 3180 Ο
2242 3117 2251 3125 1
2314 3147 2466 3202 Vers.
2516 3117 2569 3198 9‘.
2623 3117 2780 3212 Reges
2823 3159 2908 3197 eos
2950 3117 3002 3196 in
3045 3144 3187 3214 uirga
3215 3143 3398 3212 ferrea.
3454 3143 3610 3198 Modo
3653 3144 3797 3213 regni

569 3252 752 3305 porca,
783 3237 1008 3306 simplex
1039 3245 1091 3291 et
1113 3239 1584 3294 incommutabilis.
1614 3240 1764 3295 Nunc
1786 3243 2024 3299 membra
2047 3244 2139 3298 de-

571 3324 824 3380 finitionis
847 3327 997 3380 istius
1027 3328 1383 3383 minutissime
1415 3331 1805 3401 perquiramus.
1837 3335 1972 3389 Dicit
1993 3335 2137 3390 enim

570 3417 838 3483 primum:
867 3415 976 3486 Ego
1022 3428 1189 3471 autem
1228 3423 1524 3474 constitutus
1562 3440 1673 3478 sum
1700 3441 1789 3478 rea:
1828 3426 1890 3478 ab
1921 3443 1997 3481 eo.
2031 3427 2138 3483 Sed

571 3515 625 3560 et
654 3521 808 3575 reges
841 3516 1098 3562 terrarum
1132 3510 1522 3566 constituuntur
1550 3529 1579 3566 a
1608 3513 1855 3570 Domino.
1899 3517 2136 3586 Addidit,

570 3595 738 3666 Super
769 3596 898 3651 Sion
928 3609 1147 3652 montem
1187 3611 1418 3655 sanctum
1459 3606 1589 3675 ejus,
1622 3607 1905 3675 praedicans
1946 3626 2139 3678 prwce-

571 3697 710 3752 ptum
741 3687 968 3744 Domini.
1000 3691 1167 3746 Elecu
1195 3702 1319 3746 sunt
1340 3703 1391 3749 et
1414 3696 1703 3766 pr0phetae,
1734 3699 1983 3756 Ecclesia:
2005 3717 2142 3770 prm-

568 3776 854 3831 dicatores.
903 3777 1153 3849 Sequitur
1197 3781 1496 3840 :Dominus
1540 3788 1668 3841 dixit
1713 3790 1780 3843 ad
1822 3808 1920 3859 me,
1969 3792 2139 3848 Filius

571 3883 709 3921 meus
759 3885 811 3921 es
854 3878 908 3922 tu
945 3886 961 3921 :
1001 3871 1172 3925 dictus
1226 3883 1307 3927 est
1363 3884 1417 3929 et
1463 3876 1602 3932 ﬁlius
1653 3879 1848 3948 Israel,
1901 3884 2039 3937 sicut
2084 3885 2139 3938 in

573 3959 754 4013 Exodo
782 3961 1042 4016 Pharaoni
1087 3964 1280 4019 dicitur
1305 3982 1316 4017 :
1343 3964 1469 4020 Dixi
1498 3969 1604 4033 tibi,
1641 3970 1851 4025 Dimitte
1893 3978 2142 4045 primoge-

574 4050 732 4102 nitum
760 4051 926 4118 ﬁlium
955 4069 1121 4106 meum
1148 4052 1334 4120 Israel,
1381 4067 1427 4110 et
1460 4061 1668 4114 noluisti
1699 4061 1892 4131 (Exod.
1926 4080 1997 4130 ιν,
2024 4065 2138 4136 23).

573 4138 687 4192 Non
736 4150 818 4194 est
862 4156 988 4210 ergo
1018 4144 1156 4212 quod
1192 4161 1471 4213 personam
1519 4151 1775 4219 unigeniti
1825 4154 1940 4208 Filii
1969 4156 2142 4212 adhuc

575 4230 848 4286 evidenter
888 4232 1166 4303 designare
1198 4237 1474 4304 potuisset.
1508 4241 1759 4296 Additum
1807 4255 1889 4298 est
1925 4253 2140 4299 autem:

578 4319 687 4389 Ego
713 4321 865 4375 hodie
912 4324 1065 4392 genui
1109 4336 1174 4392 te,
1209 4328 1347 4393 quod
1394 4330 1521 4383 nulli
1562 4331 1714 4386 alteri
1743 4334 1996 4401 probatur
2023 4335 2147 4398 ,edi-

579 4420 756 4476 ctum;
789 4413 881 4466 sed
913 4414 1058 4468 solus
1102 4415 1190 4468 ille
1232 4417 1348 4471 sine
1377 4427 1614 4487 tempore
1663 4425 1872 4490 genitus
1917 4434 2018 4490 est,
2053 4441 2146 4494 per

577 4516 734 4570 quem
781 4511 957 4556 creata
1010 4514 1256 4560 constant
1305 4507 1572 4564 universa.
1619 4511 1706 4566 Sic
1753 4513 1906 4569 istam
1952 4517 2144 4571 verilo-

577 4606 735 4660 quam
805 4593 1325 4666 pulcherrimumque
1379 4599 1744 4657 deﬁnitionem
1811 4605 1879 4659 ad
1931 4606 2140 4663 scholas

582 4694 707 4733 suas
734 4683 894 4735 traxit
930 4683 1172 4738 doctrina
1213 4688 1505 4755 smcularis,
1540 4691 1723 4746 dicens
1752 4708 1869 4749 eam
1898 4697 2146 4753 substan-

581 4771 783 4837 tialem,
815 4787 974 4843 supra
1007 4791 1161 4843 quam
1189 4793 1359 4848 genus
1389 4790 1593 4849 poterat
1618 4783 1868 4842 inveniri.

655 4861 807 4918 Vers.
835 4864 886 4918 8.
923 4864 1134 4920 Postulo
1163 4885 1193 4920 a
1216 4886 1312 4934 me,
1342 4881 1387 4924 et
1416 4873 1547 4925 dabo
1569 4874 1657 4927 tibi
1682 4888 1850 4944 gentes
1876 4878 2147 4934 haeredita-

581 4966 680 5007 tem
709 4963 869 5009 tuam.
915 4956 1022 5011 Hoc
1055 4973 1147 5027 per
1173 4960 1406 5016 habitum
1435 4964 1630 5020 dicitur
1667 4967 1995 5040 formamque
2033 4988 2147 5028 ser-

583 5046 762 5112 vilem,
796 5063 858 5102 ex
889 5063 954 5103 eo
979 5051 1118 5118 quod
1149 5051 1311 5106 Filius
1335 5065 1416 5109 est
1437 5055 1684 5126 Virginis.
1715 5059 1975 5130 Quidquid
2004 5066 2145 5120 enim

584 5137 636 5190 in
669 5145 906 5206 tempore
936 5142 1139 5209 accepit
1165 5141 1427 5210 Christus,
1463 5148 1750 5202 secundum
1786 5153 2050 5209 hominem
2083 5173 2145 5211 ea

585 5241 703 5295 qua:
729 5242 832 5280 non
865 5227 1092 5283 habebat
1116 5233 1361 5300 acquirit.
1396 5233 1491 5289 Hic
1518 5238 1657 5291 enim
1677 5237 1894 5307 jubetur
1922 5254 1977 5296 ut
2007 5254 2149 5312 petat

584 5318 876 5373 secundum
909 5329 1148 5375 naturam
1178 5324 1503 5392 inferiorem,
1534 5339 1587 5382 et
1612 5340 1824 5399 accepta
1850 5336 2146 5402 possideat;

590 5423 709 5462 nam
732 5410 1020 5464 secundum
1054 5414 1346 5480 potentiam
1377 5416 1559 5481 Verbi,
1583 5418 1949 5476 indifferenter
1969 5427 2148 5480 omnia

585 5516 702 5570 qure
734 5501 892 5557 habet
935 5504 1108 5571 Pater,
1145 5505 1304 5561 habet
1344 5515 1398 5561 ct
1447 5509 1522 5562 Fil
1548 5527 1642 5575 us;
1678 5528 1776 5567 nec
1807 5515 1882 5569 illi
1926 5533 2152 5574 necesse

583 5601 662 5646 cst
705 5603 882 5661 petere
914 5611 1029 5665 qua:
1061 5597 1223 5650 simul
1271 5601 1608 5667 cognoscitur
1637 5604 1930 5672 possidere.
1965 5609 2147 5665 Gentes

2242 3239 2360 3307 ejus
2389 3236 2716 3291 consuetudo
2744 3234 3059 3290 describitur
3084 3253 3097 3287 :
3124 3236 3374 3304 quoniam
3403 3235 3447 3289 si
3479 3235 3544 3289 ad
3574 3237 3800 3291 litteram

2243 3326 2568 3391 intendatur,
2614 3341 2790 3395 parva:
2833 3325 3073 3379 utilitatis
3108 3333 3199 3379 est
3237 3324 3615 3394 confringenda
3645 3333 3806 3395 atque

2243 3415 2600 3471 imminuenda
2645 3413 2938 3484 percipere.
2994 3414 3098 3468 Sed
3144 3415 3349 3483 respice
3399 3417 3622 3484 primum
3667 3417 3806 3484 quod

2242 3507 2409 3563 dicit:
2445 3507 2604 3577 Reges
2633 3513 2740 3570 eos,
2771 3515 2829 3559 ut
2876 3514 3189 3574 potestatem
3237 3507 3525 3576 tyrannica:
3563 3506 3806 3560 domina-

2243 3599 2404 3652 tionis
2429 3597 2681 3652 auferret.
2735 3596 2814 3650 llli
2860 3600 3000 3650 enim
3051 3607 3325 3665 reguntur,
3379 3598 3469 3666 qui
3515 3598 3578 3649 ad
3625 3597 3810 3650 salutis

2248 3689 2384 3743 dona
2417 3688 2749 3756 perveniunt.
2789 3686 2945 3757 Virga
2974 3702 3100 3741 vero
3128 3697 3363 3757 potestas
3387 3688 3581 3757 regalis
3611 3689 3810 3757 signiﬁ-

2245 3789 2418 3844 catur,
2467 3791 2568 3845 qua
2619 3778 2987 3845 peccatoribus
3033 3779 3378 3832 correctionis
3425 3792 3536 3832 sua:
3580 3778 3812 3832 vindicta

2245 3867 2594 3936 promittitur.
2627 3865 2842 3933 Ferrea,
2877 3882 2980 3920 non
3009 3868 3128 3935 quia
3161 3867 3300 3921 Deus
3328 3869 3392 3922 ad
3427 3869 3676 3924 ultionem
3709 3872 3813 3921 uti.

2247 3968 2330 4013 tur
2367 3959 2512 4028 virga
2546 3958 2829 4022 metallica,
2879 3957 2971 4012 sed
3002 3957 3195 4011 duritia
3227 3957 3372 4023 ferri,
3404 3960 3564 4028 rigori
3594 3960 3812 4028 aequita-

2247 4050 2317 4104 tis
2338 4050 2593 4105 decenter
2614 4059 2789 4118 aptata
2814 4056 2915 4103 est.
2949 4049 3064 4118 ipsa
3095 4050 3234 4118 virga
3262 4060 3342 4104 est
3371 4049 3439 4104 de
3471 4066 3573 4118 qua
3603 4051 3653 4104 in
3682 4065 3812 4117 qua-

2247 4146 2549 4216 dragesimo
2589 4153 2777 4215 quarto
2803 4145 3011 4214 psalmo
3040 4145 3277 4199 dicturus
3324 4154 3404 4200 est
3434 4163 3446 4199 :
3481 4146 3638 4214 Virga
3677 4158 3816 4200 recta

2249 4247 2338 4301 est,
2390 4237 2531 4306 virga
2578 4236 2720 4305 regni
2759 4236 2832 4288 tui
2879 4235 3045 4306 (Psal.
3095 4250 3240 4300 XLIV,
3271 4236 3362 4301 7):
3392 4237 3484 4291 sed
3533 4237 3657 4305 quid
3693 4251 3813 4290 cum

2249 4328 2348 4382 ista
2379 4327 2522 4396 virga
2562 4325 2739 4391 faciat,
2780 4327 3163 4395 subsequenter
3207 4327 3478 4394 explanat.
3513 4327 3635 4382 Haec
3675 4329 3816 4398 virga

2249 4426 2351 4484 est,
2405 4430 2525 4485 qua:
2571 4414 2861 4484 confringit
2906 4415 2972 4470 ad
3000 4417 3161 4469 vitam
3189 4433 3200 4468 :
3228 4417 3327 4470 hoc
3371 4416 3635 4481 baculum,
3674 4421 3819 4488 quod

2251 4511 2488 4563 continet
2516 4508 2812 4562 imbecilles
2840 4525 2852 4559 :
2877 4507 2978 4560 hoc
3003 4518 3294 4576 sceptrum,
3323 4509 3463 4577 quod
3493 4509 3560 4563 de
3589 4513 3820 4566 mortuis

2254 4601 2401 4655 vivos
2433 4599 2572 4654 facit.
2614 4598 2775 4669 Virga
2803 4597 2943 4651 enim
2971 4611 3070 4652 usu
3101 4597 3333 4652 humano
3359 4598 3494 4652 dicta
3529 4607 3630 4662 est,
3671 4602 3820 4669 quod

2248 4693 2301 4746 vi
2331 4705 2427 4745 sua
2459 4700 2627 4761 regat,
2660 4701 2712 4743 et
2739 4704 2960 4758 vergere
2987 4704 3091 4743 non
3123 4690 3264 4743 sinat
3294 4690 3604 4744 innitentes.

2321 4782 2388 4835 Et
2417 4791 2658 4849 tanquam
2703 4797 2790 4835 vos
2831 4781 2975 4853 figuli
3017 4782 3304 4851 confringes
3353 4797 3456 4836 eos.
3499 4783 3551 4837 Id
3583 4793 3685 4849 est,
3725 4798 3822 4851 per

2254 4873 2617 4930 conversionis
2641 4874 2872 4928 studium
2899 4881 3144 4927 conteres
3171 4874 3220 4926 in
3233 4873 3323 4926 ’eis
3357 4882 3594 4929 terrenas
3615 4875 3823 4942 cupidi-

2256 4976 2409 5032 tates,
2439 4976 2492 5020 et
2515 4967 2707 5020 veteris
2739 4965 2968 5018 hominis
2997 4978 3150 5019 emno
3177 4964 3404 5018 similem
3433 4965 3614 5018 vitam.
3647 4965 3713 5018 Et
3737 4981 3824 5019 re-

2254 5061 2400 5128 ερὶοε
2429 5057 2483 5112 in
2529 5057 2659 5125 ipsis
2705 5057 3209 5125 comparationibus.
3253 5055 3478 5125 singulis
3519 5058 3695 5111 verbis
3736 5073 3825 5112 re-

2253 5165 2371 5205 rum
2402 5163 2591 5202 causas
2626 5149 2879 5203 decenter
2903 5162 3210 5218 expressas.
3256 5147 3578 5201 Potestatem
3611 5148 3823 5203 Domini

2250 5241 2383 5296 dixit
2408 5240 2605 5309 virgam
2643 5237 2895 5309 ferream;
2943 5238 3204 5307 superbos
3246 5238 3471 5307 populos
3515 5253 3600 5292 vas
3653 5240 3825 5308 ﬁguli,

2251 5330 2390 5401 quod
2418 5342 2547 5384 mox
2591 5339 2650 5384 ut
2680 5342 2989 5399 percussum
3018 5327 3200 5390 fuerit,
3238 5328 3288 5381 in
3318 5337 3493 5395 partes
3533 5328 3830 5382 minutissi-

2257 5440 2371 5478 mas
2395 5425 2705 5495 dissipatur.
2742 5423 2880 5475 Bene
2908 5436 3033 5490 ergo
3063 5430 3309 5488 peceator
3351 5422 3459 5475 vasi
3486 5422 3628 5474 luteo
3671 5437 3820 5476 com-

2259 5527 2494 5584 paratur,
2544 5525 2602 5569 ut
2640 5524 2692 5568 et
2735 5513 3024 5567 confractio
3070 5513 3187 5579 ejus
3217 5514 3402 5576 facilis,
3456 5521 3510 5566 et
3548 5514 3653 5567 vita
3685 5514 3828 5567 lutea

2261 5614 2670 5661 monstraretur.
2693 5603 2795 5659 Sed
2821 5613 2944 5659 tunc
2962 5603 3012 5657 in
3038 5603 3226 5658 melius
3249 5603 3592 5667 reformatur,
3613 5607 3830 5674 quando

653 5736 678 5766 ³
705 5727 855 5794 Mss,
884 5745 1009 5798 quas
1029 5732 1296 5788 distinctus
1323 5745 1470 5804 atque
1500 5750 1762 5809 separatus
1793 5744 1997 5812 sanguis
2035 5743 2377 5815 amplectitur.
