4008 6182
625 220 688 273 ιτς
1845 215 1915 269 Μ.
1959 215 2234 273 AUREI."

529 315 532 318 i
623 353 715 398 xu.
751 335 856 405 ill),
883 335 1001 408 quia
1025 334 1358 406 maiestatem
1379 334 1493 402 ejus
1518 341 1784 402 nequeunt
1806 333 2026 398 intueri;
2059 331 2184 386 illud
2218 337 2262 394 Α

623 428 762 484 enim
793 427 922 482 solis
952 427 1120 482 beatis
1143 425 1372 491 dabitur,
1406 424 1544 478 sicut
1573 424 1625 478 in
1651 423 1938 494 Evangelia
1962 419 2189 480 dicitur:

628 521 766 573 Grati
781 527 966 573 intme
981 519 1152 580 corde,
1171 517 1409 588 quoniam
1428 517 1524 589 ipsi
1543 517 1702 571 Deum
1723 518 1958 572 videbunt
1981 519 1998 586 (
2008 516 2135 570 Matt
2147 518 2168 566 ’t
2179 556 2192 570 .

627 625 679 676 v,
705 611 782 681 8),
813 609 969 663 nimis
1003 609 1218 662 exitiale
1255 617 1337 662 est
1361 608 1490 662 duas
1514 615 1726 662 naturas
1755 608 2015 678 perfectas
2037 619 2194 678 atque

620 706 880 759 adunatas
901 703 954 756 in
977 701 1191 759 Christo
1217 717 1322 757 non
1343 701 1565 762 credere
1593 717 1924 771 permanere,
1957 718 2086 772 quas
2121 711 2197 756 tot

623 797 881 866 exemplis
926 797 1092 852 voluit
1141 797 1431 866 de-seipsa
1483 795 1688 850 Veritas
1729 797 2038 864 prmdicaré.
2083 795 2194 852 llac

627 891 784 945 Pater
813 881 1132 944 Athanasius
1171 889 1590 953 Alexandrinus,
1627 887 1725 942 hoc
1759 881 1986 948 Ililarius
2017 887 2191 942 Picta-

619 981 839 1049 viensis,
872 981 973 1035 hoc
1005 981 1316 1036 Ambrosius
1357 980 1785 1046 itlediolanensis,
1815 979 1917 1034 hoc
1948 981 2192 1050 Augusti-

619 1091 720 1130 nus
733 1085 783 1128 et
799 1075 1167 1146 llieronymus,
1195 1075 1294 1130 hoc
1312 1073 1562 1144 Cyrillus,
1579 1073 1677 1129 hoc
1699 1073 1786 1129 alii
1809 1073 1958 1130 inniti
1985 1075 2189 1138 Patres,

622 1169 686 1222 ad
715 1159 998 1222 tollendam
1019 1173 1228 1236 quoque
1257 1165 1492 1222 funditus
1514 1168 1848 1222 occasionem
1873 1167 2194 1221 inanissﬁnm

617 1257 954 1326 tptmstionis,
987 1257 1275 1312 allirmant.
1323 1257 1433 1312 lloc
1462 1257 1738 1326 papaLeo
1762 1273 1881 1312 cum
1905 1267 2084 1313 sancta
2109 1274 2196 1330 sy-

623 1347 761 1401 nodo
787 1345 1214 1402 Cbalccdonensi
1244 1349 1480 1403 decrevit
1521 1359 1682 1419 atque
1709 1351 1985 1405 constituit
2016 1349 2196 1420 (Ρανέ

620 1451 678 1498 tt.
729 1440 924 1491 actione
971 1436 1048 1508 ἓ),
1101 1447 1157 1492 ut
1203 1453 1268 1493 ex
1317 1439 1543 1502 duabus,
1577 1448 1630 1494 et
1678 1439 1728 1492 in
1763 1439 1964 1494 duabus
1996 1442 2194 1495 naturis

620 1529 866 1585 adunatis
907 1541 1060 1600 atque
1096 1530 1364 1607 perlectis,
1399 1545 1562 1586 unum
1607 1532 1862 1600 prmdicet
1897 1533 2190 1600 Christum,

619 1623 920 1691 quicunque
967 1623 1078 1676 vult
1123 1637 1244 1678 esse
1285 1623 1598 1698 catholicus.
1643 1623 1768 1688 Quae
1808 1623 1852 1678 si
1897 1626 2189 1686 memorim,

620 1723 904 1782 prmstante
925 1714 1168 1780 Domino,
1193 1716 1554 1781 recondintus,
1579 1714 1630 1768 in
1653 1716 2027 1770 CCCit‘SlﬂSliCii
2054 1734 2189 1770 sent-
2230 1709 2267 1765 ll

619 1820 712 1873 per
733 1805 928 1874 resitlis
951 1806 1301 1860 ambulamus.
1557 1809 1562 1816 '

953 1917 1411 1982 EXPOSITIOJN
1447 1919 1886 1994 PSALMUMHI.

621 2009 863 2064 Psalmis
903 2007 1064 2064 Dacitl
1092 2027 1202 2064 cum
1223 2011 1414 2083 fugeret
1440 2027 1470 2064 a
1499 2011 1631 2082 [acie
1660 2011 1950 2090 Abessalon:
1975 2011 2071 2081 filii
2095 2013 2193 2066 sui.

689 2124 1000 2178 Abessalom
1033 2123 1156 2177 dum
1189 2133 1390 2194 patrem
1421 2139 1576 2180 suum
1611 2125 2090 2180 Davidcrudeliter
2117 2126 2198 2180 in-

617 2224 952 2280 sequeretur,
999 2215 1154 2267 ntnlie
1203 2215 1402 2284 impetu
1455 2216 1740 2285 perductus
1769 2218 1822 2269 in
1871 2217 2195 2272 ροςιάριιεςιιη

617 2319 893 2372 quercum,
928 2305 1090 2356 rantis
1133 2303 1248 2372 ejus
1281 2303 1417 2358 colla
1461 2305 1816 2371 metentibus,
1861 2305 1914 2358 itt
1945 2306 2082 2360 aeris
2108 2321 2197 2359 su-

619 2393 882 2448 blimitate
929 2407 1220 2472 suspensus
1252 2403 1353 2459 est,
1383 2395 1608 2464 quadam
1653 2395 2078 2464 przeliguratione
2103 2396 2196 2450 do-

625 2487 805 2542 minici
857 2487 1161 2553 tradito-is;
1193 2495 1252 2541 ut
1301 2487 1436 2542 sicut
1467 2487 1629 2542 Judas
1679 2489 1961 2543 innodatus
2009 2490 2196 2560 laqueo

623 2577 782 2632 vitam
817 2577 1006 2644 ﬁnivit,
1037 2578 1106 2632 ita
1129 2588 1184 2632 et
1227 2589 1534 2646 persecutor
1561 2578 1726 2633 David
1759 2581 2061 2634 constrictis
2085 2581 2196 2634 lau-

617 2663 772 2722 cibus
793 2670 1083 2739 espiraret.
1109 2670 1362 2724 Testante
1383 2679 1559 2726 autem
1591 2669 1792 2740 Regum
1818 2670 2035 2728 historia
2057 2672 2196 2742 psal-

621 2775 735 2814 mus
757 2761 858 2815 iste
888 2759 1324 2830 quinquagesimo
1349 2771 1466 2818 actu
1493 2764 1758 2831 posterior
1788 2771 1869 2818 est
1897 2779 1908 2814 :
1941 2762 2192 2836 quoniam

621 2859 737 2916 rost
761 2851 941 2919 culpas
969 2851 1212 2905 adultctii
1239 2861 1290 2906 et
1323 2851 1592 2908 homicidii
1620 2852 1931 2906 Ahessalom
1961 2853 2048 2906 lilii
2078 2853 2195 2922 ejus
2283 2881 2286 2884 λ

623 2944 920 3007 tersecutio
967 2946 1207 2998 noscitur
1236 2945 1556 3012 contigisse;
1599 2945 1692 3000 sed
1741 2962 1836 3013 pro
1875 2947 2066 3000 virtute
2095 2962 2191 3001 sua

619 3034 944 3102 competenti
983 3049 1208 3090 numero
1247 3035 1501 3103 probatur
1543 3045 1770 3104 aptatus.
1811 3037 2014 3092 Tenere
2051 3040 2190 3092 enim

621 3123 766 3177 illum
791 3125 964 3178 locum
995 3126 1206 3178 tertium
1235 3133 1563 3193 oportuerat,
1595 3127 1685 3196 qui
1710 3138 1762 3182 et
1791 3137 1988 3183 sanetae
2018 3129 2192 3184 Trini-

617 3215 741 3266 tatis
775 3214 1084 3281 pozentiam,
1115 3225 1168 3267 et
1197 3213 1456 3268 triduana:
1480 3217 1883 3270 resurrectionis
1917 3219 1966 3268 in
1999 3232 2058 3272 se
2081 3235 2194 3292 my-

619 3305 778 3358 steria
827 3305 1155 3360 eoittinebat.
1207 3306 1338 3358 Nam
1371 3321 1466 3376 per
1507 3307 1875 3362 liberationem
1919 3309 2082 3364 David
2113 3326 2195 3364 re-

621 3397 886 3452 surrectio
945 3399 1153 3452 Domini
1207 3415 1440 3468 congrue
1496 3402 1859 3470 significatur;
1923 3401 1979 3458 ut
2031 3405 2192 3458 animi

617 3495 1044 3549 Christianorum
1106 3497 1194 3549 tali
1255 3495 1496 3565 exemplo
1527 3497 1808 3560 roborati,
1853 3497 1906 3552 in
1956 3499 2194 3572 adversis

617 3585 827 3639 casibus
857 3593 1166 3640 constanter
1193 3586 1486 3656 erigantur.
1518 3585 1701 3642 Simile
1728 3599 1807 3642 est
1848 3595 1901 3642 ct
1929 3591 2036 3660 20
2064 3591 2191 3644 illud

615 3675 754 3744 qnmi
785 3677 1140 3731 Uetateucltus
1169 3677 1352 3746 legitur
1378 3687 1402 3714 ⁸
1428 3689 1550 3732 ante
1564 3679 1687 3742 Job,
1713 3695 1830 3732 cum
1857 3693 1972 3748 post
1997 3681 2193 3737 multos

615 3783 780 3820 annos
835 3767 1041 3835 Moyses
1081 3768 1348 3822 ex5titisse
1390 3779 1657 3822 noscatur.
1699 3769 2036 3839 Quapropter
2081 3787 2185 3825 non

615 3863 905 3917 secundum
949 3861 1286 3919 existeittiam
1321 3863 1638 3932 temporum,
1673 3863 1765 3919 sed
1807 3879 1902 3934 pro
1934 3865 2191 3934 qualitate

617 3955 880 4009 dictorum
931 3953 1064 4008 ordo
1105 3955 1416 4024 plerumque
1463 3956 1678 4025 ponitur
1727 3957 2040 4014 lectionum.
2086 3958 2192 4014 Me-

617 4058 794 4102 mento
822 4057 995 4102 autetn
1031 4047 1162 4102 alios
1193 4063 1310 4102 esse
1339 4048 1590 4114 psalmos,
1655 4049 1744 4118 qui
1788 4051 2100 4120 passionem.
2139 4059 2196 4103 et

620 4143 1064 4196 resurrectionem
1097 4141 1305 4195 Domini
1351 4143 1585 4206 breviter
1613 4151 1864 4213 tangunt;
1905 4145 2036 4198 alios
2067 4161 2194 4199 vero

611 4237 703 4302 qui
747 4235 1047 4290 distinctius
1088 4235 1428 4303 apertiusque
1465 4234 1758 4300 declarant,
1801 4235 1893 4290 sed
1933 4251 2186 4305 praesens,

591 4335 801 4380 eorum
829 4326 1028 4394 primus
1055 4335 1157 4388 est,
1185 4327 1269 4392 qui
1297 4325 1408 4378 haec
1431 4325 1662 4379 breviter
1683 4325 1883 4380 dicunt.

2220 3071 2266 3134 C

1189 4432 1383 4487 Divisio
1419 4435 1620 4503 psalmi.

688 4527 855 4580 Totus
901 4525 986 4578 hic
1018 4525 1251 4592 psalmus
1297 4523 1361 4577 ad
1403 4539 1686 4592 personam
1732 4525 1928 4580 Christi
1977 4524 2184 4579 Domini

619 4625 986 4687 competenter
1038 4625 1270 4684 aptatur.
1322 4613 1553 4680 Persona
1585 4631 1713 4670 vero
1750 4599 1864 4686 ejus
1895 4624 1976 4670 est
2023 4617 2188 4676 virtus

620 4707 1154 4777 otnnipotentisimre
1189 4705 1428 4769 Deitatis,
1460 4714 1516 4760 et
1545 4705 1818 4760 humilitas
1849 4706 2187 4760 humanitatis

621 4807 926 4866 assumpttc,
955 4813 1058 4850 non
1091 4797 1190 4850 sub
1229 4797 1582 4864 permixtione
1607 4796 1849 4861 confusa,
1879 4796 1970 4850 sed
2003 4797 2191 4850 indivi-

619 4891 760 4946 sibili
787 4888 1112 4942 adunati-tne
1150 4888 1471 4942 subsiswns.
1513 4887 1692 4942 Primo
1721 4888 1900 4958 itaque
1927 4890 2083 4942 modo
2122 4887 2188 4941 ad

621 4984 833 5036 Patrem
867 4981 1122 5050 loquitur,
1149 4977 1582 5048 persecutoribus
1611 4978 1960 5048 exprobrans,
1991 4979 2078 5045 qui
2117 4979 2190 5032 ir-

618 5071 862 5140 religioso
887 5081 1072 5126 contra
1116 5071 1286 5140 ipsum
1314 5069 1480 5124 verba
1528 5069 1900 5138 loquebantur.
1945 5071 2192 5136 Secundo

619 5164 736 5217 loco
763 5161 937 5216 ﬁdelis
963 5162 1210 5232 populus,
1235 5177 1302 5215 ne
1325 5170 1550 5216 mortem
1577 5159 1847 5224 formidet,
1867 5158 2148 5212 instruitur
2172 5201 2189 5227 ,

618 5253 832 5324 quando
860 5237 982 5308 eum
1013 5253 1264 5322 exemplo
1287 5253 1526 5308 auctoris
1555 5251 1636 5306 sui
1667 5265 1764 5320 spe
1785 5247 2192 5305 resurrectionis

616 5341 930 5403 certissima:
951 5347 1278 5402 consolatur.

1157 5433 1422 5500 Expositio
1441 5433 1647 5504 psalmi.

688 5529 840 5584 \‘ers.
868 5529 918 5585 l.
949 5527 1178 5591 Domine,
1207 5526 1332 5598 quid
1351 5525 1671 5594 multiplicati
1692 5535 1809 5578 sunt
1831 5523 1918 5594 qui
1944 5523 2186 5579 lrilmlaitt

689 5673 711 5697 ⁸
743 5663 864 5717 Mss.
899 5663 979 5730 S.,
1013 5661 1174 5730 Δηὼ,
1209 5661 1330 5716 Dec.
1361 5671 1412 5717 et
1443 5659 1604 5725 Fisc.,
1643 5659 2011 5715 Pctttatettchus
2056 5662 2252 5732 legitur,

2273 217 2354 273 CA
2363 219 2506 275 SSlO
2516 218 2668 278 nom
3773 223 3825 277 li

2291 337 2410 389 me?
2433 336 2662 392 Secundi
2685 337 2871 407 psalmi
2901 337 3000 392 hoc
3021 335 3170 406 qua-i
3195 337 3366 390 simile
3393 335 3600 390 videtur
3626 335 3823 396 initium.

2296 425 2402 480 Sed
2434 427 2541 481 illic
2586 427 2936 497 interrogatio
2969 425 3292 494 increpantis
3321 435 3422 490 est,
3456 426 3540 480 hic
3570 435 3730 482 autem
3751 431 3832 483 ad-

2297 518 2519 572 miratur
2547 529 2733 576 contra
2765 534 2824 576 se
2871 518 3098 590 populos
3139 518 3416 582 excitatos,
3449 517 3538 586 qui
3567 519 3630 570 ad
3659 533 3738 572 eos
3760 537 3836 574 ro-

2295 609 2569 677 gnoscitttr
2599 609 2808 663 venisse
2847 607 3150 663 salvandos.
3181 607 3448 673 'Diceodo,
3480 606 3729 663 Tribttltrnt
3752 628 3835 678 me,

2295 697 2593 751 ostenditur
2622 699 2687 751 de
2718 697 2945 766 amplius
2977 697 3188 751 illorum
3226 698 3468 751 cat'citate
3497 696 3734 767 doluisse,
3761 702 3838 768 qui

2300 789 2535 844 salutare
2572 805 2725 844 suum
2758 788 3035 865 obstinatis
3079 789 3341 864 mentibus
3373 801 3698 857 resttuerunt,
3723 792 3838 846 sicut

2299 881 2350 934 in
2385 881 2658 952 trigesimo
2676 889 2864 951 quarto
2894 879 3098 950 psalmo
3125 879 3360 934 dicturus
3377 883 3454 934 est
3483 899 3494 940 _:
3518 881 3839 935 Retribuebant

2280 971 2424 1022 mihi
2471 969 2610 1022 mala
2643 987 2734 1039 pro
2763 969 2924 1037 bonis,
2967 959 3280 1023 sterilitatcni
3311 971 3496 1030 animm
3538 983 3660 1024 nica:
3695 969 3838 1039 (Psal.

2297 1077 2482 1126 xxxtv,
2515 1063 2624 1126 1‘2).
2889 1055 2892 1060 ’
3199 1127 3208 1136 _

2369 1153 2526 1206 Multi
2571 1155 2839 1222 insurgunt
2861 1153 3126 1206 adversum
3157 1170 3271 1216 me;
3299 1153 3453 1207 multi
3482 1155 3651 1207 dicunt
3683 1154 3846 1207 animi:

2299 1261 2445 1300 metr.
2475 1243 2534 1298 in
2569 1255 2773 1300 tantum
2805 1246 2954 1298 multi
2981 1247 3210 1311 luerunt,
3244 1255 3300 1302 ut
3345 1247 3506 1304 etiam
3553 1246 3619 1302 de
3648 1261 3838 1302 notuere

2301 1335 2682 1404 discipulorum
2733 1337 2956 1391 traditur
2985 1337 3146 1391 .ludas
3191 1337 3294 1391 illis
3339 1336 3496 1391 fuerit
3536 1349 3846 1408 aggregatus.

2299 1429 2514 1485 Eleum
2565 1433 2822 1500 repetitur
2865 1431 3082 1499 smpius,
3128 1430 3296 1494 multi.
3342 1431 3638 1486 osxenditur
3675 1433 3848 1486 acerba

2297 1525 2653 1580 numerositas
2679 1523 2983 1594 impiorum,
3015 1525 3100 1594 qui
3133 1538 3159 1574 a
3191 1523 3588 1591 conSpiratione
3615 1523 3850 1578 densissi-

2295 1631 2378 1668 ma
2421 1629 2753 1684 nequaquam
2778 1629 3052 1668 rarescere
3084 1622 3390 1682 potuerunt.
3437 1613 3558 1667 llaec
3599 1613 3750 1684 lignra
3781 1614 3851 1666 lo-

2297 1709 2525 1762 cutionis
2581 1708 2776 1761 dicitur
2837 1707 3156 1775 epembasis,
3215 1689 3634 1762 enumeratioitis
3691 1707 3852 1761 studio

2299 1798 2460 1850 verba
2492 1807 2763 1867 repetens,
2795 1807 2852 1851 ut
2877 1798 2953 1852 rei
2984 1797 3051 1852 de
3079 1813 3180 1866 qua
3211 1798 3443 1866 loquitur
3467 1807 3704 1868 procuret
3733 1814 3854 1868 aug-

2299 1899 2559 1942 mentum.

2371 1981 2490 2035 Non
2534 1989 2607 2034 cst
2647 1981 2784 2034 solus
2819 1977 2895 2032 illi
2918 1979 2968 2031 in
3001 1977 3105 2030 Deo
3128 1978 3257 2048 ejus.
3303 1969 3413 2032 Hoc
3442 1977 3506 2031 ad
3555 1977 3671 2034 illas
3711 1993 3856 2034 voces

2291 2071 2530 2146 pertinet
2563 2071 2864 2125 Iuda-orum
2897 2069 3185 2123 dicentium
3215 2087 3227 2121 :
3257 2067 3398 2121 Alios
3427 2067 3594 2122 salvos
3623 2070 3751 2140 [rt-it,
3784 2087 3858 2124 se-

2296 2163 2464 2233 ipsum
2516 2180 2617 2215 non
2658 2171 2818 2232 potest
2864 2162 3060 2215 salvum
3109 2163 3273 2228 facere
3302 2159 3515 2232 (Matth.
3545 2177 3704 2226 xxv",
3743 2161 3856 2226 42).

2299 2251 2590 2307 Putabatur
2619 2251 2759 2305 enim
2794 2251 2951 2305 Pater
2982 2249 3318 2305 dilectionem
3365 2266 3468 2306 non
3503 2251 3694 2307 habere
3723 2251 3857 2318 Filii,

2299 2359 2455 2414 quem
2489 2344 2778 2399 carnaliter
2804 2341 3145 2412 permittebat
3175 2342 3364 2396 occidi.
3388 2343 3431 2397 Ο
3459 2341 3674 2398 nefariae
3701 2344 3861 2398 turbae

2297 2437 2675 2491 stultissimum
2710 2433 2946 2489 dictum!
2982 2435 3218 2505 nunquid
3251 2436 3548 2504 redemptio
3581 2438 3754 2491 mundi
3785 2439 3862 2492 in-

2295 2525 2530 2580 firmitati
2562 2525 2745 2580 debuit
2775 2525 3066 2596 applicari?
3085 2525 3198 2579 Non
3224 2523 3364 2580 enim
3389 2525 3701 2580 insatiabilis
3724 2544 3862 2582 mors

2296 2617 2450 2671 aliter
2479 2625 2685 2686 poterat
2732 2615 2893 2682 vinci,
2928 2615 3030 2671 nisi
3061 2617 3162 2669 vita
3213 2615 3507 2688 tyrannidis
3537 2617 3650 2688 ejus
3676 2617 3865 2688 jauuas

2297 2707 2375 2762 int
2405 2708 2588 2762 oisset.
2623 2709 2713 2762 Sic
2753 2708 2996 2762 tenebrae
3047 2711 3360 2777 permanere
3411 2717 3697 2778 nequeunt,
3744 2721 3886 2770 cum,

2297 2801 2582 2872 prmsentia
2615 2801 2829 2854 luminis
2856 2799 3231 2855 excluduntur.

2368 2889 2522 2944 V'ers.
2547 2891 2600 2944 2.
2631 2891 2712 2944 Tu
2735 2899 2924 2956 autem,
2955 2891 3186 2962 Domine,
3219 2901 3481 2960 susceptor
3507 2907 3644 2946 meus
3665 2907 3732 2955 es,
3757 2891 3868 2963 glo-

2298 2985 2376 3038 ria
2407 2999 2517 3037 mea
2547 2995 2596 3037 et
2620 2977 2852 3038 multum
2881 2993 3034 3053 caput
3063 2999 3247 3037 meum.
3282 2983 3556 3053 Susceptor
3581 2985 3866 3038 secundum

2303 3076 2521 3128 formam
2554 3075 2747 3128 dicitur
2776 3075 2950 3139 servi;
3005 3073 3232 3127 hominis
3263 3073 3404 3128 enim
3453 3076 3742 3139 Sttsceptio',
3785 3083 3870 3128 est

2297 3163 2528 3221 Verbum
2570 3180 2693 3220 caro
2741 3165 2966 3220 factum.”
3003 3164 3335 3236 Quapropter
3375 3151 3598 3231 gloriam
3631 3179 3776 3242 suam
3813 3174 3870 3217 et

2298 3257 2674 3312 exaltationem
2693 3257 2878 3326 CrlpiliS
2901 3257 2980 3309 sui
3003 3271 3124 3309 caro
3143 3255 3290 3320 dicit,
3328 3269 3483 3332 quam
3512 3257 3740 3322 suscepit
3761 3269 3872 3308 om-

2298 3350 2542 3418 nipotens
2580 3347 2825 3410 Verbum,
2869 3357 2926 3401 ut
2973 3346 3156 3401 divina
3199 3347 3534 3414 humanaque
3567 3337 3872 3398 substantia

2297 3457 2398 3494 una
2424 3425 2562 3496 esset
2585 3441 2698 3494 sine
2726 3441 2900 3509 aliqua
2943 3439 3250 3494 confusione
3291 3451 3538 3505 persona.
3571 3437 3681 3490 iloc
3707 3435 3872 3490 etiam

2297 3533 2360 3586 ad
2391 3529 2716 3601 ‘l’elagianos
2765 3531 2993 3600 pertinet
3022 3529 3396 3593 destruendos,
3431 3529 3517 3597 qui
3549 3535 3732 3596 putant
3775 3526 3878 3582 ho-

2295 3625 2493 3678 minem
2525 3623 2723 3691 aliquid
2755 3635 2850 3691 per
2880 3635 2937 3676 se
2966 3621 3180 3676 efﬁcere
3206 3635 3361 3689 posse
3384 3619 3521 3688 quod
3545 3619 3740 3672 bonum
3764 3629 3876 3673 est.

2271 3715 2427 3770 Nam
2460 3715 2597 3784 quis.
2631 3729 2779 3781 rogo,
2813 3712 2914 3768 sibi
2945 3712 3009 3765 ad
3049 3713 3185 3766 bene
3235 3703 3495 3780 agendum
3528 3711 3642 3764 sine
3672 3701 3874 3764 divinae

2298 3803 2483 3874 gratia:
2535 3803 2777 3871 largitate
2818 3801 3068 3866 sulliciat,
3107 3814 3226 3853 cum
3269 3800 3498 3853 humana
3538 3809 3724 3852 natura
3774 3813 3880 3867 per

2296 3893 2538 3962 gratiam,
2587 3901 2688 3960 qua
2719 3892 2860 3945 unita
2891 3878 2972 3946 est
3003 3889 3130 3954 Deo,
3163 3889 3226 3943 ad
3261 3889 3428 3942 Patris
3475 3889 3544 3942 sit
3587 3889 3875 3943 desieram

2293 3983 2594 4038 collocata?
2635 3981 2802 4048 'Quod
2847 3981 3036 4035 beatus
3089 3981 3415 4049 Augustinus
3447 3979 3500 4032 in
3555 3979 3880 4033 Enehiridio

2269 4091 2444 4132 ‘more
2474 4091 2570 4131 suo
2591 4077 2748 4130 latius
2765 4087 2816 4130 et
2837 4063 3040 4130 utiliter
3059 4073 3342 4144 evplicavit
3361 4071 3510 4144 (Cap.
3538 4071 3606 4128 55
3638 4088 3685 4126 et
3713 4075 3882 4142 srq.).

2297 4167 2512 4221 Factum
2542 4177 2624 4220 est
2653 4179 2827 4220 autem
2877 4166 2961 4220 hic
3009 4165 3423 4234 pulcherrimum
3453 4164 3694 4224 schema,
3730 4167 3884 4234 (ι-νθά

2297 4255 2479 4311 Gra‘ce
2512 4257 2704 4310 dicitur
2730 4247 2963 4320 attxesis,
2981 4271 3097 4324 qua:
3119 4255 3360 4308 addendo
3381 4255 3621 4318 quaedam
3657 4256 3888 4309 nomina

2296 4363 2391 4415 per
2438 4347 2674 4400 membra
2707 4345 2911 4415 singula
2953 4360 3130 4398 rerum
3177 4351 3455 4412 augmenta
3508 4341 3884 4414 c'ongcm’nat.

2225 4445 2268 4504 ο
2297 4437 2435 4490 Dicit
2476 4437 2617 4491 enim
2651 4458 2664 4491 :
2697 4435 2776 4490 Tu
2805 4445 2992 4499 autent,
3045 4433 3284 4499 Domine,
3316 4447 3574 4506 επακ-θρῖον
3604 4453 3654 4487 ut
3681 4453 3757 4488 us
3809 4455 3893 4502 es,

2294 4529 2458 4597 gloria
2485 4545 2615 4592 mea,
2643 4538 2689 4582 et
2721 4529 2954 4582 eaatltans
2993 4537 3144 4598 caput
3168 4543 3351 4579 meum.
3385 4527 3494 4581 Hoc
3522 4527 3686 4580 etiam
3719 4527 3896 4580 lati-ts

2293 4619 2537 4690 designat
2564 4619 2856 4688 Apustolus
2883 4618 3066 4672 dicens
3100 4635 3111 4670 :
3143 4618 3272 4684 Quis
3295 4635 3386 4670 nos
3419 4618 3672 4688 separabit
3699 4635 3730 4669 α
3759 4619 3900 4670 cha-

2291 4713 2439 4764 ritate
2467 4709 2693 4764 Christi?
2733 4709 3018 4772 tribulatio,
3059 4726 3126 4760 an
3179 4697 3536 4778 angustia,“
3567 4709 3896 4775 persecutio,

2291 4819 2358 4854 att
2385 4801 2565 4872 futues,
2587 4803 2902 4864 att-auditas,
2923 4818 2988 4854 an
3020 4801 3326 4866 periculum,
3356 4817 3422 4852 an
3455 4801 3664 4868 gladius
3693 4801 3900 4870 (Rom.

2294 4907 2407 4958 vm,
2441 4891 2575 4960 55)?
2604 4900 2709 4946 etc.
2745 4891 2880 4946 liuic
2904 4891 3074 4945 vicina
3101 4899 3181 4943 est
3212 4889 3372 4957 figura
3403 4890 3758 4958 qum-dicitur
3789 4894 3906 4944 cti-

2293 4999 2437 5046 max,
2467 4983 2652 5038 Latine
2681 4983 2943 5050 gradatio,
2968 4979 3180 5050 quando
3205 4980 3394 5046 positis
3409 4981 3736 5050 quibusdam
3763 4997 3906 5051 gra—

2292 5073 2469 5138 dibus,
2509 5075 2622 5128 sive
2667 5073 2718 5128 in
2759 5073 2936 5138 laude,
2968 5073 3080 5126 sive
3121 5073 3172 5125 in
3213 5072 3599 5147 vituperatione
3653 5087 3908 5138 semper

2291 5166 2570 5218 accrescit.
2607 5163 2710 5218 Sed
2743 5164 2883 5218 inter
2925 5173 3146 5231 utraque
3173 5162 3442 5217 schemata
3475 5162 3575 5220 hoc
3619 5164 3907 5226 interest,

2291 5254 2433 5322 quod
2481 5254 2694 5310 auxesis
2738 5255 2854 5309 sine
2893 5254 3004 5308 ulla
3051 5254 3330 5308 iteratione
3375 5255 3626 5318 nominis,
3689 5269 3908 5318 rerum

2296 5355 2542 5412 procurat
2594 5355 2899 5415 augmenta,
2945 5346 2996 5399 in
3024 5346 3248 5400 climace
3281 5361 3409 5402 vero
3443 5359 3670 5401 necesse
3703 5357 3802 5400 est.
3839 5360 3912 5401 ut

2296 5445 2620 5503 postremum
2648 5435 2891 5501 verbum,
2917 5435 3060 5505 quod
3091 5444 3174 5490 est
3200 5436 3251 5490 in
3285 5437 3454 5504 primo
3481 5445 3768 5489 commate
3795 5451 3914 5504 po-

2298 5525 2479 5596 situm,
2515 5527 2566 5580 in
2594 5528 2834 5597 sequenti
2865 5527 3105 5583 membro
3135 5528 3306 5584 modis
3326 5526 3568 5584 omnibus
3587 5523 3853 5582 iteretur
3877 5570 3894 5594 ,

2285 5673 2387 5718 εις.
