4008 6182
252 324 309 380 ιε
1199 308 1555 367 EXPOSLTIO
1595 308 1658 364 IN
1696 307 1820 364 PSA

1933 306 2153 362 ERlliM.
2197 307 2380 362 PS.\L.
2402 306 2515 363 sill.
3419 303 3489 357 ιϋ

249 436 371 487 sicut
407 438 487 484 est
522 426 647 483 illud
680 424 919 494 Apostoli
955 445 964 476 :

250 522 527 592 patientiam
574 525 834 587 aperatnr,
880 514 1137 580 patientia.
1164 513 1532 579 probationem,
1582 512 1811 579 probatio

252 629 390 681 spem.
420 626 534 677 spes
563 624 679 661 vero
706 623 805 658 non
836 604 1102 668 confundit
1132 603 1311 676 (Rom.
1344 619 1394 667 τ’,
1425 603 1479 667 4,
1506 600 1585 670 5).

312 705 456 757 Vers.
489 702 542 755 3.
577 698 711 754 Voce
749 716 859 751 mea
903 698 969 749 ad
1003 696 1279 751 Dominum
1309 697 1544 759 clamavi,
1582 704 1626 750 et
1650 711 1810 749 eran-

250 795 356 845 dicit
384 810 462 844 me
488 793 553 844 de
578 798 746 842 monte
762 797 933 842 sancto
959 804 1070 841 suo.
1099 789 1230 841 Cum
1258 788 1409 855 dixit,
1438 804 1568 850 mea,
1601 787 1816 843 demou-

250 894 367 938 strat
400 881 659 935 orationis
689 882 913 948 propriae
942 880 1331 933 sanctissimam
1366 883 1675 946 puritatem.
1700 879 1812 933 Non

246 976 377 1027 enim
409 974 556 1025 illius
594 970 950 1039 integritatem
994 969 1167 1036 aliqua
1196 970 1368 1037 imago
1403 969 1695 1037 phantasia:
1725 984 1817 1037 po-

248 1073 372 1117 terat
399 1063 679 1129 impedire,
706 1072 761 1114 ut
789 1058 997 1113 caeteris
1028 1059 1339 1113 mortalibus
1370 1058 1678 1123 infirmitate
1705 1072 1818 1112 car-

249 1154 325 1205 nis
356 1155 664 1219 plerumque
708 1150 1022 1219 subripitur.
1075 1149 1224 1214 Quod
1265 1158 1443 1209 autem
1490 1149 1651 1205 dicit:
1690 1148 1821 1204 Voce

246 1261 346 1295 mea
371 1244 439 1294 ad
466 1241 740 1294 Dominum
768 1241 1003 1305 clamavi,
1058 1241 1158 1295 hoc
1195 1241 1497 1307 evangelica
1529 1242 1695 1298 verba
1727 1242 1821 1295 de-

244 1334 564 1397 clarant,ubi
592 1336 666 1385 ait
693 1331 859 1387 Filius
883 1349 896 1383 :
928 1329 1107 1395 Pater,
1135 1330 1367 1400 glori/ica
1398 1328 1597 1383 [ﬁlium
1621 1342 1761 1383 tuum
1791 1339 1819 1369 ι

256 1423 429 1491 (Joan.
464 1438 591 1486 xvu,
624 1425 705 1492 ι),
762 1434 867 1475 etc.
936 1421 1066 1475 Nam
1098 1420 1241 1492 quod
1271 1420 1425 1482 dixit.
1458 1437 1588 1484 mea,
1626 1422 1823 1477 indicat

250 1520 381 1586 quod
414 1517 527 1580 ipse
556 1516 761 1569 locutus
790 1524 871 1569 est
894 1515 1057 1569 etiam
1084 1529 1181 1581 per
1205 1513 1512 1583 protihetas.
1538 1514 1669 1568 Illud
1697 1530 1821 1573 vero

253 1607 390 1673 quod
430 1606 691 1674 sequitur,
727 1616 772 1658 et
804 1606 1062 1658 exaudivit
1091 1621 1172 1657 me
1206 1606 1269 1657 de
1295 1614 1465 1661 monte
1501 1614 1677 1661 sancto
1706 1622 1821 1671 suo,

249 1709 302 1753 et
327 1702 423 1752 hoc
449 1697 717 1768 Evangelii
748 1707 924 1752 textus
953 1700 1193 1765 exponit,
1224 1696 1312 1749 ubi
1341 1711 1437 1750 vox
1462 1698 1526 1751 ad
1540 1712 1661 1759 eum
1688 1697 1823 1753 facta

999 422 1224 477 Scimus
1271 422 1509 494 quoniam
1550 418 1810 473 tribulatio
1841 421 1886 476 Α
1917 417 2161 470 mendam
2193 433 2403 471 causam
2435 432 2528 482 per
2557 418 2906 487 tropologiam
2938 434 3004 472 cx
3046 426 3227 477 nostra
3266 432 3497 485 consue‘

1919 506 2099 561 tudine
2129 507 2324 575 aliquid
2352 508 2419 561 de
2460 508 2806 561 DeO'dicere.
2838 508 3047 576 Troilus
3074 517 3251 564 autem
3292 520 3377 564 est
3413 508 3493 568 dl-

1915 598 2023 655 t-tio
2046 597 2113 650 ab
2139 612 2203 650 eo
2233 597 2349 651 loco
2376 599 2429 649 in
2473 612 2578 665 quo
2609 598 2819 664 propria
2862 607 2974 664 est,
3007 600 3260 655 translata
3290 600 3342 654 in
3370 616 3490 659 eum

1916 687 2091 748 locum
2132 686 2186 740 in
2215 702 2317 756 quo
2348 689 2561 757 propria
2592 703 2696 741 non
2726 697 2827 743 e~t.
2861 688 3074 746 Salvum
3113 706 3192 743 me
3219 691 3323 762 fac,
3356 692 3496 747 Deut

1918 793 2079 833 meus.
2114 778 2222 831 Hoc
2250 779 2316 831 de
2357 778 2752 837 resurrectione
2797 779 3021 843 dicitur;
3063 795 3169 835 non
3211 782 3352 836 enim
3397 782 3491 845 de-

1918 870 2116 925 clinare
2147 871 2268 924 vita:
2299 870 2453 940 hujus
2487 873 2787 939 patiebatur
2826 887 3072 927 occasum
3094 914 3108 937 ,
3139 874 3227 942 qui
3254 884 3369 931 erat
3397 875 3495 931 bu-

1920 979 2080 1019 mano
2127 966 2305 1033 generi
2362 964 2691 1035 profuturus.
2744 967 3077 1025 Adversantyes
3129 974 3337 1033 autem,
3389 984 3493 1035 non

1918 1055 2091 1115 solum
2121 1056 2185 1109 ad
2230 1067 2453 1110 mortem
2486 1056 2743 1125 pertinet,
2775 1056 2869 1111 sed
2912 1058 3070 1111 etiam
3112 1056 3176 1111 ad
3218 1056 3497 1113 hazreticae

1921 1148 2264 1215 quaestiones,
2293 1148 2381 1216 qui
2412 1149 2526 1201 sine
2554 1146 2793 1201 veritatis
2820 1147 2995 1201 studio
3025 1146 3314 1202 (atholicas
3342 1161 3498 1216 regn-

1923 1240 1999 1291 las
2029 1240 2203 1307 pravis
2231 1239 2562 1308 dogmatibus
2608 1245 2977 1309 insequuntur.
3009 1239 3091 1294 Et
3132 1240 3321 1296 merito
3365 1242 3496 1295 tales

1922 1332 2165 1383 cmcitate
2211 1330 2402 1384 mentis
2432 1331 2817 1399 percutiuntur,
2859 1331 2946 1402 qui
2979 1347 3038 1387 se
3070 1331 3336 1401 perversis
3362 1330 3500 1399 desi-

1924 1421 2088 1475 deriis
2115 1422 2462 1477 miscuerunt.

1999 1511 2181 1568 Dentes
2207 1524 2526 1584 peccatorum
2568 1514 2866 1568 contrivisti.
2909 1513 2963 1568 ld
2995 1524 3075 1571 est
3104 1512 3495 1577 detrahentium

1925 1604 2083 1659 verba
2127 1604 2426 1670 mordacia,
2458 1606 2543 1675 qui
2596 1605 2842 1672 potestati
2890 1604 3079 1659 divina:
3128 1605 3371 1661 nefandis
3401 1606 3497 1663 d0-

1924 1695 2189 1765 gniatibus
2216 1696 2591 1764 obloqnuntur.
2644 1696 2837 1750 Dentes
2866 1688 3005 1750 enim
3034 1694 3159 1754 dicti
3190 1709 3311 1749 sunt
3339 1711 3367 1750 a
3409 1696 3502 1756 de:

245 1799 356 1843 est:
385 1786 766 1854 Etclariﬁcavi,
785 1795 832 1840 et
863 1788 1039 1840 iterum
1062 1786 1355 1857 clariﬁcabo
1379 1786 1562 1851 (Joan.
1583 1803 1676 1852 xu,
1705 1788 1819 1857 29).
1854 1785 1900 1843 Β
1927 1787 2121 1843 mendo
2144 1785 2194 1841 ι’.
2227 1787 2291 1841 Ει
2320 1786 2438 1841 ideo
2462 1786 2680 1856 pulchre
2706 1787 2860 1842 nimis
2889 1786 3080 1856 lingua:
3108 1786 3500 1845 detrahentium

247 1880 347 1935 Per
399 1889 634 1934 montem
680 1878 941 1947 siquidem
973 1891 1027 1932 et
1076 1880 1189 1947 ipse
1238 1878 1516 1943 Dominus,
1551 1891 1603 1933 et
1651 1882 1827 1945 sancti

258 1978 394 2041 eius,
438 1981 493 2027 et
524 1973 762 2027 Ecclesia
803 1973 1026 2027 diversis
1056 1974 1268 2041 quidem
1298 1973 1429 2026 locis
1457 1974 1729 2043 aptissime
1757 1975 1827 2029 si-

257 2065 600 2135 gnificantur.
635 2064 732 2118 Hic
772 2074 951 2118 tamen
991 2064 1191 2119 dictum
1236 2065 1631 2133 intelligendum
1663 2066 1831 2119 estde

248 2170 437 2221 monte,
479 2157 530 2210 id
578 2169 661 2211 est
697 2157 764 2210 de
790 2156 1077 2214 divinitatis
1120 2158 1563 2214 excellentissima
1604 2158 1829 2214 summi-

246 2256 382 2309 tate;
429 2248 569 2300 sicut
608 2257 661 2301 et
702 2246 839 2301 alius
869 2247 1102 2315 psalmus
1140 2247 1267 2301 dicit
1299 2265 1311 2300 ε
1349 2247 1561 2301 Justitia
1591 2258 1675 2302 tua
1699 2247 1829 2300 sicut

245 2349 441 2391 utentes
474 2338 768 2403 Dei(Psal.
809 2354 971 2403 xxxv,
1004 2338 1079 2407 7).
1117 2337 1350 2408 [Equum
1390 2339 1529 2393 enim
1573 2339 1745 2392 fuerat
1774 2347 1829 2393 ut

246 2440 434 2485 natura
463 2429 804 2482 humanitatis
832 2438 1139 2497 assumptio,
1169 2430 1317 2499 quini
1343 2449 1351 2479 ι
1382 2431 1537 2484 terris
1556 2432 1831 2499 singulare

248 2522 519 2590 patientia:
549 2523 867 2575 monstravit
898 2522 1223 2589 exemplum,
1277 2524 1327 2576 in
1377 2524 1528 2578 cmlis
1558 2525 1830 2593 acciperet

243 2624 615 2669 creaturarum
642 2615 880 2668 omnium
913 2613 1285 2684 principatum.

316 2710 477 2765 V'ers.
503 2711 560 2767 ιι.
591 2710 705 2785 Ego
730 2713 947 2769 dormivi
968 2724 1014 2767 et
1034 2725 1298 2784 saporatm
1321 2732 1453 2783 sum,
1477 2726 1522 2770 et
1543 2717 1828 2784 exsurrexi,

244 2804 370 2870 quia
390 2802 644 2857 Dominus
664 2807 884 2872 suscepit
907 2822 1005 2859 me.
1022 2806 1177 2860 Venit
1198 2809 1263 2863 ad
1287 2808 1573 2863 secundam
1602 2818 1828 2878 partem,

252 2896 310 2951 in
346 2910 452 2964 qua
498 2896 853 2951 dubitantium
884 2898 1044 2953 corda
1082 2900 1421 2964 roborantur,
1463 2909 1520 2954 ut
1553 2903 1834 2960 crederent

250 3001 371 3041 eum
402 2986 691 3041 confestim
715 2997 1162 3059 resurrecturum,
1184 3004 1343 3058 quem
1371 2989 1531 3044 visuri
1556 2999 1707 3047 erant
1735 2991 1833 3047 im-

248 3078 464 3146 piorum
501 3078 747 3135 manibus
773 3079 1104 3134 crucifixum.
1130 3080 1380 3146 Dormivi,
1409 3081 1566 3143 dixit.
1590 3083 1711 3152 quia
1743 3098 1832 3137 ce-

1932 1878 2119 1933 dentes
2167 1888 2454 1944 vocantur;
2487 1879 2606 1948 quia
2637 1879 2773 1934 sicut
2800 1878 2875 1933 illi
2904 1879 3143 1933 ciborum
3187 1888 3368 1949 partes
3408 1879 3502 1936 de-

1931 1983 2111 2038 munt,
2137 1974 2209 2027 ita
2238 1984 2291 2028 et
2316 1974 2402 2028 isti
2431 1974 2711 2041 opiniones
2751 1973 3022 2028 hominum
3063 1973 3295 2028 adhibita
3324 1974 3500 2033 detra:

1928 2064 2107 2121 ctione
2134 2064 2442 2119 corrodunt.
2476 2064 2728 2131 Quamvis
2757 2064 2858 2134 hoc
2896 2071 2952 2117 et
2991 2063 3055 2117 ad
3096 2063 3309 2121 JUdiCOS
3337 2065 3505 2133 possit

1930 2155 2131 2224 aptari,
2162 2156 2249 2224 qui
2280 2156 2560 2210 dicebant:
2595 2155 2655 2210 Si
2695 2171 2782 2209 rex
2812 2153 2977 2209 Israel
3006 2164 3109 2223 est,
3143 2154 3411 2225 descendat
3440 2157 3504 2222 de

1932 2260 2102 2310 cruce,
2132 2254 2177 2299 et
2216 2244 2468 2298 credimus
2507 2245 2553 2297 ei
2585 2243 2797 2315 (Matth.
2824 2260 3000 2311 xxvii,
3030 2243 3146 2314 42).
3182 2242 3504 2323 Contrivisti,

1934 2334 2034 2387 hoc
2070 2335 2242 2387 estad
2276 2334 2494 2387 nihilum
2527 2334 2840 2403 perduxisti.
2884 2334 3012 2388 Nam
3053 2350 3236 2389 revera
3283 2336 3500 2397 contriti

1931 2436 2087 2492 sunt,
2121 2427 2331 2495 quando
2362 2427 2532 2496 ipsum
2578 2437 2940 2497 cognoverunt
2970 2429 3022 2483 in
3066 2426 3285 2497 glori'tm
3325 2444 3503 2487 resur-

1932 2517 2161 2582 rexisse,
2195 2530 2353 2587 quem
2385 2516 2481 2570 nisi
2528 2524 2684 2581 sunt,
2733 2515 3058 2571 humanitate
3084 2514 3365 2587 despecta,
3399 2525 3505 2587 trag

1932 2605 2131 2659 citlare.

2003 2696 2156 2753 Vers.
2186 2698 2238 2750 7.
2272 2694 2481 2751 Domini
2515 2708 2589 2751 est
2624 2697 2785 2763 salus,
2818 2709 2866 2754 et
2904 2714 3059 2765 super
3088 2700 3335 2770 pupulum
3364 2709 3509 2766 tuum

1932 2784 2210 2840 benedictio
2238 2796 2345 2839 tua.
2386 2786 2579 2845 Contra
2618 2789 2736 2842 illos
2767 2790 2879 2843 lucc
2907 2792 3170 2847 sententia
3215 2791 3503 2865 profertur,

1932 2890 2157 2946 quorum
2185 2875 2371 2930 dentes
2416 2876 2661 2943 superius
2702 2878 2836 2933 dixit
2877 2894 2997 2934 esse
3039 2880 3317 2936 contritos.
3368 2882 3501 2937 Pro-

1933 2967 2225 3021 nuntiando
2266 2969 2440 3033 enim,
2492 2967 2697 3021 Domini
2737 2978 2809 3022 est
2856 2970 3020 3035 salus,
3068 2970 3189 3026 illos
3229 2972 3506 3038 confundit

1934 3058 2021 3126 qui
2071 3065 2417 3125 putaverunt,
2450 3059 2670 3112 salutem
2713 3056 2950 3130 Christo,
2985 3071 3235 3131 tanquam
3285 3048 3502 3125 terreno

251 3166 438 3219 leriter
467 3169 801 3233 resurrexit;
834 3170 973 3237 quod
1006 3171 1063 3223 lit
1104 3172 1156 3223 in
1182 3184 1372 3225 somno
1402 3173 1504 3225 isto
1542 3151 1707 3235 vitali,
1737 3174 1827 3228 ubi

1934 3152 2161 3215 homini,
2184 3151 2570 3219 eontemptibili
2595 3153 3007 3223 prt‘esumptione
3029 3154 3339 3223 decerpere.
3365 3153 3503 3227 Quid

250 3272 359 3309 non
395 3256 517 3309 vitae
542 3259 823 3323 terminus,
851 3260 947 3314 sed
976 3261 1283 3330 temporalis
1306 3263 1519 3331 requies
1543 3263 1826 3319 invenitur.

254 3348 549 3415 Separatus
570 3368 705 3415 sum,
734 3366 980 3405 securam
1010 3352 1271 3422 signiﬁcat
1296 3356 1690 3427 pensationem;
1724 3370 1828 3408 non

248 3443 393 3494 sicut
425 3442 566 3510 impii
614 3443 705 3511 qui
735 3443 789 3496 in
834 3453 1004 3497 morte
1033 3445 1366 3515 quatiuntur,
1412 3460 1544 3512 quos
1574 3445 1832 3513 inquietat

246 3530 452 3599 iugiter
498 3532 827 3587 conscientia
877 3545 1214 3603 peccatorum
1248 3551 1261 3588 :
1293 3536 1385 3590 sed
1429 3537 1701 3604 soporatio
1732 3538 1828 3601 ista

254 3624 348 3676 fuit
378 3625 517 3677 sacri
545 3627 784 3694 Corporis
812 3626 963 3680 beata
1003 3627 1276 3683 dormitio.
1308 3627 1596 3699 Exsurgere
1624 3638 1827 3697 autem,

258 3724 341 3766 est
371 3730 496 3767 cum
516 3715 791 3771 alacritate
814 3719 1337 3789 resurgere;quippe
1364 3720 1485 3787 quia
1514 3733 1663 3783 caro,
1690 3736 1827 3785 mor:

256 3805 461 3859 talitate
486 3805 744 3874 deposita,
778 3807 1223 3862 immbrtalitatem
1249 3808 1493 3877 sumpsit,
1527 3818 1579 3861 ct
1608 3810 1829 3877 gloriam

256 3896 660 3961 sempiternam.
695 3898 798 3952 Sel
827 3914 993 3965 quare
1033 3901 1395 3963 exsurrexi'rit,
1429 3900 1701 3953 evidenter
1736 3899 1829 3953 ci-

261 3988 437 4050 ponit,
487 3989 738 4051 Quoniam
788 3989 1038 4044 Dominus
1062 3993 1281 4059 suscepit
1326 4009 1421 4045 me.
1467 3994 1657 4047 batura
1688 3993 1828 4049 enim

259 4075 606 4132 humanitatis
634 4095 729 4147 per
752 4094 808 4133 se
834 4096 939 4134 non
973 4081 1232 4148 potuisset
1274 4084 1483 4149 propria
1524 4083 1721 4137 virtute
1748 4097 1831 4134 re-

256 4180 499 4234 surgere,
536 4170 633 4222 nisi
677 4184 794 4223 eam
845 4165 1026 4224 divina
1069 4172 1452 4237 omnipotentia
1483 4171 1826 4240 suscepisset,

255 4258 397 4311 sicut
439 4258 549 4328 ipse
584 4260 715 4315 dicit
756 4277 771 4312 :
798 4259 1109 4315 Potestatem
1139 4262 1295 4319 habeo
1323 4265 1423 4332 21
1472 4265 1687 4331 ponendi
1716 4263 1825 4317 ani-

254 4364 395 4400 m
425 4364 605 4416 meum,
642 4360 689 4403 et
720 4359 1013 4419 potestatein
1041 4352 1201 4407 habeo
1235 4353 1419 4406 iterum
1446 4352 1678 4406 sumendi
1712 4368 1828 4408 eam

257 4437 442 4505 (locu.
473 4456 527 4503 ι.
562 4442 671 4510 18).

1934 3241 2179 3308 inaniter,
2195 3241 2362 3311 impii,
2384 3241 2634 3296 laboratis
2648 3242 2670 3293 ?
2684 3242 2959 3310 Quomodo
2990 3252 3161 3313 potest
3189 3255 3278 3300 aut
3304 3255 3505 3313 attenta

1931 3333 2035 3385 vll‘l
2080 3332 2338 3395 interimi,
2379 3340 2472 3386 aut
2511 3333 2777 3387 Salvatori
2819 3334 2961 3387 salus
3004 3335 3267 3391 ullatenus
3313 3350 3503 3404 ampu7

1933 3422 2065 3475 tari?
2095 3420 2263 3491 Super
2287 3422 2530 3490 populum
2568 3430 2708 3475 tuum
2749 3421 3029 3477 benedictio
3071 3434 3180 3478 tua.
3216 3424 3330 3480 Una
3375 3439 3505 3493 δεη-

1934 3515 2130 3577 tentia,
2175 3522 2230 3567 et
2266 3513 2389 3583 quid
2437 3514 2667 3569 debeant
2712 3514 2964 3582 credere,
3013 3516 3319 3577 hominibus
3356 3533 3505 3588 pra»

1931 3603 2094 3670 cipit,
2142 3612 2195 3658 et
2244 3603 2370 3672 quid
2418 3602 2491 3669 ab,
2535 3603 2653 3672 ipso
2712 3605 2919 3673 possint
2962 3606 3206 3675 recipere
3253 3621 3511 3678 compto.-

1934 3695 2097 3747 misit.

2461 3788 2735 3845 Conclusio
2776 3790 2980 3860 psalmi.

2005 3897 2187 3951 Brevis
2214 3896 2426 3966 quidem
2460 3898 2715 3966 psalmus,
2742 3901 2835 3956 sed
2867 3899 3150 3956 maximam
3180 3904 3501 3974 paganorum

1931 3986 2211 4041 destruens
2249 3989 2597 4056 pravitatem,
2639 4004 2758 4059 qua:
2802 3998 2951 4057 putat
2995 3990 3216 4059 gloriam
3256 4005 3503 4059 superna:

1932 4079 2248 4145 maiestatis,
2284 4079 2349 4133 ad
2380 4078 2729 4134 humilitatem
2768 4096 2874 4133 non
2904 4079 3139 4148 potuisse
3176 4079 3506 4145 descendere

1934 4170 2213 4238 passionis.
2247 4170 2585 4238 lnsipicotes,
2614 4184 2840 4239 quorum
2890 4183 3080 4225 sensus
3120 4170 3246 4225 inde
3274 4169 3504 4229 confun-

1930 4259 2093 4330 ditur,
2145 4261 2283 4317 unde
2333 4260 2561 4315 mundus
2607 4261 2851 4319 n08citur
2894 4274 3014 4315 esse
3056 4260 3337 4325 liberatus,
3369 4260 3505 4319 sicut

1929 4354 2058 4409 dicit
2082 4355 2367 4423 Apostolus
2394 4370 2406 4406 :
2432 4351 2661 4408 Christus
2687 4351 2837 4408 Iesus
2863 4354 2993 4408 venit
3019 4355 3072 4410 in
3101 4354 3233 4409 hunc
3265 4355 3507 4408 mundum

1931 4457 2220 4517 peccatores
2264 4445 2429 4500 salvos
2474 4446 2661 4517 facere,
2692 4461 2908 4516 quorum
2940 4446 3134 4516 primus
3174 4461 3265 4517 ego
3306 4462 3425 4500 sum
3458 4445 3507 4518 (ι

322 4529 479 4584 Vera.
508 4532 560 4588 5.
596 4532 717 4587 Non
747 4534 925 4587 timebo
955 4534 1117 4588 millia
1140 4535 1317 4605 pepuli
1342 4535 1704 4591 circumdanda
1734 4544 1829 4591 me.
1858 4516 1910 4576 θ
1942 4536 2071 4590 Tim.
2098 4553 2147 4601 ι,
2179 4538 2292 4607 15).
2322 4516 2481 4591 Nunc
2500 4538 2904 4593 consideremus
2932 4538 3379 4607 quemadmodum
3410 4516 3515 4602 cm-

254 4620 475 4678 Tuuere
520 4640 625 4680 non
675 4626 847 4695 potuit
885 4627 1124 4696 iniquum
1182 4631 1461 4698 populum.
1503 4630 1589 4684 cui
1619 4639 1737 4685 erat
1777 4630 1830 4684 in

248 4727 343 4767 sua
398 4714 675 4771 divinitate
728 4719 1068 4785 praesidium;
1116 4722 1377 4788 scriptum
1432 4727 1517 4773 est
1577 4722 1720 4774 enim
1777 4725 1829 4775 in

250 4804 568 4874 Evangelia,
591 4808 716 4877 quia
746 4808 800 4864 in
829 4811 1076 4877 passione
1107 4824 1296 4879 magna
1324 4825 1444 4865 eum
1478 4813 1653 4879 populi
1687 4815 1830 4868 mul-

242 4898 429 4951 titodo
470 4899 841 4955 circumdedit.
892 4900 1023 4955 Nam
1065 4900 1207 4971 quod
1251 4901 1425 4959 dicit:
1460 4900 1583 4956 Non
1626 4903 1829 4969 timebo,

234 5004 357 5043 non
392 4972 656 5059 signiﬁcat
678 5006 737 5045 se
766 5007 871 5046 non
912 5004 1036 5046 esse
1080 4994 1393 5049 moriturum
1413 5033 1428 5058 ,
1458 4991 1557 5049 sed
1603 5004 1833 5058 mortem

231 5081 547 5135 formidare
571 5097 671 5135 non
704 5093 938 5151 poterat,
968 5098 1129 5155 quam
1173 5084 1469 5149 triduanum
1492 5125 1507 5149 ,
1535 5098 1591 5143 et
1634 5086 1833 5143 mundo

226 5171 587 5241 profuturam
616 5188 737 5230 esse
768 5175 1103 5243 praescieb'tt.

310 5264 480 5318 Vere.
509 5264 563 5318 6.
599 5262 851 5335 Exsurge,
896 5265 1141 5330 Domine;
1179 5266 1377 5320 salvum
1421 5284 1497 5321 me
1543 5271 1646 5338 fac,
1696 5268 1834 5331 Deus

1942 4628 2091 4684 lestis
2120 4628 2473 4699 philosophiae
2501 4644 2656 4683 verus
2695 4628 2829 4684 ordo
2870 4629 3111 4700 prolatus
3151 4641 3261 4696 est,
3308 4640 3364 4685 ut
3397 4631 3513 4701 pri-

1938 4739 2059 4780 mus
2104 4724 2345 4793 psalmus
2394 4724 2595 4779 Christi
2644 4723 2853 4781 Domini
2906 4724 3193 4789 moralem,
3243 4725 3510 4781 secundus

1939 4815 2234 4869 naturalem
2255 4859 2269 4882 ,
2310 4814 2361 4869 id
2391 4822 2475 4876 est
2503 4815 2854 4870 substantiam
2894 4815 3236 4873 immanitatis
3265 4826 3318 4872 et
3344 4816 3512 4885 deita-

1940 4906 2039 4970 tis;
2070 4906 2259 4961 tertius
2298 4904 2366 4960 de
2405 4906 2803 4961 resurrectione
2843 4906 3009 4973 ipsius
3050 4907 3291 4985 loquens,
3335 4907 3511 4977 inspe-

1942 5001 2138 5055 ctivam
2187 4997 2583 5067 quodammodo
2621 4998 2893 5055 contineat
2938 5007 3184 5067 partem:
3217 5014 3335 5069 qum
3379 5000 3515 5055 ratio

1944 5105 2038 5161 per
2064 5103 2250 5145 omnes
2275 5089 2584 5159 Scripturas
2606 5089 2815 5145 divinas
2844 5089 3097 5145 decurrit.
3133 5090 3259 5146 lndc
3286 5100 3337 5145 et
3366 5088 3515 5157 Isaac

1944 5180 2241 5247 patriartba
2270 5189 2378 5235 tres
2407 5188 2593 5251 puteos
2636 5179 2795 5246 fodit,
2824 5180 3200 5236 demonstrans
3243 5190 3506 5250 prmeepta

1944 5270 2153 5324 Domini
2190 5269 2428 5325 doctrina
2475 5269 2668 5337 triplici
2713 5272 2997 5326 contineri.
3041 5272 3131 5329 Sic
3155 5280 3210 5328 et
3237 5270 3510 5340 Sapientia

215 5370 397 5409 ntus
416 5370 435 5407 :
460 5356 705 5425 quoniam
742 5366 796 5409 tu
830 5358 1117 5425 percussisti
1147 5372 1318 5411 omnes
1342 5356 1665 5412 adversantes
1710 5361 1835 5416 mihi

208 5451 353 5501 sine
399 5464 573 5501 cura.
605 5448 720 5502 Non
764 5450 885 5517 quia
936 5450 1073 5505 Deus
1116 5449 1389 5506 dormiens
1432 5458 1527 5505 aut
1571 5451 1834 5508 recubans

204 5543 544 5605 excitatur,
575 5544 669 5595 set
708 5541 1001 5610 Scriptoris
1044 5541 1237 5597 divinis
1278 5557 1393 5598 mos
1420 5552 1505 5599 est
1546 5544 1611 5599 ad
1658 5545 1835 5615 expri-

300 5676 333 5699 ⁸
374 5672 546 5739 Εάᾱι..
586 5671 760 5739 Pater,
786 5674 1014 5745 clari/ira
1038 5672 1249 5743 Fifiunt.

1942 5371 2125 5417 monet
2154 5360 2334 5434 (Prov.
2365 5376 2504 5426 χιιι,
2531 5361 2624 5434 20)
2656 5370 2714 5418 ut
2741 5362 3106 5419 describamus
3146 5376 3212 5419 ea
3260 5362 3413 5418 nobis
3460 5361 3512 5416 in

1937 5452 2100 5507 corde
2130 5451 2424 5520 tripliciter,
2456 5460 2512 5508 et
2551 5451 2772 5523 reliqua.
2817 5452 2960 5521 Quas
3007 5460 3186 5523 partes
3220 5451 3273 5507 in
3320 5449 3511 5513 subsc-

1939 5544 2231 5619 quentibus
2277 5543 2498 5615 psahnis
2544 5544 2701 5601 facile
2749 5547 2982 5616 poteris,
3024 5553 3118 5601 aut
3166 5544 3384 5612 mixtas,
3425 5551 3516 5601 aut

1984 5676 2196 5801 b13153
2224 5676 2386 5743 Aud.,
2417 5678 2539 5739 Bec,
2570 5689 2621 5735 et
2651 5678 2814 5745 Fiam,
2848 5677 3036 5754 Dente;
3076 5684 3207 5753 enim
3237 5683 3358 5752 dicti
3398 5694 3515 5757 ομιῃ

2102 5766 2156 5801 ειι
2201 5766 2248 5801 0.

1947 5764 2008 5814 ao
2035 5764 2248 5801 cacnao.
