4014 6188
520 293 581 341 4‘.
1727 279 1796 333 M.
1841 279 2079 336 Αωιει

2184 280 2558 340 :ASSIODORI
3707 311 3768 366 ,3

516 404 778 476 sigillatitn
814 403 1030 473 positas,
1061 401 1223 456 etiam
1257 413 1362 453 non
1390 398 1691 452 admonitus
1726 397 1893 452 lector
1924 413 2084 462 agno-
2124 400 2173 459 Α

515 513 684 553 s'cre.
730 500 770 552 A
821 497 973 551 nobis
1021 495 1162 548 enim
1219 494 1522 562 frequenter
1571 493 1669 546 ista
1724 508 1829 546 nou
1878 492 2091 562 exigas,

515 591 701 656 quibus
746 587 956 642 noviter
1004 587 1166 639 multa
1218 583 1446 638 dicenda
1491 593 1636 636 sunt.
1691 582 1857 653 Hujus
1913 593 2090 638 autem

517 681 703 748 psalmi
753 678 1013 732 calculum
1063 677 1250 730 edocet
1285 683 1466 729 sancta
1508 674 1765 741 Trinitas,
1798 689 1920 744 qua:
1971 675 2094 730 licet

514 782 756 828 naturam
799 770 991 824 habeat
1028 768 1400 836 inseparabilis
1432 766 1670 836 unitatis,
1709 768 1878 822 tribus
1911 775 2090 822 tamen

512 879 627 917 eam
654 861 992 918 manifestum
1016 869 1096 914 est
1123 869 1368 914 constare
1397 859 1659 927 personis.

832 1020 1188 1077 EXP-JSITIO
1219 1020 1282 1074 lN
1322 1019 1645 1076 PSALMUM
1684 1021 1768 1076 IV.

793 1135 859 1189 In
893 1137 1046 1204 finem
1077 1135 1302 1205 psalmus
1334 1133 1500 1187 David
1529 1136 1802 1188 canticum.

578 1271 861 1327 Subtiliter
901 1280 1295 1339 perscrutetnur
1317 1269 1438 1337 quid
1476 1270 1628 1324 nobis
1659 1270 1930 1340 sigillatim
1970 1286 2085 1328 scr-

511 1381 695 1420 tnones
742 1365 825 1418 isti
875 1364 1216 1428 denuntient,
1260 1380 1393 1433 quos
1443 1363 1652 1432 praefati
1701 1379 1884 1418 smnus
1926 1381 2082 1420 vera-

507 1458 748 1513 cissimos
795 1455 996 1509 indices
1038 1471 1158 1510 esse
1206 1455 1551 1523 psalmorum.
1600 1453 1749 1508 Finis
1781 1455 1938 1511 modo
1981 1473 2084 1511 non

507 1547 768 1616 significat
816 1546 1041 1616 alicujus
1091 1546 1164 1600 rei
1212 1547 1708 1614 consumptioncm,
1759 1547 1851 1601 sed
1908 1549 2084 1617 perfe-

507 1645 735 1695 ctionem
766 1639 1119 1708 Spiritualium
1168 1655 1367 1693 rerum.
1401 1639 1566 1704 Nam,
1595 1639 1726 1693 sicut
1775 1639 1905 1693 dicit
1944 1645 2087 1709 Apo-

508 1734 675 1787 stolus
705 1751 716 1786 :
751 1733 898 1785 Finis
931 1733 1053 1801 legis
1084 1742 1152 1785 es:
1185 1730 1414 1784 Christus
1443 1731 1510 1784 ad
1527 1732 1785 1802 jus'iliam
1818 1732 1953 1784 omni
1978 1748 2084 1785 cre-

507 1825 642 1878 denti
691 1823 877 1895 (Rom.
911 1839 961 1889 ι,
992 1822 1088 1892 4),
1133 1824 1218 1890 qui
1252 1831 1332 1875 cst
1375 1821 1612 1875 omnium
1662 1823 1922 1876 bonorutn
1965 1824 2082 1890 glo-

509 1905 646 1966 riosa
675 1911 953 1980 perfeCtio.
988 1911 1051 1964 Et
1081 1910 1201 1964 ideo
1231 1910 1369 1980 quod
1402 1911 1630 1979 positum
1661 1920 1771 1975 cst,
1805 1911 1867 1964 In
1898 1912 2082 1979 ﬁnem,

506 2005 568 2059 ad
599 2004 869 2058 Christum
903 2002 1180 2055 Dominum
1214 2013 1519 2057 commonet
1546 2017 1664 2056 esse
1705 2001 2037 2057 referendum
2070 2021 2080 2055 :

505 2100 636 2160 sive,
672 2106 724 2148 ut
768 2093 1086 2164 quibusdam
1136 2094 1337 2163 placet,
1381 2108 1477 2163 pro
1522 2093 1675 2147 nobis
1719 2093 1916 2148 dictum
1964 2110 2084 2150 esse

504 2186 830 2242 credendum
863 2194 972 2250 est,
1005 2183 1070 2237 In
1101 2185 1302 2254 quibus,
1335 2185 1626 2239 secundum
1670 2185 1914 2240 eumdem
1959 2203 2085 2254 apo-

503 2280 724 2342 stolum,
758 2278 1060 2332 sa’culorum
1094 2278 1210 2344 ﬁnis
1249 2277 1451 2332 advenit
1485 2275 1536 2347 (1
1563 2275 1681 2331 Cor.
1717 2295 1777 2342 κ,
1815 2277 1922 2346 ll).
1955 2278 2082 2333 Illud

506 2385 678 2445 tamen
705 2370 978 2426 sciendum
1011 2379 1113 2434 est,
1144 2368 1207 2422 ad
1238 2369 1522 2423 terminum
1551 2369 1740 2424 referri
1769 2385 1872 2424 non
1901 2387 2079 2441 posse,

502 2482 622 2519 cum
651 2465 824 2519 adhuc
852 2463 1028 2531 operis
1063 2461 1226 2531 ipsius
1265 2461 1417 2516 initia
1447 2476 1569 2516 esse
1601 2461 1902 2516 videantur.
1937 2462 2084 2516 Psil-

505 2573 621 2611 tnns
665 2567 748 2611 est
785 2566 996 2621 autem,
1043 2555 1185 2608 sient
1226 2552 1480 2614 diximus,
1511 2569 1768 2622 organum
1819 2553 2080 2607 musicum

502 2652 672 2720 capite
719 2664 1003 2714 sonorum,
1032 2664 1136 2718 quo
1183 2647 1360 2703 divina
1401 2649 1665 2716 praeconia
1715 2648 2078 2714 canebantur;

501 2745 763 2798 canticum
811 2753 1022 2808 autem,
1075 2740 1216 2809 quod
1277 2753 1540 2808 supernas
1595 2738 1788 2798 laudes,
1834 2739 2082 2793 humanis

505 2836 720 2890 vocibus
773 2831 1112 2902 personabat.
1158 2830 1261 2885 Sed
1318 2831 1430 2884 haec
1488 2829 1610 2884 ideo
1665 2829 1914 2883 videntur
1961 2845 2082 2884 esse

501 2928 732 2993 tpciata,
782 2923 903 2994 quia
949 2931 1003 2977 et
1058 2922 1430 2975 instrumentis
1498 2920 1753 2984 musicis,
1804 2930 1857 2974 ct
1903 2919 2082 2974 choris

503 3015 782 3086 pSaI'catiu
807 3031 869 3080 ιι,
901 3013 1181 3066 sacrificiis
1212 3011 1524 3066 caelestibus
1551 3025 1786 3065 consona
1818 3009 2080 3065 vocifera-

502 3107 642 3160 tione
671 3102 1018 3158 canebantur.
1051 3101 1138 3155 Sic
1181 3099 1297 3153 istis
1330 3099 1508 3154 verbis
1550 3099 1800 3154 omnibus
1834 3113 2076 3153 comm-:-

503 3212 707 3259 netnur,
741 3193 808 3248 de
842 3193 1064 3246 Domino
1094 3189 1304 3246 Christo
1349 3191 1613 3246 canticum
1657 3191 1796 3246 istud
1836 3205 1955 3247 esse
1996 3191 2075 3246 di-

500 3297 728 3341 t'lut'ttm.

1062 3400 1260 3456 .Dirisio
1302 3401 1502 3471 psalmi.

569 3517 668 3570 Per
697 3522 867 3568 tilum
899 3513 1162 3582 psalmum
1193 3514 1352 3567 verba
1381 3525 1508 3567 sunt
1537 3523 1736 3568 sancta:
1762 3513 1947 3568 matris
1979 3514 2074 3568 Ec-

497 3609 692 3676 clesia),
717 3622 835 3677 qua:
859 3621 963 3660 non
995 3606 1046 3659 in
1078 3605 1326 3660 cordibus
1357 3606 1553 3660 nostris
1584 3605 1915 3674 pbantastica
1949 3603 2076 3660 ima-

497 3702 763 3767 pinatio:ie
811 3697 1090 3762 formatur,
1139 3697 1280 3751 sicut
1327 3698 1536 3768 patria,
1588 3698 1671 3752 rel
1717 3698 1938 3764 civitas,
1992 3699 2073 3753 vel

497 3790 690 3860 aliquid
719 3805 901 3845 eorum
928 3789 1182 3858 simile,q
1205 3788 1286 3840 tod
1321 3803 1607 3856 personam
1641 3803 1746 3842 non
1779 3789 1936 3843 habet
1964 3791 2075 3844 esi-

495 3893 721 3938 stentem
748 3901 759 3935 :
791 3882 883 3937 sed
917 3881 1152 3935 Ecclesia
1181 3890 1269 3936 est
1313 3881 1559 3935 collectio
1594 3881 1830 3936 tidehum
1863 3891 2068 3935 sanctu-

496 3994 612 4030 rum
642 3977 912 4042 omnium,
942 3975 1114 4028 anima
1161 3984 1215 4028 et
1253 3990 1345 4030 cor
1378 3991 1538 4028 ttnum
1562 4015 1577 4040 ,
1619 3990 1814 4042 sponsa
1844 3975 2067 4043 Christi,

496 4068 788 4123 ierusaletu
840 4049 997 4122 futuri
1043 4067 1255 4130 Steculi;
1305 4065 1373 4120 de
1421 4081 1523 4134 qua
1574 4065 1700 4119 dicit
1749 4067 1800 4119 in
1851 4066 2072 4121 Cantica

496 4160 824 4213 canticorum
853 4159 1106 4211 Dominus
1127 4155 1284 4211 Jesus
1304 4176 1316 4210 :
1339 4157 1608 4210 Usculetur
1629 4173 1707 4209 me
1727 4157 1900 4211 osculo
1923 4166 1947 4194 ι
1969 4161 2072 4211 aiis

499 4254 575 4302 sui
611 4250 781 4316 (Cant.
810 4264 856 4315 ι,
887 4250 971 4315 ι);
1001 4257 1051 4300 et
1082 4247 1206 4300 alibi
1233 4266 1246 4298 :
1281 4247 1410 4313 Qum
1438 4257 1509 4300 est
1545 4248 1647 4300 ista
1691 4263 1804 4316 qua:
1843 4248 2073 4300 ascendit

495 4341 727 4394 dealbata
777 4339 949 4409 (Cant.
979 4355 1099 4401 \‘ltl,
1129 4338 1215 4407 ii);
1256 4345 1311 4392 ct
1357 4339 1526 4392 illud:
1565 4338 1680 4392 Una
1721 4349 1794 4393 est
1838 4338 2071 4392 columba

496 4451 637 4495 mea,
671 4447 772 4484 una
815 4440 884 4484 est
928 4445 1114 4496 sponsa
1160 4445 1271 4482 mea
1321 4428 1492 4498 (Cant.
1521 4444 1598 4491 γι,
1629 4431 1706 4498 8).
1737 4430 2070 4498 Quapropter

2122 1774 2160 1831 Β
2191 1779 2383 1842 riotus,
2436 1779 2573 1831 sicut
2631 1777 2685 1831 in
2735 1776 2836 1832 Job
2892 1778 3132 1847 legitur:

2751 401 3017 472 Eapoutio
3051 407 3258 476 psalmi.

2273 488 2425 544 Yers.
2465 492 2509 543 l.
2542 490 2668 545 Cum
2699 493 2978 548 invocarem
3009 507 3074 562 te,
3107 500 3360 553 exaudisti
3400 516 3496 564 me,
3533 501 3673 556 Deus
3692 504 3768 574 ju-

2198 582 2348 634 stitice
2381 599 2502 635 mra:
2535 584 2580 648 ι’,
2612 585 2664 638 in
2709 586 3036 641 tribulatione
3074 590 3302 645 dilatasti
3345 593 3490 648 ntihi.
3545 591 3776 646 Miserere

2200 678 2326 742 mei,
2363 675 2598 741 Domine,
2633 687 2678 731 et
2706 682 2893 734 exaudi
2923 683 3205 736 orationem
3243 701 3426 738 meum.
3458 687 3775 742 Considere-

2199 785 2316 822 mns
2344 768 2468 839 quid
2497 771 2564 824 sit
2597 771 2718 840 hoc,
2765 773 2904 842 quod
2942 784 3115 828 mater
3158 775 3398 831 Ecclesia
3431 779 3482 831 in
3533 795 3641 832 uno
3688 795 3773 832 ro-

2197 859 2423 928 demque
2465 875 2659 926 versu,
2704 869 2760 916 et
2803 865 3105 917 exauditam
3153 879 3212 919 se
3264 867 3437 932 dicat,
3484 877 3540 922 et
3591 871 3770 923 iteruu

2196 949 2513 1019 deprecetur
2565 953 2742 1008 audiri
2786 973 2800 1007 :
2852 954 3158 1024 significans
3209 960 3466 1027 perfecta:
3523 963 3771 1018 orationis

2195 1042 2336 1096 hunc
2364 1059 2482 1098 esse
2513 1046 2763 1114 modum,
2794 1057 2847 1100 ut
2879 1047 3003 1101 licet
3033 1049 3184 1104 nobis
3216 1051 3480 1116 postuiata
3510 1053 3770 1109 desideria

2193 1136 2577 1204 concedantur,
2609 1137 2868 1206 probabili
2895 1153 3109 1209 semper
3135 1140 3427 1194 ambitione
3453 1142 3646 1196 audiri.
3671 1143 3770 1198 Nos

2196 1235 2372 1280 tamen
2421 1227 2616 1296 jugitcr
2670 1228 3030 1297 postulemus,
3078 1231 3216 1284 sicut
3264 1231 3394 1284 dicit
3441 1233 3767 1301 Apostolus:

2195 1318 2318 1372 Sine
2351 1320 2722 1374 intermissione
2765 1331 2923 1376 orate.
2955 1321 3019 1375 In
3057 1323 3285 1376 omnibus
3317 1326 3509 1393 gratias
3549 1327 3680 1394 agite
3723 1325 3768 1395 (ι

2145 1439 2148 1441 -
2195 1408 2368 1464 Thess.
2396 1425 2448 1475 ν,
2487 1410 2571 1476 l7,
2617 1411 2734 1481 18).
2782 1410 2922 1465 Deus
2965 1421 3139 1466 autem
3185 1414 3398 1480 iustitia:
3443 1429 3592 1478 metu,
3637 1425 3770 1470 recte

2191 1503 2321 1556 dicit
2365 1502 2600 1558 Ecclesia
2623 1546 2636 1568 ,
2672 1519 2790 1572 qua:
2819 1519 2977 1558 sensu
3013 1504 3310 1557 orthodoxa
3354 1504 3631 1560 Trinitatis
3662 1509 3771 1561 uni~

2193 1603 2352 1647 tatem
2392 1602 2446 1648 et
2503 1594 2939 1663 omnipotentiam
2968 1596 3272 1649 confitetur.
3305 1596 3432 1649 Nam
3455 1606 3510 1651 et
3539 1599 3772 1652 membra

2191 1685 2305 1753 ejus
2336 1685 2605 1753 sigillatim
2634 1685 2812 1740 dicere
2843 1686 3059 1752 similia,
3093 1701 3244 1740 sacra
3290 1687 3520 1742 lectione
3560 1704 3769 1758 compe-

3183 1781 3395 1832 Attcnde
3440 1781 3768 1834 innocentiam

2189 1887 2349 1923 meam
2397 1869 2519 1942 (Job
2552 1887 2729 1936 xxvn,
2760 1873 2844 1940 5);
2878 1880 2930 1925 et
2963 1872 3156 1927 Paulus
3187 1874 3458 1942 apostolus
3490 1876 3564 1928 ait
3593 1892 3606 1929 :
3645 1875 3769 1928 fled-

2187 1963 2270 2015 det
2301 1963 2425 2016 mihi
2471 1978 2715 2016 coronam
2737 1963 2956 2033 justitia:
3001 1962 3085 2036 (ιι
3117 1964 3252 2018 Tim.
3282 1981 3355 2032 tv,
3388 1966 3480 2037 8);
3516 1967 3765 2036 propheta

2179 2056 2239 2110 in
2269 2058 2498 2126 septimo
2531 2059 2736 2128 psalmo
2773 2058 3014 2113 dicturus
3055 2069 3174 2114 est:
3212 2059 3275 2115 Si
3321 2071 3392 2113 est
3439 2061 3674 2131 iniquitas
3719 2063 3767 2116 in

2185 2151 2417 2204 matribus
2458 2152 2580 2204 meis
2621 2151 2792 2223 (Psal.
2822 2168 2927 2217 vn,
2963 2151 3038 2222 4).
3088 2152 3200 2206 Non
3235 2154 3356 2223 quia
3388 2153 3504 2208 sine
3555 2164 3767 2222 peccato

2187 2241 2358 2295 modis
2388 2241 2636 2296 omnibus
2663 2243 2908 2310 fuerunt,
2940 2243 3032 2296 sed
3059 2251 3182 2296 sunt
3210 2245 3550 2311 Operatioaes
3581 2247 3765 2314 a‘iqna:

2187 2333 2238 2388 in
2271 2336 2463 2404 quibus
2514 2335 2694 2390 fideles
2747 2336 2987 2389 homines
3031 2335 3304 2390 evidenter
3341 2346 3636 2404 appareant
3686 2338 3766 2390 in-

2188 2434 2459 2480 nocentes.
2483 2425 2752 2494 Seqnitut',
2777 2427 2827 2480 in
2858 2427 3180 2480 tribulatime
3211 2426 3437 2480 dilatasti
3470 2429 3615 2480 mihi.
3640 2427 3753 2482 Tri-

2187 2517 2385 2570 bttlutio
2431 2527 2512 2573 est
2565 2520 2704 2572 enini
2759 2533 2876 2586 qua:
2929 2517 3113 2571 dilatat
3165 2533 3376 2588 semper
3430 2520 3756 2585 Ecclesium,

2185 2610 2396 2678 quando
2427 2610 2615 2663 eodem
2653 2619 2894 2680 tempore
2924 2610 3264 2666 coofessores
3315 2611 3475 2675 fiunt,
3507 2622 3769 2681 martyres

2185 2712 2530 2768 coronantur,
2577 2711 2798 2770 (totaque
2840 2704 2987 2757 turba
3039 2703 3304 2769 iustorum
3347 2703 3762 2757 contritiottibus

2185 2807 2400 2859 semper
2429 2808 2674 2860 augetur.
2710 2794 2956 2861 Adjecit:
2997 2793 3240 2848 Miserere
3281 2795 3399 2857 mei,
3451 2793 3686 2860 Domine,
3723 2807 3768 2848 st

2185 2882 2372 2936 exaudi
2411 2884 2688 2937 orationem
2721 2900 2902 2936 meam.
2936 2885 3024 2937 Pia
3070 2893 3241 2938 mater
3273 2884 3374 2938 sibi
3404 2885 3764 2940 misercndum

2185 2990 2305 3031 esse
2336 2975 2572 3038 dicebat,
2607 2976 2649 3028 si
2684 2992 2778 3043 pro
2808 2976 2928 3029 filiis
2954 2976 3068 3045 ejus
3091 2976 3367 3030 audiretur
3395 2978 3603 3030 Oratio:
3637 2993 3767 3047 quo-

2187 3067 2326 3119 niam
2359 3065 2612 3135 quidquid
2663 3067 2916 3122 membris
2963 3067 3230 3134 tribuitur,
3268 3068 3359 3121 toti
3408 3071 3620 3138 corpori
3651 3069 3766 3122 sine

2107 3140 2151 3201 Ε
2182 3156 2515 3212 dubitatione
2549 3167 2854 3226 prmstatur.

2253 3247 2406 3304 Vers.
2437 3249 2492 3303 2.
2535 3249 2658 3302 Filii
2689 3248 2945 3302 hominum
2965 3290 2979 3314 ,
3010 3264 3266 3319 usqurquo
3310 3249 3452 3320 gravi
3481 3250 3651 3313 corde,
3696 3259 3768 3302 ut-

2178 3341 2300 3408 quid
2345 3341 2554 3412 diligitis
2581 3339 2882 3403 vanitatem,
2914 3350 2959 3393 et
2988 3342 3209 3409 qitteritis
3240 3341 3602 3394 mendacium?
3625 3339 3760 3396 Cum

2177 3417 2624 3500 superiori'versu
2658 3445 2754 3500 pro
2780 3432 2932 3486 nobis
2961 3433 3222 3496 oraverit,
3255 3431 3342 3486 hic
3366 3447 3465 3501 per
3488 3433 3761 3502 energiam

2176 3522 2469 3592 alloquitur
2514 3538 2681 3592 genus
2730 3523 3048 3587 humanum,
3079 3539 3146 3577 ne
3193 3523 3242 3576 ia
3295 3523 3518 3578 culturis
3563 3524 3762 3577 dicina-

2179 3612 2385 3667 niorutn
2416 3615 2730 3681 gravissimo
2769 3629 2954 3669 errore
2987 3623 3323 3683 permaneat;
3369 3625 3631 3684 quatenus
3664 3631 3763 3684 pro

2177 3708 2293 3777 ipso
2335 3706 2574 3761 exaudiri
2622 3707 2789 3776 possit
2837 3707 2949 3760 fusa
2998 3708 3232 3776 precatio
3255 3722 3278 3762 ,ε
3322 3707 3554 3775 alioquin
3609 3708 3762 3760 irrita

2177 3813 2274 3869 pro
2301 3816 2358 3853 se
2400 3799 2572 3852 reddit
2605 3812 2723 3853 vota
2769 3799 3179 3868 supplicantium
3201 3839 3214 3862 ,
3249 3799 3488 3865 quisptis
3521 3816 3622 3852 non
3671 3816 3759 3852 re-

2175 3889 2390 3958 liquerit
2433 3891 2701 3944 censortia
2757 3901 3118 3958 pect-atorum.
3167 3889 3448 3957 Sequitur,
3505 3906 3764 3958 usquequo

2173 3982 2318 4050 gravi
2345 3982 2529 4046 corde;
2560 3982 2750 4035 merito
2794 3996 2888 4035 eos
2938 3981 3133 4034 diutius
3170 3995 3356 4047 graves
3396 3979 3556 4034 corde
3603 3980 3766 4033 luisse

2174 4072 2344 4137 dixit,
2397 4075 2486 4140 qui
2543 4081 2662 4140 post
2716 4073 2956 4126 veritatis
3017 4071 3485 4140 pr:edicati0tiettt,
3531 4071 3764 4125 adorare

2175 4164 2340 4230 magis
2369 4165 2648 4231 elegerunt
2679 4162 2818 4217 idola
2868 4163 3143 4226 falsitatis;
3177 4163 3310 4215 sicut
3341 4172 3422 4216 est
3440 4163 3576 4214 illud
3607 4179 3765 4214 cran-

2175 4253 2406 4320 gelicum
2435 4271 2446 4304 :
2479 4253 2664 4306 Set-rus
2691 4254 2853 4307 sciens
2878 4256 3185 4306 voluntatem
3217 4254 3411 4305 domini
3442 4253 3521 4304 sui
3541 4295 3555 4318 ,
3582 4263 3628 4303 ct
3659 4270 3763 4306 non

2175 4343 2363 4412 faciens
2396 4344 2575 4413 digna,
2623 4342 2786 4410 plagis
2814 4344 3071 4411 rapulabit
3106 4342 3280 4394 multis
3326 4341 3478 4412 (Luc.
3510 4358 3608 4408 xtl,
3641 4343 3760 4411 κίῖ).

2177 4437 2351 4490 Ι³ι·ἰ[ηο
2377 4436 2518 4490 enim
2549 4435 2774 4488 mundus
2797 4434 2940 4502 iuste
2972 4435 3267 4503 “regelldllls
3291 4445 3372 4487 est
3405 4435 3605 4500 paucis,
3635 4435 3764 4501 quia

495 4525 640 4580 uetas
671 4534 749 4577 est
777 4521 860 4574 hic
901 4521 969 4573 ali
993 4519 1114 4587 tuod
1155 4519 1374 4573 dubium
1424 4519 1782 4585 introducere,
1807 4519 1896 4573 ubi
1931 4531 2072 4573 tanta
2101 4505 2150 4562 D
2177 4541 2330 4580 suum
2375 4526 2658 4581 Dominum
2704 4526 2948 4595 ignorare
2975 4528 3228 4594 probatus
3259 4535 3362 4579 est.
3405 4525 3534 4577 Post
3561 4523 3766 4577 adven-

492 4616 687 4670 veritas
709 4614 1049 4684 cognoscitur
1080 4619 1158 4666 tot
1185 4613 1487 4667 testimonia
1523 4613 1827 4680 perhibere.
1861 4613 1925 4665 Et
1950 4612 2069 4666 ideo

491 4708 589 4762 sub
611 4709 773 4776 figura
799 4704 1144 4776 mythopmia,
1172 4704 1461 4758 Ecclesium
1487 4704 1728 4758 dicamus
1758 4704 1923 4774 loqui,
1949 4720 2067 4774 quae

494 4798 733 4867 personis
777 4811 990 4865 semper
1039 4799 1380 4866 cognoscitur
1421 4796 1739 4851 certissimis
1789 4797 2065 4866 applicari.

493 4895 546 4944 In
576 4891 741 4960 prima
787 4889 1048 4958 siquidem
1084 4897 1232 4956 parte
1263 4897 1413 4956 rogat
1436 4896 1495 4941 ct
1525 4888 1642 4956 ejus
1670 4888 1918 4942 audiatur
1947 4902 2069 4941 ora-

490 4985 608 5036 tio:
649 4981 931 5050 increpans
977 4981 1082 5049 22
1132 4977 1401 5040 infideles,
1444 4981 1570 5048 quia
1615 4977 1856 5033 colentes
1905 4978 2068 5032 falsos

487 5075 637 5138 deos,
664 5073 922 5126 culturam
947 5072 1058 5124 veri
1089 5070 1179 5124 Dei
1204 5070 1561 5138 negligebant.
1595 5070 1650 5122 lu
1676 5071 1909 5126 secunda
1934 5084 2068 5124 vero

487 5171 792 5216 commonet
843 5161 1287 5231 generalitatem,
1336 5169 1391 5213 ut
1437 5161 1624 5214 relicta
1679 5161 2066 5227 superstitione

491 5256 694 5320 taliat-i,
725 5255 1043 5310 sacrificium
1090 5254 1308 5321 iustitiae
1349 5252 1540 5306 debeat
1585 5253 1886 5307 immolare.
1920 5254 1984 5306 lit
2014 5263 2068 5306 ut

485 5347 758 5412 gentilium
794 5356 1003 5400 mentes
1032 5343 1168 5397 fama
1200 5343 1552 5410 promissione
1577 5355 1952 5407 converteret,
1983 5345 2066 5397 iu-

485 5437 659 5503 gentia
689 5445 1076 5490 commemorat
1123 5432 1430 5499 pncstitiSSc
1470 5433 1753 5489 Dominum
1806 5436 2064 5491 beneficia

487 5527 829 5582 Christianis.

558 5679 582 5706 ί
615 5671 706 5722 .‘ds.
737 5670 922 5738 $3115.,
951 5668 1204 5724 osculetur
1236 5681 1309 5715 me
1339 5664 1402 5716 ab
1432 5667 1622 5718 osculo.

2179 4628 2287 4672 tum
2322 4631 2450 4671 vero
2480 4616 2753 4671 Creatoris
2782 4617 2863 4671 sui
2901 4616 3203 4686 iustissime
3247 4615 3520 4684 vapulabit
3551 4614 3759 4677 multis,

2173 4710 2260 4780 qui
2288 4708 2461 4763 adhuc
2496 4707 2756 4762 idolorum
2783 4709 2980 4761 naznias
3011 4706 3326 4774 inquirebat.
3353 4705 3631 4773 Seqttitur:
3665 4703 3763 4756 Ut-

2170 4803 2294 4873 quid
2325 4801 2536 4870 diligitis
2573 4801 2842 4854 vanitatem
2868 4812 2914 4853 et
2943 4800 3171 4869 qumritis
3201 4798 3568 4854 mendacium?
3598 4797 3764 4849 Vani-

2178 4905 2254 4946 tas
2283 4892 2498 4962 quidem
2545 4907 2741 4946 nomen
2771 4901 2851 4946 cst
2881 4891 3128 4958 generale
3158 4890 3402 4942 vitiorum
3427 4906 3440 4953 ;
3490 4887 3582 4942 sed
3629 4888 3764 4942 illud

2174 4983 2385 5052 proprie
2431 4998 2624 5036 vanum
2673 4983 2885 5048 dicitur,
2918 4981 3055 5049 quod
3100 4997 3127 5033 a
3176 4980 3283 5033 Deo
3332 4982 3586 5048 probatur
3626 4981 3766 5034 alie-

2171 5092 2321 5130 num.
2351 5075 2480 5130 Nam
2508 5077 2646 5131 sicut
2671 5077 2723 5130 in
2756 5075 3039 5129 DiVlllllalt!
3069 5074 3338 5127 conlidere
3370 5074 3633 5127 fructuosa
3669 5073 3767 5126 fir-

2175 5167 2332 5218 tnitas
2361 5177 2472 5229 est,
2509 5168 2578 5218 ita
2607 5165 2673 5218 ab
2701 5164 2888 5219 eadem
2919 5164 3136 5217 deviare
3169 5162 3370 5215 vanitas
3411 5171 3494 5216 est
3521 5163 3724 5215 caduca
3745 5201 3763 5225 ,

2173 5257 2307 5310 sicut
2337 5257 2496 5309 l~aias
2521 5256 2683 5308 dicit:
2718 5254 3002 5308 Adorantes
3034 5269 3162 5305 vana
3192 5262 3239 5307 et
3268 5252 3432 5322 falsa,
3467 5251 3763 5309 misericor-

2171 5346 2309 5398 diam
2352 5356 2490 5398 tuam
2531 5345 2909 5411 dereliquerunt
2959 5342 3091 5412 (lsa.
3123 5359 3189 5408 tt,
3219 5344 3272 5407 8,
3317 5343 3394 5412 9).
3439 5341 3766 5411 Arguuntur

2173 5438 2350 5506 itaque
2377 5438 2448 5491 illi
2475 5439 2564 5507 qui
2593 5437 2852 5491 idolorum
2879 5437 3187 5505 turpissimo
3211 5450 3393 5489 amore
3422 5433 3720 5504 flagrabant
3744 5473 3761 5497 ,

2171 5537 2226 5583 et
2251 5529 2350 5583 sub
2381 5529 2750 5598 increpatione
2799 5527 3247 5597 pronuntiandum
3291 5535 3405 5589 est;
3437 5539 3500 5578 ac
3530 5525 3576 5578 si
3606 5522 3768 5577 dice-

2250 5663 2276 5703 δ
2314 5665 2478 5755 (idin,
2508 5663 2631 5718 Cum
2674 5665 2990 5731 inrocarem,
3033 5661 3287 5716 exaudivit
3315 5675 3395 5714 me
3426 5657 3560 5712 Deus
3598 5657 3765 5725 justi-

2179 5747 2260 5790 tta:
2300 5747 2437 5788 m‘ca’.
