4008 6182
307 269 372 321 is
1277 249 1631 306 EXPOSI'HO
1679 245 1738 300 IN
1783 241 2236 299 rsumeuou.
2279 224 2476 324 esst.
2523 239 2605 292 ιν.
3501 235 3566 282 ω

305 390 419 432 ret:
451 378 621 443 Quare
653 377 924 429 nouitatem
965 374 1176 443 diligiis
1232 385 1330 441 qua
1383 368 1612 436 peritis?
1640 366 1866 435 ltiligez-e
1901 413 1902 416 η

2014 374 2108 410 ira
2143 356 2404 410 cubando.
2444 352 2722 407 Ferocium
2747 367 2874 418 ergo
2907 351 3263 418 cogitationes
3304 357 3420 416 apte
3446 349 3570 402 dicit

304 481 438 534 enim
469 478 728 534 debemus
760 474 1029 544 proﬁcua,
1060 487 1162 526 non
1210 471 1393 534 noxia;
1429 470 1548 538 quia
1582 469 1756 538 potius
1785 483 1878 521 ev-

305 593 510 636 srcrare
536 576 818 641 convenit,
851 589 946 644 per
971 587 1088 642 quzc
1119 587 1214 624 nos
1247 584 1400 640 paena
1435 578 1702 638 pet'peltttc
1730 567 1880 620 dani-

306 679 530 734 nationis
581 677 786 747 al‘lligit.
826 675 1070 742 Quwritis
1114 673 1464 736 mendacium,
1509 670 1648 738 quod
1698 671 1882 736 utique

305 786 403 826 non
451 778 728 840 appetere,
774 766 867 821 sed
919 765 1162 834 refugere
1194 763 1480 818 deberetis.
1514 760 1657 815 lstud
1702 773 1879 814 autem

303 862 622 915 mendacium
651 859 788 912 idola
821 855 1116 926 signiﬁcat,
1164 869 1284 924 quae
1316 853 1423 908 tale
1453 867 1646 906 nomen
1690 851 1883 905 merito

305 961 654 1021 susceperunt
673 995 688 1018 ,
716 949 841 1020 quia
870 957 1054 1004 contra
1084 947 1400 1018 dignitatem
1437 945 1672 1000 veritatis
1703 955 1882 999 erecta

306 1056 444 1100 Sunt.

376 1147 530 1200 Vers.
563 1147 615 1199 5.
666 1143 858 1199 Scitote
898 1143 1140 1212 quoniam
1187 1141 1533 1212 magniﬁcarit
1566 1148 1590 1175 ι
1631 1137 1883 1192 Dominus

308 1260 532 1303 sanctum
562 1260 744 1305 suum;
776 1243 1027 1296 Dominus
1069 1240 1302 1296 exaudiet
1331 1255 1408 1292 me
1443 1255 1558 1291 cum
1600 1237 1884 1290 clamarem

310 1353 372 1403 ad
399 1366 537 1404 eum.
583 1347 869 1402 Permanet
911 1345 962 1399 in
1009 1345 1372 1413 increpatione
1416 1341 1674 1405 salutari,
1717 1347 1774 1392 ut
1819 1339 1884 1391 ad

312 1459 446 1495 ver-.e
485 1439 764 1508 religionis
807 1437 1052 1492 affectum
1073 1477 1087 1499 ,
1120 1435 1280 1489 corda
1309 1434 1635 1489 dementium
1668 1432 1884 1500 explosa

314 1535 570 1602 pravitate
596 1537 874 1584 convertat
901 1545 912 1580 :
948 1528 1301 1598 pronuntians
1332 1525 1436 1578 illis
1463 1523 1705 1578 veritatis
1737 1536 1888 1576 arca-

313 1639 460 1686 num,
492 1630 551 1674 ut
585 1618 1002 1674 incarnationem
1034 1624 1273 1670 sanctam
1311 1613 1688 1670 venerabiliter
1715 1611 1884 1666 susci-

1987 449 2208 512 cubilia,
2241 447 2483 515 quamvis
2513 445 2615 498 hoc
2662 442 2927 496 interdum
2972 454 3025 497 et
3069 443 3120 496 in
3166 443 3305 496 boni,
3351 441 3569 495 abusive

1987 541 2192 622 legatur
2222 547 2588 604 assumptum;
2620 545 2676 590 tit
2718 545 2800 589 est
2850 535 2976 588 illud
3025 535 3090 589 de
3131 535 3362 588 sanctis.
3401 533 3538 586 Lttla

1985 633 2173 684 buntur
2208 631 2257 683 in
2291 630 2394 700 23
2446 627 2690 680 cubilibus
2725 627 2832 680 suis
2879 624 3058 696 (Psal.
3085 642 3243 679 exuit
3267 667 3280 690 ,
3312 623 3386 693 5).
3423 623 3564 677 Cont-

1986 722 2302 794 puugimini,
2336 719 2595 790 signiﬁcat
2617 760 2630 781 ,
2669 718 3033 785 ptenitentiam
3064 717 3240 782 agite;
3273 732 3392 770 nam
3420 732 3561 769 coui-

1988 814 2273 884 punctione
2314 811 2540 882 quadam
2582 810 2880 863 animarum
2928 812 2984 861 lit
3030 818 3205 874 optata
3239 805 3559 861 conversio:

1987 920 2049 958 ac
2089 907 2131 958 si
2177 904 2415 966 diceret,
2447 901 2681 956 deseritc
2722 915 2910 967 pravas
2953 901 3304 969 cogitationes
3337 910 3541 951 vestras

1987 1006 2268 1062 antequam
2310 992 2514 1047 scelera
2546 995 2882 1060 perpetretis.
2913 989 3165 1058 Sequitur
3200 1005 3410 1059 quoque
3459 989 3568 1042 dia-

1994 1085 2266 1155 psalmatis
2312 1083 2581 1137 silentium
2614 1099 2628 1136 :
2664 1081 2750 1134 ubi
2779 1081 2971 1135 merito
3010 1080 3328 1133 divisioni-ui
3381 1081 3554 1148 posui-

1991 1190 2130 1241 mus,
2163 1179 2415 1244 quoniam
2457 1189 2544 1229 res
2583 1173 2748 1228 altera
2780 1171 3122 1242 cognoscitur
3168 1171 3426 1223 imit-ari.
3474 1172 3548 1224 De

1991 1269 2164 1337 posito
2191 1267 2332 1320 enim
2383 1265 2550 1320 veteri
2592 1265 2827 1328 homine,
2862 1278 2958 1318 nos
2998 1263 3095 1331 ipsi
3130 1276 3226 1316 nos
3273 1263 3326 1316 iu
3378 1278 3568 1325 novum

1992 1357 2306 1412 sacriﬁcium
2337 1355 2640 1409 salutariter
2665 1355 2914 1422 jubemnr
2942 1354 3157 1408 oﬁ‘erre.

2065 1447 2219 1502 Vers.
2251 1448 2304 1501 5.
2351 1447 2651 1514 Sacri/icate
2680 1447 2994 1513 sacriﬁcium
3019 1447 3256 1517 justitia',
3303 1456 3348 1499 ct
3380 1457 3578 1514 .‘pCT'ait‘

1995 1543 2045 1594 in
2099 1541 2335 1594 Domino.
2367 1540 2628 1606 Quoniam
2675 1539 2918 1608 superius
2946 1539 3361 1593 clementissima
3410 1550 3580 1594 mater

1997 1631 2272 1687 admonuit
2302 1632 2366 1685 ab
2397 1631 2630 1699 antiquis
2657 1629 3122 1699 superst'tionibus
3151 1630 3532 1686 discedendum
3558 1673 3572 1698 ,

314 1729 432 1782 Ρθτθ
475 1728 581 1766 ¹¹¹¹¹¹
630 1719 896 1764 τεθυδθηί·
932 1709 1186 1762 δαπάνη
1226 1723 1402 1796 ⁸³η*
1433 1705 1560 1759 die“
1599 1703 1882 1796 Dominum
1921 1738 1965 1796 Β
1992 1731 2046 1784 in
2082 1730 2320 1784 secunda-
2362 1728 2624 1796 positione
2655 1728 2803 1781 de.ch
2833 1770 2848 1794 ,
2881 1739 2937 1780 ut
2984 1728 3152 1781 renati
3201 1727 3440 1780 homines
3473 1741 3576 1778 non

314 1805 613 1867 Chrismm;
646 1803 781 1857 sicut
801 1810 853 1855 et
880 1799 1008 1854 alibi
1035 1799 1102 1854 de
1127 1799 1304 1866 se'ipsa
1328 1795 1535 1851 Veritas
1566 1795 1845 1866 proﬁtetur
1869 1811 1884 1848 :

315 1897 523 1951 Custodi
564 1894 789 1948 animum
830 1908 1024 1957 meam,
1065 1892 1304 1958 quoniam
1343 1899 1548 1942 sanctus
1579 1903 1690 1941 sum
1716 1886 1887 1958 (I’sal.

316 2003 514 2054 uxxv,
539 1986 621 2054 2).
665 1983 908 2050 Adiecit:
944 1981 1190 2036 Dominus
1233 1981 1469 2034 exaudiet
1507 1995 1588 2032 me
1630 1995 1745 2032 cum
1785 1979 1893 2031 cla-

319 2095 520 2135 marem
548 2077 617 2128 ad
648 2090 783 2128 eum.
814 2073 1004 2127 Merito
1031 2087 1090 2126 se
1128 2071 1364 2127 exaudiri
1394 2068 1730 2136 conﬁdebat,
1763 2083 1894 2137 quo-

319 2172 455 2223 niam
517 2165 805 2220 Dominum
861 2170 1104 2217 sanctum
1169 2159 1615 2232 magniﬁcandum
1683 2159 1894 2229 p0pulIs

320 2258 661 2331 prmdicabat.
692 2256 819 2310 Cum
857 2256 1162 2320 clamavero,
1192 2253 1348 2317 dicit,
1381 2253 1431 2308 id
1463 2263 1546 2308 est
1587 2268 1706 2308 cum
1741 2250 1898 2306 bonis

320 2354 570 2424 operibus
615 2351 876 2406 divinitati
924 2349 1311 2419 supplicarem.
1347 2349 1464 2418 Ipse
1501 2350 1646 2404 enim
1697 2349 1900 2404 clamor

324 2443 526 2513 estqui
571 2442 765 2497 tacitus
805 2442 868 2494 ad
917 2441 1078 2494 Deum
1120 2441 1394 2511 pervenit,
1422 2450 1477 2495 et
1505 2441 1743 2496 exaudiri
1777 2441 1901 2495 facit

323 2552 412 2592 eos
438 2537 530 2606 qui
557 2535 710 2590 bonis
739 2533 986 2604 operibus
1013 2543 1320 2588 conStanter
1347 2532 1620 2588 insistunt.
1699 2536 1708 2545 ‘

394 2642 548 2697 Vera.
579 2642 636 2696 4.
671 2637 992 2705 lrascimini,
1026 2649 1072 2692 et
1111 2639 1266 2691 nolite
1301 2653 1538 2708 peccare;
1580 2653 1696 2708 qia:
1733 2637 1900 2690 dicitis

324 2736 374 2787 in
415 2734 655 2786 cordibus
697 2733 892 2796 t'esfris,
933 2742 981 2785 et
1023 2732 1074 2784 in
1105 2731 1352 2785 cubilibus
1394 2732 1568 2786 vestris
1598 2731 1900 2802 compungi-

323 2826 468 2879 mini.
500 2824 613 2878 Hoc
639 2823 777 2879 bene
810 2822 1036 2876 trahitur
1059 2822 1128 2876 ad
1161 2821 1394 2887 Judicos,
1429 2831 1488 2875 ut
1515 2821 1561 2876 si
1599 2837 1693 2876 eos
1740 2820 1900 2875 irasci

325 2915 610 2985 contigerit
629 2957 642 2977 .
670 2915 862 2970 saltem
890 2930 947 2969 se
971 2915 1038 2969 ab
1066 2915 1265 2968 illicitis
1294 2914 1514 2968 ausibus
1540 2912 1900 2978 abstinerent;

323 3007 465 3074 quod
500 3016 678 3062 tamen
711 3015 766 3061 et
812 2995 1132 3077 generalﬂer
1178 3014 1544 3073 competenter
1587 3004 1897 3073 accipimus.

1993 1820 2229 1876 vietimis
2281 1833 2530 1887 pecorum
2563 1817 2832 1882 studeant,
2865 1819 2957 1870 sed
2987 1818 3190 1886 seipsm
3240 1819 3347 1870 Deo
3377 1819 3594 1874 sacrih-'

1993 1911 2132 1964 cium
2166 1919 2429 1964 conentur
2460 1907 2651 1962 oll‘erre
2677 1923 2692 1963 :
2716 1907 2835 1976 quia
2869 1923 2970 1960 non
3003 1917 3080 1961 e~t
3114 1907 3216 1960 tale
3246 1906 3470 1960 Domino
3493 1907 3577 1974 ju-

1996 2011 2294 2056 mentorum
2338 2001 2606 2054 victimam
2633 2001 2780 2064 dare,
2815 1999 2972 2070 quale
3021 1999 3295 2052 hominum
3327 1999 3576 2052 devotum

1993 2101 2182 2163 pectus
2213 2090 2425 2147 oﬁ'erre.
2460 2089 2587 2144 Nam
2623 2090 2667 2143 si
2707 2094 2819 2157 ipse
2851 2104 2945 2157 pro
2976 2089 3129 2143 nobis
3160 2088 3464 2141 immolatus
3496 2097 3577 2142 est

1995 2185 2270 2249 Christus,
2303 2191 2501 2254 quanto
2531 2183 2700 2252 magis
2741 2181 2990 2236 convenit
3019 2181 3338 2236 sacrilicium
3371 2182 3416 2234 ei
3451 2196 3580 2235 nos-

1999 2277 2256 2344 metipsos
2303 2274 2536 2341 oll’erre,
2579 2282 2636 2328 ut
2667 2273 2934 2343 possimus
2979 2272 3137 2340 Regis
3186 2273 3352 2326 nostri
3404 2272 3584 2325 imita-

2003 2369 2148 2421 tione
2176 2364 2440 2434 gaudere!
2482 2365 2621 2419 Dixit
2651 2365 2793 2418 enim
2830 2379 2844 2417 :
2879 2363 3210 2430 Sacriﬁcate;
3243 2371 3297 2417 et
3334 2377 3399 2417 ne
3430 2364 3582 2417 intel—

2003 2460 2194 2528 ligeres
2225 2457 2474 2528 pecudes,
2525 2455 2839 2526 subiunxit:
2876 2455 3206 2522 Sacriﬁcium
3246 2454 3484 2526 justitiw,
3531 2454 3582 2507 id

2000 2560 2106 2618 est,
2157 2561 2301 2605 recte
2333 2549 2512 2615 vivite,
2565 2557 2619 2604 et
2665 2547 2823 2603 corda
2856 2557 3030 2602 vestra
3075 2545 3342 2601 divinitati
3389 2547 3583 2599 umida

2003 2658 2217 2713 semper
2249 2643 2458 2698 offerte.
2506 2642 2724 2696 Addidit
2768 2657 2976 2712 quoque
3010 2657 3023 2694 :
3061 2640 3127 2694 Et
3157 2651 3356 2708 sperate
3393 2643 3444 2693 in
3479 2639 3580 2692 Do-

2003 2737 2163 2800 mino,
2187 2745 2244 2788 ut
2275 2735 2434 2788 vitam
2465 2734 2658 2788 bonam
2682 2747 2805 2802 spes
2838 2733 3044 2787 felicior
3074 2733 3447 2802 subsequatur.
3475 2733 3586 2786 Non

2006 2829 2145 2882 enim
2197 2827 2282 2880 hic
2333 2827 2488 2895 plene
2517 2825 2758 2893 recipere
2805 2839 3130 2894 possumus,
3178 2825 3390 2878 etiamsi
3419 2825 3587 2878 bonos

2006 2932 2158 2975 actus
2203 2917 2402 2974 divinis
2448 2917 2826 2985 consivectibus
2873 2916 3195 2980 offeramus;
3246 2918 3340 2970 sed
3389 2934 3593 2986 sperare

2008 3013 2265 3067 docemur
2294 3012 2345 3065 in
2395 3009 2630 3074 Domino,
2665 3018 2722 3062 ut
2752 3009 2802 3062 in
2837 3009 3012 3063 futuro
3045 3008 3306 3078 promissa
3339 3010 3589 3064 salutaris

327 3097 561 3152 Venialis
588 3106 671 3152 est
697 3097 844 3151 enim
885 3097 961 3149 ira
1001 3111 1120 3164 qua:
1150 3095 1215 3149 ad
1247 3095 1492 3149 eﬂ'cctnm
1527 3093 1902 3163 indignationis

2011 3120 2418 3175 consequamur.
2451 3103 2556 3158 Sed
2605 3116 2728 3166 ses
2759 3103 2873 3155 .i.-ta
2923 3115 3028 3155 non
3059 3101 3294 3169 decipit,
3345 3103 3588 3155 voluntas

327 3205 432 3244 tu
464 3205 571 3242 non
601 3189 871 3258 pervenit;
905 3188 1040 3243 sicut
1063 3187 1322 3256 scriptum
1350 3196 1432 3242 est
1457 3205 1470 3242 :
1504 3186 1691 3240 Melior
1718 3197 1792 3240 est
1819 3188 1904 3255 qui

329 3283 480 3334 vincit
509 3282 668 3345 irant,
695 3297 845 3347 quam
869 3281 955 3350 qui
984 3280 1117 3347 capit
1149 3280 1401 3334 ciuitatem
1427 3278 1608 3348 (Prov.
1636 3295 1720 3332 xvr
1741 3320 1756 3344 ,
1789 3279 1903 3349 5'2).

331 3375 392 3428 Et
419 3375 546 3429 ideo
580 3385 905 3444 pra-ceptum
930 3375 1224 3428 curationis
1263 3373 1575 3437 adhibetur,
1607 3382 1696 3439 ut,
1727 3371 1770 3426 si
1796 3371 1905 3440 jam

329 3465 633 3530 irascimur,
666 3480 770 3520 non
801 3465 1100 3520 inconsulta
1132 3466 1432 3520 temeritate
1462 3477 1762 3533 peccemus.
1797 3463 1909 3517 Mo-

330 3569 438 3611 tum
492 3556 757 3626 siquidem
809 3556 969 3610 animi
1029 3557 1290 3611 fervidum
1345 3566 1564 3625 propter
1624 3556 1906 3608 humanam

331 3648 675 3718 fragilitatem
709 3647 760 3701 in
794 3657 1055 3717 potestate
1086 3648 1283 3703 habere
1311 3663 1416 3702 non
1449 3663 1731 3717 possumus
1757 3667 1768 3700 :
1799 3647 1910 3699 sut-

329 3739 573 3808 lragante
623 3748 801 3792 tamen
863 3738 952 3792 Dei
1007 3741 1217 3809 gratia,
1268 3739 1473 3792 ratione
1530 3737 1908 3806 discipliualiili

331 3829 690 3884 eoritinemus.
724 3828 789 3882 Et
820 3827 939 3882 ideo
972 3827 1162 3882 beatus
1195 3827 1491 3896 PrOpheta,
1521 3828 1658 3894 quod
1690 3836 1771 3880 est
1795 3826 1912 3895 qui-

330 3921 451 3975 dem
482 3919 885 3974 consuetudinis
929 3919 1202 3988 permisit,
1234 3919 1371 3988 quod
1403 3933 1529 3972 vero
1575 3917 1745 3983 culpa:
1792 3932 1914 3986 pro-

337 4011 531 4066 hibuit.
578 4012 706 4066 Nam
753 4012 799 4066 si
847 4013 1159 4076 irascamur,
1209 4027 1306 4066 nec
1352 4011 1561 4066 Domini
1606 4011 1918 4065 considera-

334 4104 480 4156 tione
525 4104 889 4167 rei'renemur,
937 4102 1029 4156 sed
1077 4115 1106 4155 a
1159 4111 1281 4157 voto
1330 4111 1514 4156 nostro
1564 4102 1916 4171 impcdiamur

335 4194 514 4260 aliquo
544 4193 875 4247 necessitatis
901 4192 1113 4262 objectu
1142 4234 1156 4257 ,
1193 4200 1314 4246 tunc
1347 4194 1526 4262 utique
1564 4204 1774 4248 constat
1818 4210 1913 4248 nos

337 4287 465 4338 lacti
513 4287 710 4340 crimen
761 4296 1007 4352 portare.
1057 4286 1264 4339 etiausi
1319 4302 1420 4338 non
1482 4287 1623 4354 passi
1650 4301 1748 4340 ous
1795 4304 1916 4355 quin

339 4377 649 4430 volebamus
670 4378 903 4430 efﬁcere.
936 4376 1082 4442 Sive,
1118 4387 1173 4429 ut
1203 4376 1520 4445 qubusdam
1554 4378 1754 4445 placet,
1793 4395 1920 4444 prm-

2011 3198 2129 3252 talis
2161 3211 2266 3252 non
2297 3195 2544 3265 pervenit
2568 3193 2634 3248 ad
2673 3203 2898 3258 reatum,
2945 3193 3081 3248 sicut
3108 3192 3237 3246 dicit
3265 3185 3552 3261 Aposmlus
3583 3217 3593 3250 :

2011 3290 2142 3358 Spes
2171 3297 2345 3341 autent
2383 3302 2483 3340 non
2514 3284 2776 3354 confundit
2809 3298 2827 3335 :
2857 3285 2974 3352 quia
3015 3283 3240 3336 cltaritas
3277 3283 3369 3336 Dei
3403 3283 3594 3351 diﬂ‘usii

2015 3393 2087 3436 est
2117 3385 2167 3435 in
2200 3380 2438 3434 cordibus
2460 3378 2644 3432 nattris
2671 3394 2761 3448 per
2784 3375 3037 3445 Spiritum
3064 3385 3315 3439 sanctum,
3337 3376 3425 3448 qui
3446 3377 3598 3428 datus

2011 3483 2085 3528 est
2115 3473 2258 3526 nobis
2290 3470 2462 3541 (Rom.
2495 3485 2548 3533 v,
2581 3468 2660 3537 5).

2084 3563 2236 3617 ἵει-ς.
2271 3562 2323 3613 li.
2377 3560 2529 3614 Multi
2560 3560 2772 3624 dicunt,
2827 3558 2954 3624 Quis
2985 3558 3200 3612 ostendit
3230 3557 3372 3611 nobis
3419 3557 3597 3610 bona?

2017 3655 2288 3725 Signatum
2329 3661 2402 3704 cst
2451 3665 2602 3718 super
2634 3666 2725 3703 nos
2773 3649 2940 3702 lumen
2989 3648 3156 3702 vultus
3186 3649 3261 3702 tui
3289 3689 3302 3710 ,
3357 3647 3592 3702 Domine.

2015 3746 2325 3801 Certamine
2362 3743 2594 3814 quodam
2647 3742 2786 3795 facto
2832 3742 3100 3810 partium,
3151 3742 3313 3794 corda
3361 3741 3479 3794 ﬁdet
3508 3757 3593 3792 ttttt

2015 3839 2325 3892 salutariter
2369 3843 2772 3890 construuntur.
2819 3831 3008 3885 Dicunt
3050 3832 3191 3887 enim
3235 3831 3380 3884 multi
3428 3828 3602 3884 adhuc

2016 3926 2304 3981 carnaliter
2337 3925 2626 3993 sapientes,
2677 3923 2819 3990 quod
2863 3936 2962 3976 nec
2993 3921 3143 3986 pauci
3174 3919 3352 3974 dicere
3381 3919 3599 3973 debuis-

2016 4030 2136 4073 sent
2161 4035 2174 4070 :
2205 4017 2332 4083 Quis
2367 4016 2585 4069 ostendit
2614 4014 2758 4067 nobis
2780 4013 2950 4066 bona?
2977 4012 3067 4066 Illa
3095 4011 3297 4064 scilicet
3324 4025 3443 4078 quae
3467 4027 3602 4076 pra:-

2017 4112 2163 4168 dicat
2204 4125 2419 4177 semper
2449 4105 2688 4162 Ecclesia
2717 4145 2731 4170 ,
2783 4104 3228 4158 resurrectionem
3259 4115 3382 4156 esse
3417 4112 3604 4152 ventu-

2021 4201 2225 4265 r-am,in
2252 4212 2352 4267 qua
2373 4196 2496 4266 iusti
2515 4207 2703 4250 omnes
2730 4201 2930 4247 :cterna
2950 4189 3165 4260 przeinia
3182 4199 3598 4259 consequentur.

2025 4293 2135 4346 lloe
2175 4290 2490 4358 imputative
2531 4282 2810 4354 legendum
2851 4292 2956 4347 est,
3001 4281 3151 4350 quasi
3207 4280 3389 4332 dicant
3430 4297 3442 4330 :
3488 4295 3606 4346 pro-

2024 4381 2250 4436 mittitur
2290 4379 2444 4433 noiiis
2476 4376 2614 4446 quod
2657 4373 2865 4445 penitus
2897 4390 3001 4427 non
3030 4373 3304 4435 videmus;
3335 4371 3608 4425 desidera-~

337 4467 511 4521 teritis
556 4470 784 4536 peccatis
825 4466 981 4522 irasci
1034 4467 1310 4530 debemus,
1344 4477 1400 4520 ut
1451 4479 1766 4536 prasentein
1817 4484 1908 4521 ne-
1951 4464 2143 4531 D'iiios
2191 4486 2311 4540 qua:
2344 4470 2432 4523 hic
2478 4467 2734 4535 consequi
2779 4481 2882 4519 non
2929 4465 3188 4519 valemus.
3223 4464 3341 4517 Istis
3390 4479 3610 4532 respon-

337 4561 561 4625 quitia'n
612 4558 873 4625 possimus
921 4557 1191 4627 effugere;
1239 4559 1432 4612 delicta
1483 4560 1624 4611 enim
1681 4559 1914 4611 recentia

338 4649 612 4702 declinare
640 4665 743 4701 non
775 4664 1076 4717 possumus,
1112 4649 1214 4702 nisi
1247 4659 1447 4702 vetusta
1481 4649 1732 4702 laudabili
1759 4665 1915 4702 exse-

339 4740 578 4794 cratione
631 4740 965 4794 damnemus.
1023 4739 1160 4806 Quid
1219 4751 1300 4794 est
1353 4741 1494 4793 enim
1551 4739 1692 4792 aliud
1750 4739 1920 4808 pii-ni-

340 4842 479 4894 tere,
511 4831 605 4885 nisi
639 4831 796 4886 irasci
825 4833 959 4894 sibi,
990 4842 1046 4885 ut
1077 4833 1292 4886 horreat
1331 4831 1470 4900 quod
1507 4830 1626 4884 fecit
1649 4873 1663 4896 ,
1700 4840 1754 4884 et
1793 4847 1915 4883 cru-

340 4927 512 4975 ciatus
540 4938 567 4974 a
601 4936 661 4977 se
688 4923 902 4994 exigat,
937 4939 1002 4977 ne
1041 4924 1204 4992 judex
1251 4924 1424 4993 potius
1469 4923 1636 4976 iratus
1681 4922 1872 4989 :ilﬁigat
1896 4924 1922 4983 ‘t,

346 5011 596 5065 Addidit:
637 5014 763 5079 Quae
801 5015 965 5066 dicitis
1002 5015 1054 5067 in
1096 5014 1332 5068 cordibus
1374 5015 1571 5080 vestris,
1605 5023 1650 5066 et
1684 5016 1735 5065 in
1777 5014 1920 5065 cubi-

342 5105 477 5155 ιιὺειε
517 5105 690 5158 restria
730 5107 1152 5175 compungunini,
1185 5106 1472 5160 ostendens
1523 5105 1805 5158 Dominum
1838 5119 1923 5160 se-

343 5209 520 5251 cretas
567 5199 844 5251 hominum
889 5199 1240 5268 Cl'gilitliilﬂl's
1267 5214 1588 5269 agnoscere;
1622 5200 1695 5252 ait
1737 5198 1919 5251 enim:

349 5290 477 5352 Quir
497 5291 662 5342 dicitis
688 5292 738 5342 in
764 5290 936 5356 corde,
967 5290 1150 5360 utique
1179 5290 1317 5360 quod
1350 5307 1454 5343 non
1487 5291 1682 5359 putaiiS
1717 5291 1885 5343 audiri
1909 5307 1922 5355 ;

346 5391 402 5434 ct
433 5382 546 5435 ideo
576 5380 797 5437 creditis
826 5382 1124 5446 occultuzu,
1159 5383 1281 5448 quia
1331 5397 1436 5435 non
1467 5391 1548 5435 est
1592 5383 1742 5435 verbi
1789 5383 1918 5434 alla-

351 5473 492 5525 tioue
532 5473 821 5540 vulgatum.
853 5472 1139 5540 Sequitur:
1173 5469 1236 5524 In
1274 5473 1525 5524 cubilibus
1566 5473 1743 5525 vestris
1782 5489 1925 5524 com-

352 5565 650 5634 pungiutiui.
687 5563 936 5618 Ferarum
968 5563 1294 5618 domicilium
1328 5564 1540 5633 pt-Oprie
1585 5563 1758 5618 cnhile
1790 5565 1924 5617 diei-

2023 4563 2196 4617 dendo
2229 4561 2492 4614 iudicatur
2520 4557 2854 4621 beneﬁcium,
2889 4555 3029 4625 quod
3061 4556 3221 4609 etiam
3271 4554 3321 4606 in
3354 4555 3610 4622 prmsouti

2022 4656 2220 4707 sarculo
2269 4651 2627 4719 possidemus.
2675 4650 2948 4718 Signatum
2989 4656 3061 4699 cst
3105 4661 3257 4714 super
3304 4661 3395 4697 nos
3439 4645 3607 4697 luuien

2022 4745 2192 4796 t‘ttlttts
2221 4743 2317 4806 tui,
2372 4741 2608 4793 Domine.
2638 4740 2773 4804 Quia
2811 4737 2949 4791 sicut
2979 4749 3227 4790 nutnmus
3273 4736 3611 4804 imperatoris

2027 4843 2202 4896 portat
2224 4832 2533 4900 imaginem,
2564 4830 2635 4884 ita
2663 4837 2718 4884 el.
2746 4828 2988 4882 ﬁdelibus
3019 4829 3166 4895 signa
3195 4826 3426 4881 caelestis
3461 4826 3611 4878 Prin-

2028 4926 2164 4994 cipis
2212 4924 2592 4992 imprimuntur
2625 4940 2637 4975 :
2674 4923 2776 4977 hoc
2820 4920 3111 4977 munimine
3141 4921 3380 4975 diabolus
3430 4922 3610 4974 inulti-

2031 5018 2215 5072 formis
2261 5017 2564 5086 expellitur,
2597 5023 2651 5070 et
2700 5015 3033 5069 fraudulenta
3083 5013 3474 5068 machinatione
3507 5029 3610 5064 non

2033 5113 2287 5181 prtevalet
2316 5125 2576 5180 superare
2617 5119 2898 5169 tentatum,
2928 5124 3086 5178 quem
3122 5107 3300 5162 habuit
3334 5105 3486 5173 primi
3521 5105 3614 5155 ho-

2034 5204 2193 5256 minis
2237 5203 2486 5256 suasione
2518 5201 2806 5269 captivuiu.
2845 5201 2986 5253 Crux
3031 5206 3108 5252 est
3155 5199 3296 5252 enim
3333 5195 3609 5248 humilium

2037 5293 2228 5345 invicta
2264 5290 2437 5357 tuitio,
2471 5290 2824 5360 superborum
2861 5289 3109 5358 dejectio,
3142 5288 3359 5341 victoria
3392 5286 3610 5350 Christi,

2037 5384 2267 5453 perditio
2310 5383 2534 5448 diaboli,
2582 5384 2910 5436 infernarum
2955 5381 3265 5443 destructio,
3312 5379 3612 5433 caelestium

2035 5477 2390 5542 eontirmatio,
2431 5491 2576 5530 mors
2607 5475 2923 5535 inﬁdelium,
2952 5475 3055 5526 vita
3087 5475 3368 5540 justorutn.
3407 5473 3478 5526 De
3509 5489 3614 5540 quo

2037 5568 2153 5622 loco
2182 5567 2415 5622 Joannes
2461 5563 3063 5632 Constantinopolitaiue
3107 5561 3340 5618 civitatis
3370 5566 3612 5626 antistes,

430 5680 454 5720 ι’
485 5682 609 5738 ilss.
645 5681 806 5749 Aud.,
853 5683 996 5747 Bec.,
1035 5678 1177 5735 Fise.
1203 5688 1262 5735 ct
1301 5677 1462 5746 edit.,
1507 5680 1745 5748 quoniam
1789 5679 2097 5750 miri/iraeir,
