4008 6182
464 215 527 271 st
1696 203 1766 271 it.
1806 198 2086 272 Aunetu
2125 201 2524 270 casswu'on'i

3652 205 3722 271 ἓξ

466 328 619 402 q'ilasi
664 329 978 388 ihtillilaiia‘s
1004 317 1373 386 deiinitionum
1419 329 1604 387 stellas
1649 329 1701 384 in
1744 332 1921 387 crucis
1951 330 2045 386 de-
2078 337 2120 390 Α
2151 341 2329 385 mente
2371 345 2478 384 non
2509 329 2678 401 litigat
2709 343 2724 382 :
2755 327 2852 384 sed
2899 328 2957 383 in
2986 327 3190 382 [tetnini
3239 327 3511 383 beneﬂciis
3543 339 3720 396 perse-

467 423 786 478 etamatione
815 423 1065 492 lampavit
1092 419 1228 494 [sic],
1254 422 1438 478 dicens
1469 439 1482 476 :
1513 421 1652 478 Crux
1680 431 1761 477 est
1787 422 2040 478 Christia-

469 520 657 570 narum
688 530 832 585 spes.
878 515 1020 569 Crux
1053 515 1413 569 llatnanorum
1443 515 1687 582 victoria,
1733 531 1861 572 crux
1893 529 1960 570 m.
1983 533 2038 571 ιιι

468 616 678 660 tuorum
724 605 1067 670 resurrectio,
1115 612 1244 658 erus
1289 612 1549 660 eaccorum
1580 603 1708 670 dux,
1747 622 1882 661 crux
1913 622 2041 662 con-

466 702 740 754 versurum
771 696 874 761 via,
905 710 1033 752 crux
1078 697 1384 751 claudorum
1415 690 1656 764 baculus,
1688 715 1815 753 crux
1849 707 2044 769 paupe-

467 805 583 843 rum
611 787 926 854 consolatio,
959 799 1088 851 etc.,
1121 804 1237 856 qua:
1268 792 1332 844 ah
1360 805 1423 844 eo
1454 790 1503 843 in
1547 790 1686 844 huic
1718 791 1931 846 modum
1959 791 2042 846 di-

468 881 588 934 vina
617 880 960 950 aspiratione
1005 879 1218 948 profusa
1264 891 1408 934 sunt.
1443 881 1580 936 Ecce
1613 899 1732 937 vera
1780 896 1998 937 munera
2023 925 2037 948 ,

467 976 593 1028 ecce
640 975 778 1029 dona
829 977 1132 1044 prmsentia,
1182 976 1374 1048 quibUs
1423 977 1800 1032 maledicorum
1850 978 2042 1046 lingme

467 1065 731 1119 damnatis
775 1065 1016 1121 faucibus
1056 1066 1422 1121 obstruuntur.
1469 1065 1593 1122 llaec
1639 1067 1804 1137 ﬁgura
1849 1069 2043 1122 dicitur
2084 1129 2086 1132 .

471 1159 657 1213 Grmce
687 1158 886 1226 pensis,
920 1158 1105 1214 Latine
1133 1168 1308 1214 autem
1341 1160 1724 1228 pertuttctatin,
1755 1159 1843 1214 ubi
1885 1169 1938 1214 et
1965 1160 2044 1213 in-

469 1243 757 1318 terrogatio
789 1248 867 1317 lit,
898 1257 952 1303 ct
995 1250 1270 1318 responsio
1313 1256 1490 1317 parata
1537 1249 1898 1318 subsequitUr.
1931 1249 2043 1302 Ad-

464 1335 593 1410 iecit
625 1357 638 1397 ε
673 1328 866 1394 Lumen
893 1339 1058 1394 salius
1085 1343 1180 1404 tui,
1212 1337 1449 1396 Domine.
1482 1341 1536 1395 ltt
1565 1341 1739 1395 crucis
1768 1341 1908 1397 enim
1949 1341 2045 1394 im-

473 1430 770 1497 pressione,
815 1428 983 1484 lunia:
1013 1439 1092 1484 est
1121 1431 1286 1484 vultus
1319 1432 1410 1486 Dei
1447 1448 1459 1484 :
1493 1431 1610 1500 quia
1642 1445 1853 1501 semper
1885 1433 1932 1483 in
1965 1432 2044 1487 eis

472 1525 708 1578 noscitur
738 1524 964 1588 radiare,
997 1524 1084 1594 qui
1117 1539 1175 1578 se
1206 1541 1312 1578 non
1342 1525 1513 1594 aliqua
1544 1513 1747 1593 eligunt
1789 1524 2046 1592 pravitate

473 1618 750 1688 polluere,
800 1618 937 1672 sicut
981 1617 1108 1672 dicit
1157 1616 1490 1685 Apostolus:
1527 1616 1698 1670 Nolite
1747 1618 2048 1671 contristare

2153 434 2346 474 vernus
2372 434 2579 475 amoena
2610 418 2992 487 tranquillitate
3019 418 3325 488 perfruitur.
3358 418 3433 474 De
3460 419 3572 488 ipsa
3594 417 3721 473 dicit

2119 513 2404 567 Dominus
2434 513 2485 566 itt
2511 511 2798 581 Evangelio
2829 527 2842 563 :
2877 509 3063 564 Pacem
3090 525 3250 562 meam
3277 511 3341 563 do
3367 507 3529 575 vobis,
3553 523 3724 577 pacem

2144 620 2304 657 nteant
2334 604 2563 670 relinquo
2605 603 2741 656 vobis
2790 600 2967 670 (Joan.
3000 617 3109 666 xiv,
3139 601 3256 671 27,).
3307 601 3409 657 Sed
3443 617 3508 656 ne
3539 617 3720 672 pacem

2145 693 2300 745 istam
2336 693 2684 762 temporalem
2715 684 2952 762 putares,
2981 691 3182 764 addidit
3214 706 3228 742 :
3261 687 3326 744 In
3358 691 3581 757 idipsum
3603 693 3724 745 dor-

2146 785 2299 835 miam
2325 793 2370 836 et
2398 783 2733 853 requiescam.
2764 783 2831 834 In
2858 782 3077 852 idipsum
3122 781 3316 850 quippe
3343 781 3554 847 dicitur,
3584 772 3720 852 quod

2147 875 2287 928 nulla
2323 887 2500 929 rerum
2530 875 2894 930 vicissitudine
2919 879 3312 940 Commutatur;
3343 874 3436 928 sed
3467 875 3638 944 ipsum
3669 875 3720 930 in

2145 980 2206 1019 se
2252 977 2572 1038 permanens
2615 965 3036 1020 incommutabili
3084 965 3414 1033 perennitate
3457 966 3720 1021 consistit.

2147 1056 2434 1124 Dormiam,
2483 1057 2642 1112 linem
2674 1058 2799 1112 vita:
2830 1058 2942 1111 vult
2985 1057 3237 1126 intelligi;
3271 1059 3599 1128 requiescam,
3645 1060 3724 1114 fu-

2146 1154 2316 1200 turam
2343 1145 2724 1200 beatitudinetn
2749 1146 2985 1200 indicare
3005 1157 3354 1212 monstratur,
3378 1147 3590 1217 quando
3611 1147 3719 1218 jam

2145 1235 2362 1303 requies
2392 1234 2610 1290 dabitur
2653 1235 2874 1300 sanctis,
2904 1245 2954 1290 et
2986 1236 3215 1305 gloriosa
3246 1237 3512 1305 pausatio.
3542 1238 3726 1306 ecqui-

2148 1331 2234 1374 tur
2279 1335 2437 1377 causa
2468 1335 2636 1392 quare
2681 1325 3026 1395 requiescat:
3065 1324 3321 1391 Quoniam
3371 1333 3444 1390 tu,
3493 1326 3721 1390 Domine,

2145 1411 2476 1483 singulariter
2504 1414 2560 1466 in
2603 1430 2695 1481 spe
2739 1413 3046 1468 constituisti
3095 1429 3193 1468 me.
3225 1413 3520 1484 Singularis
3551 1415 3725 1486 itaque

2147 1520 2272 1572 apes
2299 1508 2379 1562 est
2411 1507 2664 1563 Ecclesia:
2695 1505 2800 1577 24.
2828 1506 2879 1560 in
2906 1506 3158 1560 membris
3187 1506 3315 1570 suis,
3349 1507 3469 1574 quia
3502 1508 3609 1560 solt
3641 1523 3725 1561 rea

2148 1597 2309 1667 cipiat
2335 1610 2555 1668 regnum
2589 1598 2708 1663 Dei,
2739 1596 2879 1666 quod
2910 1595 3212 1666 Babyloniae
3252 1598 3472 1664 populus
3502 1611 3604 1649 non
3637 1613 3725 1664 po-

471 1697 725 1774 Spiritum
753 1719 984 1784 sanctum
1013 1695 1129 1773 Dei,
1161 1711 1211 1762 in
1240 1727 1338 1778 quo
1381 1710 1567 1780 signati
1607 1711 1724 1762 estis
1756 1710 1805 1762 in
1850 1711 1930 1763 die
1959 1725 2043 1762 re-

2153 1697 2256 1743 test
2278 1690 2524 1758 adipisci.
2553 1690 2760 1744 Etcum
2791 1688 2958 1744 dicit:
2991 1686 3307 1742 Constituisti
3338 1705 3436 1753 me,
3467 1689 3723 1759 siguilieat

471 1797 774 1867 demptionis
822 1798 1033 1869 (Ephcs.
1070 1815 1118 1852 tv
1144 1840 1157 1862 ,
1209 1798 1316 1866 50).
1351 1798 1486 1866 Quid
1533 1798 1674 1852 enim
1718 1798 1918 1853 alliciat
1945 1799 2044 1852 ista

476 1893 626 1955 crux,
660 1889 709 1942 in
755 1887 861 1942 alio
893 1888 1009 1942 loco
1039 1888 1322 1956 Apostolus
1355 1887 1571 1957 pulchra
1605 1887 1861 1942 brevitate
1900 1904 2047 1943 com-

471 1983 664 2051 plexos
708 1987 808 2043 est,
839 1981 1063 2034 dicens:
1104 1979 1323 2033 Vtrbum
1349 1981 1483 2032 enim
1527 1981 1691 2033 crucis
1727 1979 2046 2051 pereuntibus

471 2074 676 2144 quidem
703 2074 920 2127 stultitia
965 2080 1071 2137 est;
1100 2071 1180 2125 his
1217 2082 1383 2125 autem
1411 2072 1499 2142 qui
1540 2071 1665 2126 salvi
1709 2073 1856 2140 ﬁunt,
1891 2073 2048 2124 virtus

473 2161 572 2221 Dei
615 2175 685 2220 est
719 2163 769 2235 (1
800 2162 916 2217 Cor.
949 2177 989 2229 t,
1041 2162 1150 2233 18).
1184 2162 1517 2230 Quapropter
1556 2177 1714 2216 voces
1761 2163 2047 2231 sacrilegas

473 2269 808 2330 respuamtts.
841 2257 1026 2328 Magna
1058 2266 1110 2310 ct
1136 2253 1489 2325 competentia
1519 2262 1644 2309 sunt
1671 2255 1805 2308 dona
1835 2253 2044 2307 Domini

471 2352 656 2406 contra
691 2349 980 2419 principem
1015 2349 1351 2402 tenebrarum
1378 2388 1391 2412 ,
1449 2347 1624 2400 lumen
1673 2345 1825 2400 nobis
1856 2345 2046 2399 adesse

470 2441 816 2497 dominicum.

542 2531 693 2587 Vers.
723 2532 776 2586 7.
806 2527 1003 2585 Dedisti
1032 2530 1259 2584 la'titiaut
1288 2531 1340 2583 in
1367 2531 1516 2584 corde
1541 2545 1650 2583 mea
1669 2547 1687 2582 :
1720 2546 1750 2582 η
1781 2528 1932 2600 [nisu
1956 2529 2042 2592 A.,

475 2617 557 2688 ἢ,
584 2622 668 2687 l".,
687 2619 759 2692 in]
775 2631 997 2688 tempore
1014 2621 1276 2689 frumenti,
1297 2621 1418 2686 vini,
1440 2629 1486 2674 et
1511 2621 1702 2675 oleisui
1724 2621 2046 2688 multiplicati

471 2721 609 2770 sunt.
627 2715 814 2769 Adhuc
833 2714 1087 2770 beneficia
1106 2724 1350 2768 numerat
1369 2729 1486 2782 qua:
1505 2714 1882 2782 possideattlln
1901 2712 2046 2765 ist7a-

473 2810 550 2864 ni.
567 2809 679 2863 Non
706 2809 846 2864 enin
869 2809 1020 2861 istam
1044 2809 1277 2862 laetitiam
1300 2807 1429 2860 dicit
1450 2821 1606 2878 quam
1625 2806 1882 2860 caehinno
1902 2808 2044 2860 vocis

473 2901 860 2972 exprimimus;
892 2900 989 2955 sed
1035 2901 1270 2954 laetitTatn
1312 2911 1470 2955 recta:
1515 2899 1656 2966 lidei,
1688 2913 1844 2967 quam
1891 2899 2043 2952 bona:

474 2994 814 3050 conscientiae
843 3004 1093 3062 praestare
1123 2993 1374 3047 Dominus
1401 2992 1695 3046 consuevit.
1729 2992 1874 3046 'l‘unc
1901 2992 2040 3044 enim

2147 1782 2364 1849 dignam
2395 1782 2854 1851 deliberatumque
2882 1781 3223 1843 sententiam,
3250 1795 3407 1849 quam
3450 1780 3533 1834 hic
3563 1782 3724 1835 hahe-

2143 1885 2266 1927 ‘ntns
2299 1873 2350 1927 iu
2381 1889 2497 1942 spe,
2533 1872 2601 1927 ibi
2632 1882 2808 1926 autem
2840 1870 3145 1938 possidetur
3169 1869 3221 1923 in
3249 1886 3326 1925 re.
3357 1870 3458 1925 Sed
3494 1880 3618 1925 tunc.
3644 1885 3725 1922 res

2148 1981 2274 2020 vera
2299 1965 2426 2020 illud
2467 1979 2658 2020 munus
2679 1965 2877 2034 quietis
2911 1961 3255 2027 merebimur,
3283 1964 3328 2016 sl
3358 1963 3456 2016 hac
3480 1962 3592 2017 ﬁeri
3623 1960 3724 2016 Du-

2149 2058 2274 2111 miui
2302 2057 2574 2125 juvamiue
2602 2054 2956 2110 conﬁdamus.

2687 2160 2958 2222 Conclusio
2989 2167 3190 2236 psalmi.

2219 2269 2452 2334 Decurso
2508 2278 2668 2348 igitur
2720 2289 2972 2331 maternae
3029 2275 3421 2346 pricdicationis
3472 2262 3720 2344 eloquio,

2148 2371 2554 2426 consideremus
2583 2369 2773 2423 cantici
2809 2368 2966 2438 hujus
2998 2368 3252 2437 peneipia
3280 2409 3294 2434 ,
3329 2366 3498 2421 media
3524 2407 3538 2431 ,
3587 2376 3639 2420 et
3667 2368 3722 2419 li-

2151 2479 2295 2534 nem,
2327 2473 2380 2518 ct
2426 2463 2775 2518 intentionem
2810 2462 2940 2516 tanti
2987 2462 3226 2534 mysterii
3272 2459 3723 2515 reverendissimis

2149 2553 2575 2624 indagationibus
2627 2553 2946 2609 invenimus.
2998 2553 3088 2610 Sit:
3131 2555 3273 2606 enim
3321 2553 3505 2621 psalmi
3554 2553 3722 2605 virtus

2147 2645 2473 2719 agnoscitur,
2499 2645 2543 2700 si
2573 2645 2974 2701 circumstantia
2995 2645 3241 2700 dictionis
3273 2646 3361 2698 tali
3391 2646 3575 2699 ordine
3597 2655 3719 2712 per--

2148 2742 2337 2810 quisita
2373 2746 2646 2793 tractetur.
2671 2739 2854 2793 Primo
2881 2752 3038 2792 versu
3069 2736 3310 2792 exaudiri
3342 2752 3402 2790 se
3433 2752 3526 2803 pro
3553 2753 3720 2790 mem-

2149 2833 2260 2887 bris
2305 2833 2632 2906 suis’sancta
2677 2829 2916 2884 exoravit
2943 2827 3216 2892 Ecclesia;
3247 2837 3298 2881 et
3345 2835 3403 2880 ut
3431 2826 3546 2897 tjllS
3573 2827 3722 2880 audi-

2151 2935 2298 2977 retur
2325 2923 2519 2988 oratio,
2571 2920 2857 2975 humanum
2886 2935 3053 2990 genus
3092 2919 3385 2984 admonuit,
3418 2928 3473 2972 ut
3503 2918 3568 2972 ab
3611 2917 3724 2971 ido-

2148 3011 2317 3064 lorum
2377 3010 2714 3065 veneratione
2776 3011 3072 3065 discederet
3117 3028 3131 3063 :
3185 3011 3360 3065 sciens
3412 3025 3469 3063 se
3528 3009 3721 3064 habere

477 3088 737 3143 ieraciter
771 3087 1033 3151 laetamur,
1063 3085 1273 3154 quando
1300 3093 1353 3137 et
1382 3093 1524 3137 recte
1549 3082 1834 3149 credimus,
1871 3093 1920 3136 et
1949 3081 2036 3136 atl-

2151 3102 2427 3155 Dotuiuutn
2441 3100 2790 3169 Silvatoretn,
2807 3101 2888 3154 cui
2910 3100 3021 3154 lucc
3045 3103 3298 3155 veraciter
3315 3101 3514 3154 cultura
3533 3100 3726 3154 debea-

472 3179 673 3248 jittorio
702 3179 935 3239 Domini,
980 3176 1243 3240 probabili
1275 3190 1370 3229 nos
1413 3178 1812 3230 conversatione
1854 3185 2047 3229 tra-ta-

480 3277 619 3328 mus.
653 3272 837 3327 Brevis
878 3281 1097 3333 sermo,
1141 3269 1236 3324 sed
1281 3269 1514 3338 perfecta
1559 3270 1876 3338 complexio.
1908 3271 2044 3336 Quid

479 3365 620 3418 enim
669 3363 894 3432 amplius
924 3378 950 3414 a
981 3359 1341 3416 dubitantibus
1381 3359 1634 3428 qumritur
1656 3400 1672 3426 ,
1718 3375 1874 3428 quam
1905 3360 2044 3429 quod

473 3447 526 3508 ei
554 3454 707 3523 signo
736 3453 909 3508 crucis
939 3451 1066 3521 [tegi
1108 3461 1290 3506 nostro
1317 3451 1544 3504 militare
1574 3451 1964 3519 cognoscimnr,
1993 3455 2048 3504 et

472 3551 543 3602 'de
586 3545 816 3614 perfecta
850 3544 952 3600 lide
991 3544 1212 3597 Domino
1259 3551 1542 3614 pra'stante
1589 3543 1920 3611 gaudemus?
1951 3544 2046 3597 Sc.-

471 3640 654 3709 quittir
683 3658 696 3693 :
728 3639 772 3692 Α
803 3646 1027 3708 trmpore
1063 3637 1306 3706 frumenti
1331 3680 1342 3702 ,
1378 3637 1478 3690 vini
1507 3644 1553 3688 et
1596 3635 1694 3689 olei
1723 3637 1802 3690 sui
1828 3677 1842 3701 ,
1872 3636 2046 3689 multi-

475 3734 654 3804 plicati
681 3737 815 3790 sunt.
849 3732 1004 3787 lb-dit
1030 3732 1097 3787 ad
1142 3747 1235 3786 eos
1277 3731 1366 3800 qui
1394 3731 1552 3786 rebus
1595 3730 1898 3784 carnalibus
1929 3745 2048 3797 pro-

483 3826 673 3882 bantur
698 3824 907 3880 intenti.
949 3823 1056 3878 Nec
1087 3831 1272 3886 vacat,
1304 3821 1443 3890 quod
1475 3823 1556 3876 his
1585 3821 1753 3876 tribus
1778 3861 1792 3884 ,
1840 3819 1892 3874 id
1923 3830 2006 3875 est
2030 3859 2046 3885 ,

470 3916 713 3984 frumenti
737 3959 752 3985 ,
803 3915 904 3969 uini
942 3926 986 3968 et
1030 3915 1127 3968 olei
1149 3957 1165 3980 ,
1192 3912 1426 3968 additum
1454 3923 1537 3967 est
1572 3913 1669 3966 sui.
1701 3911 1789 3964 Est
1823 3913 1964 3966 enim
1997 3922 2048 3964 et

475 4004 685 4064 Domini
727 4010 872 4077 panis
911 4008 1048 4062 virus
1077 4007 1162 4077 qui
1189 4008 1250 4060 de
1277 4006 1400 4060 cmlo
1440 4005 1692 4059 descendit
1723 4001 1916 4072 (Jonn.
1957 4019 2003 4056 γι
2029 4043 2044 4068 ,

470 4101 540 4155 ιρι).
562 4102 602 4170 ).
655 4102 831 4156 Estet
873 4101 1052 4156 vinum
1087 4114 1102 4154 :
1139 4097 1386 4152 Paculam
1430 4107 1571 4152 tuum
1613 4098 1866 4151 inebrians
1894 4112 2045 4167 quam

473 4196 776 4264 praeclarum
807 4204 880 4248 est
911 4193 1081 4265 (Psal.
1116 4194 1243 4257 risu,
1277 4193 1353 4262 5)!
1392 4193 1481 4248 Est
1511 4204 1565 4246 et
1593 4194 1766 4246 oleum
1802 4209 1814 4243 :
1850 4190 2050 4259 Impia-

468 4289 638 4354 'gnastt'
668 4287 718 4338 in
749 4288 858 4339 oleo
888 4294 1041 4352 caput
1067 4284 1252 4338 meum.
1287 4284 1426 4351 Ergo
1457 4284 1555 4338 ista
1587 4284 1676 4337 Dei
1718 4298 1820 4337 non
1855 4285 1936 4335 hat
1957 4291 2047 4336 cut

471 4380 783 4444 peccatores
815 4391 829 4426 :
862 4374 955 4429 sed
981 4387 1096 4436 sua,
1130 4373 1181 4426 id
1211 4383 1289 4426 est
1319 4383 1550 4437 terrena,
1581 4374 1719 4428 unde
1747 4389 1938 4438 corpus
1971 4374 2046 4425 vi-

2149 3200 2251 3244 tur.
2286 3190 2489 3244 Deinde
2519 3191 2793 3258 populum,
2827 3191 3272 3257 quemadmodum
3304 3189 3606 3244 sacriﬁcare
3632 3188 3724 3242 de-

2147 3283 2374 3347 buisset,
2415 3280 2664 3335 instruxit
2694 3298 2706 3333 :
2740 3281 2861 3350 quid
2890 3281 3050 3336 etiam
3085 3282 3410 3351 blasphemis
3438 3282 3726 3349 responde-

2146 3385 2292 3428 retur
2318 3373 2610 3428 admonuit.
2666 3369 2794 3426 Post
2818 3374 3138 3443 singularem
3169 3373 3547 3427 beatitudinem
3571 3372 3723 3438 dixit,

2149 3488 2306 3540 quam
2339 3471 2538 3526 sanctis
2572 3472 2682 3524 suis
2715 3470 2973 3523 Dominus
3017 3470 3403 3538 compromisit.
3435 3469 3523 3522 Sic
3566 3467 3725 3522 totius

2148 3563 2468 3617 Christianae
2495 3561 2788 3629 disciplina:
2823 3561 3082 3614 institutio
3113 3573 3292 3614 sancta
3321 3559 3579 3628 completa
3611 3569 3724 3623 est;

2150 3665 2207 3708 ut
2235 3666 2285 3708 ct
2314 3655 2438 3724 quid
2469 3662 2690 3723 agerent
2732 3653 2997 3720 homines,
3038 3665 3085 3706 et
3119 3653 3243 3721 quid
3275 3667 3488 3720 sperare
3515 3651 3728 3705 debuis-

2153 3759 2294 3810 sent,
2328 3748 2602 3799 evidenter
2643 3756 3014 3814 agnoscerent.
3049 3743 3310 3797 Adnunet
3350 3744 3506 3797 ctiam
3541 3755 3728 3796 nume-

2152 3853 2242 3890 rus
2275 3839 2374 3891 iste
2404 3839 2776 3904 quater-uarius
2807 3845 2862 3888 ttt
2884 3847 3003 3888 eum
3030 3834 3228 3888 mundo
3257 3835 3598 3902 praedicatum
3623 3833 3732 3887 vir-

2152 3938 2262 3982 tute
2292 3926 2594 3996 evangelica
2627 3928 2940 3981 sentiamus.
2973 3925 3277 3995 Congruum
3315 3925 3573 3993 siquidem
3608 3925 3728 3991 fuit,

2151 4027 2209 4071 ut
2249 4028 2472 4072 cunctus
2506 4027 2764 4072 terrarum
2807 4017 3056 4082 ambitus,
3093 4017 3144 4070 in
3176 4026 3402 4086 quatuor
3427 4015 3732 4070 cardinilms

2150 4109 2489 4169 Constittttns,
2514 4108 2726 4161 salutari
2751 4107 2975 4160 Domino
3003 4107 3222 4161 credere
3239 4113 3577 4168 moneretur;
3602 4121 3736 4174 qua-

2153 4211 2308 4254 tvnus
2339 4200 2403 4255 de
2431 4199 2653 4253 diversis
2682 4199 2930 4268 gentibus
2956 4199 3234 4262 advocata,
3263 4207 3366 4251 una
3400 4200 3549 4253 fieret
3572 4199 3736 4252 tutius

2150 4291 2294 4344 orbis
2333 4289 2593 4342 Ecclesia.
2644 4287 2775 4341 Nam
2825 4297 2876 4341 et
2921 4296 3147 4356 quatuor
3195 4288 3520 4355 temporibus
3557 4303 3735 4343 annos

2151 4379 2265 4447 ipse
2301 4379 2688 4448 distinguitur;
2721 4386 2946 4447 quatuor
2974 4379 3143 4431 ventis
3185 4377 3537 4432 card‘nalibns
3570 4381 3735 4432 totius

474 4479 582 4533 vat,
615 4483 719 4522 non
750 4467 924 4521 anima
955 4465 1273 4533 perfruatur.
1309 4463 1641 4517 Frumentum
1669 4465 1809 4519 enim
1844 4467 2046 4518 dictum
2076 4445 2125 4505 Ῐ)
2152 4469 2295 4524 orbis
2323 4471 2481 4523 inane
2505 4469 2756 4537 perﬂatur
2778 4483 2792 4532 ;
2816 4477 3042 4537 quatuor
3069 4467 3227 4522 etiam
3255 4468 3537 4522 virtutibus
3563 4469 3731 4524 animi

473 4580 500 4613 ει
535 4560 780 4624 frumine,
814 4559 864 4613 id
894 4566 975 4614 est
1005 4566 1034 4612 a
1064 4573 1268 4612 summa
1305 4566 1453 4626 parte
1478 4559 1646 4626 gula);
1680 4561 1878 4629 antiqui
1905 4562 2046 4614 enim

469 4663 633 4722 caput
667 4652 805 4722 gula:
851 4652 1057 4706 f'rumcn
1085 4651 1360 4706 vocabant.
1394 4650 1724 4722 Multiplicati
1765 4662 1880 4704 sunt
1907 4653 2047 4705 enim

471 4745 718 4811 pessiqu
747 4743 973 4805 aclibus,
996 4741 1046 4795 id
1077 4751 1177 4806 est,
1199 4741 1464 4796 nmndaua
1496 4744 1764 4795 vninntate
1796 4743 2051 4815 ['ed.,.vo-

473 4830 694 4904 iuptate]
723 4833 994 4900 completi.
1025 4830 1136 4886 lloc
1177 4842 1260 4887 eat
1297 4834 1438 4886 enim
1465 4833 1603 4901 quod
1652 4835 1700 4885 in
1738 4833 2050 4900 praifatfone

467 4924 726 4987 diximus,
769 4923 819 4975 iu
861 4937 966 4976 uno
994 4930 1242 4977 sermone
1272 4922 1584 4993 plerumque
1613 4932 1798 4975 causas
1829 4922 2047 4990 profun-

465 5012 716 5087 dissimas
739 5010 978 5077 indicari,
1004 5020 1063 5065 ut
1081 5018 1164 5065 est
1185 5009 1270 5065 hie
1295 5011 1546 5078 positum,
1570 5011 1670 5066 sui.

537 5100 694 5158 Ve‘rs.
729 5103 779 5156 8.
833 5101 898 5155 In
929 5115 1054 5171 pace
1102 5102 1156 5156 in
1207 5104 1430 5172 idipst‘tm
1457 5102 1707 5156 dormiant
1753 5113 1800 5154 et
1848 5104 2042 5170 requie-

465 5193 624 5248 scam.
661 5191 914 5260 Quoniam
943 5201 997 5248 tu
1021 5236 1036 5260 ,
1073 5193 1289 5249 Domine
1309 5233 1324 5259 ,
1357 5195 1592 5266 singular
1605 5197 1690 5247 ’τεν
1727 5195 1781 5248 in
1811 5211 1902 5261 spe
1931 5211 2046 5248 con-

459 5288 666 5341 stituisti
697 5303 795 5342 me.
823 5285 1020 5340 Contra
1067 5287 1330 5342 humanos
1375 5288 1632 5343 tumultus
1661 5291 1717 5341 et
1763 5287 2042 5341 felicitates

458 5377 692 5433 caducas
712 5417 730 5446 ,
776 5380 910 5450 Quas
942 5376 1169 5433 mundus
1212 5377 1512 5432 aestimabat
1540 5390 1660 5433 esse
1706 5376 1998 5448 prtecipuas
2020 5416 2037 5441 ,

463 5469 823 5539 pulcherrime
854 5475 1036 5539 pacem
1065 5469 1244 5524 cordis
1271 5468 1490 5539 objecit,
1521 5475 1678 5538 quam
1713 5471 1910 5524 habere
1935 5486 2038 5524 non

463 5567 691 5631 possunt
710 5586 728 5628 -,
779 5565 870 5632 qui
911 5562 1252 5618 saecularibus
1281 5563 1489 5617 actibus
1534 5563 1892 5631 implicantur.
1926 5559 2044 5617 Pus:

457 5653 608 5708 enim
633 5655 732 5709 ista
761 5654 920 5710 habet
941 5645 1428 5725 tranquillissimam
1452 5657 1631 5723 vitam,
1660 5671 1776 5726 qua:
1805 5671 1923 5713 cum
1947 5670 2038 5712 sua

2153 4562 2381 4630 dignitas
2408 4570 2764 4628 coiuparatur,
2800 4561 2849 4613 id
2881 4569 2982 4621 est,
3026 4559 3324 4627 prudentia,
3357 4558 3578 4626 iustitia,
3622 4560 3735 4612 tor-

2156 4655 2402 4720 titudiue,
2432 4663 2485 4709 et
2513 4654 2884 4724 temperantia.
2909 4654 3078 4721 Quem
3100 4652 3360 4707 calculum
3392 4651 3733 4722 Pythagorici

2155 4756 2296 4798 tanta
2324 4745 2478 4799 laude
2508 4747 2777 4813 prosecuti
2804 4753 2945 4806 sunt,
2978 4757 3031 4796 ut
3061 4758 3182 4797 cum
3219 4755 3426 4795 sacrum
3453 4755 3571 4796 esse
3597 4741 3736 4797 fate-

2154 4851 2354 4896 reu‘ur.

2473 4922 2833 4982 EXPOSITIO
2873 4925 2936 4979 ΙΝ
2981 4923 3300 4979 PSALMUM
3345 4925 3404 4977 V.

2152 5045 2217 5098 In
2247 5047 2397 5116 ﬁnem
2428 5062 2519 5117 pro
2548 5061 2608 5098 ca
2635 5061 2748 5113 quin
2777 5043 3120 5117 Ita’rrditutem
3150 5041 3472 5108 consequitur
3503 5039 3735 5106 psittacus

2848 5113 3035 5166 David.

2225 5225 2398 5288 tjuare
2441 5228 2668 5291 ponatur
2694 5223 2746 5275 in
2777 5221 2949 5291 ﬁnem,
3000 5221 3281 5289 superiore
3311 5218 3514 5289 psalmo
3559 5223 3737 5285 nuper

2151 5316 2382 5368 edictum
2409 5324 2508 5368 est.
2538 5313 2728 5370 Prom:
2758 5328 2887 5368 vero
2927 5325 3042 5384 qua?
3079 5314 3427 5367 hrcreditatem
3465 5311 3738 5379 consequi-

2151 5409 2254 5466 tur,
2283 5405 2572 5458 Ecclesium
2596 5405 2879 5472 signiﬁcat.
2903 5404 3057 5475 cujus
3081 5411 3304 5473 persona
3329 5405 3378 5457 in
3405 5405 3502 5456 hoc
3523 5405 3736 5470 psalmo

2151 5494 2505 5548 introducitur
2532 5495 2597 5548 ad
2643 5494 2988 5564 loquendum.
3023 5491 3147 5548 llzrc
3193 5495 3328 5550 bona
3361 5495 3565 5551 Domini
3611 5497 3736 5553 Sal-

2151 5587 2352 5640 vatoris
2379 5587 2488 5640 adit
2509 5600 2572 5640 ac
2601 5586 2855 5656 possidet.
2885 5585 3260 5640 llmrcditatem
3283 5602 3411 5640 vero
3439 5587 3558 5641 ideo
3577 5586 3730 5658 [πω.

2149 5693 2182 5736 a
2216 5677 2346 5754 Dee]
2374 5679 2631 5749 consequi
2663 5678 2855 5736 dicitur
2883 5706 2900 5748 δ
2933 5679 3054 5750 quia
3083 5678 3298 5735 Christo
3325 5690 3632 5750 resurgcut'e
3657 5679 3733 5736 ad
