4008 6182
206 336 268 393 55
1167 325 1526 386 EXPOSITIO
1564 325 1628 382 lN
1669 320 1810 381 PSA!

1915 315 2126 376 iRlUM.
2169 317 2358 374 PSAL.
2400 314 2465 373 V'.
3397 308 3461 361 54

208 465 314 503 eam
343 447 482 500 bona
511 444 803 514 spiritualia
836 452 1231 515 pervenerunt;
1266 443 1317 497 id
1349 452 1451 507 est,
1485 441 1604 496 lidei
1638 441 1785 496 insu-
1814 441 1861 499 Α
1894 451 2010 491 rum
2038 447 2228 490 sensus
2271 433 2401 488 istos
2427 431 2719 495 discernit,
2767 426 3005 483 sed’una"
3038 425 3233 480 virtute
3279 433 3466 479 cuneta

210 540 436 609 perabile
464 537 889 604 fundamentum,
932 537 1043 608 Spei
1075 537 1431 592 certissimum
1473 533 1778 605 praimium,

207 645 363 686 suave
392 630 667 684 vinculum
686 629 986 696 cbaritatis,
1017 638 1120 684 ete.
1148 645 1161 681 :
1186 642 1408 696 quarum
1441 641 1618 681 rerum
1643 623 1782 678 nunc

211 731 343 776 tenet
373 722 655 791 imagines,
680 732 735 776 et
756 722 808 775 in
838 719 1014 774 futuro
1041 730 1122 775 est
1144 717 1450 789 perenniter
1477 731 1782 788 posscssura

210 813 454 867 virtutes.
486 813 566 867 De
611 827 716 883 qua
764 811 1076 867 bmreditale
1121 811 1175 866 in
1208 809 1496 879 Evangelio
1542 807 1782 863 dicitur:

213 901 349 955 Beati
377 903 525 956 mites
549 941 565 967 ,
594 904 716 970 quia
761 903 860 972 ipsi
909 901 1204 956 ba‘redirate
1247 900 1570 968 possidebunt
1601 908 1786 950 terram

215 992 426 1061 (.llatth.
460 1009 512 1059 γ,
562 993 640 1062 4).
668 993 899 1067 Rursum
930 993 1168 1049 Ecclesia
1195 993 1402 1048 Domini
1437 1007 1656 1046 voca'ur
1682 992 1787 1044 Inc-

217 1087 433 1150 reditas,
460 1085 600 1139 sicut
643 1085 696 1139 in
727 1085 965 1139 secundo
995 1094 1200 1155 psalmo
1233 1085 1430 1139 dictum
1461 1091 1580 1138 est:
1612 1081 1730 1135 Pete
1759 1098 1790 1134 a

219 1191 303 1239 me,
328 1187 378 1228 et
402 1174 537 1226 dabo
559 1175 649 1227 tibi
685 1184 853 1244 gentes
884 1175 1229 1228 [nereditatem
1259 1182 1418 1242 tuam,
1444 1183 1491 1228 et
1520 1173 1792 1242 possessio-

220 1283 322 1318 nem
342 1283 496 1322 etiam
528 1269 769 1320 terminos
791 1275 939 1320 terra:
961 1264 1127 1337 (Psal.
1155 1282 1213 1332 tt,
1238 1266 1314 1335 8).
1345 1266 1471 1331 Qum
1495 1265 1683 1319 merito
1715 1265 1794 1333 ip-

221 1357 320 1409 sius
348 1357 636 1410 lizercditas
659 1356 870 1420 dicitur,
914 1355 1065 1424 cujus
1095 1357 1329 1423 pretioso
1370 1356 1623 1424 sanguine
1650 1370 1797 1408 cout-

223 1458 394 1515 parata
421 1457 768 1501 tttOttS!r:tlttr.
799 1447 949 1514 Quod
982 1462 1083 1501 non
1116 1455 1270 1517 putes
1290 1462 1408 1502 ese
1428 1447 1750 1501 contrarium
1777 1488 1792 1514 ,

225 1542 334 1607 quia
360 1541 482 1594 licet
509 1541 560 1592 iu
582 1539 875 1608 Scripturis
901 1540 1095 1594 divinis
1119 1539 1324 1594 diversa
1350 1554 1470 1594 esse
1494 1540 1796 1603 videantur,

226 1636 270 1687 in
299 1649 460 1686 unam
493 1643 673 1688 tamen
716 1635 1079 1704 intelligentia:
1117 1635 1454 1689 concordiam
1493 1636 1800 1688 Veritatem-

227 1741 320 1792 que
349 1726 696 1779 conveniunt.
745 1726 1008 1781 Psalmum
1041 1743 1166 1781 vero
1205 1737 1258 1780 et
1298 1728 1394 1794 ipsi
1428 1727 1591 1781 David
1618 1770 1632 1790 ,
1666 1729 1802 1781 sicut

1889 529 2113 599 peragit.
2141 526 2239 581 llle
2265 526 2405 580 enim
2428 539 2547 593 qua:
2569 538 2597 575 a
2620 521 2772 575 nobis
2797 518 3062 582 videntur,
3087 515 3252 577 audit;
3277 523 3330 568 et
3355 529 3470 582 qua:

1887 637 1916 674 a
1945 621 2096 674 nobis
2126 615 2432 681 audiuntur,
2461 614 2636 678 videt;
2678 619 2733 666 et
2757 623 2873 680 qua:
2902 623 2930 663 a
2959 607 3118 663 nobis
3147 607 3471 675 cogitantur,

1893 712 2034 765 intro
2079 710 2325 778 inspicit;
2356 722 2456 762 nec
2499 717 2581 762 est
2607 703 2921 774 quidquam,
2953 699 3092 771 quod
3121 698 3238 769 eju’s
3281 697 3469 752 lumini

1892 817 1950 858 se
1983 803 2151 872 possit
2188 800 2539 855 abscondere.
2570 798 2681 852 lloc
2715 797 2935 850 schema
2959 793 3156 847 dicitur
3181 790 3471 856 metabole,

1895 893 1944 948 id
1971 904 2051 947 εει
2079 893 2287 948 iteratio
2311 892 2467 945 unius
2489 890 2564 945 rei
2593 889 2692 944 sub
2715 885 2973 942 varietate
2998 883 3312 938 verborum:
3335 882 3472 936 trina

1892 984 2033 1038 enim
2053 983 2369 1053 repetitione
2385 996 2545 1035 unum
2569 979 2819 1049 idemque
2835 975 3114 1045 significat.
3136 973 3435 1028 Dixitenim
3462 990 3473 1024 :
3497 987 3503 1003 ·

1900 1075 2068 1130 Verba
2094 1091 2204 1129 mea
2231 1073 2438 1142 auribus
2465 1071 2689 1143 percipe,
2721 1068 2964 1132 Domine;
2991 1064 3183 1120 deinde
3207 1082 3220 1118 :
3252 1064 3479 1132 intellig;

1896 1167 2170 1220 clamorem
2199 1178 2398 1227 meum;
2434 1162 2592 1216 tertio
2621 1177 2637 1215 :
2662 1158 2869 1213 intende
2896 1157 3005 1210 voci
3040 1155 3286 1208 orationis
3314 1167 3470 1209 mete:

1896 1258 2038 1326 quod
2091 1264 2256 1311 totum
2287 1253 2355 1308 ad
2400 1265 2558 1306 unam
2589 1249 2807 1318 respicit
2835 1247 3182 1318 petitionem;
3212 1260 3276 1298 ac
3302 1243 3349 1298 si
3394 1243 3478 1296 di-

1899 1357 2044 1401 ceret
2073 1363 2086 1398 :
2119 1346 2320 1400 Exaudi
2347 1344 2644 1399 orationem
2673 1339 2776 1412 25
2806 1354 3002 1394 meam.
3031 1336 3282 1406 Sequitur
3313 1352 3327 1388 :
3368 1334 3480 1387 Rea:

1901 1456 2035 1491 meus
2058 1478 2078 1501 ,
2109 1449 2153 1491 et
2183 1436 2318 1490 Deus
2356 1452 2491 1488 mens
2521 1450 2539 1487 :
2565 1434 2804 1506 quoniam
2833 1431 2902 1484 ad
2946 1439 2993 1483 te
3019 1427 3172 1482 orabo
3198 1469 3212 1492 ,
3245 1426 3479 1480 Domine.

1903 1528 2086 1583 Merito
2114 1526 2177 1579 ad
2206 1524 2580 1595 inquirendum
2615 1521 2825 1592 aliquos
2853 1532 3166 1590 permovere
3203 1515 3362 1579 solet,
3390 1529 3482 1568 cur

1905 1621 1956 1674 in
2005 1619 2182 1672 medio
2222 1617 2482 1672 versiculo
2538 1621 2690 1675 beata
2737 1618 2976 1674 Ecclesia
3017 1617 3172 1672 tertio
3215 1615 3492 1671 etnlestem

1909 1710 2262 1764 nominaverit
2306 1710 2704 1782 principatum?
2743 1709 2802 1765 Di
2826 1710 2876 1763 il
2905 1709 3047 1763 enim
3080 1723 3096 1761 :
3129 1705 3239 1761 Rea:
3279 1721 3418 1760 meus
3443 1715 3492 1759 et

227 1817 467 1886 superius
508 1818 875 1887 exposuimus,
906 1818 1102 1874 referre
1129 1819 1387 1873 debemus
1414 1819 1478 1873 ad
1520 1819 1796 1873 Dominum

1915 1801 2042 1854 Deus
2073 1817 2233 1864 mc‘u8,
2263 1799 2527 1874 αλᾴῙςὶυιιδ
2559 1820 2570 1856 :
2605 1801 2857 1866 Quoniam
2887 1803 2952 1851 ad
2977 1807 3023 1851 te
3049 1797 3222 1859 orabo,
3255 1797 3488 1850 Domine.

231 1907 521 1963 Cbrismm.

803 2024 878 2078 Di
899 2027 994 2080 isio
1026 2027 1225 2091 psalmi.

293 2130 465 2189 Totus
493 2135 581 2190 hic
622 2139 857 2202 psalmus
898 2151 926 2188 a
970 2151 1196 2204 persona
1229 2136 1502 2190 catholica:
1530 2136 1807 2204 .prolertnr

231 2225 510 2290 Ecclesia,
535 2243 656 2294 qua:
683 2229 852 2296 prima
885 2229 1121 2282 sectione
1147 2226 1438 2281 orationem
1465 2241 1610 2280 suam
1641 2238 1801 2294 poscit

230 2316 438 2384 audiri,
483 2318 768 2372 haereticos
818 2327 870 2372 ct
914 2317 1282 2372 sehismaticos
1330 2319 1621 2386 praedicans
1653 2333 1682 2370 a
1715 2318 1811 2370 Do-

233 2408 358 2461 mini
389 2409 704 2463 muneribus
750 2408 1128 2464 excludendos.
1162 2409 1403 2463 Secunda
1450 2410 1686 2463 sectione
1716 2424 1810 2476 per

234 2499 560 2554 intellectum
587 2499 885 2553 divinarum
911 2500 1302 2566 Scripturaruut
1329 2508 1472 2552 recto
1497 2498 1708 2552 tramite
1732 2500 1817 2556 di-

233 2592 326 2658 rigi
353 2605 413 2644 se
437 2591 504 2642 ad
527 2591 673 2643 illam
699 2589 908 2644 felicem
935 2592 1157 2658 patriam
1181 2591 1359 2643 divino
1384 2604 1601 2644 nunt-re
1622 2590 1816 2658 depre-

231 2694 407 2744 catur,
433 2685 666 2751 perﬁdos
689 2685 811 2737 inde
832 2697 1074 2738 assetens
1097 2683 1208 2738 lieri
1231 2683 1464 2737 funditus
1483 2683 1712 2741 alienos.
1734 2686 1817 2742 Ad

232 2784 560 2842 postremum
602 2789 1030 2829 commemorans
1059 2776 1272 2843 praemia
1297 2776 1592 2840 beatorum,
1629 2789 1684 2834 ut
1713 2795 1815 2834 una

229 2879 264 2933 φ
293 2864 616 2921 ωάίςειίοιεο
640 2879 692 2920 et
722 2867 890 2920 malos
914 2867 1160 2934 prtedicta
1187 2853 1345 2934 paena
1373 2880 1735 2939 converteret,
1765 2881 1818 2926 et

229 2956 404 3024 iustos
435 2959 698 3026 promissa
733 2960 944 3026 pra-mia
977 2959 1326 3012 concitarent.

767 3065 1034 3136 Expositio
1067 3069 1272 3137 pstu'mi.

1909 1892 2013 1946 Sed
2039 1890 2123 1944 his
2164 1889 2343 1949 tr"uus
2384 1893 2623 1963 personis
2652 1907 2755 1944 non
2780 1890 2905 1944 dixit
2949 1888 3243 1952 infundite,
3285 1886 3382 1942 sed
3409 1889 3491 1940 in-

1908 1984 2055 2037 lende
2082 1999 2099 2036 :
2136 1987 2386 2058 quoniam
2409 1983 2645 2039 Ecclesia
2673 1981 2940 2038 catholica
2966 1994 3126 2032 unum
3155 1975 3341 2042 Deum,
3365 1991 3492 2031 san-

1907 2087 2044 2131 ctam
2096 2078 2348 2150 pricdicat
2376 2076 2727 2140 Trinitatem;
2787 2087 2892 2127 non
2940 2081 2995 2125 ut
3039 2069 3301 2126 Sabellius
3347 2082 3488 2121 cou-

1911 2169 1960 2225 l‘u
1975 2191 2054 2240 se,
2085 2173 2178 2229 sed
2205 2171 2454 2228 distincte
2494 2179 2653 2238 atque
2683 2165 2932 2237 perfecte.
2970 2165 3122 2218 Pater
3147 2161 3288 2216 enim
3333 2161 3490 2224 Deus,

1919 2270 2082 2324 ("ilius
2114 2269 2276 2333 Deus,
2318 2265 2548 2335 Spiritus
2575 2271 2789 2317 sanatus
2818 2261 2989 2328 Deus;
3033 2269 3086 2313 et
3112 2258 3284 2312 tamen
3317 2256 3492 2320 Pater,

1917 2370 1970 2414 et
1999 2339 2182 2423 Filius,
2215 2366 2271 2412 et
2309 2356 2539 2424 Spiritus
2583 2363 2799 2409 sanctus
2828 2369 2931 2406 non
2964 2362 3071 2405 tres
3107 2349 3204 2413 dii,
3238 2348 3329 2402 sed
3361 2365 3497 2402 unus

1918 2462 2000 2507 est
2029 2452 2187 2505 Deus.
2233 2449 2373 2504 Nihil
2403 2457 2580 2501 autem
2621 2447 2690 2500 ibi
2719 2444 2946 2514 amplius
2991 2443 3231 2496 minusve
3259 2449 3359 2507 cst,
3395 2439 3495 2493 nisi

1921 2561 1969 2598 ιιι
2001 2543 2194 2598 Ariana
2223 2543 2482 2612 pravitate
2506 2583 2520 2605 ,
2570 2554 2688 2609 qua:
2716 2553 2774 2593 se
2810 2547 2888 2592 tot
2934 2537 3143 2590 sarculis
3171 2534 3344 2588 adhuc
3390 2549 3496 2587 non

1919 2635 2192 2704 cognoscit
2213 2647 2412 2687 errare.
2437 2629 2650 2685 Intuere
2673 2629 2829 2684 etiam
2861 2629 3095 2698 ipsorum
3120 2622 3496 2680 vocabulorum

1922 2725 2215 2780 mirabilem
2245 2723 2718 2793 dispensationem.
2749 2721 2904 2775 Prius
2940 2721 3086 2789 ponit
3133 2720 3322 2788 Regem
3348 2733 3364 2771 :
3394 2721 3497 2785 quo

1923 2818 2134 2872 nomine
2155 2816 2446 2883 Scriptura:
2470 2814 2661 2868 divinm
2687 2814 2988 2881 frequenter
3014 2812 3282 2880 appellant
3314 2809 3494 2863 Domi-

1923 2923 2045 2962 num
2071 2906 2339 2961 Christum
2367 2923 2377 2957 :
2404 2905 2544 2958 hunc
2569 2904 2709 2958 enim
2734 2903 2974 2957 ordinem
3001 2904 3050 2954 in
3078 2900 3361 2969 Evangelio
3383 2899 3496 2968 ipse

1923 3009 2164 3066 testatur,
2204 3013 2324 3053 cum
2370 2997 2538 3051 dicit:
2572 2995 2675 3049 Per
2701 3011 2778 3047 me
2819 2994 2925 3047 itur
2966 2993 3034 3046 ad
3064 2990 3268 3045 Patrem
3315 2992 3495 3062 (.Ioan.

1922 3105 2032 3156 inv,
2060 3090 2138 3160 6).
2168 3088 2365 3144 Deinde
2389 3087 2515 3143 dicit
2546 3087 2753 3141 Patrem
2782 3087 2979 3151 Deum;
3018 3084 3172 3139 tertio
3215 3083 3498 3137 Dominum

304 3175 458 3230 Vera.
498 3176 544 3230 Ι.
582 3175 747 3230 Verba
773 3193 880 3228 mea
908 3178 1114 3229 auribus
1146 3178 1363 3244 percipe,
1401 3180 1636 3244 Domine,-
1666 3183 1812 3234 intel-
1845 3189 1888 3250 (ζ
1921 3182 2174 3250 Spiritum
2197 3189 2462 3235 sanctum.
2491 3178 2590 3234 Ubi
2619 3179 2742 3233 licet
2763 3176 2976 3232 nomina
3001 3182 3215 3245 propter
3244 3189 3500 3242 personas

234 3264 334 3333 lige
355 3266 626 3317 clamorem
652 3282 836 3318 meum.
864 3265 959 3319 Per
984 3267 1200 3334 ligurum
1227 3266 1631 3338 ῐιιγιζὶιινωίίιηι,
1657 3288 1814 3338 quan

233 3356 284 3407 in
311 3365 506 3424 quarto
534 3356 740 3423 psalmo
775 3357 882 3424 jam
913 3357 1162 3419 diximus,
1197 3357 1476 3424 aptissime
1517 3361 1629 3414 lia-c
1659 3361 1817 3414 vei-ha

230 3447 430 3500 dantur
469 3449 755 3512 Ect‘lesite;
789 3460 842 3501 ut
870 3458 1041 3502 amata
1074 3448 1362 3506 Domitium
1403 3462 1692 3520 exspectet,
1724 3468 1812 3506 ac-

233 3540 431 3594 cersita
463 3543 709 3605 lestinet;
738 3559 842 3610 qua
867 3557 999 3596 cans
1027 3541 1210 3597 saeculi
1245 3545 1400 3614 hujus
1440 3546 1700 3615 nequitias
1729 3561 1819 3601 eo-

232 3634 356 3685 dem
397 3631 618 3698 juvante
645 3634 1027 3700 pertrans’eos,
1070 3633 1286 3701 Spoiiso
1315 3653 1412 3690 suo
1442 3637 1771 3690 immaculata
1802 3680 1816 3703 ,

232 3731 287 3775 et
315 3725 433 3778 sine
465 3738 592 3791 ruga
632 3737 843 3792 semper
870 3723 1169 3781 attinerent.
1201 3727 1297 3782 Ubi
1329 3727 1496 3795 prima
1529 3730 1699 3781 l‘ronze
1729 3743 1821 3796 per

234 3825 419 3884 partes
465 3821 617 3872 trinae
645 3819 899 3873 orationis
923 3859 938 3881 ,
971 3819 1147 3877 titius
1175 3823 1450 3876 Trinitatis
1497 3822 1777 3890 erepanitur
1804 3864 1817 3887 ,

233 3911 450 3976 qualem
503 3909 697 3963 ltabrre
741 3920 978 3963 sanctam
1030 3915 1183 3969 decet
1225 3915 1540 3967 Euelesirttt.
1590 3913 1823 3965 Diccnito

230 4004 375 4056 enim
411 4021 423 4054 :
470 4001 628 4056 Verba
653 4019 766 4055 mea
808 4003 1022 4060 auribus
1066 4007 1282 4076 percipe,
1321 4005 1554 4073 Domine,
1591 4004 1699 4058 oris
1743 4003 1822 4058 si-

231 4096 377 4160 gniﬁu
397 4103 453 4146 at
496 4093 869 4162 psalmodiam.
951 4097 1240 4164 Sequitur:
1274 4095 1510 4166 I.-:tellige
1551 4094 1824 4147 clamorem

232 4203 427 4250 meum,
456 4195 514 4238 ut
538 4184 790 4238 affectum
828 4187 1014 4243 cordis
1041 4189 1306 4258 aperiret;
1338 4194 1476 4242 sicut
1515 4199 1566 4241 ct
1595 4189 1826 4257 Aposto-

233 4279 317 4330 lus
343 4280 418 4330 ait
448 4294 463 4328 :
495 4274 638 4330 Misit
662 4275 800 4328 Deus
832 4280 1086 4347 Spiritum
1111 4277 1239 4332 Filii
1262 4281 1341 4332 sui
1367 4280 1420 4331 in
1447 4279 1602 4332 corda
1629 4287 1822 4345 nostra,

230 4371 288 4422 in
332 4385 436 4438 quo
462 4371 765 4432 clamamus.
801 4373 964 4437 Abba,
1013 4371 1168 4424 Pater
1206 4369 1404 4437 (Galat.
1434 4385 1505 4434 tv,
1533 4369 1608 4440 6).
1655 4370 1825 4424 Aures

231 4472 414 4516 autem
442 4460 744 4514 Divinitatis
768 4465 832 4520 ad
855 4464 1254 4519 similitudinem
1283 4463 1612 4532 corporalem
1639 4461 1826 4517 dicun-

1917 3272 2294 3341 exprimendas
2341 3271 2617 3325 videantur
2660 3283 2782 3324 esse
2826 3268 3054 3322 disereta
3084 3310 3099 3335 ,
3145 3280 3279 3319 unus
3325 3274 3500 3318 tamen

1920 3366 2151 3435 perfecte
2174 3365 2409 3420 Creditur
2432 3381 2493 3420 ae
2519 3364 2711 3418 dicitur
2737 3364 2896 3427 Deus,
2922 3365 3058 3416 sicut
3088 3361 3313 3432 legitur:
3343 3360 3497 3423 Audi,

1922 3456 2108 3524 Israel,
2142 3457 2389 3510 Dominus
2423 3455 2556 3508 Deus
2599 3466 2713 3508 tuus
2767 3453 2904 3508 Deus
2946 3470 3075 3506 unus
3119 3463 3189 3506 est
3220 3451 3396 3522 (Deut.
3431 3466 3500 3517 vt,

1920 3553 1998 3617 ὦ).
2022 3549 2364 3618 Quapropter.
2379 3550 2564 3619 ligatur
2586 3545 2777 3601 animis
2805 3547 3051 3600 salutaris
3075 3545 3173 3599 ista
3198 3541 3459 3598 sententia
3487 3561 3499 3594 :

1922 3640 2195 3695 distinctio
2237 3641 2286 3693 in
2321 3641 2566 3708 personis
2595 3680 2608 3703 ,
2658 3639 2834 3692 unitas
2865 3639 2998 3692 bene
3027 3637 3274 3693 credatur
3308 3637 3358 3690 in
3406 3651 3501 3689 na-

1927 3740 2058 3785 tum.

2001 3825 2148 3879 Vers.
2181 3827 2231 3879 5.
2269 3823 2422 3878 .llane
2449 3825 2685 3877 exnudies
2723 3839 2890 3876 uocem
2920 3838 3099 3874 nteant.
3135 3817 3288 3874 Mune
3317 3821 3494 3874 astabo

1926 3917 2013 3970 tibi
2035 3927 2080 3971 et
2110 3913 2302 3969 videbo.
2334 3916 2519 3968 Astubo
2539 3957 2552 3978 ,
2584 3913 2824 3984 utrisque
2859 3916 3096 3983 partibus
3133 3923 3344 3967 constat
3374 3929 3494 3968 €530

1922 3990 2284 4079 jungendum,
2342 4017 2396 4060 ut
2435 4008 2670 4076 perlecta
2729 4008 2895 4075 possit
2936 4007 3197 4061 sententia
3250 4004 3494 4074 reperiri.

1927 4102 2259 4168 Quapropter
2305 4113 2452 4150 mane
2481 4097 2827 4166 deprecatur,
2858 4097 2948 4166 qui
3003 4097 3054 4150 in
3091 4095 3264 4149 lucida
3303 4097 3501 4165 degere

1927 4189 2333 4246 conversatione
2361 4187 2710 4256 dignoscitur.
2749 4185 2901 4239 Tune
2928 4185 3069 4239 enim
3102 4200 3250 4238 mane
3277 4185 3504 4240 dicimus

1927 4281 2140 4354 quando
2171 4281 2426 4336 discussis
2477 4280 2748 4348 tenebris,
2795 4279 2923 4334 clari
2973 4278 3188 4334 luminis
3241 4278 3502 4334 adventus

1895 4391 1898 4393 '
1928 4373 2211 4431 inl'ulserit.
2240 4371 2478 4427 Ecc'esia
2505 4372 2671 4435 enim,
2705 4386 2824 4441 qua:
2854 4385 2912 4425 se
2943 4369 3215 4440 cognoscit
3249 4370 3499 4426 habuisse

1929 4467 2178 4523 tenebras
2207 4465 2572 4536 peccatorum,
2603 4465 2746 4520 etde
2774 4474 2930 4519 nocte
2971 4463 3155 4519 mundi
3190 4464 3343 4520 istius
3375 4481 3504 4519 con-

231 4569 345 4618 tur,
391 4569 489 4622 per
527 4565 663 4621 quas
694 4571 816 4611 aere
842 4557 1126 4611 verberato
1153 4555 1458 4610 hominibus
1487 4555 1647 4608 intrat
1671 4553 1819 4608 audi-
1852 4551 1901 4610 D
1924 4570 2190 4629 gregatam
2216 4599 2232 4625 ,
2280 4567 2406 4612 tunc
2441 4573 2500 4612 se
2527 4556 2769 4611 exaudiri
2808 4556 3000 4611 merito
3047 4556 3250 4621 credit,
3286 4572 3407 4610 cum
3451 4558 3503 4611 in

230 4659 346 4696 ius.
374 4645 531 4699 Auris
557 4653 701 4704 enim
723 4651 790 4702 ab
810 4651 986 4703 auditu
1013 4651 1152 4704 dicta
1177 4659 1274 4703 est.
1304 4649 1367 4704 Et
1389 4649 1666 4703 considera
1687 4663 1821 4719 quo-

233 4739 382 4789 niam
422 4741 714 4795 clamorem
739 4753 892 4792 suum
923 4740 1108 4801 petivit
1136 4739 1378 4809 intelligi.
1409 4739 1517 4793 Vox
1553 4739 1694 4792 enim
1722 4739 1822 4792 ista

233 4843 347 4876 mm
379 4842 498 4884 erat
539 4830 800 4884 lahiorum
838 4833 1092 4899 crepitus,
1139 4829 1232 4884 sed
1269 4827 1449 4884 cordis
1484 4829 1674 4883 affatus
1717 4826 1821 4898 [ed.

231 4920 508 4991 afectm},
538 4924 627 4993 qui
666 4940 770 4976 non
799 4924 1014 4979 auribus
1048 4923 1242 4990 audiri,
1269 4924 1362 4980 sed
1392 4926 1586 4978 tuentis
1624 4923 1823 4976 lumine

233 5015 526 5068 consuevit
552 5013 787 5082 intelligi.

320 5105 473 5162 Vera.
503 5107 558 5160 9..
592 5105 806 5160 Intende
850 5107 958 5159 uoci
987 5107 1232 5161 orationis
1278 5120 1401 5160 mea!
1424 5146 1438 5167 ,
1486 5121 1578 5158 rex
1607 5118 1746 5158 mens
1773 5114 1822 5159 et

235 5197 387 5250 De”
430 5214 567 5250 meus
595 5213 614 5252 :
642 5201 883 5268 quoniam
926 5203 995 5250 ad
1042 5207 1090 5251 te
1132 5197 1287 5251 orabo
1312 5236 1327 5261 ,
1379 5195 1615 5250 Domine.
1650 5196 1821 5262 Supra

229 5292 379 5344 dixit
401 5310 414 5343 :
443 5291 682 5362 Intelligo
707 5293 980 5345 clamorem
1006 5307 1207 5355 meum;
1236 5289 1394 5344 modo
1419 5290 1549 5344 dicit
1572 5308 1584 5341 :
1612 5287 1824 5343 Intende

231 5382 356 5432 rod
376 5382 624 5434 «adonis
653 5397 796 5446 metr,
823 5390 879 5435 ut
900 5381 1199 5435 declararet
1223 5381 1516 5435 orationem
1549 5380 1684 5433 hanc
1704 5394 1824 5433 esse

230 5472 559 5540 perlectam,
585 5489 747 5542 quam
775 5473 996 5527 aﬂ’ectus
1024 5473 1217 5528 mentis
1245 5471 1556 5526 inﬂammat.
1586 5472 1824 5539 Quapro-

229 5573 367 5632 pter
390 5565 779 5620 discutiendum
831 5575 914 5620 est
964 5580 1130 5635 quare
1161 5566 1379 5620 mutatis
1415 5563 1590 5618 verbis
1633 5577 1824 5618 sensus

232 5670 455 5710 ευθςττος
495 5657 839 5711 itntiiisceat?
865 5655 1083 5712 Intende
1106 5700 1119 5721 ,
1151 5657 1276 5711 dicit
1303 5697 1320 5721 ,
1347 5656 1461 5708 voci
1487 5699 1500 5723 ,
1534 5670 1653 5725 qum
1691 5653 1827 5707 solet

229 5748 415 5804 audiri
441 5767 458 5804 :
488 5765 770 5823 propterea
799 5752 921 5822 quia
952 5751 1088 5808 Deus
1139 5764 1244 5806 non
1292 5750 1527 5820 partibus
1557 5748 1827 5804 membro-

1928 4652 2096 4706 lucem
2120 4649 2353 4705 caelestis
2375 4647 2802 4704 conversationis
2837 4645 3097 4716 eruperit.
3132 4647 3346 4717 Repetit
3367 4663 3501 4716 quo-

1928 4757 2053 4810 que,
2087 4756 2254 4804 mane,
2286 4739 2406 4808 quia
2438 4739 2740 4793 necessario
2787 4745 3022 4791 mentem
3070 4736 3302 4793 lucidam
3343 4738 3500 4806 bene.

1931 4831 2047 4884 licio
2080 4830 2286 4884 Domini
2319 4839 2494 4883 astare
2533 4829 2643 4882 suis
2680 4845 2894 4895 semper
2923 4828 3262 4883 orationibus
3293 4833 3491 4885 sentie-

1932 4926 2037 4978 bat.
2075 4924 2139 4978 Et
2170 4923 2374 4977 intuere
2401 4938 2566 4992 q'tare
2593 4938 2745 4975 mune
2769 4923 2970 4976 dictum
2996 4933 3077 4976 est
3102 4965 3115 4984 ,
3150 4924 3357 4978 scilicet
3383 4939 3501 4977 eum

1931 5017 1981 5068 in
2014 5015 2129 5083 ipso
2159 5014 2381 5068 exordio
2415 5015 2678 5067 bonorum
2708 5026 2920 5067 actuum
2966 5015 3245 5068 veritatem
3277 5032 3411 5084 coep.
3435 5021 3502 5069 rit

1930 5122 2080 5161 mens
2105 5105 2387 5160 clarilicata
2416 5119 2741 5176 cognoscere
2767 5123 2777 5158 :
2812 5119 2878 5159 nc
2909 5115 3126 5174 putares
3153 5119 3270 5175 post
3293 5117 3502 5174 peccata

1931 5212 2133 5251 tuorum
2168 5195 2321 5261 licri,
2365 5211 2467 5266 qua
2497 5195 2760 5265 potuisset
2802 5198 3007 5265 audiri,
3062 5200 3202 5252 sicut
3255 5199 3325 5252 Et
3361 5189 3499 5252 cltiel

1931 5289 2184 5360 propheta
2213 5289 2341 5345 dicit
2371 5307 2385 5342 :
2423 5289 2620 5358 Impius
2649 5306 2950 5361 quantique
2983 5291 3068 5343 die
3097 5308 3150 5344 se
3175 5291 3413 5344 averterit
3442 5293 3504 5344 ab

1929 5382 2188 5448 impietate
2214 5396 2328 5446 sua,
2357 5395 2526 5433 omnes
2558 5381 2842 5448 impietafes
2871 5384 2983 5452 ejus
3015 5399 3114 5435 non
3137 5389 3282 5434 erant
3311 5381 3362 5434 in
3389 5399 3502 5435 me-

1928 5473 2090 5524 moria
2119 5469 2328 5540 (Ezec/t.
2364 5484 2509 5535 xvttt,
2536 5470 2627 5535 “2i,
2658 5469 2773 5539 Ὦ).
2820 5473 3032 5536 Asture,
3063 5483 3141 5525 est
3183 5471 3326 5525 enim
3365 5489 3504 5542 pra:-

1927 5571 2130 5617 scntcm
2159 5575 2374 5630 semper
2394 5562 2670 5616 assistere.
2705 5561 2803 5615 Per
2837 5562 2938 5616 hoc
2964 5570 3142 5616 autem
3174 5565 3391 5618 verbum
3421 5581 3506 5620 re.-

1930 5655 2129 5724 ligiosre
2169 5653 2464 5709 devotionis
2507 5654 2831 5706 contiuttitas
2878 5653 3162 5708 iudicatur.
3209 5653 3303 5710 [lle
3337 5659 3509 5728 Siqui-

1930 5749 2051 5803 dem
2084 5749 2214 5803 bene
2246 5748 2434 5803 dicitur
2469 5746 2577 5800 Deo
2607 5755 2774 5798 auare
2815 5749 2904 5817 qui
2945 5744 3136 5819 digitus
3180 5760 3354 5819 potest
3393 5753 3509 5816 eius
