4008 6182
578 393 644 447 55
1792 370 1860 440 ιι.
1905 362 2187 441 Αῡῐιειιι
2209 364 2608 439 οειεειοῡοιιι
3740 380 3797 432 ac

574 505 952 575 conspectbus
981 516 1270 572 apparere;
1303 492 1439 555 sicut
1471 497 1615 552 Elias
1650 495 1716 551 de
1748 495 1973 569 sedixit
2008 512 2022 550 :
2061 493 2151 548 Vi-
2183 491 2231 552 A
2264 502 2438 547 autem
2472 494 2591 547 illus
2623 480 2891 564 significat
2934 493 3021 563 qui
3064 493 3296 575 scientes
3339 495 3567 559 malum,
3600 493 3798 575 alienum

576 598 647 652 rit
690 596 962 669 Dom'nus,
991 594 1044 647 in
1070 595 1218 662 cujus
1254 584 1525 669 rampart-it
1570 596 1681 641 asto
1711 584 1830 659 (ΙΙΙ
1864 584 1990 667 Reg.
2022 601 2153 653 xvn,

577 689 666 761 i).
693 690 863 757 Supra
896 664 1068 751 dixit,
1099 668 1343 755 exaudies
1374 696 1393 735 :
1432 680 1518 734 hic
1557 677 1799 742 additur,
1838 664 1900 729 Et
1930 676 2108 729 videbo
2137 715 2153 740 ,

575 780 825 850 quoniam
854 778 910 833 in
938 776 1029 832 illa
1067 774 1465 831 resurrectione
1501 772 1678 840 ipsum
1710 768 2035 843 Conspiciet,
2071 768 2167 822 rui‘

576 872 663 927 hic
688 869 887 926 sanctis
915 866 1245 923 orationibus
1275 862 1619 943 supplicavit.
1892 918 1895 923 η
1924 940 1925 943 η

652 960 806 1017 Vers.
835 958 894 1015 4;
925 957 1177 1026 Quoniam
1217 970 1319 1008 non
1364 952 1503 1007 Deus
1541 949 1715 1006 volens
1752 950 2074 1020 iniquitatem
2101 957 2154 1001 tu

577 1071 649 1109 es.
682 1031 1066 1108 Nonhabimbit
1088 1052 1242 1121 juxta
1279 1058 1325 1100 te
1366 1044 1654 1116 malignus;
1693 1058 1852 1114 neque
1893 1048 2157 1113 permane-

579 1148 705 1203 bunt
730 1145 916 1218 injusti
942 1153 1060 1197 ante
1083 1143 1259 1196 oculos
1283 1146 1416 1192 tuos.
1444 1204 1450 1211 .
1678 1217 1684 1225 .

651 1237 807 1293 Vers.
856 1236 910 1291 5.
943 1233 1112 1289 Odisti
1154 1246 1327 1304 omnes
1366 1228 1454 1301 qui
1480 1224 1753 1305 operantur
1789 1224 2157 1293 iniquitatem:

580 1330 759 1398 perdes
786 1342 869 1383 eos
898 1331 1050 1399 (mss.
1078 1326 1168 1394 A.,
1187 1323 1273 1391 B.,
1293 1321 1383 1392 F.,
1404 1319 1598 1391 omnes)
1618 1320 1703 1388 qui
1726 1319 2002 1389 loquuntur
2016 1320 2154 1370 nien-

580 1422 805 1475 decium.

657 1514 807 1569 V'ers.
829 1512 889 1567 6.-
924 1492 1099 1565 Virum
1127 1508 1430 1582 sanguiuum
1457 1516 1501 1562 et
1520 1493 1763 1561 dolosam
1786 1494 2159 1559 altantinabitur

583 1605 849 1662 Dominus.
884 1602 937 1657 lu
968 1603 1141 1673 primo
1168 1601 1375 1672 psalmo
1402 1598 1637 1654 diximus
1671 1597 2045 1652 enntematicze
2074 1593 2160 1649 de-

583 1697 841 1753 ﬁnitionis
869 1695 1006 1750 hanc
1043 1709 1164 1750 esse
1202 1693 1477 1759 virtutem,
1511 1698 1568 1745 ut
1606 1687 1851 1759 negando
1879 1686 2021 1758 quod
2051 1701 2156 1739 non

583 1800 688 1857 est,
720 1789 821 1845 hoc
851 1787 992 1859 quod
1024 1784 1248 1842 intendit
1272 1785 1548 1840 declarare
1578 1780 1860 1845 videatur;
1885 1788 1941 1834 et
1965 1778 2157 1831 iterum

2264 584 2476 653 operati
2501 588 2742 638 nituntur
2769 584 3008 638 exitium.
3045 575 3177 638 Dum
3208 570 3340 639 dicit
3367 605 3379 639 :
3410 573 3761 637 abominabitur
3783 623 3796 648 ,

2260 662 2527 744 signiﬁcat
2552 690 2739 729 omnes
2759 689 2892 745 quos
2923 676 3168 744 superius
3196 676 3328 730 dixit
3356 691 3384 729 a
3417 673 3584 747 regno
3614 660 3794 729 Domini

2260 758 2567 823 reddendos
2590 775 2896 823 extraneos.
2929 760 3009 822 l'lli
3037 768 3180 823 enim
3218 761 3556 824 abominandi
3588 779 3700 823 sunt
3725 769 3801 838 qui

2259 846 2376 929 ejus
2402 846 2618 929 przcmia
2644 848 3025 928 consequinon
3060 870 3357 915 merentur.
3388 852 3670 928 Cotnpletae
3696 870 3804 915 sunt

2260 953 2327 1008 ab
2357 961 2583 1021 utraque
2620 945 2769 1022 parte
2792 940 3163 1009 ennmmatica:
3186 953 3549 1015 déiinitidnes,
3572 950 3678 1022 qua.
3702 968 3805 1006 seu-

2263 1045 2442 1099 tentia:
2466 1032 2517 1098 in
2560 1057 2806 1115 magnam
2832 1044 3110 1099 utilitatem
3151 1044 3427 1098 hominum
3455 1033 3691 1097 videmur
3724 1062 3803 1095 ex-

2260 1146 2491 1204 presste;
2543 1142 2602 1190 ut
2629 1125 2864 1191 breviter
2905 1134 3266 1206 intellfgereut
3311 1143 3645 1205 peccatores,
3692 1130 3807 1203 quos

2264 1210 2524 1280 Dominus
2555 1234 2866 1279 exsecratur
2888 1233 2942 1279 et
2968 1223 3174 1295 abjicit.

2336 1316 2495 1371 Vers.
2525 1318 2578 1369 7.
2629 1306 2739 1388 Ego
2794 1320 2963 1370 autem
3016 1318 3069 1369 in
3104 1316 3430 1370 multitudine
3477 1300 3813 1371 ntiserfeordite

2261 1400 2381 1461 tuae.
2412 1387 2641 1461 Intro’ido
2668 1387 2722 1460 in
2748 1407 2956 1460 domum
2985 1415 3143 1459 tuam.
3175 1406 3434 1474 Quoniam
3471 1407 3637 1461 malos
3675 1408 3813 1463 dixe-

2261 1502 2345 1551 rat
2367 1485 2777 1563 abominandos,
2807 1490 3140 1566 consequens
3167 1506 3283 1550 erat
3306 1505 3363 1549 ut
3394 1510 3454 1550 se
3478 1512 3572 1566 per
3597 1497 3809 1551 divinam

2263 1591 2487 1660 gratiam
2538 1591 2588 1644 in
2641 1589 2800 1644 domo
2842 1576 3053 1643 Doniiul
3102 1576 3386 1644 testaretur
3432 1587 3657 1642 admitti.
3695 1572 3814 1642 Nam

2262 1695 2382 1735 cum
2421 1681 2533 1750 ipsa
2565 1680 2803 1734 Ecclesia
2835 1677 2919 1734 hic
2951 1680 3141 1733 domus
3170 1679 3240 1733 sit
3272 1672 3499 1743 Domini,
3535 1687 3701 1759 tamen
3731 1695 3818 1747 po-

2266 1781 2367 1827 test
2396 1787 2490 1842 per
2508 1786 2936 1840 unumquemque
2957 1770 3170 1825 beatum
3195 1770 3393 1834 dicere,
3421 1767 3510 1839 qui
3538 1766 3648 1838 rjns
3670 1787 3816 1824 mem-

578 1880 807 1937 diceudo
831 1877 972 1949 quod
1003 1884 1109 1943 est,
1134 1875 1187 1931 id
1208 1860 1355 1945 quod
1377 1870 1649 1943 proponit,
1679 1868 1961 1926 evidenter
1990 1868 2161 1937 possit
2194 1869 2239 1930 Β
2270 1863 2360 1918 bra
2391 1872 2537 1929 sunt,
2569 1861 2866 1917 Jerusalem
2898 1860 3131 1915 futuram
3156 1875 3214 1915 se
3236 1859 3585 1914 nihilominus
3615 1861 3822 1913 intratu-

579 1968 810 2027 ostendi.
840 1965 993 2035 Quod
1021 1967 1073 2022 in
1106 1966 1191 2020 his
1233 1963 1405 2020 tribus
1436 1961 1684 2039 versibus
1714 1968 2002 2027 atrumque
2035 1971 2152 2027 pro-

580 2059 739 2116 batur
763 2056 1031 2130 eliectum.
1065 2044 1204 2111 Dicit
1228 2054 1379 2110 enim
1405 2071 1418 2108 :
1446 2051 1619 2130 Tues
1650 2047 1939 2130 Deust'q‘ui
1967 2046 2159 2118 iniqui-

582 2161 744 2217 tatem
800 2126 945 2204 nulle
988 2145 1349 2217 cognosceris.
1400 2126 1547 2209 Quid.
1590 2140 1733 2196 enim
1784 2126 1937 2193 aliud
1985 2147 2163 2214 potest

583 2215 722 2315 Deus
750 2236 905 2312 velle,
930 2237 1031 2292 nisi
1050 2215 1203 2315 quod
1230 2234 1485 2313 probatur
1514 2231 1631 2313 ipse
1659 2219 1996 2311 praeeipere?
2027 2228 2164 2283 Sic-

583 2316 640 2383 ὑὶ
676 2310 840 2384 lsaias
869 2328 943 2382 ait
971 2343 986 2381 :
1019 2310 1131 2396 Ego
1167 2341 1279 2380 sum
1307 2310 1577 2391 Dominus,
1602 2322 1687 2392 qui
1704 2315 1884 2391 loquor
1903 2310 2035 2393 justi
2059 2321 2165 2396 iam

580 2407 901 2497 et‘arinuttt'io
929 2395 1112 2490 restat
1139 2398 1268 2473 isai.
1304 2430 1425 2491 xcv,
1459 2414 1580 2483 i9).
1612 2410 1864 2484 Sequitur
1895 2429 1907 2463 :
1940 2428 2040 2465 non
2065 2395 2161 2464 Ita-

582 2504 756 2564 biiabit
775 2508 935 2582 juxta
952 2517 999 2563 te
1026 2507 1302 2579 malignus.
1332 2505 1431 2560 ille
1458 2506 1766 2576 peccatores
1791 2518 1822 2558 a
1863 2506 2026 2573 regno
2053 2502 2149 2556 Dei

580 2596 845 2675 signiﬁcat
866 2583 1227 2656 excludendos
1249 2638 1266 2663 ,
1297 2596 1389 2668 qui
1420 2587 1564 2652 nulla
1590 2594 1948 2650 conversione
1975 2592 2161 2647 mutati

580 2702 726 2749 sunt.
758 2692 889 2748 Nam
919 2691 1045 2746 licet
1064 2705 1186 2747 eum
1211 2688 1497 2744 carnaliter
1526 2694 1730 2740 tantum
1762 2684 1996 2750 videant,
2022 2697 2161 2753 quos

583 2781 762 2838 reatus
792 2782 1028 2849 involvit,
1060 2779 1196 2835 sicut
1216 2777 1476 2848 scriptum
1500 2785 1581 2832 est
1609 2794 1621 2829 :
1654 2772 1908 2829 Videbunt
1940 2774 1989 2826 in
2018 2789 2164 2841 quem

581 2872 984 2945 comparuerant
1026 2870 1223 2941 (Zach.
1267 2884 1375 2933 xtt,
1416 2866 1544 2939 id);
1575 2866 1724 2936 juxta
1765 2864 1938 2936 ipsum
1986 2872 2163 2918 tamen

582 2946 827 3020 habitare
864 2972 1171 3033 nequeunt,
1207 2960 1299 3032 qui
1344 2960 1605 3030 gehennae
1638 2957 1967 3013 cruciatione
2009 2954 2163 3010 ἀιιιιιο

582 3043 744 3112 itan'di
790 3060 934 3135 sunt.
986 3038 1243 3109 Addidit:
1276 3050 1435 3122 neque
1481 3048 1869 3119 permanebunt.
1917 3046 2166 3103 Osrendit
2208 3090 2215 3101 ,η

582 3145 678 3204 tas
705 3149 758 3205 in
783 3148 987 3219 judicio
1019 3138 1226 3201 Domini
1251 3140 1574 3222 g-s‘nera‘iter
1602 3136 1724 3196 esse
1752 3135 2037 3203 venturos;
2070 3138 2163 3193 sed

2266 1968 2399 2009 ram.
2432 1952 2524 2010 Sic
2550 1952 2693 2007 enim
2718 1951 2945 2008 dicimus
2967 1963 3021 2006 et
3050 1950 3300 2021 patriam,
3349 1960 3403 2005 et
3430 1949 3727 2014 civitatem;
3771 1962 3826 2005 et

2264 2052 2439 2099 tamen
2471 2041 2554 2097 his
2577 2042 2741 2099 rebus
2775 2041 2937 2097 verba
2965 2041 3153 2095 damus
3179 2079 3196 2108 ,
3227 2039 3347 2108 qua:
3375 2041 3440 2094 ad
3472 2041 3617 2095 cives
3652 2057 3820 2096 carum

2265 2134 2510 2199 novimus
2554 2134 2839 2203 pertinere.
2884 2132 2988 2188 Sed
3034 2138 3157 2201 qua
3196 2132 3288 2186 illa
3343 2132 3516 2186 l'utura
3547 2131 3826 2189 Jerusalem

2264 2223 2525 2293 lapidibus
2548 2224 2681 2278 vivis
2702 2235 3009 2277 sattcmrum
3040 2223 3278 2278 creditur
3323 2223 3663 2278 multitudine
3690 2239 3819 2278 con-

2264 2313 2547 2378 struenda,
2574 2314 2684 2384 26
2709 2324 2831 2383 apte
2873 2313 3007 2368 dixit
3042 2330 3057 2368 :
3084 2312 3317 2367 lntroibo
3342 2316 3395 2367 in
3422 2316 3626 2368 domum
3652 2325 3781 2370 tuom
3810 2335 3830 2371 :

2263 2408 2410 2477 quasi
2432 2407 2483 2461 in
2503 2406 2646 2461 illius
2665 2405 2880 2461 fabricis
2896 2404 3133 2476 perfecta
3153 2406 3502 2462 aedilicatiOne
3528 2408 3822 2464 concludit.

2339 2498 2490 2553 Vers.
2527 2499 2580 2554 8.
2615 2498 2849 2553 Adorabo
2882 2500 2951 2552 ad
2978 2501 3222 2569 templum
3252 2510 3485 2556 sanetum
3517 2514 3652 2557 tuum
3679 2506 3728 2557 in
3763 2507 3827 2558 ti-

2264 2606 2403 2649 more
2444 2600 2551 2645 tuo.
2597 2590 3059 2646 Considerandum
3101 2603 3182 2647 est
3220 2593 3360 2663 quod
3411 2610 3518 2650 non
3560 2596 3731 2650 dixit:
3771 2597 3824 2651 in

2267 2684 2493 2753 templo,
2536 2684 2631 2739 sed
2657 2685 2726 2737 ad
2746 2685 3025 2752 templum;
3056 2685 3185 2757 quia
3220 2700 3319 2741 nec
3362 2684 3594 2757 syllabas
3632 2690 3766 2758 ipsas
3792 2704 3823 2744 a

2263 2774 2611 2832 sacramentis
2627 2790 2815 2832 vacare
2837 2777 3146 2846 praedictum
3171 2788 3275 2834 est.
3290 2777 3559 2850 Templum
3584 2793 3828 2845 sanctum,

2265 2883 2459 2938 corpus
2482 2877 2564 2923 est
2592 2867 2802 2922 Domini
2828 2868 3152 2937 Salvatoris,
3198 2870 3338 2940 quod
3369 2871 3488 2940 jure
3518 2872 3703 2927 adorat
3735 2875 3833 2928 Et:-

2265 2959 2448 3023 clesia,
2505 2975 2599 3029 per
2641 2959 2781 3030 quod
2814 2960 3008 3015 meruit
3056 2975 3177 3018 esse
3217 2964 3545 3031 reverenda;
3575 2966 3652 3021 sic
3690 2968 3833 3022 enim

2267 3050 2380 3119 ipse
2407 3049 2474 3105 de
2495 3065 2593 3105 suo
2621 3064 2848 3121 corpore
2874 3050 3010 3105 dixit
3038 3063 3053 3105 :
3085 3050 3345 3107 Destrui'e
3366 3056 3616 3122 templum
3645 3055 3759 3120 hoc,
3785 3068 3836 3111 et

2266 3141 2320 3196 in
2344 3142 2512 3195 triduo
2551 3141 2815 3209 wdiﬁcabo
2851 3142 2984 3197 illud
3017 3141 3191 3215 (Joan.
3213 3158 3277 3209 tt,
3313 3144 3422 3215 19).
3457 3145 3706 3215 Sequitur
3738 3166 3749 3200 :
3782 3150 3838 3201 in

582 3236 709 3295 ante
735 3238 925 3293 oeulos
953 3228 1161 3291 Domini
1188 3227 1379 3289 merito
1408 3226 1722 3301 permanere
1751 3224 1857 3283 non
1888 3228 2156 3294 dicuntur,
2188 3246 2233 3310 ο
2267 3237 2444 3289 timore
2465 3242 2571 3289 tuo.
2602 3234 2668 3290 Ut
2696 3234 2873 3289 cordis
2901 3235 3368 3303 compunctionem
3400 3236 3722 3305 declararet,
3751 3239 3830 3292 ii-

584 3330 676 3403 qui
721 3331 774 3386 in
824 3328 1085 3400 perpetua"
1122 3316 1387 3383 termenta
1431 3310 1675 3381 mittendi
1716 3332 1859 3379 sunt.
1913 3324 2052 3379 Nihil
2083 3334 2166 3379 Cat

589 3420 736 3479 enim
762 3416 906 3493 quod
951 3418 1086 3475 Deus
1119 3420 1224 3475 rion
1267 3406 1464 3485 videat,
1526 3416 1653 3472 dum
1685 3414 1883 3486 ubique
1931 3431 2167 3485 mesen;

584 3507 640 3571 ει
668 3492 813 3570 totus
837 3504 957 3568 esse
987 3504 1259 3566 noscatur.
1285 3492 1393 3566 Sed
1414 3509 1491 3563 illi
1514 3500 1662 3564 recte
1689 3522 1869 3563 coram
1902 3506 2019 3576 ipso
2046 3521 2166 3561 esse

587 3587 808 3662 Minime
849 3588 1127 3671 dicuntur,
1168 3603 1257 3673 qui
1289 3602 1357 3658 ab
1397 3601 1514 3672 ejus
1543 3600 1710 3672 gratia
1782 3600 2029 3671 donoque
2058 3601 2167 3669 pri-

587 3683 744 3752 viandi
787 3704 936 3751 sunt.
986 3694 1257 3749 Hactenus
1290 3692 1554 3748 indicatus
1598 3702 1679 3746 est
1725 3691 2011 3755 Dominus,
2042 3706 2164 3745 cum

589 3787 788 3842 dicitur
834 3786 888 3841 id
951 3785 1232 3856 quodnon
1278 3794 1406 3839 est:
1448 3798 1586 3837 nunc
1626 3782 1748 3836 aliis
1794 3782 1961 3836 tribus
1994 3783 2166 3836 modis

582 3871 883 3932 b'stenditttr
921 3854 1236 3930 afﬁrmando
1266 3874 1404 3944 quod
1447 3884 1550 3930 est.
1590 3874 1725 3927 Dicit
1753 3873 1898 3928 enim
1933 3891 1945 3925 :
1984 3872 2161 3927 Odisti

587 3964 759 4023 omnes
786 3950 875 4039 qui
894 3970 1172 4039 aperantur
1199 3967 1562 4038 iniquitatem;
1605 3966 1710 4019 non
1747 3959 1883 4020 dixit
1910 3965 1998 4035 qui
2036 3980 2167 4034 ope-

587 4061 686 4118 tau
717 4065 863 4129 sunt,
922 4060 1046 4132 quia
1086 4059 1164 4116 illi
1198 4071 1401 4115 tantum
1443 4059 1494 4113 in
1516 4045 1717 4130 judicio
1747 4051 2161 4122 damnahdtttur,

585 4150 677 4223 qui
704 4168 869 4229 usque
898 4153 965 4207 ad
1017 4138 1178 4206 ﬁnem
1228 4144 1351 4205 vitae
1398 4155 1511 4205 sua:
1561 4146 1789 4206 crimine
1828 4167 1886 4206 se
1930 4151 2159 4206 nefando

584 4232 997 4327 commaculant.
1030 4232 1137 4302 Sed
1165 4240 1304 4301 inter
1325 4233 1584 4317 speciales
1610 4230 2040 4301 enumerationes
2061 4245 2166 4327 cri-

582 4323 821 4407 ininum,
859 4355 1093 4411 congrue
1145 4336 1339 4395 nomen
1382 4340 1630 4410 generale
1678 4340 1906 4408 positum
1940 4345 2053 4404 est,
2105 4320 2159 4394 id

586 4426 695 4499 est,
726 4432 1038 4503 Operatores
1081 4432 1451 4502 iniquitatum,
1483 4440 1537 4485 ut
1581 4432 1648 4485 ibi
1690 4431 1957 4503 intelligas
1999 4431 2157 4502 quid-

585 4504 715 4608 iiuid
742 4537 772 4577 a
814 4522 1008 4577 divinis
1045 4520 1312 4607 mandatis
1350 4526 1562 4606 constat
1602 4506 1860 4577 alienum.
1899 4509 2158 4592 Adiecit:

2269 3326 2435 3383 moris
2458 3326 2638 3382 intulit
2666 3325 2993 3381 mentionem
3019 3343 3034 3380 :
3067 3326 3188 3396 quia
3222 3335 3347 3382 tunc
3374 3326 3507 3382 lides
3536 3329 3703 3382 solida
3732 3340 3840 3395 est,

2266 3418 2478 3489 quando
2508 3418 2676 3473 amori
2703 3427 2849 3473 casto
2872 3415 3101 3472 formido
3125 3417 3425 3473 Divinitatis
3446 3416 3748 3474 adhibetur.

2338 3516 2495 3573 Vere.
2516 3516 2569 3573 9.
2593 3514 2770 3570 Deduc
2793 3531 2895 3583 me,
2921 3513 3161 3582 Domine,
3189 3515 3243 3570 in
3255 3515 3462 3586 justitia
3483 3526 3571 3571 tua
3594 3531 3613 3571 :
3635 3528 3849 3590 propter

2268 3608 2499 3663 inimicos
2541 3622 2677 3662 meo:
2719 3607 2881 3677 dirige
2926 3606 2981 3661 in
3026 3614 3301 3675 conspectu
3346 3613 3436 3661 tuo
3486 3608 3619 3660 viam
3656 3624 3847 3664 meam.

2271 3701 2554 3770 Postquam
2585 3701 2882 3756 orationem
2913 3714 3063 3754 suam
3093 3699 3236 3754 dixit
3262 3701 3536 3755 matutinis
3578 3705 3853 3771 tempori-

2266 3793 2364 3846 bus
2393 3790 2708 3847 audiendam
2739 3832 2754 3857 ,
2806 3799 3148 3862 peccatorum
3176 3806 3392 3861 quoque
3416 3807 3854 3847 comma-morans

2266 3883 2586 3939 exitiabilem
2650 3882 2955 3952 repulsam,
3018 3882 3144 3937 hinc
3192 3882 3478 3937 secundam
3533 3884 3847 3954 ingreditur

2266 3976 2581 4039 sectionem,
2628 3975 2907 4044 postulans
2953 3960 3236 4029 Dominum
3283 3984 3340 4028 ut
3376 3974 3485 4044 jam
3526 3973 3593 4027 ad
3639 3984 3853 4030 πίει-ιιι

2264 4050 2453 4136 gaudia
2483 4054 2802 4131 deducatur,
2833 4064 2957 4134 quia
2999 4064 3086 4120 hic
3122 4065 3351 4120 diversis
3384 4063 3716 4135 iatEgabatur
3744 4082 3856 4120 an-

2264 4159 2470 4230 gustiis.
2504 4154 2591 4213 Ait
2619 4159 2762 4214 enim
2799 4177 2811 4211 :
2845 4158 2900 4212 in
2928 4141 3266 4231 tuajustitia,
3294 4158 3345 4212 id
3382 4167 3492 4226 est,
3528 4158 3656 4216 dum
3682 4161 3863 4213 conli-

2267 4238 2501 4325 tentibus
2527 4250 2721 4315 parcis,
2752 4264 2916 4318 seque
2946 4250 3257 4317 paenitendo
3286 4249 3633 4315 damnantes,
3660 4252 3868 4320 acquis-

2268 4342 2402 4396 sin’ta
2439 4342 2673 4411 potentia
2702 4350 2808 4396 tute
2851 4342 3064 4408 pietatis
3092 4341 3353 4395 absolvisi
3381 4340 3513 4397 Nam
3550 4343 3641 4411 qui
3667 4341 3874 4411 al-jicit

2263 4428 2517 4509 rebelles,
2558 4432 2761 4501 justum
2789 4442 2874 4488 est
2911 4440 2971 4487 ut
3000 4433 3127 4487 velit
3163 4434 3406 4503 recipere
3448 4435 3870 4503 supplicantes.

2266 4522 2484 4595 Propter
2507 4524 2742 4601 inimicos
2773 4540 2907 4578 meo:
2928 4565 2941 4589 ,
2996 4524 3049 4578 id
3079 4534 3163 4579 est
3205 4531 3422 4595 propter
3452 4525 3754 4581 hmseticos
3811 4536 3875 4580 et

584 4602 763 4691 perdes
793 4633 874 4696 eos
919 4618 1008 4689 qui
1052 4602 1331 4698 loquuntur
1359 4602 1711 4695 mendacium.
1741 4608 1997 4671 Videntur
2039 4616 2159 4698 ista:
2186 4602 2237 4666 Β
2265 4631 2517 4688 paganos.
2551 4615 2696 4672 Unus
2721 4618 2861 4671 enim
2901 4631 3067 4687 pravo
3113 4618 3359 4687 dogmate
3393 4620 3744 4700 coptrarius,
3780 4620 3879 4673 al-

582 4706 862 4767 seiitentiie'
908 4699 1213 4766 nonnullam
1243 4710 1487 4787 recipere
1526 4709 1915 4779 quaestionem,
1966 4716 2023 4764 ut
2057 4707 2160 4764 ini-

582 4789 841 4873 quitatem
872 4794 1159 4870 cperant“
1188 4802 1369 4858 odisse
1399 4796 1605 4856 tantum
1645 4800 1928 4856 Dominum
1960 4793 2105 4858 dicat
2143 4820 2155 4856 :

584 4874 919 4971 mendacium
948 4908 1076 4948 vero
1105 4892 1384 4963 loquentes
1408 4893 1587 4962 perire
1609 4893 1895 4949 conlirmet
1920 4909 1936 4959 ;
1964 4893 2089 4949 dum
2114 4895 2162 4951 si

584 4967 815 5064 litteram
843 4967 1088 5042 intendas
1109 5026 1124 5049 ,
1171 4985 1386 5057 gravius
1427 4972 1676 5061 videatur
1704 4998 1825 5040 esse
1854 4993 2017 5056 agere
2058 4985 2162 5040 ini—

582 5078 841 5146 quitatem
867 5091 1025 5148 (utam
1057 5076 1200 5148 loqui
1238 5075 1596 5133 mendacium.
1633 5075 1742 5133 Sed
1780 5076 1870 5131 hic
1896 5078 2164 5143 significat

582 5160 999 5251 htereticos,.qui
1023 5170 1302 5240 loquentes
1325 5166 1686 5235 mendacium,
1713 5170 2022 5240 sequacium
2050 5170 2168 5224 ani-

582 5253 699 5341 iiias
720 5250 1082 5332 pcrdiderunt.
1099 5262 1234 5329 Quid
1257 5262 1398 5319 enim
1427 5265 1599 5332 putem
1622 5252 1744 5317 esse
1766 5261 1980 5330 gravius
2004 5276 2164 5331 quam

581 5333 656 5407 ibi
701 5354 905 5429 errarg,
936 5353 1022 5430 ubi
1074 5362 1128 5408 et
1170 5348 1399 5408 alterum
1447 5353 1613 5424 possit
1660 5352 2045 5423 exstinguere?
2082 5351 2165 5406 Ad

583 5433 911 5511 postremum
948 5441 1117 5495 dicit:
1150 5442 1315 5497 itirum
1344 5440 1651 5515 sanguinum
1692 5431 1738 5497 et
1778 5442 2014 5497 dolatum
2041 5441 2165 5496 abo-

582 5535 857 5590 minabitur
886 5534 1155 5591 Dominus.
1203 5536 1294 5591 Vir
1331 5538 1550 5605 quidem
1589 5536 1899 5606 sanguinum
1940 5545 2023 5590 est
2070 5536 2160 5603 qui

586 5610 821 5677 humano
848 5638 1041 5680 cruore
1067 5612 1353 5693 polluittir,
1386 5623 1478 5679 sed
1525 5633 1579 5679 et
1617 5623 1709 5679 ille
1739 5623 1829 5693 qui
1852 5608 2051 5693 decipit
2082 5624 2161 5678 vi-

582 5705 729 5768 lium.
779 5714 1029 5781 Addidit,
1072 5725 1121 5770 et
1160 5699 1416 5770 dolorum.
1475 5716 1636 5773 Multa
1686 5715 1829 5772 enim
1880 5730 2160 5787 perperam

588 5798 754 5887 Eum,
798 5823 915 5878 qua:
944 5808 1159 5880 propria
1204 5806 1479 5866 voluntate
1522 5824 1629 5866 non
1674 5808 1906 5882 agimus.
1942 5794 2160 5867 Dolosa;

2268 4709 2353 4766 ter
2380 4710 2485 4765 no'n
2514 4708 2783 4785 credendo
2800 4724 3012 4778 semper
3039 4709 3294 4765 adversus
3317 4719 3419 4766 est.
3455 4710 3688 4781 Propter
3722 4727 3881 4781 quos

2268 4804 2323 4857 in
2366 4800 2574 4856 Domini
2617 4798 2821 4870 iustitia
2870 4813 2930 4855 se
2970 4802 3099 4869 pctit
3142 4814 3261 4854 esse
3314 4786 3671 4870 dirigeudarn,
3737 4802 3883 4869 quia

2268 4884 2735 4964 prtedicationibus
2765 4891 2885 4960 ejus
2924 4896 3029 4945 nun
3076 4893 3247 4945 credit
3293 4893 3617 4947 adversitas.
3671 4894 3884 4963 Dirige

2266 4987 2319 5040 in
2359 4994 2632 5054 conspectu
2673 4995 2761 5037 tuo
2806 4984 2938 5036 viam
2985 4999 3179 5049 meum,
3234 4982 3285 5037 id
3314 4994 3432 5047 est,
3465 4986 3628 5039 vitam
3656 5001 3889 5049 ,meam

2270 5078 2469 5148 perduc
2494 5077 2560 5131 ad
2587 5086 2690 5131 tua:
2716 5076 3018 5151 serenitatis
3048 5080 3340 5144 aspectum.
3390 5076 3504 5130 Non
3536 5079 3689 5131 cnim
3771 5094 3889 5130 rio-

2272 5177 2387 5223 stra
2420 5151 2667 5222 facultate
2695 5165 2760 5219 ad
2784 5180 2905 5245 eum
2945 5166 3224 5233 pervenire
3257 5181 3573 5234 possumus,
3610 5167 3709 5236 qui
3751 5179 3895 5221 tur-

2271 5262 2439 5315 tuosis
2464 5273 2678 5327 semper
2704 5258 2913 5313 semitis
2939 5259 3296 5314 ambulamus.

2341 5350 2494 5405 Vers.
2528 5349 2615 5403 i0.
2642 5348 2892 5414 Quoniam
2918 5364 3020 5402 non
3047 5364 3118 5404 est
3141 5351 3191 5404 in
3217 5366 3302 5403 ore
3326 5365 3499 5405 earum
3526 5352 3633 5404 veri
3640 5362 3756 5414 tas,
3796 5368 3904 5402 eor

2269 5456 2440 5495 eorum
2468 5455 2655 5492 canum
2684 5448 2778 5493 est.
2803 5438 2933 5493 Cum
2962 5440 3209 5510 superius
3232 5444 3440 5508 petierit
3464 5442 3528 5495 ad
3560 5456 3894 5510 aspecumi

2271 5532 2516 5597 Domini,
2546 5546 2640 5601 per
2662 5532 2777 5601 ejus
2806 5533 3064 5596 justitiam
3098 5548 3157 5589 se
3187 5525 3410 5603 deduci,
3448 5545 3502 5587 ut
3542 5544 3778 5602 partem
3822 5535 3904 5587 il-

2272 5625 2376 5679 lam
2428 5606 2706 5680 beator'um
2750 5622 2870 5695 ejus
2916 5640 3136 5681 munere
3185 5628 3353 5696 possit
3404 5610 3635 5695 adipisci
3670 5668 3686 5689 ,
3730 5642 3909 5680 nunc

2270 5716 2532 5771 humanas
2576 5718 2915 5786 cognoscitur
2945 5718 3221 5788 increpare
3260 5710 3527 5784 fallaCias,
3557 5726 3618 5773 ut
3677 5730 3910 5774 ostcuo

2268 5796 2360 5866 dat
2386 5808 2779 5869 obStination'és
2801 5809 3151 5881 pertinacium
3172 5806 3541 5872 liicre'tfcorum
3564 5826 3681 5868 non
3711 5825 3917 5881 posse
