4008 6182
382 323 448 377 ΞιἿ
1340 313 1698 374 ΕΧΡΟΞΠΙΟ
1738 314 1801 368 ιΝ
1843 312 1983 369 PSAl

2092 309 2303 366 ERIUM.
2351 308 2538 365 PSAL.
2582 308 2648 363 V.
3580 302 3647 355 53

381 431 449 485 ad
480 429 600 482 talia
635 428 849 496 praemia
880 427 1154 495 pervenire
1178 467 1192 490 ,
1225 442 1341 497 qua:
1372 426 1483 483 suis
1513 426 1758 482 lidelibus
1781 423 1959 479 Domi-
1989 428 2038 484 Α
2068 423 2136 475 sit
2164 423 2262 476 ista
2288 422 2603 491 pollicitatio
2643 436 2801 492 quam
2841 421 3088 490 superius
3114 420 3248 475 dixit
3274 436 3288 472 :
3318 419 3369 472 in
3398 429 3642 472 teternum

382 536 484 573 nus
516 518 853 587 praeparavit.
883 518 1045 572 Recte
1089 516 1231 571 enim
1263 516 1456 571 dicitur
1489 534 1502 569 :
1538 518 1590 569 in
1619 532 1707 570 ore
1734 516 1958 587 ipsorum

379 627 481 664 non
516 626 623 663 esse
660 609 950 672 veritatem,
1004 623 1227 675 quorum
1257 622 1353 663 cor
1387 608 1594 662 vanitas
1632 606 1958 675 possidebat.

382 702 587 770 Lingua
617 699 762 753 enim
793 699 1034 769 sequitur
1063 699 1259 753 mentis
1283 699 1587 763 arbitrium,
1631 696 1962 767 imperioque

380 794 564 849 cordis
592 791 711 861 ejus
740 790 1007 844 mobilitas
1036 790 1267 844 naturali
1294 790 1485 845 ordine
1518 790 1827 843 famulatur.

458 882 611 937 Vers.
648 881 732 934 Η.
767 880 1071 950 Sepulcrum
1101 890 1277 949 patens
1317 889 1389 934 est
1415 889 1588 952 guttur
1627 893 1831 944 eorum,
1865 879 1964 932 litt-

382 974 501 1044 σείς
522 976 628 1025 suis
672 971 848 1024 dolose
875 970 1111 1041 agebant.
1147 969 1248 1025 Per
1294 971 1515 1041 ﬁguram
1558 969 1845 1041 parabolen
1880 968 1967 1022 ni-

382 1068 490 1121 mis
536 1073 848 1133 competens
894 1064 1030 1117 facta
1079 1063 1333 1131 probatur
1384 1064 1597 1117 allusio.
1654 1063 1965 1128 Sepulcrum

384 1161 528 1215 enim
561 1156 778 1216 mortui.
812 1164 989 1228 guttur
1033 1164 1113 1209 est
1145 1154 1481 1220 mentientis,
1536 1155 1750 1225 quando
1776 1154 1969 1209 exitia-

385 1249 548 1304 bilem
572 1249 672 1303 sibi
695 1247 985 1300 vanitatem
1021 1247 1073 1299 in
1101 1247 1339 1301 faucibus
1362 1249 1604 1311 revolvit,
1632 1262 1749 1316 qum
1768 1246 1965 1300 malum

386 1342 580 1394 mortis
609 1339 818 1407 infligit.
850 1337 992 1392 Bene
1033 1348 1211 1391 autent
1242 1338 1480 1404 addidit,
1508 1347 1717 1408 patens;
1749 1335 1890 1407 quod
1923 1335 1966 1390 si

387 1434 629 1486 clausum
659 1441 827 1495 esset,
858 1430 1034 1483 minus
1081 1429 1293 1484 feteret.
1332 1430 1552 1485 Intende
1596 1430 1737 1499 quod
1788 1430 1967 1485 dixit:

386 1526 582 1595 linguis
616 1528 725 1578 suis
769 1525 945 1577 dolose
980 1523 1216 1593 agebant.
1261 1523 1594 1593 Frequenter
1632 1525 1775 1577 enim
1815 1522 1971 1576 dolos

389 1626 600 1671 tantum
620 1618 927 1686 loquuntur,
952 1630 1002 1670 et
1027 1618 1225 1671 habere
1249 1631 1351 1670 non
1379 1616 1676 1685 probantur
1690 1615 1969 1679 echctum;

393 1710 493 1764 sed
531 1711 615 1763 hic
661 1720 719 1764 ut
768 1708 1011 1778 graviora
1053 1718 1269 1779 peccata
1319 1718 1675 1775 monstraret,
1729 1707 1968 1771 addidit,

2065 514 2434 568 exsultabant?
2472 514 2594 568 audi
2654 513 2854 567 dictum
2906 513 3137 567 breviter
3181 528 3195 565 :
3246 521 3292 564 et
3341 510 3646 563 inhabitabis

2064 607 2116 660 in
2158 608 2249 659 eis.
2300 608 2342 661 0
2386 620 2573 675 magna
2610 616 2680 661 ’et
2730 604 3015 659 inell'abllis
3060 605 3281 673 largitas
3327 601 3641 656 donatorisl

2064 697 2199 763 Quid
2226 697 2399 751 simile
2435 706 2606 764 potest
2641 696 2781 763 dari,
2810 694 2948 765 quod
2981 695 3049 749 ibi
3093 694 3435 763 cognoscitur
3462 707 3639 745 rerum

2068 789 2325 843 Dominus
2354 788 2469 856 ipse
2492 789 2746 843 concedi?
2769 787 2899 841 Nam
2919 786 3143 855 quilibet
3171 786 3453 839 tmtnillens
3482 786 3528 835 d-
3556 793 3646 837 nat

2068 880 2153 933 illa
2182 894 2301 949 qum.
2351 878 2623 944 possidet;
2679 879 2817 932 Deus
2869 886 3068 941 autem,
3109 877 3196 946 qui
3254 884 3337 929 est
3381 875 3645 928 inell‘abile

2070 969 2302 1033 bonum,
2334 981 2393 1022 se
2428 969 2648 1037 largitur
2676 968 2730 1021 in
2766 971 3006 1036 primulo.
3041 968 3105 1020 Et
3137 966 3263 1035 quid
3307 975 3411 1020 tam
3467 974 3643 1034 potest

2070 1070 2190 1115 esse
2223 1061 2395 1115 simile
2445 1076 2602 1130 quam
2634 1075 2754 1115 cum
2788 1075 2885 1114 nos
2908 1061 3169 1115 bonorum
3198 1061 3433 1114 omnium
3468 1074 3645 1128 cmpe-

2072 1153 2143 1207 rit
2168 1162 2353 1208 auctor
2382 1153 2647 1222 implere?
2675 1151 3068 1215 Gloriabuntnr,
3099 1152 3233 1206 dixit
3268 1170 3280 1203 :
3312 1154 3431 1221 quia
3459 1152 3648 1205 cll‘ectu

2080 1245 2429 1314 perfruuntur
2471 1255 2675 1316 aptato.
2710 1247 2776 1301 In
2804 1257 2857 1303 te
2887 1263 2905 1300 :
2932 1248 3053 1317 quia
3081 1254 3136 1301 tu
3167 1263 3221 1302 es
3254 1247 3513 1317 promissa
3543 1245 3647 1299 illis

2076 1336 2398 1403 haereditas;
2426 1346 2480 1392 et
2528 1337 2648 1392 ideo
2686 1338 2738 1391 in
2781 1348 3024 1393 a'ternum
3054 1338 3397 1407 exsultabunt,
3431 1336 3552 1407 quia
3583 1336 3652 1390 de

2074 1440 2276 1485 atterno
2308 1432 2532 1484 Domino
2553 1430 2932 1500 gloriabuntur.
2978 1431 3164 1484 Omnes
3204 1432 3287 1499 qui
3312 1430 3532 1501 diligunt
3559 1444 3653 1482 no-

2075 1538 2187 1575 men
2221 1533 2386 1576 tuum.
2418 1524 2691 1592 Signiticat
2720 1525 2771 1579 in
2798 1524 2886 1578 illa
2916 1525 3081 1593 patria
3108 1523 3248 1578 felici
3276 1565 3291 1588 ,
3321 1538 3509 1578 omnes
3533 1521 3652 1591 qui-

2077 1612 2199 1666 dem
2228 1614 2434 1669 Domiui
2485 1617 2889 1684 participatione
2918 1616 3171 1685 gloriari;
3202 1616 3444 1686 quamvis
3476 1614 3655 1668 inetia-

2080 1703 2172 1757 liili
2194 1704 2593 1773 dispensatione
2620 1721 2715 1775 pro
2739 1706 3052 1760 meritorum
3086 1706 3341 1775 qualitate
3368 1706 3654 1775 unicuique

394 1805 645 1874 Agebant,
670 1810 729 1855 ut
755 1802 962 1856 malitia
993 1815 1098 1855 non
1129 1801 1300 1854 solum
1330 1800 1382 1853 in
1426 1799 1616 1870 linguis
1636 1839 1653 1865 ,
1686 1799 1778 1854 sed
1810 1799 1969 1854 etiam
2005 1814 2051 1872 Β
2080 1808 2137 1847 se
2167 1793 2407 1848 videatur
2438 1794 2689 1863 ruajestas
2715 1803 2893 1847 saneta
2925 1796 3238 1849 concedere.

396 1895 451 1947 in
483 1903 607 1947 actu
633 1892 949 1947 exsecrabili
981 1905 1101 1946 eSse
1125 1890 1460 1961 probaretur.

470 1985 623 2040 Vera.
659 1984 745 2039 12.
777 1982 969 2038 Ιιιάὶ.·α
994 1985 1134 2048 illos,
1167 1983 1325 2038 Deus.
1359 1982 1609 2037 Decidant
1652 1999 1684 2036 a
1712 1982 1977 2054 cogitatio-

397 2078 547 2132 nibus
574 2078 701 2132 suis.
734 2077 1035 2147 l‘rophetize
1063 2091 1181 2132 mos
1208 2085 1291 2132 est
1317 2075 1489 2131 futura
1522 2074 1837 2144 praedicere.
1863 2077 1974 2131 Non

398 2168 544 2222 enim
571 2167 966 2221 maledictiouis
989 2172 1116 2221 voto
1146 2168 1269 2222 talia
1297 2168 1507 2235 aptavit
1531 2168 1771 2221 Ecclesia
1795 2209 1809 2233 ,
1851 2181 1972 2222 eu-n

398 2260 503 2327 ipsi
536 2258 791 2329 probetur
819 2259 964 2323 addi,
992 2259 1250 2330 qttidquid
1284 2260 1545 2315 bonor‘ttm
1571 2263 1794 2314 nurnero
1818 2260 1979 2313 vide-

400 2359 489 2405 tur
508 2350 736 2420 acquiri.
760 2350 864 2406 Sed
888 2365 1108 2406 necesse
1130 2360 1246 2406 erat
1267 2352 1333 2407 de
1360 2352 1722 2421 pertinacibus
1761 2360 1815 2404 et
1842 2365 1976 2419 prte-

399 2443 551 2498 svitis
570 2443 770 2508 dicere,
806 2457 940 2512 quos
966 2453 1189 2497 noverat
1215 2444 1495 2498 Dominum
1522 2459 1675 2513 posse
1703 2443 1976 2497 damnare.

407 2531 663 2587 Decidant
695 2551 725 2585 a
755 2534 1145 2604 cegitationibus
1182 2535 1289 2587 suis
1318 2577 1333 2599 ,
1367 2550 1487 2587 cum
1528 2548 1586 2589 se
1617 2550 1723 2588 non
1756 2534 1981 2588 viderint

401 2624 650 2693 adipisci,
684 2623 828 2693 quod
851 2623 1147 2679 credebant
1186 2639 1343 2692 posse
1372 2626 1687 2693 promereri.
1726 2625 1980 2679 Decidere

399 2714 551 2767 cnim
582 2715 802 2784 proprie
832 2714 1049 2781 dicitur,
1077 2715 1167 2784 qui
1200 2716 1312 2784 spei
1358 2729 1470 2770 sua:
1509 2715 1799 2770 amissione
1839 2714 1983 2769 frau-

404 2809 585 2861 datur.

480 2899 636 2955 Vers.
685 2901 769 2956 l3.
802 2899 1095 2956 Secundum
1141 2901 1515 2955 multitudinem
1555 2902 1873 2969 impietatum
1894 2919 1983 2957 ro-

401 3003 527 3044 rant
555 2991 748 3060 capelle
776 3008 861 3045 eos
897 3007 915 3045 :
941 2993 1176 3054 quoniam
1204 2995 1623 3048 exacerbarerunt
1650 3004 1713 3060 te,
1750 2995 1981 3049 Domine.

406 3078 516 3137 i‘er
548 3083 684 3136 lianc
713 3085 1035 3138 ‘sentcn'iam
1075 3083 1353 3150 discimus,
1401 3086 1540 3155 quod
1587 3096 1789 3140 tantum
1822 3104 1986 3142 unus-

2153 1883 2404 1948 Quoniam
2440 1895 2494 1937 tu
2516 1926 2529 1948 ,
2564 1884 2810 1951 Domine,
2846 1887 3107 1939 bruediccs
3136 1889 3359 1957 justum.
3394 1886 3656 1952 Magnitu-

2078 1972 2204 2028 dine
2248 1974 2449 2043 praemii
2493 1986 2547 2028 et
2577 1974 2888 2042 gaudiorum
2940 1974 3302 2029 immensitate
3335 1976 3651 2043 prrenussa;

2079 2080 2242 2132 quare
2272 2062 2418 2118 tanto
2448 2066 2586 2117 bono
2614 2065 2850 2119 indebite
2873 2064 3143 2131 repleatur
3171 2064 3474 2118 humanitas
3495 2106 3509 2128 ,
3541 2064 3658 2117 bre-

2084 2156 2218 2209 viter
2243 2149 2501 2209 docemur
2536 2173 2548 2207 :
2585 2165 2649 2209 n’e
2692 2157 2811 2226 quis
2861 2156 3095 2209 ascribat
3136 2156 3341 2210 meritis
3373 2157 3482 2210 suis
3512 2156 3654 2224 quod

2085 2247 2341 2299 tribmum
2367 2246 2741 2302 benedictione
2763 2256 2973 2301 constat
3001 2247 3255 2302 auctoris.

2155 2336 2390 2405 Domine,
2422 2348 2473 2391 ut
2500 2348 2638 2391 scuto
2668 2338 2812 2391 bonw
2839 2338 3111 2393 voluntatis
3133 2348 3233 2391 ture
3256 2339 3511 2391 Coronasti
3539 2351 3653 2391 nos.

2086 2426 2502 2483 Consideremus
2534 2433 2690 2498 Quam
2741 2431 2887 2483 sua'vi
2929 2444 2993 2484 ac
3034 2430 3228 2485 decoro
3277 2429 3378 2485 line
3425 2443 3660 2499 praesens

2086 2536 2146 2589 ps
2183 2520 2321 2575 linus
2359 2520 2640 2575 eoaclusus
2677 2530 2781 2585 est,
2846 2536 2952 2574 uno
2984 2520 3147 2575 verbo
3177 2520 3421 2574 indicans
3457 2520 3662 2574 beneli-

2088 2612 2169 2665 ria
2203 2611 2455 2678 Domini,
2488 2628 2603 2681 quae
2632 2604 2794 2665 n‘uilis
2832 2620 3056 2680 possunt
3086 2611 3444 2665 voluminibus
3491 2610 3661 2680 expli-

2089 2708 2219 2760 c.‘.ri.
2252 2707 2397 2758 Bona
2432 2705 2691 2775 siquidem
2745 2706 2986 2759 voluntas
3028 2694 3338 2770 Creatoris,
3390 2720 3508 2774 quae
3559 2717 3659 2757 nos

2090 2793 2446 2849 inell‘abilibus
2497 2795 2803 2848 muneribus
2857 2797 3050 2863 rep'et,
3100 2794 3237 2849 diota
3293 2797 3375 2849 est
3422 2803 3658 2857 scutum,

2089 2885 2229 2954 quod
2274 2897 2456 2937 revera
2505 2898 2601 2936 nos
2634 2883 2902 2953 protegit,
2946 2884 3048 2953 27
3105 2893 3157 2938 et
3210 2878 3425 2952 praemia
3471 2883 3663 2936 ducrira

2089 2981 2357 3034 comedit.
2390 2978 2620 3050 Clypcus
2644 2978 2783 3033 enim
2807 2979 3083 3048 impositus
3112 2978 3291 3047 capiti,
3317 2991 3517 3031 corona
3549 2988 3661 3040 est;

2093 3083 2301 3141 aptatus
2327 3073 2473 3127 cordi
2502 3116 2515 3134 ,
2564 3072 2828 3128 defensio.
2874 3072 2969 3126 llic
2996 3081 3077 3126 est
3122 3072 3208 3140 qui
3251 3087 3438 3126 omnes
3482 3071 3664 3125 ﬁdeles

400 3173 641 3241 uirisque
660 3188 691 3226 a
720 3171 1005 3227 Divi..itate
1033 3172 1330 3243 repellitur,
1356 3187 1611 3244 quantum
1634 3177 1747 3245 ejus
1770 3188 1983 3246 peccata

2095 3166 2326 3236 protegit
2360 3183 2370 3217 :
2407 3164 2523 3234 ipse
2556 3165 2727 3233 operit
2754 3160 3059 3218 Ecclesium
3091 3173 3202 3217 toto
3224 3165 3355 3216 orbe
3385 3162 3665 3225 dilTusam;

407 3265 772 3319 c‘umulantur.
809 3265 1089 3331 Quantitas
1119 3266 1261 3321 enim
1293 3266 1473 3321 d'elicti
1499 3284 1746 3321 mensura
1779 3268 1989 3337 repudii

399 3358 492 3412 Est
524 3373 539 3410 :
569 3356 698 3409 dum
721 3364 924 3410 tantum
948 3357 1016 3410 ab
1042 3357 1133 3412 illo
1158 3355 1511 3426 re'nslongior
1540 3358 1800 3424 redditur,
1824 3374 1992 3426 quan-

405 3450 527 3498 lum
558 3456 848 3500 numero-0
882 3446 1111 3501 crimine
1148 3447 1422 3502 dilatatur.
1472 3438 1722 3515 Expelle,
1776 3457 1993 3517 propter

404 3538 764 3609 cogitationes
788 3544 1161 3611 prtesnmptas,
1185 3541 1382 3595 dicitur
1420 3557 1435 3595 :
1478 3541 1596 3609 quia
1623 3539 1731 3610 jam
1765 3548 1993 3594 temera—

409 3631 496 3683 ria
524 3630 800 3685 voluntate
822 3630 1052 3700 decepti,
1078 3630 1401 3686 videbantur
1428 3632 1527 3685 sibi
1562 3630 1713 3685 bonis
1746 3632 1993 3686 omnibus

408 3721 735 3777 intromissi.
769 3722 1038 3792 Expulsos
1060 3724 1201 3777 enim
1229 3722 1349 3777 illos
1373 3722 1619 3786 dicimus,
1650 3723 1738 3790 qui
1781 3723 1847 3776 de
1878 3724 1993 3775 lo'co

407 3814 597 3884 bliquo
617 3814 869 3869 interiore
891 3816 1175 3883 iactantur.
1195 3813 1638 3867 Exacerbav‘erunt
1662 3816 1802 3865 enim
1826 3827 1994 3881 δἐι-υ-

408 3906 455 3957 ιι
505 3904 633 3959 mali
681 3905 945 3959 medicum
997 3905 1192 3960 bonum
1220 3946 1236 3970 ,
1267 3905 1358 3974 qui
1388 3904 1623 3958 remedia
1667 3902 1854 3957 s‘alutls
1882 3912 1993 3957 suae

408 3995 719 4054 insensibili
741 3998 937 4051 duritia
963 4006 1299 4067 respuerunt.

490 4088 644 4144 ἵετε.
693 4088 783 4142 Η.
814 4086 879 4140 Et
918 4087 1153 4142 lattentur
1174 4102 1344 4140 omnes
1369 4087 1455 4156 qui
1498 4095 1703 4151 sperant
1736 4086 1787 4138 in
1816 4080 1903 4139 te:
1934 4086 1987 4139 in

410 4190 661 4234 u'ternum
702 4182 1045 4234 exsultabant.
1100 4180 1387 4248 Postquam
1438 4179 1727 4248 impiorum
1780 4179 1990 4233 debitas

416 4273 795 4327 retributiones
825 4272 1082 4336 asseruit,
1117 4286 1255 4325 nunc
1304 4270 1540 4325 Ecclesia
1586 4270 1725 4324 redit
1767 4268 1831 4322 ad
1865 4285 1988 4322 san-

412 4374 571 4429 ttos,
602 4380 825 4434 quorum
878 4364 1292 4432 congregatione
1324 4362 1477 4415 beata
1508 4360 1845 4429 dignoscitur
1874 4375 1887 4411 :
1927 4375 1994 4413 ne

414 4458 603 4511 sileret
633 4457 888 4510 bonorum
914 4456 1135 4524 prtemia
1175 4468 1293 4521 qua:
1334 4463 1556 4507 noverat
1584 4468 1703 4507 esse
1743 4460 1990 4505 ventura.

2091 3256 2205 3326 ipse
2229 3271 2439 3325 quoque
2466 3256 2804 3324 amplectitur
2832 3264 2881 3309 et
2915 3255 3133 3319 crelum,
3161 3270 3263 3321 quo
3286 3253 3526 3307 celantur
3551 3254 3666 3306 uni-

2092 3363 2245 3405 versa
2280 3366 2292 3399 :
2327 3349 2599 3401 munimen
2630 3346 2767 3416 quod
2800 3346 2977 3399 nullus
3026 3345 3163 3398 ictus
3194 3345 3486 3413 irrumpat;
3517 3359 3662 3396 arma

2093 3453 2210 3506 qua:
2240 3424 2444 3491 nullum
2492 3439 2655 3491 intret
2696 3438 2948 3500 exitium;
2990 3451 3083 3503 per
3130 3450 3248 3503 quae
3293 3437 3470 3503 potius
3524 3450 3668 3488 mors

2097 3530 2233 3583 Victa
2265 3528 2563 3594 succubuit,
2595 3538 2647 3583 et
2674 3526 2819 3581 salus
2852 3526 3081 3580 borniuis
3106 3525 3386 3595 desperata
3412 3527 3670 3579 surrexit.

2096 3621 2253 3675 Bona!
2293 3621 2585 3674 voluntatis.
2609 3618 2869 3685 Quoniam
2901 3620 3108 3673 vocatio
3133 3617 3339 3671 Domini
3368 3631 3528 3671 omne
3559 3632 3670 3670 me-

2098 3706 2255 3767 ritum
2292 3702 2567 3781 prtecedit,
2599 3718 2697 3763 nec
2728 3712 2928 3763 invenit
2963 3710 3201 3778 dignum,
3232 3708 3325 3762 sed
3359 3707 3515 3770 facit;
3547 3708 3665 3761 ideo

2094 3806 2234 3858 enini
2267 3804 2515 3875 gratuita,
2546 3790 2777 3871 alioquin
2804 3802 2947 3871 justa
2970 3802 3037 3855 dir
3058 3814 3256 3856 eretur.
3282 3800 3403 3854 lltec
3425 3810 3507 3854 est
3538 3813 3665 3868 ergo

2104 3898 2243 3952 bona
2270 3897 2537 3962 voluntas,
2568 3902 2686 3963 qua:
2711 3910 2806 3948 nos
2844 3903 2998 3949 vocat
3031 3904 3084 3949 et
3110 3894 3369 3958 attrahit;
3404 3908 3499 3947 nec
3520 3891 3671 3961 quid-

2096 4003 2255 4060 quam
2308 3988 2601 4056 proﬁcuum
2640 3990 2881 4043 valemus
2928 3988 3166 4059 cogitare
3204 3988 3284 4040 vel
3320 3989 3523 4050 facere,
3572 3986 3671 4039 nisi

2102 4082 2202 4135 hac
2232 4080 2559 4145 accipiamus
2590 4095 2618 4133 a
2650 4066 2903 4133 bonitatis
2931 4087 3179 4142 auctore,
3211 4078 3347 4132 sicut
3384 4076 3673 4146 Apostolus

2096 4172 2227 4226 dicit
2260 4188 2272 4224 :
2308 4170 2428 4224 Non
2450 4171 2581 4224 enim
2625 4184 2893 4239 possumus
2922 4168 3145 4237 cogitare
3189 4168 3388 4238 aliquid
3430 4184 3461 4219 α
3491 4167 3633 4220 nobis
3662 4208 3676 4232 ,

2096 4265 2240 4334 quasi
2294 4279 2357 4317 ea:
2399 4263 2576 4328 nobis;
2629 4262 2718 4315 sed
2765 4260 3063 4331 sufﬁcientia
3113 4269 3285 4313 nostra
3337 4276 3400 4313 ea:
3450 4257 3558 4313 Dea
3606 4270 3677 4313 est

2096 4354 2185 4429 (Il
2220 4354 2339 4409 Cor.
2367 4370 2446 4422 tn,
2473 4355 2550 4423 5).
2582 4354 2831 4420 Quiescat
2881 4367 3013 4421 ergo
3045 4351 3326 4420 Pelagiana
3367 4351 3633 4405 dementia
3664 4392 3677 4409 .

2099 4467 2166 4504 nc
2195 4464 2315 4503 cum
2343 4447 2447 4503 sibi
2473 4446 2672 4517 aliquid
2709 4445 2834 4499 boni
2866 4444 3000 4500 falso
3019 4444 3291 4521 applicare
3316 4444 3520 4510 nititur,
3554 4458 3680 4519 vero

410 4546 712 4601 tLonsidera
751 4545 894 4615 quod
924 4559 988 4599 ea
1011 4561 1131 4614 qua:
1168 4543 1220 4598 in
1253 4545 1428 4613 capite
1458 4558 1647 4599 versus
1685 4542 1993 4612 supplicans
2028 4568 2083 4627 Β
2106 4539 2281 4610 potius
2311 4529 2569 4593 donatore
2599 4536 2893 4591 fraudetur.

415 4641 576 4706 'pc-tit,
612 4638 855 4706 sequenti
883 4642 1035 4705 parte
1066 4637 1252 4691 eadem
1286 4635 1549 4706 promittit
1576 4653 1588 4688 :
1623 4651 1689 4690 ne
1716 4644 1996 4705 putaretur

417 4730 724 4800 ambiguum
766 4729 906 4797 quod
948 4729 1247 4783 certissime
1282 4727 1598 4798 Sperabatur
1639 4740 1760 4781 esse
1802 4737 1995 4781 ventu-

422 4826 563 4878 rum.
596 4820 662 4878 Et
690 4839 758 4879 ne
805 4824 1113 4878 crederetur
1140 4821 1448 4892 temporalis
1480 4837 1601 4877 esse
1650 4821 1827 4876 laetitia
1855 4861 1871 4885 ,
1920 4819 1999 4874 di-

418 4920 565 4970 ctum
601 4926 683 4970 est
711 4933 724 4969 :
764 4918 816 4968 in
861 4924 1150 4969 reternum:
1180 4916 1268 4969 ubi
1311 4913 1488 4983 gaudii
1518 4912 1697 4967 nullus
1728 4922 1809 4967 est
1834 4911 1953 4967 linis
1981 4952 1995 4976 ,

422 5010 549 5061 dum
579 5010 833 5063 continue
862 5016 1109 5076 percepta
1136 5007 1354 5075 praemia
1385 5003 1748 5074 possidentur.
1785 5000 1998 5056 Intuere

422 5115 457 5168 q
483 5098 563 5151 soil
583 5100 634 5150 in
661 5108 906 5152 reternum
931 5097 1188 5151 exsultare
1209 5092 1339 5151 dicit
1359 5105 1636 5162 sperantes
1666 5095 1719 5148 in
1751 5092 1995 5158 Domino,

425 5190 675 5255 quoniam
717 5188 769 5241 in
815 5188 913 5241 ista
948 5186 1340 5255 temporalitate
1383 5185 1620 5254 gaudere
1671 5184 1921 5237 videntur
1950 5196 2004 5236 et

428 5281 604 5349 impii;
642 5282 690 5334 in
720 5280 899 5335 futuro
940 5292 1117 5334 autem
1160 5282 1272 5333 sola
1318 5275 1607 5332 exsultabit
1654 5292 1869 5349 semper
1904 5277 2007 5333 Ec-

428 5370 610 5428 etesia.

501 5454 653 5517 \‘ers.
700 5464 781 5517 IIS.
820 5448 1137 5516 lnhabitabis
1166 5464 1216 5516 in
1244 5464 1335 5518 eis.
1392 5460 1454 5516 Et
1483 5456 1839 5535 gloriabuntur
1882 5463 1933 5515 in
1960 5473 2007 5516 te

431 5572 598 5610 omnes
640 5558 730 5625 qui
770 5558 987 5627 diligunt
1033 5574 1215 5611 nomen
1257 5570 1419 5612 tuum.
1454 5559 1524 5613 De
1556 5557 1818 5627 superiori
1849 5572 2004 5611 versu

436 5648 627 5715 pendet
653 5649 755 5702 ista
782 5651 1073 5714 sententia,
1106 5664 1225 5719 qua:
1256 5650 1400 5721 tangi
1431 5652 1645 5717 quidem
1686 5658 1881 5719 pote:t,
1912 5648 2003 5703 sed

437 5742 501 5797 ad
532 5742 787 5815 liquidum
819 5758 925 5800 non
955 5744 1092 5800 va'et
1120 5743 1417 5815 explanari.
1439 5742 1566 5800 Nam
1592 5744 1636 5799 si
1659 5758 1866 5815 qitazras
1888 5758 2005 5814 qur

2628 4690 2900 4745 Conclusio
2939 4689 3142 4760 psalmi.

2177 4829 2347 4896 Quam
2372 4827 2553 4882 suavis
2575 4827 2749 4880 oratio
2778 4834 2977 4880 Sanctae
3009 4824 3193 4878 matris
3223 4822 3401 4876 audita
3432 4831 3535 4887 est,
3564 4836 3681 4889 quae

2107 4940 2205 4977 nos
2248 4931 2301 4975 et
2341 4920 2444 4975 [ide
2470 4930 2710 4990 generat,
2741 4928 2796 4973 et
2838 4918 3085 4988 religiosa
3115 4915 3445 4971 institutione
3473 4914 3683 4968 contor-

2111 5022 2238 5066 mat.
2274 5013 2489 5080 Ignaros
2519 5010 2700 5076 docet,
2732 5009 2981 5077 parvulos
3012 5007 3179 5071 fovet,
3211 5006 3435 5060 alllictos
3463 5006 3676 5069 relevat,

2105 5116 2160 5159 et
2203 5104 2327 5158 illos
2355 5101 2420 5156 ad
2473 5101 2684 5169 pr0pria
2733 5100 2895 5154 ubera
2945 5097 3259 5154 nutriendos
3298 5095 3518 5160 colligit,
3549 5109 3677 5163 quos

2106 5196 2188 5249 sui
2219 5196 2482 5263 dogmatis
2513 5208 2633 5247 esse
2673 5192 2967 5261 cognoscit.
3012 5191 3287 5260 Supplicat
3316 5189 3478 5251 enim,
3522 5197 3574 5238 ut
3600 5201 3661 5240 ro

2108 5300 2235 5355 gare
2273 5286 2581 5348 discamus;
2618 5283 2791 5338 malos
2820 5282 3031 5353 relngit,
3060 5292 3113 5335 ut
3156 5280 3414 5349 pessimos
3444 5292 3674 5333 exsecre-

2113 5394 2267 5441 mur;
2301 5377 2521 5431 conlidit
2552 5377 2603 5429 in
2651 5373 2901 5442 Domino,
2933 5384 2989 5427 ut
3015 5382 3069 5428 et
3111 5367 3208 5425 ιιῶ
3236 5371 3302 5424 de
3346 5371 3459 5438 ipso
3491 5385 3684 5437 praesu-

2115 5486 2260 5527 mere
2280 5471 2589 5525 debeamus.
2606 5472 2691 5525 Sic
2713 5480 2963 5539 tanquam
2994 5464 3293 5521 veneranda
3320 5476 3510 5526 rna'er,
3526 5463 3689 5516 verba

2114 5562 2270 5615 tradit
2296 5562 2531 5630 parvulis
2555 5560 2620 5614 ad
2646 5560 2973 5628 loquendum
2996 5574 3010 5619 ;
3036 5566 3092 5609 ut
3123 5556 3174 5609 in
3200 5554 3355 5609 nobis
3377 5555 3687 5608 coalescens

2111 5650 2369 5703 orationis
2419 5648 2661 5710 allectus,
2687 5658 2739 5701 et
2786 5646 3139 5717 psalmodiam
3182 5653 3400 5715 prmstet
3447 5643 3691 5697 humanis

2113 5742 2321 5799 actibus
2371 5738 2802 5807 consolatriccm,
2830 5746 2885 5796 et
2932 5747 3311 5810 congruentem
3353 5732 3685 5803 divinisjus-
