4008 6182
371 287 437 344 59
1572 272 1646 328 Μ.
1683 265 1960 326 Αυιιιιιιι

2087 261 2399 320 SSIODOR-l
3550 259 3616 310 tit)

366 400 606 457 si‘onibtts
633 397 919 452 actionem.
963 393 1270 460 Loquaomr
1311 402 1443 458 ergo
1458 386 1612 457 quod
1655 384 1930 448 admouet,
1961 380 2012 442 Α
2036 392 2130 431 cur
2159 376 2464 430 dubitemus
2501 370 2765 439 exaudiri,
2809 384 2933 424 eum
2974 369 3043 424 ab
3070 370 3210 440 ipso,
3243 376 3299 422 et
3327 365 3392 421 ad
3434 367 3606 437 ipsum

366 494 636 562 sapiamus
677 487 816 558 quod
863 483 1053 549 credit,
1096 493 1340 536 amemus
1380 487 1529 533 certe
1572 477 1712 547 quod
1742 476 1939 545 diligit,

371 599 427 640 ιιι
456 600 577 638 cum
608 581 722 650 ejus
745 579 980 633 animum
1004 573 1298 642 sequimur,
1325 582 1450 626 tunc
1493 569 1662 640 ipsius
1689 569 1782 623 filii
1823 570 1941 622 sine

368 673 702 731 dubitatione
748 668 1052 722 reddamur.
1084 664 1309 731 Quintus
1348 671 1523 717 autem
1560 676 1846 724 .nu‘merus,
1888 661 1938 714 in

371 786 478 839 quo
511 768 596 821 hic
625 763 859 832 psalmus
885 758 1124 814 noscitur
1148 757 1491 821 constitutus,
1517 755 1832 809 tribuendus
1860 760 1945 808 est

374 851 909 923 I‘entateurho,quod
938 854 1048 908 sola
1081 849 1318 905 Ecclesia
1339 847 1600 903 catholica
1623 860 1750 902 vere
1780 845 1939 898 inteto

372 953 505 1021 figit,
536 967 652 1020 quae
683 950 996 1020 promissam
1053 957 1209 1015 atque
1250 951 1608 1012 exspectatam
1654 937 1944 1010 plenitudi-

374 1059 497 1099 nem
529 1043 658 1111 legis
694 1041 922 1109 accepit.

692 1195 1049 1252 EXPOSITH)
1088 1193 1152 1248 IN
1191 1189 1512 1248 PSALMUM
1537 1186 1626 1246 Vl.
1705 1253 1708 1258 ι

484 1309 552 1365 In
578 1311 729 1378 ﬁnem
760 1309 812 1361 in
835 1307 1034 1377 hymnis
1062 1321 1158 1376 pro
1189 1269 1364 1358 octava
1395 1301 1620 1370 psalmus
1652 1296 1836 1352 David.

451 1442 517 1496 In
541 1442 692 1510 ﬁnem
717 1441 824 1508 jam
863 1447 1045 1494 notum
1077 1444 1178 1494 est.
1216 1436 1452 1506 Hymnus
1480 1445 1564 1489 est
1602 1434 1716 1488 laus
1743 1432 1954 1487 Divini-

383 1535 531 1598 tatis,
562 1533 718 1586 metri
745 1530 966 1600 alicujus
993 1529 1106 1599 lege
1128 1527 1441 1598 composita.
1468 1525 1572 1580 Pro
1601 1534 1774 1578 octava
1805 1539 1951 1589 vero,

383 1635 442 1678 ut
489 1623 700 1692 quidam
748 1623 952 1686 volunt,
1005 1620 1212 1675 Domini
1259 1618 1590 1688 significatur
1649 1615 1950 1679 adventus,

2043 467 2324 521 veniamus
2357 463 2644 518 instructi?
2674 462 2844 529 Dona,
2878 461 3122 525 Domine,
3156 459 3210 513 in
3247 457 3616 513 satisfactione

2043 568 2225 615 nostra
2258 565 2364 610 tota
2390 571 2487 609 nos
2515 555 2773 610 charitatc
2795 536 3102 621 compuugi,
3126 551 3214 621 qui
3239 550 3393 603 nobis
3419 547 3618 602 saluta—

2045 663 2157 702 rem
2181 645 2514 715 supplicandi
2541 643 2778 712 regulam
2809 641 3123 711 praestitisti.
3155 638 3415 693 Memento
3442 651 3618 694 autem

2044 734 2188 807 quod
2222 735 2307 790 bic
2337 733 2706 803 pot-nitentium
2737 732 2942 801 primus
2967 739 3051 784 est
3082 729 3344 798 psalmus,
3379 729 3620 796 sequitur

2047 828 2350 884 tricesimus
2386 825 2618 894 primus,
2661 822 2959 877 tricesimus
2987 821 3263 889 septimus,
3296 819 3621 888 quinquage-

2047 917 2237 983 simus,
2267 915 2589 972 centesimus
2619 913 2840 981 primus,
2866 910 3187 965 centesimus
3215 909 3496 964 vicesimus
3530 923 3620 962 uo-

2049 1021 2172 1070 nus,
2193 1006 2520 1060 centesimus
2545 1000 2986 1075 quadragesimus
3012 998 3295 1055 secundus.
3313 996 3387 1053 De
3407 998 3619 1067 quibus,

2053 1105 2110 1152 ut
2133 1097 2314 1152 datum
2347 1094 2523 1163 fuerit,
2552 1108 2649 1150 suo
2688 1095 2808 1147 loco
2834 1091 3091 1146 dicemus.
3123 1090 3266 1155 Quos
3303 1105 3408 1142 non
3437 1089 3624 1146 credas

2053 1189 2320 1244 incassum
2341 1186 2405 1241 ad
2426 1185 2785 1255 septenarium
2817 1197 3097 1237 numerum
3123 1181 3284 1234 fuisse
3309 1180 3594 1248 perducros
3611 1222 3624 1243 ,

2053 1279 2266 1351 quando
2291 1287 2345 1333 et
2374 1278 2602 1346 majores
2629 1275 2800 1329 nostri
2842 1281 3046 1342 septem
3093 1271 3264 1324 modis
3293 1279 3507 1340 peccata
3538 1284 3630 1320 no-

2051 1375 2139 1428 bis
2169 1371 2362 1427 dimitti
2393 1384 2548 1441 posse
2577 1368 2828 1423 dixerunt
2855 1382 2868 1419 :
2903 1365 3074 1434 primo
3121 1377 3216 1432 per
3265 1361 3584 1431 baptismum
3612 1376 3625 1424 ;

2055 1469 2292 1527 secundo
2318 1483 2413 1538 per
2438 1464 2740 1535 passionem
2785 1460 3056 1530 martyrii;
3095 1459 3252 1514 tertio
3282 1473 3374 1527 per
3402 1457 3636 1510 eleemo-

2051 1575 2244 1633 synam
2266 1577 2280 1625 ;
2303 1567 2492 1629 quarto
2523 1573 2617 1627 per
2649 1557 2748 1608 hoc
2770 1552 2909 1623 quod
2940 1549 3258 1606 remittimus
3289 1555 3503 1616 peccata
3533 1547 3635 1598 fra-

2062 1651 2230 1705 tribus
2257 1649 2492 1711 nostris;
2524 1646 2708 1715 quinto
2741 1658 2858 1699 cum
2893 1639 3214 1696 converterit
3244 1639 3361 1705 quis
3394 1651 3635 1706 pecca'o-

385 1716 597 1786 quando
626 1714 770 1769 finita
798 1713 978 1768 δίεειιιὶ
1010 1710 1367 1775 hebdomade,
1398 1709 1461 1761 ad
1487 1707 1832 1776 judicandum
1858 1719 1956 1760 ve-
1993 1759 2040 1818 Β
2068 1756 2178 1798 rem
2209 1741 2275 1794 ab
2303 1707 2488 1794 ermm’
2509 1707 2606 1790 vim
2635 1749 2777 1800 sum;
2807 1742 2960 1788 sexto
2985 1745 3078 1800 per
3106 1729 3480 1784 abundantiam
3511 1726 3636 1778 (qm

387 1808 524 1862 nerit
552 1806 804 1860 mundum
835 1823 846 1858 :
879 1804 1019 1858 unde
1059 1812 1113 1856 et
1154 1803 1386 1872 psalmus
1433 1801 1548 1868 ipse
1578 1815 1695 1853 cum
1727 1808 1959 1853 tremore

384 1897 620 1950 maximo
651 1896 772 1950 fecit
801 1895 1005 1948 initium
1053 1891 1236 1946 dicens
1264 1909 1276 1944 :
1312 1889 1545 1954 Domine,
1579 1904 1642 1942 ne
1673 1889 1725 1942 in
1762 1889 1841 1940 ira
1873 1899 1959 1940 tua

386 2005 575 2057 arguas
603 2003 702 2051 me,
735 2002 894 2056 neque
917 1987 966 2039 in
995 1987 1168 2056 furore
1205 1995 1290 2037 tuo
1314 1982 1562 2053 corripias
1603 1997 1702 2034 me.
1737 1980 1867 2034 Nam
1909 1990 1962 2034 ct

389 2086 605 2131 sanctus
647 2077 874 2130 Ililaritts
918 2075 970 2130 in
1017 2075 1240 2144 prologo
1269 2071 1626 2137 Psalmorum,
1658 2082 1712 2128 et
1748 2081 1962 2126 sanctus

391 2167 746 2240 Hieronymus
774 2167 826 2221 in
857 2167 1188 2236 expositione
1215 2166 1332 2221 libri
1362 2165 1711 2219 Ecclesiastes
1741 2163 1828 2234 (In
1859 2163 1959 2217 Ec-

391 2257 512 2312 cfes.
555 2274 668 2329 cap.
704 2256 806 2327 xi),
838 2267 890 2313 et
925 2266 1140 2312 sanctus
1170 2256 1485 2312 Ambrosius
1534 2257 1584 2309 in
1631 2257 1964 2324 expositione

394 2349 552 2405 Lueze
599 2349 939 2419 evangelista:
983 2349 1118 2420 (Lib.
1157 2365 1192 2415 ι,
1239 2365 1354 2418 cap.
1388 2347 1476 2415 9),
1509 2347 1598 2402 ubi
1625 2349 1874 2402 Dominus
1915 2351 1966 2402 in

397 2449 578 2495 monte
606 2443 1012 2509 transfiguratus
1059 2450 1173 2506 est;
1205 2450 1257 2494 ct
1301 2449 1518 2495 sanctus
1547 2439 1874 2510 Augustinus
1902 2437 1970 2493 de

396 2533 658 2588 Sermone
681 2532 890 2587 Domini
915 2533 966 2586 in
993 2541 1193 2599 monte,
1211 2532 1299 2586 ubi
1326 2533 1391 2586 de
1413 2543 1535 2587 octo
1557 2531 1970 2588 beatitudinibus

403 2625 714 2695 disputavit,
756 2626 824 2681 de
885 2625 984 2680 hac
1028 2634 1208 2680 octava
1250 2625 1334 2680 die
1383 2625 1540 2680 latius
1585 2625 1972 2694 diligenterque

397 2717 561 2773 iocuti
589 2729 731 2772 sunt.
765 2717 916 2774 Unde
942 2718 1079 2787 quod
1113 2719 1298 2772 lectori
1333 2716 1612 2786 placuerit,
1635 2717 1834 2784 eligere
1864 2715 1971 2768 suf-

401 2807 657 2878 fragatur.
690 2809 945 2875 Quocirca
992 2809 1125 2864 tales
1167 2809 1309 2863 viros
1339 2822 1791 2864 commemorasse
1819 2806 1972 2860 suffi-

401 2900 508 2954 ciat
531 2944 546 2968 ,
577 2901 788 2970 quando
832 2900 972 2955 dicta
998 2914 1204 2965 eorum,
1237 2900 1282 2955 si
1313 2899 1365 2955 in
1396 2916 1553 2954 uuam
1603 2899 1795 2955 seriem
1826 2899 1976 2953 colli-

399 2997 629 3057 gantur,
659 2992 745 3044 vix
793 3000 1009 3059 possunt
1049 2991 1361 3061 longissimo
1415 2992 1684 3045 volumine
1728 3003 1975 3058 compre-

405 3080 590 3137 bendi.
625 3081 698 3136 De
721 3098 821 3150 qua
852 3081 936 3136 die
967 3083 1128 3136 Amos
1177 3083 1436 3152 propheta
1465 3082 1634 3138 dicit:
1667 3081 1758 3136 Va:
1798 3097 1978 3133 concu-

407 3173 716 3244 piscentibus
744 3175 877 3227 diem
909 3173 1151 3238 Domini;
1197 3175 1374 3243 utquid
1412 3175 1549 3227 vobis
1576 3176 1709 3228 diem
1734 3173 1982 3228 Domini?

411 3263 476 3319 Et
498 3267 604 3333 ipse
625 3275 698 3318 επ
723 3266 830 3318 dies
856 3266 1069 3319 (ettcbrre
1097 3275 1144 3319 et
1167 3282 1268 3318 non
1297 3266 1387 3318 lus:
1415 3265 1590 3334 (Amos
1612 3281 1672 3328 -v,
1704 3263 1724 3315 ἰ
1739 3264 1814 3332 8).
1840 3263 1981 3317 Idem

407 3363 463 3408 et
487 3353 782 3422 Sophonias
825 3356 1078 3423 propheta
1107 3355 1237 3409 dicit
1267 3371 1282 3408 :
1315 3354 1428 3409 V0.1:
1471 3355 1572 3408 diei
1617 3354 1821 3408 Domini
1851 3357 1981 3407 dura

408 3454 455 3497 et
481 3459 656 3498 aurora
678 3444 938 3514 (Saphon.
965 3460 1002 3512 ι,
1036 3445 1145 3520 iit).
1174 3446 1328 3502 Unde
1359 3461 1497 3500 nunc
1524 3445 1853 3500 introductus
1878 3461 1986 3514 pea-

413 3533 590 3588 niteus
613 3534 910 3589 distributis
939 3536 1177 3604 partibus
1209 3538 1468 3591 orationis
1495 3538 1839 3592 vehementer
1859 3554 1984 3592 evo-

413 3635 517 3690 rat,
548 3640 614 3680 ne
645 3626 696 3680 in
727 3626 820 3680 illo
848 3627 934 3682 die
956 3626 1147 3696 jmlicii
1177 3627 1243 3682 de
1285 3628 1514 3696 propriis
1545 3628 1867 3684 facinoribus
1899 3645 1987 3682 ar-

411 3727 624 3785 guatur.
658 3716 792 3784 Quid
843 3718 985 3771 cnittt
1035 3719 1322 3784 salubrius,
1361 3719 1557 3790 quidve
1605 3720 1985 3789 providentius,

418 3806 522 3860 nisi
567 3815 627 3860 ut
665 3807 757 3876 qui
791 3808 840 3861 in
885 3809 1088 3863 meritis
1113 3811 1220 3864 suis
1252 3826 1354 3864 non
1380 3819 1586 3880 poterat
1617 3812 1814 3865 habere
1840 3826 1987 3880 spem

417 3911 516 3964 pro
545 3900 864 3966 perpetratis
901 3899 1128 3964 delictis,
1163 3902 1213 3954 iit
1247 3901 1347 3955 hoc
1393 3902 1588 3955 tuundo
1638 3902 1860 3970 positus,
1905 3901 1990 3954 ubi

419 3988 747 4056 minitentur:
791 3991 944 4045 locus
977 4001 1083 4057 est,
1111 3991 1345 4046 divinam
1383 3993 1605 4063 eligeret
1642 4007 1864 4048 exorare
1885 3992 1994 4062 pie-

421 4087 584 4133 tatem
600 4080 622 4132 ?

492 4170 690 4227 Verum
720 4172 878 4228 istum
911 4174 1053 4228 dicm
1083 4189 1111 4227 a
1138 4173 1441 4228 conditione
1464 4174 1668 4239 mundi,
1694 4175 1782 4228 alii
1810 4175 1996 4228 dicunt

423 4271 542 4331 post
569 4277 828 4318 annorum
871 4279 968 4319 sex
1015 4265 1179 4319 millia
1211 4281 1330 4320 esse
1358 4275 1670 4331 venturum;
1713 4278 1993 4334 proutcrca

424 4351 565 4420 quod
605 4354 835 4420 septimo
863 4354 949 4408 die
979 4355 1254 4419 Dominus,
1285 4355 1352 4408 ab
1383 4371 1545 4424 opere
1575 4371 1671 4410 suo
1715 4356 1909 4424 legitur
1942 4359 1992 4408 in

425 4443 517 4496 ilia
539 4457 716 4496 rerum
748 4443 1052 4499 conditione
1079 4445 1342 4513 quievisse
1367 4465 1378 4498 :
1407 4447 1552 4500 mille
1571 4462 1739 4500 annos
1766 4462 1861 4516 per
1881 4445 1997 4500 dies

427 4533 664 4601 singulos
691 4543 1084 4602 computames,
1109 4536 1232 4604 quia
1256 4536 1450 4606 legitur
1479 4555 1492 4590 :
1520 4538 1648 4591 Aule
1676 4547 2000 4607 conspectum

427 4626 537 4695 ejus
564 4625 702 4680 mille
728 4627 852 4679 anni
875 4627 1004 4680 sicut
1034 4627 1142 4680 dies
1171 4645 1301 4682 unus
1329 4629 1502 4699 (Psol.
1536 4645 1758 4691 LXXXIX,
1787 4630 1863 4698 4).
1895 4630 1999 4683 Alii

429 4729 619 4790 putant
646 4729 764 4791 post
790 4737 1048 4776 annorum
1077 4733 1280 4793 septem
1306 4723 1492 4789 millia,
1522 4724 1571 4777 id
1594 4735 1697 4789 est,
1729 4732 2004 4778 transacta

429 4815 582 4870 istius
625 4815 805 4870 surculi
851 4815 1167 4884 septimana,
1198 4825 1393 4868 octavo
1433 4815 1520 4868 die
1548 4814 1690 4868 illam
1738 4824 1998 4868 aeternam

433 4907 605 4963 lucem
633 4923 790 4977 posse
815 4909 1112 4973 declarari;
1143 4909 1278 4961 sicut
1305 4917 1361 4962 et
1392 4907 1599 4961 Domini
1633 4909 1796 4961 nostri
1826 4905 2003 4962 resur-

435 5001 602 5055 rectio
631 4999 808 5052 habita
838 4999 1000 5054 fuisse
1029 4999 1389 5069 cognoscitur.
1421 4998 1524 5053 Sed
1551 5014 1672 5052 cum
1703 4999 1846 5051 dicat
1891 4999 2005 5065 ipse

437 5091 693 5147 Dominus
721 5091 773 5146 in
805 5091 1090 5161 Evangelio
1116 5089 1339 5160 (Matth.
1371 5106 1515 5158 μιν,
1553 5091 1650 5154 56;
1692 5090 1856 5144 Marc.
1891 5105 2006 5156 snt,

435 5184 550 5254 32),
572 5185 711 5238 hunc
737 5184 900 5248 diem,
919 5199 1015 5238 nec
1033 5183 1222 5237 Filium
1256 5197 1435 5248 nosse,
1459 5183 1614 5236 nimis
1642 5183 2005 5249 impnrtummt

439 5289 523 5334 est
559 5279 685 5361 illud
715 5278 954 5335 studiose
973 5292 1229 5348 quaerere,
1258 5276 1399 5346 quod
1429 5276 1580 5330 nobis
1609 5275 1806 5330 utiliter
1828 5275 2007 5329 divina

443 5373 772 5442 providentia
812 5372 983 5426 noluit
1029 5371 1285 5426 revelare.
1325 5369 1658 5440 Quapropter
1702 5371 1768 5424 ad
1807 5385 2010 5423 sermo.

440 5479 568 5520 nem
601 5465 739 5520 tituli
777 5463 1152 5521 declarandum
1195 5478 1352 5517 nosse
1399 5462 1646 5526 sufﬁciat,
1691 5472 1811 5532 post
1857 5459 2014 5531 lmjus

445 5556 627 5610 sa‘culi
651 5555 831 5622 finem,
863 5557 1010 5611 iilom
1043 5554 1184 5610 diem
1210 5569 1332 5610 esse
1359 5565 1660 5607 vcnturunt.
1883 5613 1892 5622 ρ

518 5642 669 5701 Nunc
694 5644 760 5699 ad
784 5645 1121 5715 intelligenda
1146 5645 1309 5699 verba
1333 5660 1448 5714 quae
1486 5643 1639 5698 nobis
1661 5652 1781 5696 sunt
1802 5642 2018 5706 donata,

448 5738 707 5794 velociter
751 5736 1084 5794 fostincmus.
1119 5736 1248 5793 Nam
1299 5738 1340 5793 si
1387 5753 1520 5806 puro
1560 5735 1720 5790 corde
1770 5734 2018 5805 petimus,

2060 1833 2262 1897 ritatis;
2285 1831 2512 1899 septimo
2535 1842 2630 1896 per
2646 1826 3040 1895 pmnitentiam‘:
3059 1820 3296 1876 addenda
3311 1832 3520 1887 quoque
3551 1825 3633 1868 est

2061 1923 2473 1983 communicatio
2494 1918 2634 1992 [mss.
2657 1921 2743 1984 Α..
2761 1916 2851 1981 Β.,
2885 1914 2975 1977 F.,
3013 1910 3306 1984 perceptio]
3329 1910 3566 1979 corporis
3591 1919 3643 1963 ct

2063 2015 2336 2087 sanguinis
2359 2011 2563 2068 Domini
2588 2010 2753 2064 nostri
2778 2009 2904 2062 Jesu
2920 2005 3138 2070 Christi,
3155 2019 3274 2057 cum
3294 2012 3469 2055 tamen
3487 2001 3642 2069 digne

2063 2106 2364 2175 suscipitur.
2383 2101 2726 2156 Inveniuntur
2755 2106 2806 2152 ct
2829 2097 2919 2148 alii
2947 2097 3171 2148 fortasse
3203 2091 3344 2145 modi
3371 2092 3642 2144 remissio-

2067 2213 2229 2262 num;
2264 2193 2503 2265 congruit
2541 2190 2682 2246 euim
2712 2195 2770 2242 ut
2798 2200 3076 2240 numerum
3104 2180 3506 2253 supplicationis
3549 2194 3640 2231 no-

2067 2299 2197 2344 stra:
2219 2282 2543 2354 indulgentia
2563 2279 2738 2336 divina
2771 2274 3130 2332 transcendat.

2642 2412 2832 2467 Diuisio
2851 2410 3058 2482 psalmi.

2141 2553 2376 2620 Quatuor
2412 2547 2584 2602 modis
2629 2546 2682 2600 in
2713 2544 2814 2598 hoc
2845 2543 3048 2609 psalmo
3079 2539 3160 2594 vir
3188 2537 3450 2592 confitens
3480 2545 3531 2588 ct
3557 2548 3643 2587 re-

2074 2645 2292 2713 ligiosus
2323 2648 2527 2696 exorat.
2562 2639 2616 2693 lu
2663 2634 2887 2690 exordio
2920 2631 3244 2687 benevolum
3291 2628 3389 2682 sibi
3416 2626 3645 2696 judicent

2076 2734 2294 2788 faciens.
2317 2729 2600 2785 Exordium
2627 2738 2710 2783 est
2737 2735 2914 2778 autem
2941 2724 3111 2776 oratio
3133 2718 3388 2773 auditoris
3415 2718 3647 2770 animum

2076 2825 2268 2880 idonee
2307 2835 2620 2892 comparans
2664 2817 2730 2872 ad
2762 2817 3019 2886 reliquam
3049 2813 3358 2873 dictionem,
3392 2809 3441 2862 id
3469 2818 3549 2862 est
3581 2848 3592 2867 ,
3623 2823 3651 2859 a

2079 2926 2338 2985 potestate
2364 2913 2580 2982 judicis,
2612 2910 2732 2980 quia
2759 2908 2905 2962 solus
2928 2917 3010 2962 est
3043 2905 3192 2974 cujus
3221 2902 3504 2957 constituta
3536 2913 3651 2952 ser-

2079 3018 2164 3061 vat
2194 3006 2483 3060 aeternitas.
2512 3003 2588 3056 Ab
2610 2999 2914 3054 infirmitate
2944 3012 3038 3050 sua
3065 3037 3080 3060 ,
3114 2995 3361 3064 quoniam
3396 2999 3648 3059 quantum

2082 3096 2504 3160 mereturluere,
2525 3107 2632 3158 non
2664 3091 2915 3158 przrvalet
2945 3087 3288 3142 sustinere.A
3314 3086 3652 3154 23consue-

2088 3193 2269 3246 tudine
2291 3186 2558 3258 parcendi,
2574 3185 2820 3254 quoniam
2847 3197 2950 3234 non
2965 3195 3023 3234 se
3045 3179 3155 3233 vult
3175 3192 3202 3230 a
3221 3175 3445 3228 mortuis
3460 3172 3652 3240 rogari,

2085 3283 2178 3338 sed
2219 3296 2246 3332 a
2280 3281 2413 3332 vivis
2454 3274 2759 3330 hominibus
2807 3273 3070 3325 confiteri.
3106 3266 3348 3323 Secunda
3400 3264 3658 3317 divisione

2089 3380 2271 3427 narrat
2298 3381 2562 3423 aarutnnas
2587 3365 2846 3434 proprias,
2868 3364 3058 3430 quibus
3081 3358 3304 3412 afflictus
3327 3366 3379 3410 et
3401 3352 3657 3408 contritus

2088 3475 2148 3516 es
2182 3477 2210 3513 ε
2239 3459 2595 3527 cognoscitur.
2641 3453 2882 3507 Narratio
2913 3465 3040 3503 vero
3070 3458 3151 3502 est
3181 3447 3244 3498 ad
3274 3459 3484 3498 causam
3537 3456 3654 3506 prec

2091 3553 2318 3608 habilem
2353 3548 2645 3603 faciendam
2674 3560 2852 3599 rerum
2880 3553 3147 3613 gestarum
3179 3541 3320 3593 clara
3351 3546 3403 3589 et
3429 3535 3655 3601 diligtttts

2097 3643 2382 3713 expositio.
2417 3640 2666 3708 Sequitur
2689 3635 2935 3689 salutaris
2957 3635 3009 3687 et
3041 3633 3200 3684 uinus
3245 3630 3515 3696 profutura
3543 3638 3654 3677 cur-

2093 3739 2278 3794 rectio.
2310 3737 2624 3803 Sequestrat
2653 3733 2792 3787 enim
2816 3745 2875 3784 se
2901 3745 2927 3782 a
2961 3729 3137 3786 malis,
3165 3724 3303 3794 quod
3335 3723 3471 3778 ίιιιιιο
3499 3718 3659 3788 j'tdtci

2093 3837 2314 3884 noverat
2341 3840 2461 3880 esse
2489 3822 2877 3893 gratissimum;
2908 3828 2965 3872 ttt
2993 3818 3060 3872 ab
3089 3816 3190 3869 illis
3225 3827 3373 3867 mens
3416 3809 3666 3863 reddere-

2094 3931 2179 3974 tur
2207 3915 2602 3984 aliena,quibus
2629 3922 2682 3967 et
2711 3914 2821 3979 ipsa
2847 3909 3049 3979 jnstitia
3076 3905 3397 3974 probabatur
3418 3901 3663 3952 adversa.

2094 4010 2352 4078 Superest
2380 4000 2906 4070 conclusio,ubijam
2935 3997 3207 4053 definitive
3235 3993 3430 4062 aliquid
3457 3991 3667 4051 dicitur,

2096 4107 2374 4168 postquam
2401 4095 2531 4148 nihil
2559 4093 2783 4161 amplius
2819 4082 3480 4144 desitlcretur.Couturbit
3525 4080 3664 4133 enim

2096 4167 2150 4244 et
2181 4187 2424 4256 repudiat
2451 4198 2636 4238 omnes
2679 4167 2888 4250 iniquos
2913 4218 2928 4246 ,
2960 4178 3210 4248 quoniam
3261 4189 3377 4228 cum
3420 4173 3547 4238 ipsis
3576 4171 3671 4223 ha-

2098 4277 2227 4332 bere
2256 4274 2472 4330 nolebat
2498 4273 2760 4326 ullatenus
2783 4270 3100 4338 portionem.
3135 4266 3223 4319 Sic
3255 4280 3346 4334 per
3379 4266 3471 4316 bas
3501 4280 3562 4332 pa
3600 4272 3678 4313 trs

2098 4368 2349 4440 proficua:
2382 4365 2711 4435 pmnitcntiac
2743 4377 2900 4416 causa
2929 4359 3217 4430 peragitur.
3252 4360 3474 4425 Aptatur
3506 4369 3676 4405 nuit-in
3721 4350 3728 4357 ’

2103 4461 2219 4514 inec
2250 4458 2358 4513 Deo
2397 4472 2489 4528 per
2533 4457 2820 4509 btnuanam
2869 4451 3307 4507 consuetudinem
3358 4447 3681 4499 translativis

2111 4553 2322 4606 verbis:
2355 4562 2412 4603 ut
2455 4549 2605 4619 quasi
2651 4547 2812 4617 judcx
2857 4545 3058 4613 audiat,
3110 4542 3263 4612 quasi
3305 4542 3550 4608 Cttgl'lil'tl‘
3605 4539 3681 4591 in-

2108 4652 2378 4704 struatur,
2417 4640 2571 4709 quasi
2603 4637 2835 4701 nescius,
2868 4652 2986 4705 qu:e
3035 4645 3157 4688 sunt
3191 4632 3325 4686 facta
3373 4643 3678 4699 cognoscat.

2109 4733 2260 4799 Quod
2291 4746 2455 4801 genus
2477 4729 2763 4783 schematis
2785 4725 2962 4781 multis
2991 4725 3122 4780 locis
3153 4725 3388 4793 reperies
3414 4725 3460 4774 in
3489 4721 3682 4774 litteris

2110 4823 2298 4880 Sacris.
2330 4821 2493 4876 Totus
2524 4829 2699 4874 autem
2729 4819 2814 4872 hic
2843 4819 3074 4885 psalmus
3105 4822 3322 4883 propter
3355 4813 3510 4865 futuri
3538 4811 3676 4879 judi-

2109 4917 2175 4971 cii
2205 4916 2450 4968 timorem
2501 4913 2736 4965 noscitur
2760 4923 2881 4963 esse
2909 4907 3273 4975 con-eripias;
3325 4903 3466 4973 quod
3500 4903 3684 4970 utique

2111 5013 2270 5061 recta:
2313 5001 2506 5056 mentis
2551 5009 2634 5054 est
2676 4998 3014 5052 imminentes
3060 5006 3300 5049 metuere
3327 4992 3684 5054 calamitate<,

2109 5107 2166 5152 et
2192 5096 2318 5150 illud
2349 5096 2535 5148 timere
2582 5090 2723 5160 quod
2757 5098 2992 5144 meretur
3022 5088 3293 5153 excipere.
3321 5085 3455 5140 Nam
3478 5084 3523 5138 si
3558 5083 3683 5135 illud

2113 5197 2235 5242 ante
2272 5186 2456 5242 oculos
2506 5184 2794 5238 habeamus
2845 5179 2986 5249 quod
3035 5179 3086 5232 in
3138 5179 3392 5232 Malacbia
3428 5177 3684 5248 propheta

2109 5282 2324 5351 legitur,
2354 5292 2565 5346 semper
2608 5276 2672 5330 ad
2725 5276 2837 5328 vias
2887 5283 3062 5328 rectas
3110 5273 3460 5333 recurrimus,
3493 5279 3548 5322 et
3593 5281 3692 5319 nos

2123 5369 2359 5439 profictzo
2389 5367 2578 5420 timore
2605 5365 2943 5434 corrigimur.
2983 5361 3071 5414 Ait
3098 5363 3272 5419 enim:
3306 5361 3432 5425 Quis
3465 5357 3697 5410 tolerabit

2122 5461 2256 5513 diem
2276 5458 2510 5534 introitus
2536 5456 2666 5526 ejus,
2692 5465 2778 5509 aut
2807 5455 2919 5526 quis
2945 5455 3209 5509 sustinebit
3235 5455 3287 5508 in
3319 5460 3526 5524 aspectu
3549 5447 3702 5520 ejus?

2124 5552 2245 5618 quia
2269 5552 2374 5620 ipse
2394 5548 2674 5616 ingreditur
2695 5549 2825 5600 sicut
2848 5547 2979 5618 ignis
3007 5548 3233 5615 ﬂatttrw,
3267 5557 3312 5599 ct
3333 5545 3463 5600 sicut
3487 5554 3702 5612 squama

2127 5643 2422 5711 Intimilium,
2452 5650 2498 5693 ct
2527 5640 2715 5694 sedebit
2740 5640 2808 5691 ad
2835 5637 3182 5707 conﬂandum,
3214 5648 3260 5692 et
3298 5639 3368 5688 ad
3408 5649 3702 5703 repurgan-

2131 5733 2253 5788 dum
2280 5745 2547 5805 argentum
2569 5731 2726 5806 (Mal.
2742 5744 2820 5800 ιιι,
2845 5730 2900 5798 Ξ),
2920 5729 2996 5803 ὅ).
3025 5727 3280 5786 Similiter
3296 5741 3347 5784 ct
3367 5727 3619 5785 Salomon
3648 5725 3702 5778 in
