4008 6182
286 285 345 353 σί
1243 294 1605 352 EXI’OST-i‘io
1643 297 1706 351 IN
1748 297 2201 355 [’SALTERIUM.
2245 299 2431 356 PSA!”
2466 299 2550 353 Vl.
3467 309 3536 366 σεξ

289 405 666 462 Ecclesiastico
692 418 1028 476 praemonens
1056 405 1216 462 dicit:
1249 410 1377 461 Ante
1411 409 1689 462 orationem
1719 425 1850 478 prte-
1883 415 1926 468 A
1957 419 2005 462 et
2031 411 2080 462 in
2104 411 2276 477 furore
2313 427 2408 464 suo
2449 412 2762 465 conturbabit
2804 430 2888 467 eos
2922 415 3092 486 (Psal.
3127 436 3181 484 ll,
3214 422 3273 491 5)
3301 438 3316 487 ;
3342 422 3410 478 de
3430 439 3536 494 quo

281 513 408 560 para
449 498 678 550 animam
721 507 893 563 tuam;
923 510 975 554 et
1018 499 1172 561 paulo
1197 509 1314 568 post
1345 515 1360 552 :
1399 499 1655 554 Memento
1683 500 1774 553 ira:
1802 501 1856 554 in

278 590 361 644 die
388 590 863 655 consummationis,
893 598 938 644 et
967 597 1166 660 tempus
1201 589 1544 644 retributionis
1571 593 1623 644 in
1656 607 1860 645 conver-

278 680 474 734 satione
493 680 646 751 faciei
667 678 862 750 (Eccle.
888 696 1032 746 xvttt,
1058 682 1150 750 23,
1175 679 1292 751 Ξῖ.)

815 839 1080 909 Expositio
1125 839 1329 909 psalmi.

343 952 505 1009 ἵετε.
533 952 586 1020 1.,
616 952 855 1019 Domine,
879 971 941 1009 ne
972 956 1023 1008 in
1053 955 1131 1008 ira
1161 965 1249 1008 tua
1273 971 1461 1026 arguas
1489 971 1586 1011 me.
1617 956 1852 1012 Primum

273 1057 436 1103 nosse
460 1045 719 1101 debemus
747 1048 1184 1116 omnipotentiam
1216 1045 1451 1116 Domini,
1494 1049 1852 1120 eloquentiam

271 1149 425 1191 suam
453 1135 531 1188 ita
571 1133 732 1189 variis
771 1136 1064 1205 disciplinis
1103 1147 1259 1208 atque
1305 1138 1508 1194 artibus
1540 1141 1850 1215 plenissime

273 1226 492 1296 ditasse,
535 1236 594 1282 ut
621 1235 676 1281 et
702 1227 813 1296 ipsa
857 1227 1179 1282 mirabiliter
1220 1230 1623 1298 exquirentibus
1662 1243 1849 1286 ornata

272 1319 634 1389 nsplendeat,
659 1328 716 1374 et
743 1319 950 1374 semina
977 1319 1305 1376 diversarum
1332 1320 1696 1378 doctrinarum
1725 1324 1848 1377 dili-

269 1419 460 1480 genter
486 1417 770 1464 retractata
815 1410 1093 1465 concedat.
1125 1411 1258 1466 illnc
1306 1420 1388 1467 est
1431 1413 1574 1467 enim
1605 1415 1746 1484 quod
1793 1417 1845 1469 in

269 1502 385 1574 ipsa
415 1503 778 1573 reperiuntur,
819 1518 938 1574 qua:
967 1506 1205 1576 magistri
1250 1507 1590 1562 saecularium
1642 1509 1847 1564 littera-

273 1608 390 1650 rum
420 1597 488 1650 ad
521 1611 617 1651 sua
645 1604 766 1666 post
807 1589 1075 1649 volumina
1106 1598 1508 1654 transtulerunt.
1543 1600 1674 1654 Nam
1708 1601 1849 1656 inter

270 1689 408 1743 alios
428 1697 623 1756 status,
651 1703 787 1760 quos
811 1695 1051 1742 oratores
1077 1689 1254 1743 causis
1280 1693 1674 1761 emcrgentibus
1705 1693 1846 1748 indl-

1960 514 2009 560 et
2032 507 2168 558 alius
2200 504 2454 574 propheta
2481 505 2609 560 dicit
2641 524 2653 560 :
2692 505 2811 560 Dies
2834 508 2947 572 illa,
2972 510 3081 564 dies
3104 514 3212 571 irae.
3243 515 3352 569 dics
3375 517 3534 570 tribu-

1959 597 2162 651 lationis
2191 606 2238 650 et
2259 598 2511 666 angustia:
2541 595 2799 668 (Saphon.
2825 615 2865 667 ι,
2897 598 3004 671 15).

2031 686 2183 740 Vers.
2209 686 2264 739 2.
2295 684 2544 740 Miserere
2583 688 2701 753 mei,
2740 689 2974 755 Domine,
3006 697 3248 762 quoniam
3297 698 3532 766 infirmus

1958 795 2088 830 sum.
2112 777 2436 832 Inﬁrmitatis
2465 778 2732 833 confessio
2757 782 2991 838 cmlcst’s
3014 785 3201 842 Medici
3228 789 3532 846 miscricor-

1957 869 2096 922 diam
2129 878 2324 930 tnovet,
2355 885 2382 922 a
2412 883 2516 937 quo
2554 869 2706 923 facile
2745 871 3091 938 impetrantur
3123 879 3379 944 remedia,
3407 896 3528 934 cum

1958 959 2315 1014 ostenduntur
2373 960 2590 1014 vulnera
2647 961 2949 1016 manifesta.
3002 963 3114 1018 Non
3165 969 3306 1021 enim
3353 969 3528 1024 dixit:

1955 1050 2207 1119 quoniam
2241 1065 2469 1114 mereor,
2495 1051 2611 1116 sed,
2644 1051 2764 1120 quia
2790 1053 3046 1121 justitiam
3081 1065 3221 1110 tuam
3263 1062 3531 1115 sustinere.

1957 1158 2062 1198 non
2107 1143 2276 1196 valeo.
2308 1141 2350 1196 Ο
2380 1143 2662 1198 clementia
2707 1160 2894 1215 magna
2940 1147 3244 1206 Creatoris!
3291 1168 3318 1204 a
3346 1153 3525 1222 judice

1955 1231 2280 1304 percipimus
2326 1233 2448 1302 quid
2475 1233 2550 1288 rei
2580 1234 2757 1289 dicere
2791 1229 3382 1305 debeamusjdocenntr
3415 1247 3525 1310 pie-

1957 1336 2114 1382 tatem
2158 1336 2362 1396 petere,
2397 1340 2464 1381 ne
2492 1327 2814 1395 nosjustitia
2867 1332 3033 1397 possit
3073 1334 3370 1389 absumere.
3398 1338 3527 1404 Quis

1953 1419 2096 1472 enim
2143 1417 2252 1486 jam
2300 1415 2504 1470 dubitet
2543 1431 2664 1470 eum
2707 1419 2866 1473 verba
2909 1434 3000 1474 sua
3036 1424 3218 1478 audire
3249 1440 3404 1493 posse
3437 1447 3447 1478 :
3482 1432 3528 1484 si

1954 1518 2128 1563 tamen
2165 1506 2282 1560 talis
2306 1508 2374 1560 sit
2404 1509 2668 1575 precantis
2689 1510 2918 1577 animus,
2942 1514 3151 1584 qualem
3184 1516 3298 1586 ipse
3321 1527 3402 1573 est
3435 1519 3522 1589 ju-

1954 1599 2083 1654 bere
2109 1599 2391 1666 dignatus?

2021 1691 2179 1746 νει-ε.
2203 1691 2254 1744 ’5.
2286 1689 2428 1744 Sana
2451 1708 2546 1758 me,
2577 1690 2811 1756 Domine,
2838 1693 3076 1762 quoniam
3094 1696 3391 1750 conturbata
3412 1711 3526 1753 sunt

270 1779 487 1845 derunt,
517 1781 881 1834 concessivam
921 1779 1350 1848 deprecationem
1393 1797 1514 1836 esse
1557 1783 1840 1851 dixerunt;
1877 1774 1918 1830 Β
1949 1783 2117 1834 omnia
2148 1797 2262 1834 ossa
2291 1798 2420 1836 mea.
2461 1771 2515 1834 in
2548 1781 2924 1852 deprecatione
2965 1784 3150 1839 eadem
3195 1800 3519 1855 perseverat.

269 1882 390 1923 cum
431 1885 558 1924 rcus
599 1883 704 1924 non
733 1869 784 1925 id
827 1869 968 1939 quod
1012 1869 1206 1924 factum
1237 1879 1320 1925 est
1364 1872 1620 1939 defendit,
1667 1876 1760 1930 sed
1794 1884 1850 1928 ut

270 1960 574 2028 ignocatur
603 1959 922 2026 expostulat.
951 1959 1050 2028 Qui
1093 1969 1262 2015 status
1297 1962 1422 2016 licet
1454 1964 1676 2019 inermis
1708 1967 1846 2035 apud

271 2057 480 2107 terrena
522 2052 725 2123 judicia
751 2050 1021 2119 videatur,
1053 2053 1405 2124 humanisque
1435 2055 1640 2131 viribus
1675 2058 1843 2113 desti-

271 2153 411 2196 tutus
438 2184 454 2208 ,
489 2144 682 2198 invicta
706 2153 894 2198 'tamcn
925 2141 1064 2212 apud
1094 2143 1256 2199 Deum
1289 2147 1584 2202 munitione
1614 2150 1845 2217 praecin-

267 2234 436 2304 gitur,
461 2245 519 2289 ut
541 2251 698 2302 quem
723 2236 863 2290 nulla
887 2237 1172 2305 pur-valent
1197 2252 1510 2307 argumcn'a
1533 2241 1844 2306 defendere,

267 2327 376 2380 sola
408 2326 583 2395 possit
606 2325 778 2382 ﬁdelis
805 2325 1072 2382 confessio
1105 2328 1397 2385 vindicare.
1427 2331 1536 2384 line
1568 2348 1693 2388 vere
1727 2350 1846 2401 ptru-

268 2414 556 2470 nitentibtts
585 2415 760 2481 datur,
783 2417 871 2484 qui
900 2414 1025 2470 dum
1066 2430 1126 2470 se
1168 2420 1387 2485 cupiunt
1415 2421 1712 2487 absolvere,
1747 2421 1845 2488 ipsi

268 2506 441 2572 potius
475 2507 688 2575 propria
718 2509 955 2562 nituntur
982 2507 1118 2562 facta
1165 2509 1284 2562 dum
1311 2527 1439 2565 iure.
1474 2512 1564 2566 Sic
1593 2523 1644 2565 et
1678 2513 1841 2567 Isaias

267 2607 482 2650 monet:
516 2595 613 2650 Dic
648 2607 704 2649 tu
750 2598 1040 2668 iniquitates
1086 2608 1202 2653 tuas
1249 2602 1410 2669 prius,
1445 2612 1500 2653 ut
1539 2603 1846 2671 justi/iouis

264 2681 420 2752 (lsai.
447 2701 597 2754 xutt,
625 2685 741 2756 26).
766 2687 919 2743 Nunc
963 2689 1408 2745 considerandum
1459 2702 1542 2747 est
1589 2710 1745 2761 quam
1779 2695 1848 2747 sit

265 2773 546 2828 Verborum
579 2775 800 2832 istorum
829 2793 1061 2850 congrua
1092 2782 1444 2852 salutarisqttc
1490 2783 1703 2852 positio.
1732 2783 1844 2838 Non

260 2864 406 2918 enim
430 2867 698 2936 supplicat
726 2869 946 2925 Domino
976 2873 1292 2940 P.ttri,sicut
1321 2885 1373 2928 et
1395 2875 1512 2928 aliis
1540 2876 1708 2928 visum
1739 2886 1842 2940 est,

261 2967 318 3012 nt
348 2975 452 3013 non
484 2971 736 3030 arguatur
765 3006 780 3025 ,
814 2965 906 3017 sed
953 2981 1017 3018 ne
1045 2965 1095 3018 in
1124 2965 1309 3034 judicli
1341 2967 1626 3020 severitate
1655 2968 1844 3034 culpe-

261 3057 384 3104 tur:
420 3054 544 3117 quia
573 3051 656 3106 hic
682 3053 862 3108 multis
887 3056 1033 3123 argui
1069 3059 1212 3110 s:ilus
1238 3068 1338 3125 est,
1382 3058 1518 3110 sicut
1547 3059 1598 3112 in
1633 3061 1842 3126 Apoca-

261 3139 398 3211 lypsi
427 3139 648 3196 Joannis
672 3144 898 3212 legitur:
935 3145 1043 3216 Ego
1070 3163 1196 3214 quos
1225 3164 1342 3199 amo
1372 3149 1625 3220 redarguo
1651 3161 1696 3202 et
1721 3167 1835 3203 cns—
1868 3127 1913 3188 Ω

261 3234 366 3301 tigo
393 3233 580 3299 (Apoc.
624 3248 703 3298 ιιι,
742 3233 845 3302 19).
877 3234 1007 3290 Nam
1044 3238 1112 3291 ita
1145 3249 1197 3292 et
1225 3239 1323 3307 ipsi
1366 3239 1530 3293 David
1582 3243 1832 3311 contigit,

247 3325 379 3377 tum
409 3341 529 3380 eum
557 3327 860 3396 prapbetica
891 3331 1122 3384 correxit
1150 3332 1405 3385 invectio.
1440 3336 1627 3402 Argn't
1660 3344 1710 3387 et
1758 3329 1841 3388 Fi-

263 3416 385 3483 lius,
410 3419 547 3473 sicut
579 3418 628 3471 in
658 3420 760 3474 alio
792 3422 994 3488 psilmo
1023 3421 1216 3493 tegitur
1249 3441 1261 3476 :
1295 3423 1521 3494 Arguum
1557 3435 1622 3492 te,
1657 3438 1705 3481 et
1737 3437 1838 3481 sta-

262 3517 406 3560 tuam
435 3510 526 3562 iila
554 3520 672 3573 ante
698 3512 880 3580 {aciem
917 3521 1058 3565 tuam
1103 3512 1275 3585 (Psal.
1317 3529 1466 3582 thx,
1505 3516 1621 3587 21).
1653 3517 1846 3586 Arguit

260 3601 422 3654 eziam
464 3601 692 3670 Spiritus
721 3615 956 3670 sanctus,
985 3604 1120 3659 sicut
1155 3607 1412 3676 scriptum
1441 3618 1525 3663 est
1560 3627 1573 3662 :
1605 3608 1731 3663 Cum
1760 3626 1841 3664 re-

261 3693 389 3746 neri:
413 3691 638 3762 Spiritus
667 3693 980 3761 Paraclctus,
1017 3697 1123 3766 ipse
1156 3708 1335 3768 arguet
1363 3699 1612 3752 mundum
1644 3701 1707 3754 de
1725 3718 1842 3772 pec-

259 3797 373 3838 rato
429 3785 606 3856 (latnt.
641 3803 754 3850 xu,
784 3788 861 3849 8).
893 3789 1060 3845 Dicite
1109 3806 1270 3859 nunc,
1320 3793 1578 3860 perversi,
1625 3793 1712 3848 ubi
1759 3805 1844 3849 est

265 3869 348 3923 hic
390 3879 596 3926 natura
640 3882 1020 3941 poteStattsque
1049 3874 1323 3941 distantia,
1353 3876 1567 3947 quando
1596 3891 1694 3932 nec
1727 3877 1840 3947 ipsa

261 3961 572 4029 discrepant
617 3964 811 4018 verba?
849 3966 1184 4020 Conticescat
1221 3969 1414 4021 Ariona
1462 3970 1695 4038 nequitia
1729 3986 1741 4022 :
1778 3986 1844 4024 ne

263 4052 350 4118 qui
391 4052 581 4106 volunt
609 4052 660 4106 in
695 4065 880 4108 sancta
906 4053 1164 4110 Trinitate
1212 4057 1501 4127 sacrilegas
1546 4056 1840 4112 divisiones

263 4145 485 4213 inferre,
516 4146 613 4215 ipsi
658 4159 718 4201 se
758 4161 786 4200 a
829 4161 991 4216 regno
1021 4147 1231 4203 Domini
1276 4151 1572 4218 probentur
1619 4150 1844 4204 abscin-

262 4236 418 4292 dere.

338 4328 525 4398 Neque
557 4329 609 4382 in
637 4331 810 4400 furore
837 4339 923 4383 tuo
950 4315 1200 4400 corripias
1229 4350 1324 4386 me.
1357 4333 1434 4387 lr'a
1459 4345 1511 4388 et
1541 4333 1687 4388 furor
1705 4334 1846 4404 “judi-

261 4419 340 4471 εἰς
390 4429 577 4471 contra
631 4434 782 4473 reum
825 4420 1179 4475 damnationis
1230 4422 1451 4478 eﬂ'ecuts
1494 4434 1602 4489 est;
1649 4425 1698 4478 id
1739 4441 1840 4489 est,

1956 1873 2047 1926 l‘io
2091 1871 2298 1926 Medico
2344 1873 2560 1930 dicitur,
2594 1872 2961 1937 argt-itudinem
2998 1875 3228 1930 tabidum
3262 1895 3427 1949 usque
3454 1882 3521 1933 ad

1953 1967 2041 2019 int.
2066 1965 2205 2017 riora
2232 1964 2461 2026 venisse,
2493 1979 2558 2017 ne
2579 1965 2818 2017 dilTert‘ct
2846 1965 3121 2033 auxilium,
3140 1970 3220 2021 cui
3246 1971 3524 2026 imminere

1950 2059 2304 2128 Cognoscebat
2333 2056 2575 2108 exitium.
2613 2055 2739 2108 Ossa
2769 2055 2856 2110 hic
2890 2073 2983 2128 per
3011 2059 3342 2130 allegoriam,
3377 2062 3522 2116 furti-

1953 2150 2188 2203 tndinem
2217 2147 2408 2202 tuentis
2439 2147 2696 2202 debemus
2722 2150 3018 2212 advertere,
3036 2166 3151 2219 quae
3178 2166 3296 2205 cum
3322 2153 3518 2217 deficit,

1952 2241 2099 2308 \‘tgnt‘
2130 2239 2303 2292 omnis
2333 2237 2584 2302 elabitur,
2616 2238 2751 2292 sicut
2795 2254 2848 2292 et
2874 2239 3086 2294 ossibus
3117 2243 3376 2310 quassatis
3398 2258 3520 2297 cor—

1952 2345 2048 2400 pu;
2084 2328 2304 2382 minimc
2331 2327 2658 2382 continetur.

2023 2421 2174 2475 γει-ς.
2206 2421 2258 2473 4.
2299 2419 2359 2473 Et
2381 2421 2553 2472 anima
2582 2436 2690 2472 mea
2705 2421 2913 2486 turbata
2934 2429 3004 2473 8st
3035 2423 3212 2476 valde:
3240 2432 3285 2476 et
3316 2434 3386 2486 tu,
3421 2424 3523 2476 Dn-

1950 2512 2102 2574 rm’ne,
2130 2509 2434 2578 usquequo?
2467 2509 2544 2564 Ne
2585 2524 2779 2578 corpus
2819 2510 3166 2580 itttelligeres,
3213 2515 3353 2582 quod
3402 2529 3520 2568 ossa

1949 2599 2262 2667 noutinavit,
2297 2599 2521 2651 animam
2565 2613 2712 2654 suam
2743 2599 2886 2656 dixit
2931 2613 3038 2655 eSse
3067 2603 3342 2657 turbatam.
3378 2606 3521 2660 Bene

1948 2699 2125 2745 autem
2179 2691 2323 2744 cattle
2369 2690 2605 2744 additum
2647 2701 2748 2755 est,
2785 2708 2851 2746 ne
2879 2691 3116 2748 clemens
3143 2697 3350 2749 auditor
3376 2707 3522 2765 pate-

1948 2788 2096 2836 retur
2126 2782 2326 2834 diutius
2354 2780 2729 2845 dit‘ferendum,
2752 2783 2794 2836 si
2822 2783 2980 2837 nimis
3019 2801 3139 2838 eum
3179 2800 3282 2839 non
3317 2803 3520 2855 (δινευο-

1949 2881 2123 2926 secret
2172 2871 2340 2926 fu’sse
2393 2871 2684 2925 turbatum.
2737 2871 3009 2942 Usquequo
3059 2877 3516 2942 subaudiendum,

1948 2962 2149 3025 differs,
2180 2961 2268 3030 qui
2316 2976 2482 3030 usque
2530 2961 2594 3015 ad
2631 2962 2790 3015 linem
2831 2977 3016 3030 preces
3058 2966 3357 3034 supplicum
3409 2982 3514 3020 non

1950 3057 2092 3109 sofes
2149 3055 2411 3108 ullatenus
2468 3053 2746 3108 oblivisci?
2795 3053 3120 3122 Sutiplicatio
3177 3058 3372 3127 quippe
3421 3060 3520 3112 ista

1949 3161 2155 3212 magnvs
2199 3143 2603 3198 commendatur
2642 3143 2930 3211 angustiis;
2964 3152 3024 3197 ut
3065 3156 3277 3214 recepta
3322 3147 3520 3200 sanitas

1948 3236 2232 3307 pretiosior
2271 3237 2438 3304 possit
2478 3236 2714 3305 agnosci.
2741 3234 2806 3290 Et
2831 3236 3059 3291 intuere.
3095 3237 3218 3306 quia
3259 3236 3516 3306 justitiam

1949 3327 2159 3382 Domini
2191 3342 2404 3394 semper
2433 3327 2695 3395 ptenitens
2727 3326 2828 3381 ἱεῑο
2852 3324 3068 3394 refugit,
3098 3338 3150 3382 et
3184 3329 3519 3382 consuetudi-

1947 3435 2068 3475 nem
2100 3419 2214 3488 cjus
2248 3416 2590 3485 benignitatis
2615 3425 2882 3485 exposcit.

2019 3511 2173 3564 νοτε.
2201 3510 2252 3564 5.
2279 3508 2598 3572 Convertere,
2622 3517 2669 3560 et
2695 3509 2832 3577 eripe
2853 3510 3075 3562 animant
3107 3526 3301 3576 meam;
3324 3511 3521 3565 salvum

1947 3618 2026 3654 me
2050 3601 2131 3668 [ac
2152 3609 2358 3670 promer
2387 3597 2791 3651 misericordiam
2822 3610 2981 3651 tuam.
3009 3599 3140 3653 Cum
3167 3599 3277 3654 Deo
3303 3601 3519 3665 dicitur,

1948 3690 2270 3756 Convertere,
2298 3689 2549 3742 vindictas
2579 3688 2837 3742 relaxatio
2868 3691 3186 3758 postulatur,
3230 3702 3285 3745 ut
3311 3692 3521 3747 debitas

1948 3783 2112 3847 ἱρείης
2134 3782 2336 3850 iustitia
2360 3781 2428 3834 de
2453 3779 2605 3834 nobis
2627 3796 2730 3834 non
2759 3782 2940 3850 exigat
2960 3782 3341 3837 ultiones.Sive
3372 3798 3521 3837 more

1947 3883 2132 3927 ιιοηιιο
2163 3871 2355 3926 dicitur
2385 3871 2518 3938 Deo,
2544 3872 2656 3942 '29
2687 3870 3016 3935 Convertere,
3049 3873 3186 3928 sicut
3225 3873 3398 3927 aversi
3431 3889 3520 3928 so-

1947 3965 2059 4019 lent
2082 3966 2256 4032 rogari
2290 3981 2304 4017 :
2337 3964 2423 4031 qui
2448 3973 2538 4017 aut
2578 3964 2847 4031 respicere
2873 3964 3079 4028 nolunt,
3114 3973 3204 4018 aut
3230 3966 3519 4020 subvenire

1944 4063 2312 4110 Contemnunt.
2371 4052 2530 4124 Eripe
2584 4055 2809 4107 animant
2853 4070 3053 4117 meum,
3109 4055 3175 4107 ab
3224 4054 3520 4109 imminenti

1945 4148 2154 4201 scilicet
2187 4145 2463 4212 -upplicio.
2493 4145 2634 4213 quod
2683 4143 2910 4198 debetur
2955 4143 3283 4197 errantibus.
3316 4145 3523 4198 Avertit

1945 4239 2086 4294 enim
2117 4253 2145 4290 a
2179 4236 2336 4292 nobis
2363 4236 2568 4290 debitas
2590 4249 2797 4305 partas,
2821 4248 2940 4289 cum
2964 4248 3056 4288 eas
3079 4234 3403 4289 relaxaverit
3431 4235 3521 4290 be-

1948 4331 2102 4397 nigna
2151 4327 2415 4382 t‘etttissio.
2465 4325 2715 4395 Cottgrue
2743 4340 2894 4388 vero,
2924 4333 3227 4396 conuertere,
3257 4327 3311 4380 in
3345 4329 3516 4396 paeni-

1949 4420 2111 4471 tuntis
2143 4431 2298 4485 prece
2322 4415 2571 4484 ponitur;
2600 4415 2740 4484 quod
2782 4414 3234 4470 satisiacientibus
3264 4416 3521 4473 Dominus

261 4519 444 4564 motus
487 4511 652 4564 mimi
695 4513 989 4567 concitatus
1036 4515 1100 4566 λη
1135 4528 1344 4583 pugnam
1377 4530 1671 4582 provocans
1713 4517 1845 4572 infe-
1877 4495 1926 4552 Β
1953 4510 2230 4578 pollicetur
2257 4507 2480 4562 dicens:
2512 4506 2875 4561 Convertimini
2901 4509 2970 4560 ad
2998 4523 3095 4570 me,
3129 4517 3172 4560 Η
3194 4523 3285 4579 (g0
3314 4526 3522 4563 conver-

260 4602 631 4656 rendam.Scd
673 4605 746 4655 ira
780 4605 930 4672 longa
965 4607 1256 4676 indignatio
1299 4618 1380 4661 est
1417 4626 1427 4659 :
1457 4608 1610 4663 furor
1652 4624 1844 4678 repen-

262 4697 370 4747 tina
407 4697 601 4750 mentis
626 4696 892 4750 accensio.
923 4697 1046 4751 "me
1078 4709 1256 4753 autem
1292 4699 1584 4767 alleg-vrice
1616 4701 1846 4754 transla-

260 4787 384 4840 tis-is
413 4787 592 4840 verbis
636 4788 699 4841 ed
726 4798 808 4840 cta
859 4798 1009 4842 sunt.
1054 4789 1317 4845 Creterum
1369 4790 1624 4844 Domitius
1652 4805 1748 4846 nec
1773 4792 1846 4845 ira

260 4879 625 4942 confunditur,
659 4893 758 4934 nec
787 4881 966 4934 furore
993 4883 1262 4934 turbatur:
1289 4881 1381 4935 sed
1415 4883 1466 4936 in
1494 4898 1593 4935 una
1625 4883 1841 4937 eadctu-

263 4989 363 5042 que
389 4987 603 5039 semper
628 4973 811 5043 glorise
832 4987 943 5028 sua:
981 4974 1366 5044 tranquillitate
1392 4976 1656 5032 consistit.
1683 4978 1845 5034 Simi-

265 5067 387 5120 liter
414 5076 467 5121 et
484 5064 688 5136 Moyses
709 5065 834 5120 dicit
859 5081 874 5119 :
905 5064 1049 5121 Sicut
1077 5068 1274 5120 la’tatus
1296 5077 1368 5122 est
1401 5068 1650 5122 Dominus
1679 5069 1842 5136 mliﬁ-

262 5172 381 5210 cans
411 5172 518 5221 eos,
545 5167 594 5209 et
616 5172 834 5211 crescere
864 5158 1078 5227 faciens,
1109 5158 1180 5210 sic
1211 5158 1466 5212 (mtabitttr
1513 5161 1738 5230 afﬂigens
1758 5175 1841 5212 vos

263 5262 411 5320 atque
440 5252 732 5306 subcertens
759 5251 940 5322 (Deut.
970 5268 1153 5317 xxvttt,
1175 5252 1288 5321 65).
1319 5253 1457 5308 Petit
1483 5269 1608 5323 ergo
1638 5262 1693 5307 ut
1717 5261 1842 5307 ante

263 5341 539 5408 judicium,
569 5358 675 5398 non
729 5343 780 5398 in
827 5343 1027 5412 judicio
1069 5345 1428 5414 corripiatur:
1461 5346 1580 5415 quia
1637 5345 1724 5412 qui
1771 5343 1840 5398 ibi

266 5435 524 5500 arguitur,
554 5434 674 5490 sine
698 5433 1034 5490 dubitatione
1071 5435 1372 5492 damnatur.
1406 5435 1474 5490 Et
1506 5445 1685 5489 mente
1715 5449 1843 5489 con-

266 5526 492 5580 dcudurn
520 5536 625 5592 est,
653 5527 793 5597 quod
820 5528 936 5584 dies
961 5529 1149 5598 iudicii
1172 5544 1270 5599 pro
1299 5525 1488 5584 timore
1530 5527 1842 5597 magnitudi-

267 5623 350 5672 nis
378 5634 486 5673 suae
531 5621 608 5673 ira
654 5629 712 5675 et
754 5619 901 5676 {uror
927 5630 1183 5686 vocatur;
1230 5620 1368 5674 sicut
1410 5627 1463 5675 et
1507 5619 1559 5674 in
1606 5617 1844 5674 secundo

268 5710 469 5780 palmo
496 5712 702 5770 dictum
734 5723 813 5770 est
846 5732 859 5768 :
890 5713 1036 5770 Tunc
1067 5715 1298 5786 loquetur
1320 5712 1388 5766 ad
1418 5729 1500 5766 cas
1526 5711 1576 5766 in
1604 5712 1682 5764 ira
1725 5727 1842 5780 sua,

1949 4615 2028 4655 tur
2051 4603 2121 4655 ad
2150 4619 2234 4656 vos
2255 4599 2438 4672 (lactt.
2470 4615 2509 4665 t,
2542 4599 2620 4670 '5).
2647 4598 2862 4653 Salvum
2885 4615 2963 4653 me
2985 4599 3070 4668 [ac
3088 4609 3296 4670 praptcr
3325 4603 3522 4656 miseri-

1948 4694 2173 4748 cordiam
2195 4705 2358 4748 tuam.
2373 4693 2545 4759 Quam
2567 4691 2920 4761 pulcherrime
2942 4692 3040 4746 ista
3067 4696 3381 4764 supplicatio
3401 4712 3522 4765 pro-

1952 4787 2078 4851 priis
2107 4800 2171 4841 ac
2213 4785 2463 4854 proﬁcuis
2491 4784 2832 4839 sermOuibus
2864 4786 3193 4854 explicatur!
3232 4787 3442 4842 Salvum
3464 4805 3522 4842 se

1949 4879 2077 4946 petit
2103 4877 2236 4944 ﬁeri,
2285 4891 2389 4930 non
2437 4877 2733 4932 secundum
2783 4880 2972 4932 merita
3025 4895 3143 4943 sua,
3172 4881 3264 4934 sed
3306 4891 3521 4949 propter

1945 4972 2179 5026 divinam
2208 4971 2622 5026 misericordiam
2653 5013 2668 5036 ,
2701 4972 2755 5026 in
2783 4987 2885 5042 qua
2911 4973 3036 5028 dum
3067 4975 3168 5028 lixa
3198 4990 3319 5044 spes
3362 4977 3517 5045 poni-

1950 5071 2057 5127 tur,
2085 5061 2235 5117 venia
2268 5061 2476 5116 facilius
2507 5062 2843 5130 impetrat-ur.

2022 5155 2174 5208 γει-ε.
2205 5153 2260 5208 6.
2294 5153 2544 5219 Quoniam
2588 5171 2688 5206 non
2727 5165 2804 5208 est
2839 5156 2890 5208 in
2922 5165 3080 5211 morte
3119 5159 3202 5222 qui
3240 5173 3428 5210 memor
3455 5158 3520 5212 sit

1950 5248 2064 5302 tui:
2093 5247 2146 5300 in
2184 5246 2385 5314 inferno
2431 5256 2596 5298 autem
2624 5245 2739 5316 quis
2779 5247 3100 5314 conﬁtebitur
3126 5249 3260 5302 tibi?
3304 5249 3519 5303 Mos'ere

1950 5347 2125 5408 potest
2145 5353 2309 5408 quare
2349 5336 2512 5404 dicat,
2547 5339 2598 5390 itt
2627 5348 2810 5402 morte,
2845 5339 3044 5394 nullum
3069 5354 3188 5394 esse
3231 5355 3516 5394 memorem

1953 5430 2069 5492 Dei,
2101 5429 2225 5483 dum
2256 5429 2424 5483 vicina
2455 5429 2623 5498 ptissit
2650 5428 2878 5498 ampiins
2906 5429 2979 5484 ira
3002 5431 3196 5498 iudicis
3233 5432 3522 5492 contremi-

1949 5525 2023 5578 sci
2049 5524 2074 5576 ?
2109 5523 2213 5579 Sed
2246 5523 2383 5577 bene
2411 5523 2647 5590 pertldos
2679 5521 2905 5575 dicimus
2947 5522 3286 5576 immemores
3310 5521 3423 5585 Dei,
3453 5522 3522 5576 de

1949 5615 2140 5685 quibus
2185 5624 2239 5669 et
2271 5613 2430 5668 Isaias
2467 5613 2580 5668 ait:
2628 5611 2747 5666 Non
2792 5612 2925 5666 enim
2967 5613 3132 5681 quiin
3163 5613 3362 5680 inferno
3403 5621 3521 5666 sunt

1951 5710 2230 5764 laudabunt
2269 5718 2360 5775 te;
2407 5717 2565 5775 neque
2607 5704 2693 5774 qui
2748 5704 2928 5757 mortui
2975 5712 3091 5759 sunt
3139 5703 3428 5760 bcnediccnt
3475 5711 3523 5756 te
