4008 6182
492 334 559 389 σε
1736 319 1803 376 ti.
1849 314 2122 374 AURELll
2162 315 2562 373 CASSIODORI
3693 316 3745 373 Μ

498 451 654 520 (Isai.
708 420 934 514 xxxviii,
971 433 1079 502 lSi.
1130 444 1259 495 Nam
1305 456 1426 494 cum
1473 436 1598 492 dicit
1651 434 1970 502 Apmtolus:
2024 429 2088 483 In
2117 433 2162 489 Α
2195 431 2421 484 vestium
2453 431 2584 484 velis
2613 430 2911 496 advertere,
2943 432 3054 500 ipsa
3096 431 3497 502 impossibilitas
3536 436 3744 486 occurrit

497 542 694 594 nomine
715 537 838 591 Jesu
860 551 1005 589 omne
1027 550 1153 599 genu
1174 523 1411 602 ﬂectatur
1433 527 1734 588 cmlestiuttt,
1764 522 2079 578 terrestrium

495 640 540 685 et
573 633 889 701 infernarum
919 620 1143 697 (Philip.
1171 630 1229 689 tl,
1261 623 1384 687 10),
1414 620 1500 672 hic
1532 617 1599 671 de
1624 617 1752 671 solis
1781 614 2082 668 infidelibus

499 739 558 775 ac
591 717 956 790 pertinacibus
997 715 1158 771 debet
1207 713 1375 780 accipi
1407 711 1630 777 dictum,
1661 709 1748 779 qui
1789 707 1984 762 nullam
2019 705 2080 758 fl-

497 814 709 864 duciam
741 804 1100 865 confessionis
1126 822 1234 861 suae
1259 806 1458 859 habere
1482 809 1874 872 promcrenttrr.
1899 797 2083 852 Merito

498 919 624 969 ergo
653 904 737 956 hic
768 901 868 954 sibi
912 900 1123 954 festinat
1156 895 1387 952 dimitti:
1440 898 1563 965 quia
1608 902 1730 964 post
1760 891 1893 946 lucis
1928 906 2086 944 ocra-

499 1011 640 1058 sum,
673 1009 777 1046 non
814 1001 978 1045 restat
1011 988 1111 1042 nisi
1151 989 1266 1041 sola
1307 983 1587 1040 retributio
1639 984 1970 1036 meritorum.
2018 977 2084 1031 In

499 1088 700 1155 inferno
738 1093 906 1137 autem
944 1081 1056 1151 quis
1105 1078 1431 1146 conﬁtebitur
1464 1075 1605 1128 tibi?
1650 1071 2082 1127 Ξυὺιιυεΐὶειιόυῐη

502 1178 566 1231 ad
599 1176 843 1236 veniam;
877 1175 1013 1227 sicut
1049 1179 1104 1226 et
1134 1170 1388 1226 Salomon
1421 1166 1487 1221 de
1526 1165 1705 1234 impiis
1735 1164 1904 1217 dicit:
1952 1161 2086 1228 Quia

503 1271 668 1322 dicent
699 1269 827 1320 inter
852 1281 925 1326 se,
958 1264 1306 1334 paenitentum
1351 1261 1608 1323 habentes,
1642 1267 1689 1311 et
1718 1270 1823 1326 pra:
1847 1254 2086 1325 angustia

503 1361 712 1430 spirius
761 1367 1013 1429 gementes
1046 1353 1200 1425 (Sap.
1238 1369 1289 1419 v,
1325 1351 1401 1420 5),
1448 1359 1552 1406 etc.
1586 1351 1717 1405 Nam
1743 1358 1796 1404 et
1823 1349 1977 1402 dives
1997 1346 2086 1416 qui

507 1451 762 1505 Lazarum
813 1441 1026 1502 videbat
1069 1445 1120 1499 in
1172 1439 1354 1513 requie
1401 1442 1774 1505 constitutum,
1821 1439 1958 1492 mala
1991 1453 2086 1492 sua

503 1542 760 1610 probatur
787 1551 904 1593 esse
930 1536 1208 1591 confessus
1245 1532 1395 1602 (Luc.
1430 1548 1540 1598 xvi,
1583 1531 1698 1600 25),
1741 1529 1834 1585 sed
1875 1544 1979 1583 non
2007 1537 2091 1582 est

507 1631 572 1686 ad
600 1641 779 1685 votum
803 1628 1209 1698 supplicationis
1235 1627 1448 1680 auditus
1474 1643 1487 1677 :
1521 1625 1640 1691 quia
1665 1623 1719 1676 in
1751 1622 1852 1676 hoc
1883 1620 2088 1675 mundo

508 1725 720 1794 proprie
749 1723 1014 1778 confessio
1050 1720 1267 1783 dicitur,
1304 1718 1388 1772 ubi
1420 1726 1475 1771 et
1515 1715 1674 1771 venia
1702 1714 1986 1784 reperitur.
2022 1711 2090 1766 Et

2183 540 2303 591 qua:
2337 524 2404 578 de
2436 525 2554 578 lecti
2607 523 2870 580 lavatioue
2909 525 3162 580 surrexit.
3197 525 3320 580 Sive
3362 525 3463 580 hoc
3496 540 3589 594 per
3632 525 3745 592 figu-

2184 633 2294 670 ram
2347 616 2671 686 hyperbolen
2714 625 2886 685 potest
2919 618 3107 686 accipi,
3140 633 3237 687 per
3267 632 3423 686 quam
3457 619 3629 670 solent
3665 620 3747 670 ali-

2182 709 2359 778 quain
2382 710 2801 780 magnitudinem
2824 711 3250 780 exaggerationis
3275 709 3516 764 extendi:
3543 711 3671 764 sicut
3691 709 3748 762 de

2185 801 2554 870 navigantibus
2577 800 2630 855 in
2653 799 2948 855 centesimo
2971 810 3128 856 sexto
3159 802 3362 870 psalmo
3383 800 3618 854 dicturus
3646 810 3744 853 cst.

2185 891 2474 944 Ascendunt
2516 907 2669 960 usque
2717 891 2784 943 ad
2824 893 2977 944 caelos
3002 932 3018 956 ,
3061 904 3107 944 et
3143 892 3454 945 dcsrcndnnt
3502 907 3652 959 usque
3691 891 3748 943 ad

2185 983 2390 1050 abyssos
2412 980 2582 1051 (Psal.
2604 997 2710 1048 CVI,
2733 981 2848 1051 ‘26).
2881 983 2949 1038 Et
2972 984 3024 1037 in
3053 983 3497 1053 quinquagesimo
3523 983 3744 1050 psalmo:

2190 1073 2402 1127 Lavabis
2431 1092 2528 1143 me,
2554 1085 2599 1128 et
2624 1091 2778 1143 super
2801 1075 2962 1129 nivem
2985 1075 3257 1128 dealbabor
3279 1073 3447 1142 (Psal.
3474 1091 3524 1136 ι,
3549 1072 3621 1141 9);
3644 1088 3749 1126 cum

2193 1167 2314 1219 nive
2345 1165 2475 1220 nihil
2508 1167 2673 1234 possit
2701 1181 2820 1222 esse
2849 1167 3144 1222 candidius.
3181 1167 3244 1220 Et
3274 1167 3323 1219 in
3355 1163 3753 1220 Dvuteronomio

2191 1258 2396 1328 Moyses
2421 1257 2549 1312 Jesu
2585 1257 2730 1313 Nave
2761 1259 3051 1328 praecepit:
3088 1257 3239 1310 Liber
3270 1258 3350 1310 hic
3390 1257 3424 1309 ιι
3439 1257 3515 1326 gis
3561 1272 3657 1308 ηοη
3683 1269 3754 1307 re-

2187 1349 2334 1403 cedat
2363 1349 2424 1403 de
2455 1365 2609 1402 manu
2632 1358 2719 1402 tua
2743 1365 2760 1401 :
2787 1359 2831 1402 et
2860 1349 3184 1401 meditaberis
3214 1349 3263 1400 io
3286 1364 3345 1402 eo
3375 1348 3554 1401 diebus
3581 1363 3639 1399 uc
3666 1364 3748 1400 ns).

2189 1443 2371 1508 etibus,
2407 1452 2460 1494 ut
2489 1443 2620 1495 scias
2649 1442 2845 1508 ingredi
2871 1443 3004 1494 viam
3045 1451 3182 1492 luam
3209 1438 3394 1508 (Josue
3422 1455 3462 1506 ι,
3494 1439 3571 1507 8).
3603 1437 3755 1492 Sitnili

2193 1533 2351 1589 modo
2378 1545 2428 1589 et
2459 1535 2596 1589 alter
2635 1534 2901 1598 paenitens
2931 1533 2984 1587 in
3024 1533 3320 1586 centesimo
3363 1531 3535 1599 primo
3566 1531 3755 1597 psa'mo

2192 1624 2431 1682 dicturus
2461 1635 2576 1680 est:
2619 1626 2851 1679 Cinerem
2893 1624 3020 1678 sicut
3060 1635 3246 1693 panem
3292 1623 3679 1685 manducabam,
3717 1632 3759 1673 et

2194 1730 2369 1789 potum
2398 1735 2564 1774 meum
2602 1733 2717 1774 cum
2745 1721 2867 1789 ﬂetu
2893 1718 3237 1788 temperabant
3267 1717 3439 1790 (Psal.
3471 1732 3543 1784 Cl,
3581 1717 3684 1787 10),
3714 1726 3762 1771 et

507 1793 566 1871 ut
591 1819 819 1885 aliquam
852 1814 1167 1868 divisionem
1211 1813 1262 1864 in
1296 1812 1379 1865 his
1409 1810 1588 1863 verbis
1618 1807 1842 1878 intelligi
1886 1806 2084 1860 debea-
2117 1793 2166 1856 Β
2197 1811 2276 1865 his
2305 1811 2523 1864 similia,

511 1925 652 1974 mus,
685 1909 738 1960 in
767 1915 927 1960 morte
973 1905 1238 1976 significat
1287 1903 1568 1956 transitum
1612 1905 1736 1955 vitae
1765 1917 1778 1962 ;
1808 1893 1859 1952 in
1889 1900 2091 1970 inferno

515 2016 646 2056 vero
677 1997 976 2054 custodiam
1005 1998 1242 2051 locorum
1286 2010 1440 2065 quam
1474 2009 1568 2062 pro
1599 1994 1710 2048 suis
1738 1992 1940 2046 meritis
1978 1991 2094 2045 ania-

513 2107 615 2146 ma:
644 2093 910 2146 sustinere
949 2095 1264 2143 noscuntur.
1301 2088 1358 2140 In
1397 2097 1624 2155 utroque
1654 2095 1831 2139 tamen
1869 2091 2093 2152 negatur

511 2182 758 2236 absolute
784 2179 1121 2248 suscipienda
1161 2178 1448 2233 confessio.
1483 2171 1750 2231 Hactenus
1778 2175 1975 2230 dictum
2010 2175 2094 2230 est

512 2275 581 2327 de
615 2270 922 2339 principiis;
951 2284 1092 2324 nunc
1118 2269 1185 2324 de
1213 2270 1525 2324 narra'ione
1551 2268 1844 2322 videamus.

587 2365 736 2418 \‘ers.
773 2364 822 2417 7.
860 2361 1109 2415 Laboravi
1130 2362 1182 2415 in
1214 2362 1402 2432 gemitu
1435 2377 1564 2414 meo.
1598 2361 1971 2415 Benevolentia
1997 2359 2097 2431 igi-

517 2467 600 2511 tur
640 2457 691 2511 in
719 2455 938 2510 exordio
985 2453 1394 2522 diligentissime
1439 2463 1746 2522 comparata
1774 2494 1787 2514 ,
1830 2452 1974 2506 venit
2027 2451 2094 2506 ad

515 2547 874 2602 narrationem
904 2554 1117 2600 actuum
1160 2561 1402 2615 suorum,
1445 2560 1694 2600 asserens
1727 2544 2094 2615 pmnitentiam

515 2655 668 2696 suam
727 2641 934 2713 magnis
991 2642 1319 2698 cruciatibus
1369 2641 1535 2696 fuisse
1578 2643 1935 2711 completam:
1973 2643 2094 2712 quia

456 2727 466 2740 ’
515 2749 623 2790 non
655 2743 856 2790 tantum
891 2733 1064 2789 verbis
1104 2734 1313 2798 otiosis,
1353 2733 1448 2788 sed
1494 2733 1786 2789 afflictione
1839 2735 2098 2804 probabili

516 2826 749 2881 maxime
782 2826 1002 2881 venialis
1049 2826 1280 2880 efficitur
1319 2825 1612 2894 pmnitudo.
1662 2824 1890 2880 Gemitus
1920 2827 2098 2895 itaque

515 2926 573 2972 “et
596 2917 700 2972 iste
729 2917 942 2984 dicitur,
983 2916 1074 2986 qui
1113 2926 1202 2971 aut
1251 2915 1487 2986 pondere
1521 2915 1684 2972 nimio
1722 2917 1975 2982 curvatis,
2008 2926 2101 2971 aut

517 3009 739 3065 vulnere
767 3009 1018 3064 sauciatis
1063 3010 1320 3065 evenerit.
1364 3009 1469 3065 Sed
1516 3009 1604 3064 ille
1646 3009 1966 3081 qurerendus
2015 3017 2101 3065 est

517 3101 856 3168 Christianis,
895 3102 985 3171 qui
1013 3102 1188 3158 cordis
1216 3103 1628 3171 compunctione
1660 3104 1950 3172 peragitur,
1981 3117 2098 3156 cum

518 3201 575 3247 et
599 3193 857 3247 malorum
895 3201 1200 3247 nostrorum
1244 3193 1660 3260 reminiscimur,
1690 3202 1744 3248 et
1770 3193 1959 3249 futurte
1991 3209 2101 3264 ιω-

520 3300 606 3340 me
631 3284 1056 3341 consideratione
1077 3296 1361 3341 terremur.
1392 3284 1622 3340 Gemitus
1645 3287 1789 3341 enim
1816 3287 1989 3342 dictus
2021 3298 2102 3343 est

519 3376 818 3445 geminatus
866 3377 1060 3432 luctus.
1112 3377 1282 3445 Quem
1330 3377 1521 3432 merito
1574 3377 1761 3433 fideles
1807 3389 2096 3448 appetunt,

521 3469 772 3537 quoniam
806 3470 1044 3540 lugentes
1082 3472 1410 3537 consolatur,
1441 3471 1766 3540 ptenitentes
1803 3472 2060 3527 cmundat
2083 3513 2098 3538 ,

524 3560 796 3616 diabolum
829 3560 994 3632 fugat,
1045 3561 1259 3616 Christo
1281 3562 1525 3618 conciliat
1545 3580 1559 3629 ;
1581 3563 1880 3620 amaritudo
1910 3564 2098 3630 dulcis,

525 3652 778 3724 lacryma:
809 3653 1014 3721 felices,
1045 3655 1294 3711 salutaris
1318 3654 1552 3711 afflictio.
1583 3657 1658 3712 De
1686 3673 1789 3727 qua
1827 3674 1884 3712 re
1916 3659 2130 3734 beatus,

522 3745 758 3802 Joannes
786 3747 993 3802 duobus
1026 3747 1177 3812 libris
1215 3747 1284 3802 ita
1332 3747 1604 3813 disseruit,
1648 3756 1708 3802 ut
1730 3749 1919 3804 merito
1961 3747 2102 3819 apud

525 3838 742 3896 Graecos
771 3839 916 3894 aurei
945 3839 1055 3895 oris
1082 3855 1276 3894 nomen
1316 3840 1599 3910 acceperit.

596 3930 805 3985 Lavabo
823 3948 914 4002 per
941 3933 1172 4002 singulas
1201 3942 1368 3987 noctes
1397 3933 1580 3986 fectum
1606 3947 1791 3986 meum.
1821 3930 1877 3987 Si
1903 3932 2003 3987 hoc
2035 3931 2102 3986 ad

529 4022 761 4079 litteram
790 4024 921 4080 velis
946 4025 1209 4094 accipere,
1241 4025 1432 4079 merito
1461 4024 1675 4094 quidem
1705 4025 1922 4089 lectum,
1944 4040 2100 4095 quem

528 4115 774 4170 noctibus
805 4115 1064 4184 polluerat
1087 4155 1103 4180 ,
1145 4116 1395 4186 lacrymis
1420 4116 1689 4172 abluebat.
1726 4117 1831 4174 Sed
1871 4117 2106 4172 occurrit

528 4206 949 4275 impossibilitas,
990 4217 1048 4262 ut
1093 4217 1235 4263 tanta
1275 4207 1466 4292 fuisset
1506 4209 1657 4278 copia
1707 4209 2058 4278 lacrymarum
2086 4250 2102 4276 ,

528 4316 647 4368 qua:
675 4316 779 4354 non
807 4300 977 4356 solum
1018 4301 1233 4368 faciem,
1262 4302 1355 4357 sed
1398 4304 1558 4357 etiam
1589 4303 1772 4356 lectum
1803 4302 1984 4358 lavisse
2025 4302 2107 4357 di-

527 4400 757 4446 ceretur.
805 4393 1136 4462 Quapropter
1175 4394 1368 4449 melius
1414 4395 1599 4448 tectum
1632 4434 1647 4460 ,
1697 4395 2103 4451 delectationem

529 4483 773 4551 corporis
800 4484 1191 4555 intelligamus:
1221 4485 1274 4538 in
1315 4501 1418 4553 qua
1451 4487 1594 4541 velut
1635 4486 1689 4540 in
1730 4486 1891 4542 cubili
1921 4498 2105 4542 nostro

531 4583 800 4630 marcente
829 4575 971 4648 [ηαδ.
997 4579 1084 4643 Α.,
1102 4575 1192 4644 Β.,
1211 4577 1298 4644 F.,
1324 4576 1715 4649 inardescente]
1736 4580 2002 4648 voluptate
2024 4597 2108 4636 rce

535 4665 833 4731 mittimur;
884 4683 1040 4736 quam
1087 4678 1262 4738 potest
1309 4669 1470 4724 homo
1519 4671 1770 4742 lacrymis
1799 4714 1814 4739 ,
1867 4675 2108 4741 quamvis

533 4759 716 4825 paucis
745 4758 943 4824 lavare,
975 4762 1018 4815 si
1061 4776 1183 4815 cum
1213 4763 1484 4832 contingat
1508 4764 1715 4819 cmlesti
1757 4763 2108 4833 inspiratione

531 4848 749 4906 deﬂere.
797 4850 980 4906 Lectus
1010 4864 1185 4908 autem
1216 4856 1282 4910 ab
1326 4856 1512 4912 electis
1540 4871 1602 4910 ac
1643 4857 1894 4911 mollibus
1925 4856 2108 4911 herbis

532 4943 706 4996 dionis
733 4955 847 4996 est:
888 4959 1048 5012 supra
1075 4960 1207 5015 quas
1245 4948 1534 5016 antiquitus
1568 4949 1956 5018 quiescentium
1983 4963 2106 5004 cor-

534 5048 662 5103 pura
690 5035 1097 5090 remittebantur
1127 5037 1180 5091 in
1211 5052 1479 5092 somnum.

605 5123 866 5194 Lacrymis
896 5135 1109 5180 stratum
1135 5145 1300 5180 meum
1332 5130 1530 5199 rigabo.
1564 5129 1754 5200 Rigarc
1775 5129 1993 5184 uberius
2014 5129 2110 5184 ali-

533 5215 656 5284 qunl
678 5215 935 5284 significat
959 5233 1116 5287 quam
1138 5218 1332 5272 lavare.
1358 5218 1462 5272 Sed
1486 5220 1780 5284 videamus,
1805 5235 1924 5274 cum
1949 5235 2110 5290 supe-

535 5309 643 5362 rius
669 5309 860 5363 lentum
895 5309 1134 5374 dixisset,
1160 5327 1322 5379 quare
1361 5312 1552 5364 iterum
1589 5322 1831 5380 repetere
1856 5313 2111 5368 voluisset

535 5404 789 5467 stratum?
811 5401 1043 5457 Stratum
1081 5403 1221 5457 enim
1255 5402 1522 5471 signiﬁcat
1550 5405 1818 5459 cumulum
1864 5417 2107 5476 peccato-

533 5507 652 5545 rum
677 5510 692 5558 ;
722 5495 860 5562 quod
884 5495 1004 5550 ideo
1027 5496 1264 5565 lacrymis
1289 5498 1446 5567 rigat,
1469 5505 1526 5552 ut
1551 5498 1738 5552 eodem
1757 5500 2110 5554 saluberrimo

536 5583 708 5638 imbre
734 5588 988 5653 resoluto,
1015 5587 1174 5641 homo
1199 5589 1247 5642 in
1273 5605 1461 5642 novam
1491 5605 1721 5645 messem
1750 5591 1959 5646 virtutis
1982 5592 2111 5647 θύος

538 5676 720 5741 lesrat,
757 5679 951 5748 fiatque.
969 5695 1032 5734 ex
1066 5691 1345 5749 peccatore
1371 5681 1566 5750 justus,
1601 5699 1663 5737 ex
1697 5683 1905 5750 lngrnte
1935 5683 2106 5747 ltezus,

537 5785 601 5822 ex
633 5778 832 5840 :rgroto
873 5772 1206 5830 sanissimus.
1250 5775 1381 5832 Nam
1412 5776 1456 5832 si
1488 5785 1701 5832 stratum
1741 5776 2105 5833 collectionem

2269 1903 2422 1958 Vers.
2453 1901 2506 1958 8.
2528 1902 2782 1956 Turbatus
2802 1909 2875 1957 est
2899 1918 3007 1972 pra:
3031 1903 3108 1957 ira
3139 1901 3318 1958 acutus
3341 1919 3503 1957 meus.
3533 1901 3659 1956 Cum
3686 1915 3767 1955 su-

2197 1995 2374 2063 perius
2403 2003 2454 2048 et
2483 1995 2752 2061 gemuisse
2779 2009 2836 2049 se
2861 2002 3088 2059 asserat,
3120 2003 3174 2049 et
3203 1995 3440 2064 plorasse
3466 1994 3760 2054 confirmet,

2195 2087 2430 2156 ineptum
2470 2095 2555 2141 est
2599 2095 2654 2141 ut
2681 2086 2857 2141 subito
2899 2085 3266 2158 indignatione
3307 2086 3520 2157 propria
3564 2097 3767 2156 putetur

2195 2192 2317 2233 esse
2343 2176 2634 2234 confusus:
2677 2177 2771 2232 sed
2821 2185 3038 2247 prapter
3085 2179 3216 2232 iram
3265 2178 3517 2242 Domini,
3568 2179 3768 2233 oculum

2195 2271 2372 2326 Cordis
2402 2271 2483 2325 sui
2516 2265 2792 2340 profitetur
2832 2284 2952 2324 esse
2989 2271 3276 2325 turbatum.
3319 2269 3360 2336 Q
3383 2269 3453 2324 rid
3496 2271 3638 2325 enim
3664 2270 3766 2324 for-

2199 2361 2518 2417 ntidolosius
2547 2375 2704 2430 quam
2738 2359 2886 2415 illum
2919 2361 3102 2425 irasci,
3133 2362 3222 2430 qui
3251 2361 3296 2414 si
3327 2373 3432 2415 non
3465 2361 3771 2415 misereatur

2197 2452 2526 2524 exstinguit?
2554 2454 2751 2508 Oculus
2791 2454 2933 2508 enim
2967 2453 3138 2508 dictus
3170 2463 3281 2520 est,
3316 2453 3466 2522 quasi
3495 2453 3639 2507 ocior
3666 2449 3769 2515 lux,

2198 2546 2338 2615 quod
2385 2546 2491 2600 cito
2533 2545 2790 2600 intentata
2836 2544 3123 2612 reSpiciat:
3174 2544 3290 2598 sive
3336 2542 3475 2612 quod
3517 2542 3776 2613 palpebris

2199 2638 2567 2694 occulentibus
2602 2639 2856 2707 probatur
2886 2638 3148 2692 occultus.

2274 2751 2556 2806 lnveteravi
2595 2751 2723 2803 inter
2764 2765 2937 2804 omnes
2984 2747 3214 2803 inimicos
3261 2765 3416 2804 meos.
3467 2748 3776 2814 Inveteravi,

2201 2841 2256 2898 id
2281 2851 2386 2908 est,
2417 2842 2470 2896 in
2497 2839 2693 2895 veteris
2726 2839 2956 2894 hominis
2987 2838 3113 2893 Adte
3150 2839 3463 2908 antiquitate
3493 2838 3776 2906 permansi,

2202 2937 2293 3006 qui
2322 2937 2386 2991 ad
2415 2935 2772 2991 differentiam
2801 2934 2922 2988 novi
2947 2933 3200 2999 hominis,
3233 2932 3283 2986 id
3308 2941 3410 2995 est,
3444 2933 3658 3000 Cltrsti,
3691 2949 3780 2988 ve-

2205 3038 2376 3082 tustus
2401 3027 2592 3082 merito
2616 3034 2970 3092 nuncupatur.
2997 3021 3144 3077 Inter
3172 3041 3340 3078 omnes
3372 3026 3603 3078 inimicos
3627 3042 3782 3079 meos:

2208 3119 2323 3172 sive
2347 3117 2486 3172 inter
2524 3116 2741 3184 spiritus
2771 3115 3086 3183 diabolicos,
3118 3115 3232 3169 sive
3263 3115 3406 3170 inter
3439 3125 3617 3170 nostra
3657 3133 3782 3187 prc-

2209 3219 2344 3261 cata.
2383 3208 2496 3276 Ipsa
2524 3216 2643 3260 sunt
2671 3207 2812 3261 enim
2841 3205 3104 3259 veraciter
3135 3206 3384 3268 adversa,
3421 3221 3539 3275 qum
3581 3211 3783 3261 animas

2206 3302 2256 3356 in
2291 3311 2544 3356 tartarum
2587 3300 2889 3365 deducunt,
2923 3311 2977 3354 et
3009 3301 3188 3354 adhuc
3236 3300 3472 3354 feraliter
3510 3302 3788 3356 hiandium

2204 3401 2310 3446 tur.
2345 3391 2616 3460 Completa
2645 3399 2728 3444 est
2759 3390 3018 3459 promissa
3059 3391 3426 3445 narratio:est
3455 3393 3616 3456 enim,
3650 3393 3788 3446 sicut

2206 3481 2530 3550 prtecipitur,
2565 3483 2740 3535 brevis
2767 3490 2822 3534 et
2866 3479 3060 3545 lucida,
3094 3479 3284 3534 idonea
3327 3496 3538 3550 quoque
3567 3482 3632 3535 ad
3678 3482 3787 3535 ira-

2203 3571 2450 3626 cundiam
2479 3569 2673 3640 judit-is
2697 3569 3122 3640 temperandam.
3154 3569 3302 3625 Nunc
3335 3573 3401 3624 de
3430 3572 3786 3627 saluberrima

2203 3662 2535 3718 correctione
2563 3661 2846 3717 dicendum
2872 3668 2974 3716 est.

2277 3753 2428 3809 Vers.
2472 3753 2526 3807 9.
2556 3750 2811 3806 Discedite
2839 3769 2871 3804 a
2909 3768 2988 3804 me
3011 3792 3026 3817 ,
3059 3768 3232 3806 omnes
3261 3753 3347 3822 qui
3381 3753 3660 3822 operamini
3692 3754 3796 3805 ini-

2203 3847 2464 3918 quitatem,
2484 3846 2724 3916 quoniam
2745 3845 2999 3899 exaudivit
3025 3843 3279 3899 Dominus
3305 3861 3473 3898 vocem
3492 3849 3642 3916 ﬂetus
3666 3849 3793 3900 mei.

2205 3939 2542 3996 Enumeratis
2587 3937 3006 4003 afflictionibus,
3049 3938 3444 3992 emendationis
3491 3939 3799 4008 ingreditur

2207 4046 2409 4105 partem
2436 4051 2450 4098 ;
2485 4041 2542 4086 ut
2569 4033 2658 4103 qui
2687 4032 2946 4086 malorum
2974 4030 3202 4101 collegio
3233 4041 3568 4100 peccaverat,
3598 4031 3801 4101 fugatis

2206 4140 2236 4181 a
2266 4140 2326 4180 se
2355 4125 2572 4190 talibus,
2607 4123 2870 4178 mandatis
2895 4123 3103 4177 Domini
3145 4121 3520 4176 devotissimus
3564 4137 3800 4190 appare-

2206 4226 2306 4271 ret.
2335 4215 2484 4282 Quod
2513 4224 2882 4284 argumentum
2912 4214 2979 4268 ab
3005 4213 3276 4268 attributis
3304 4227 3651 4282 personarum
3688 4223 3804 4267 tra—

2205 4317 2368 4371 ctum,
2403 4305 2596 4360 dicitur
2625 4320 2655 4358 a
2685 4305 2846 4359 victu.
2872 4304 2950 4358 Eo
2975 4304 3170 4373 quippe
3210 4303 3368 4357 modo
3395 4318 3454 4357 se
3495 4304 3685 4371 probat
3731 4304 3808 4357 ad

2207 4398 2416 4466 plenam
2449 4397 2840 4450 correctionem
2872 4394 3080 4448 venisse
3103 4433 3116 4457 ,
3147 4408 3254 4462 quo
3282 4408 3339 4448 se
3369 4394 3533 4447 voluit
3559 4410 3589 4446 a
3623 4395 3807 4448 malo-

2209 4507 2326 4547 rum
2354 4491 2610 4546 societate
2638 4488 2896 4542 dividere.
2929 4486 3059 4540 Nam
3092 4486 3212 4541 vide
3242 4485 3366 4556 quid
3399 4488 3659 4554 sequitur.

2283 4581 2434 4636 Vers.
2469 4580 2552 4632 10.
2591 4576 2862 4631 Exaudivit
2889 4574 3142 4630 Dominus
3168 4577 3573 4641 deprecationem
3604 4592 3812 4637 meum,

2214 4673 2460 4727 Dominus
2491 4672 2770 4724 orationem
2809 4683 2973 4720 meam
3013 4668 3308 4735 assumpsit.
3355 4667 3617 4735 Deprecat
3641 4683 3673 4716 ο
3719 4679 3815 4721 est

2207 4777 2330 4817 cum
2362 4744 2842 4832 pietateifrequens
2871 4757 3066 4822 oratio,
3098 4767 3151 4811 et
3175 4756 3285 4810 sola
3316 4766 3398 4809 est
3429 4770 3547 4825 qua:
3577 4757 3690 4825 39
3725 4757 3818 4809 ni-

2211 4856 2314 4910 mia
2345 4854 2519 4919 decet,
2551 4861 2606 4906 et
2637 4852 2939 4920 importuna
2969 4848 3240 4902 conciliat.
3271 4847 3581 4917 Assumpsit,
3613 4862 3726 4899 sus:
3749 4862 3821 4899 e-

2211 4949 2287 5018 pit
2308 4946 2423 5001 vult
2446 4942 2688 5013 intelligi,
2715 4951 2962 5012 tanquam
2985 4938 3185 5009 aliquid
3209 4938 3453 4991 manibus
3485 4946 3815 5004 acceptum.

2212 5040 2281 5095 Et
2308 5039 2518 5094 intuere
2561 5049 2810 5105 magnum
2843 5031 3212 5088 exsultationis
3246 5046 3500 5086 arcanum
3529 5047 3544 5096 ;
3592 5039 3649 5083 ut
3678 5045 3822 5083 nra-

2210 5131 2408 5186 tionem
2439 5143 2588 5184 suam
2616 5137 2671 5181 et
2695 5124 2913 5180 auribus
2935 5124 3074 5178 dicat
3099 5124 3355 5190 auditam,
3392 5134 3444 5179 et
3475 5125 3623 5192 quasi
3648 5122 3830 5175 obla-

2212 5223 2412 5278 tionem
2458 5221 2690 5290 aliquam
2732 5215 2896 5271 fuisse
2937 5226 3262 5285 susceptam.
3304 5216 3394 5270 Sic
3437 5218 3578 5269 cnim
3622 5217 3832 5274 facere

2213 5316 2459 5372 lmtantes
2489 5312 2686 5376 solent,
2719 5319 2776 5364 ut
2804 5308 3030 5363 diversis
3061 5308 3232 5362 modis
3280 5307 3467 5362 eadem
3511 5319 3772 5377 repetant
3809 5351 3828 5376 ,

2222 5405 2362 5460 unde
2391 5418 2582 5474 magno
2612 5405 2816 5470 impetu
2843 5399 3217 5471 gratulationis
3248 5400 3536 5456 exsultant.
3571 5399 3688 5453 Nec
3724 5416 3838 5452 va-

2222 5504 2327 5558 cat,
2355 5495 2494 5564 quod
2525 5494 2576 5546 in
2623 5506 2728 5545 uno
2760 5505 2980 5545 munere
3020 5488 3175 5542 tertio
3213 5488 3312 5542 sibi
3342 5489 3472 5542 dicit
3515 5489 3838 5544 Dominum

2225 5586 2573 5655 prtestitisse;
2606 5586 2810 5639 scilicet
2833 5591 2887 5636 ut
2915 5581 3390 5652 supplicationibus
3427 5581 3535 5635 suis
3558 5591 3839 5637 sanctam

2225 5677 2535 5732 Trinitatem
2558 5675 2788 5728 adfuisse
2813 5681 3154 5727 monstraret.

2299 5773 2446 5830 Vcrs.
2485 5773 2562 5827 ll.
2602 5771 2910 5826 Errbcscant
2953 5778 2995 5823 ct-
3024 5765 3573 5840 conlurbcnturomnes
3605 5766 3838 5820 inimici
