4008 6182
335 318 401 373 ες
1304 306 1661 365 EXI‘OSITIO
1702 305 1765 359 IN
1805 299 2254 358 PSALTlﬂRlUM.
2303 299 2492 354 PSAL.
2538 299 2643 353 ΥΠ.
3230 310 3244 334 ⁵
3537 299 3604 351 (it)

333 434 429 485 mei
470 445 491 485 :
542 440 831 491 avertantur
860 437 1156 495 retrorsum,
1190 440 1235 483 et
1272 429 1561 484 erubescant
1590 427 1732 483 t'alde
1779 426 1913 479 celo-

2026 415 2113 465 lat.
2150 410 2192 463 Ο
2228 411 2611 465 inzestimabilis
2672 411 2840 480 pietas
2879 409 3185 465 Creatoris!
3236 409 3379 465 Reus
3416 424 3511 479 pro
3550 425 3609 465 se

337 540 481 579 (μέν.
530 522 725 576 Tribus
775 520 1011 591 partibus
1057 519 1328 586 decursis,
1374 520 1517 573 venit
1560 518 1624 571 ad
1673 516 1914 569 ultimam

334 614 753 668 conclusionem.
786 612 1071 668 Conclusio
1113 621 1195 667 est
1236 612 1378 669 cnim
1422 612 1594 665 exitus
1640 620 1691 665 ct
1742 610 1918 665 deter-

333 706 553 761 minatio
585 708 751 760 totius
787 705 1045 759 orationis
1079 722 1091 757 :
1127 704 1213 759 ubi
1240 704 1382 774 jam,
1408 712 1463 756 ut
1490 701 1797 758 exauditum
1827 700 1919 756 de-

331 799 509 861 cebat,
542 799 696 853 littus
724 797 977 852 exsultat.
1003 797 1260 862 Quoniam
1293 796 1387 849 ista
1421 796 1660 864 qumdam
1694 791 1918 846 formula

328 890 702 959 paenitendum
730 898 831 952 est,
864 899 919 941 ut
955 888 1205 941 inclinent
1233 903 1260 940 a
1296 888 1564 957 laerymis,
1594 893 1645 937 et
1674 884 1919 935 desinant

326 980 379 1032 in
414 977 634 1039 lmtitia;
678 983 943 1043 quatenus
969 971 1055 1025 tali
1098 971 1345 1040 exemplo
1376 974 1546 1039 poss't
1580 971 1795 1042 agnosci
1829 985 1921 1022 vc-

328 1084 452 1123 rum
482 1081 599 1119 esse
627 1062 769 1132 quod
801 1062 1031 1133 legitur:
1070 1061 1171 1127 Qui
1201 1060 1451 1114 seminam
1482 1061 1530 1113 in
1566 1061 1827 1131 [acri/mis,
1868 1059 1919 1113 in

328 1157 520 1228 gaudio
552 1163 737 1208 metant
769 1151 940 1225 (Psal.
967 1167 1123 1213 cxxv,
1156 1151 1231 1221 5).
1259 1152 1321 1204 Et
1346 1151 1548 1206 intuere
1574 1152 1711 1219 quod
1736 1160 1918 1205 sancta

327 1247 656 1305 conscientia
692 1248 1029 1317 pwnitentis,
1071 1262 1098 1301 a
1137 1246 1367 1314 peccatis
1394 1248 1505 1301 suis
1535 1246 1672 1300 facta
1713 1246 1911 1310 Lbera,

324 1338 706 1393 ecclesiasticis
734 1339 933 1412 regulis
959 1337 1357 1403 obsecundans,
1387 1352 1508 1391 mox
1548 1352 1643 1402 pro
1682 1335 1917 1389 inimicis

326 1429 456 1487 suis.
493 1438 551 1483 ut
578 1440 986 1492 convertantur,
1022 1439 1241 1492 exuat;
1286 1439 1363 1489 ut.
1397 1428 1538 1483 sicut
1564 1428 1654 1481 ille
1682 1427 1920 1493 susccl’Et

326 1519 559 1581 veniam,
590 1519 661 1572 ita
692 1526 749 1573 et
779 1519 1025 1572 inimicos
1053 1517 1169 1589 ejus
1196 1518 1441 1572 carnales
1475 1518 1539 1570 ad
1564 1516 1773 1570 Domini
1800 1532 1919 1583 gra-

329 1610 457 1663 tiam
504 1610 683 1665 redire
714 1612 1007 1680 contingat.
1046 1610 1178 1664 Nam
1206 1626 1327 1665 cum
1372 1611 1528 1665 dicit:
1564 1609 1877 1664 Erubescant
1900 1652 1914 1675 ,

327 1703 435 1753 vult
466 1716 561 1755 eos
600 1711 745 1754 tanta
791 1700 1206 1770 compunctione
1244 1700 1557 1765 illuminari,
1598 1710 1652 1753 ut
1700 1715 1793 1769 pro
1837 1700 1916 1754 his

2022 502 2341 555 sententiam
2385 502 2489 554 dici
2533 502 2656 555 fecit
2684 520 2696 556 :
2728 501 2978 571 quoniam
3014 501 3127 571 ipse
3158 516 3216 555 se
3244 501 3612 555 vehementius

2021 592 2308 647 accusavit.
2338 592 2441 647 Sed
2476 607 2806 661 nequaquam
2831 592 3054 663 quilibet
3078 593 3300 646 callidus
3324 601 3602 645 oratorum

2028 684 2141 737 hac
2168 701 2194 736 ει
2222 683 2402 752 jnd:ce
2426 682 2689 737 'obtinere
2722 685 2927 752 potuit,
2976 700 3093 751 quae
3127 685 3228 737 iste
3268 684 3609 752 simplicitate

2036 778 2223 845 plenus
2252 790 2277 827 a
2312 773 2519 827 Domini
2551 774 2747 843 pietate
2789 775 3098 843 Promeruit.
3136 773 3244 827 Nec
3280 782 3437 827 vacat
3463 772 3606 842 quod

2020 869 2072 923 in
2104 867 2309 921 calculo
2350 864 2593 929 senario,
2641 880 2797 933 quem
2845 867 2896 917 in
2928 864 3210 933 disciplina
3261 877 3606 917 numerorum

2022 967 2235 1014 constat
2280 974 2401 1014 esse
2435 956 2749 1031 perfectum,
2785 972 3065 1024 personam
3108 956 3416 1025 pmnitentis
3460 965 3610 1024 apta-

2023 1054 2114 1106 vit.
2166 1051 2288 1119 lp-o
2334 1050 2476 1104 enim
2533 1048 2623 1102 die
2674 1048 2945 1101 hominem
2994 1047 3228 1100 creavit:
3279 1047 3389 1115 ipsa
3446 1047 3606 1100 etiam

2021 1150 2177 1195 a‘tate
2204 1138 2448 1194 Christus
2475 1138 2729 1192 Dominus
2756 1137 2821 1190 ad
2852 1136 3185 1192 liberandum
3212 1152 3356 1202 eum,
3385 1136 3440 1189 in
3470 1135 3609 1188 hunc

2023 1230 2279 1285 mundum
2314 1229 2495 1283 venire
2523 1227 2768 1299 dignatus
2800 1236 2917 1281 est:
2954 1237 3106 1280 sexto
3133 1230 3290 1279 etiam
3325 1225 3412 1279 dic
3438 1226 3611 1278 cruci-

2023 1322 2108 1390 figi
2145 1336 2241 1389 pro
2272 1321 2545 1374 bombum
2572 1319 2746 1374 salute
2774 1319 3041 1383 decrevit;
3076 1328 3135 1373 ut
3163 1321 3277 1372 lucc
3305 1318 3612 1387 supputatio

2022 1424 2076 1468 et
2128 1414 2363 1467 hominis
2428 1414 2687 1477 initium,
2745 1424 2796 1467 et
2828 1413 3216 1467 absolutionem
3275 1418 3610 1481 peccatorum

2022 1503 2295 1570 aptissime
2338 1503 2620 1557 continere
2666 1501 2931 1557 videatur.
2982 1502 3111 1557 Nam
3162 1502 3228 1556 de
3286 1501 3612 1571 pmnitentiae

2024 1593 2247 1646 utilitate
2287 1602 2341 1646 et
2386 1591 2583 1647 virtute
2622 1602 2779 1661 atque
2810 1593 3011 1660 gratia,
3061 1591 3246 1646 beatus
3288 1591 3612 1660 Augustinus

2024 1684 2162 1738 inter
2190 1684 2442 1752 copiosos
2475 1683 2658 1746 libros,
2688 1683 2754 1737 de
2786 1682 2884 1737 hac
2912 1698 2992 1750 re,
3037 1684 3123 1736 ubi
3157 1682 3330 1735 locum
3374 1681 3607 1749 reperit,

324 1809 441 1862 quae
473 1795 739 1863 agebant,
774 1792 870 1862 ipsi
917 1792 1093 1862 potius
1127 1792 1487 1857 erubescant,
1529 1801 1583 1846 et
1620 1792 1916 1860 intelligant
1951 1791 1991 1849 Β
2024 1775 2393 1844 "egligendum
2444 1788 2563 1828 055°
2614 1788 2719 1827 "0"
2769 1772 3033 1837 Credidi”
3086 1782 3261 1826 tamen
3309 1786 3414 1824 “"0
3459 1771 3611 1823 ν⁰¹¹¹⁶

333 1886 670 1952 perniciosos
709 1894 896 1949 actus,
936 1899 1069 1952 quos
1116 1883 1321 1952 pridem
1362 1883 1460 1937 sibi
1502 1882 1756 1953 putabant
1794 1898 1915 1938 esse

322 1978 613 2046 proiicues.
664 1976 1045 2029 Conturbentur
1085 1987 1263 2031 autem
1309 1975 1511 2030 dictum
1551 1984 1673 2041 est,
1724 1975 1916 2030 timore

322 2067 485 2121 futuri
510 2066 723 2135 judicii,
751 2075 805 2120 et
831 2065 1228 2135 Scripturarum
1257 2065 1635 2134 praedicatione
1660 2065 1914 2120 terribili:

324 2175 392 2209 Le
424 2158 477 2210 in
504 2159 629 2211 illas
654 2171 840 2226 ptenas
870 2158 1159 2210 miserrimi
1189 2157 1462 2211 hominum
1503 2157 1696 2210 cadant
1723 2198 1738 2222 ,
1784 2171 1917 2224 quas

324 2250 704 2318 peccatoribus
752 2248 836 2304 lex
891 2248 1070 2303 divina
1117 2249 1427 2318 pronuntiat
1474 2263 1595 2303 esse
1642 2258 1913 2302 venturas.

321 2342 457 2395 Cum
490 2340 644 2405 dicit,
670 2341 788 2406 mei,
813 2339 1076 2395 relaxavit
1104 2339 1285 2395 odium
1314 2340 1397 2393 cui
1429 2338 1713 2393 multitudo
1751 2339 1918 2393 fuerat

321 2432 522 2485 donata
567 2433 867 2500 culparum.
917 2430 1207 2501 Sequitur:
1246 2431 1556 2484 Avertantur
1596 2439 1914 2495 retrorsum,

322 2534 380 2575 ut
409 2539 515 2576 non
559 2524 936 2591 permittantur
970 2523 1047 2578 ire
1093 2537 1198 2591 quo
1238 2523 1497 2587 tendunt;
1531 2520 1628 2576 sed
1667 2534 1788 2575 cum
1836 2538 1920 2575 rc-

322 2617 511 2677 deunt,
542 2615 614 2669 ab
638 2616 837 2670 interni
868 2613 1020 2671 fovea
1061 2615 1374 2669 liberentur.
1408 2614 1523 2667 Hoc
1553 2613 1696 2667 enim
1730 2623 1781 2666 et
1814 2612 1917 2667 Pe,

320 2718 410 2761 tro
436 2707 641 2762 dictum
673 2716 757 2761 est
782 2707 1015 2761 humana
1042 2706 1326 2776 cogitanti:
1368 2705 1493 2774 Redi
1515 2714 1671 2770 retro,
1700 2703 1919 2761 Satanas

324 2798 524 2869 (Marc.
556 2812 676 2865 vin,
720 2796 847 2866 53);
887 2795 1092 2850 scilicet
1146 2811 1215 2849 ne
1253 2795 1429 2861 sapias
1480 2793 1568 2847 illa
1599 2806 1717 2860 quae
1748 2792 1915 2861 sapis.

320 2889 497 2943 Italus
524 2889 703 2953 enim,
742 2903 862 2942 cum
896 2896 1190 2943 retrorsum
1232 2887 1400 2952 redit,
1427 2886 1770 2951 emendatur;
1800 2901 1919 2940 cum

315 2980 541 3048 justus,
569 2979 810 3035 offendit.
863 2978 969 3034 Sed
1008 2981 1259 3049 quoniam
1311 2976 1397 3032 hic
1440 2976 1507 3033 de
1554 2976 1922 3045 peceatoribus

318 3074 605 3142 agebatur,
640 3072 774 3124 bene
815 3069 921 3124 illis
950 3080 1127 3137 optata
1158 3078 1243 3123 est
1281 3068 1457 3123 votiva
1502 3068 1807 3121 conversio.
1854 3066 1920 3119 Et

320 3180 389 3217 ne
418 3179 518 3217 eos
544 3162 748 3217 diutius
773 3161 1040 3230 judicaret
1069 3160 1293 3214 forsitan
1318 3159 1665 3223 ditfercudos,
1693 3157 1913 3211 addidit:
1949 3153 1993 3215 C

322 3251 389 3305 Et
439 3253 738 3305 erubescunt
789 3251 937 3304 valde
980 3249 1235 3303 velociter.
1266 3250 1309 3303 Ο
1354 3249 1682 3304 desiderium
1719 3256 1917 3301 sancta:

321 3344 524 3399 mentis
566 3343 857 3397 eximium!
892 3342 1023 3408 Quis
1069 3343 1212 3396 enim
1256 3341 1306 3395 in
1354 3355 1514 3395 causa
1546 3356 1637 3393 sua
1687 3339 1919 3408 amplius

322 3449 516 3508 petere
547 3438 721 3507 potuit
749 3452 905 3505 quam
941 3438 1039 3490 iste
1068 3437 1155 3503 qui
1183 3450 1279 3504 pro
1306 3432 1538 3487 inimicis
1579 3431 1691 3485 suis
1720 3432 1919 3485 acerri-

320 3532 428 3584 mis
463 3530 790 3597 postulavit?
823 3528 1029 3582 Talium
1070 3527 1251 3595 itaque
1298 3525 1554 3581 Dominus
1596 3526 1879 3579 miseretur
1902 3565 1916 3589 ,

316 3626 411 3694 qui
446 3624 835 3678 misericordia:
880 3635 1146 3676 momenta
1181 3637 1286 3674 non
1334 3620 1601 3690 negligant
1630 3637 1644 3685 ;
1678 3620 1817 3674 sicut
1865 3621 1916 3675 in

322 3716 623 3785 Evangelia
657 3717 913 3782 scriptum
943 3723 1057 3768 est:
1091 3712 1241 3767 Beati
1269 3711 1643 3777 misericordes,
1681 3714 1919 3783 quoniam

317 3808 426 3879 ipsi
458 3805 864 3859 misericordiam
900 3814 1267 3871 consequentur
1298 3801 1510 3873 (Matth.
1541 3820 1589 3869 v,
1621 3803 1696 3874 7).

867 3894 1135 3951 Conclusio
1176 3894 1381 3963 psalmi.

396 3989 547 4042 Licet
595 3988 647 4042 in
699 3986 951 4040 omnibus
996 3986 1215 4055 psalmis
1270 3985 1637 4054 intelligentia:
1685 3985 1918 4042 studium

318 4080 587 4134 adhibete
626 4080 938 4143 debeamus,
964 4080 1213 4147 quoniam
1258 4078 1382 4133 inde
1415 4080 1536 4132 vita:
1566 4089 1764 4134 nostra:
1804 4094 1919 4133 tua-

325 4176 475 4226 xima
538 4173 772 4226 subsidia
832 4173 1264 4243 conquiruntur,
1316 4184 1496 4227 tamen
1549 4174 1920 4242 pcenilentium

320 4265 539 4319 estiam
569 4280 891 4335 magnopere
933 4266 1370 4333 perscrutandos,
1420 4266 1505 4333 qui
1552 4266 1784 4320 humano
1830 4282 1923 4333 ge-

323 4358 448 4411 neri
500 4357 647 4410 velut
690 4366 1003 4426 competens
1064 4356 1329 4411 medicina
1407 4366 1745 4425 prasstantur.
1797 4357 1923 4414 inde

320 4448 472 4501 enim
529 4449 825 4499 animarum
888 4446 1243 4500 saluberrima
1290 4446 1503 4500 lavacra
1555 4448 1875 4516 suscipimus
1906 4491 1920 4514 ,

325 4538 455 4591 inde
487 4537 722 4603 peccatis
761 4536 956 4590 mortui
1000 4536 1391 4600 reviviscimus,
1425 4537 1547 4591 inde
1582 4538 1825 4606 lugentes
1856 4542 1920 4593 ad
1955 4536 2001 4593 D

323 4640 532 4683 rterua
562 4629 754 4699 gaudia
778 4629 1140 4697 pervenimus.
1182 4629 1278 4683 Est
1304 4631 1446 4684 enim
1478 4631 1741 4699 quoddam
1766 4633 1905 4701 judi-

324 4722 465 4777 ciale
493 4738 688 4790 genus,
735 4722 783 4775 in
828 4740 933 4791 quo
972 4739 1095 4777 reus
1132 4724 1510 4793 conspectibus
1546 4726 1744 4791 judicis
1788 4741 1920 4794 pra:-

326 4825 578 4866 eentatus
605 4813 831 4877 assis:it,
860 4824 1133 4881 peccatum
1173 4831 1329 4870 suum
1380 4816 1630 4887 lacrymis
1674 4816 1916 4881 diluens,

326 4915 387 4957 et
413 4903 720 4958 conﬁtendo
749 4903 1363 4969 dissolvens,’summum
1388 4922 1553 4975 genus
1591 4907 1919 4963 defensionis

325 4994 585 5059 aﬂerens,
620 5012 725 5065 quo
754 5010 812 5050 se
842 4997 958 5065 ipse
983 4996 1325 5051 condemnat.
1361 4998 1456 5053 llic
1487 5014 1592 5053 non
1624 5009 1708 5056 est
1753 5015 1910 5054 accu-

324 5101 477 5143 sator
512 5099 822 5155 extraneas,
851 5089 943 5143 sed
994 5092 1108 5158 ipse
1137 5091 1475 5163 impugnator
1500 5099 1582 5145 est
1619 5106 1765 5145 suus.
1808 5092 1917 5145 Me-

326 5197 473 5238 retur
502 5184 713 5237 veniam
738 5184 859 5253 quia
887 5200 944 5238 se
973 5200 1076 5237 non
1100 5193 1373 5239 excusata
1397 5184 1546 5253 culpa
1572 5202 1585 5248 ;
1609 5200 1708 5239 nec
1741 5194 1918 5252 potest

326 5277 510 5330 taliter
536 5276 620 5344 agi
648 5276 748 5329 sub
777 5275 867 5329 tali
897 5275 1096 5343 judice,
1136 5275 1219 5329 cui
1254 5286 1465 5343 peccata
1507 5277 1682 5328 nullus
1714 5291 1919 5344 praeva-

332 5372 404 5423 lci.
424 5370 718 5436 aboegare.
739 5368 833 5421 llic
855 5367 1161 5435 conjectura
1181 5378 1385 5422 cessat:
1412 5368 1496 5421 bic
1512 5367 1632 5421 linis
1656 5384 1759 5421 non
1783 5385 1850 5437 qn
1872 5380 1936 5418 ιιι

328 5462 495 5514 ritur:
531 5460 620 5513 hic
641 5470 852 5514 cetera:
881 5460 1155 5529 qualitatis
1179 5460 1390 5528 species
1419 5460 1642 5525 desunt,
1673 5462 1918 5529 quoniam

328 5555 507 5606 omnia
539 5553 714 5607 lucida
749 5555 972 5609 veritate
1016 5553 1335 5622 panduntur.
1376 5552 1498 5609 Sola
1540 5540 1780 5620 estergo
1821 5569 1918 5608 ne-

331 5646 561 5700 cessaria
610 5660 731 5715 qua:
776 5644 970 5701 dicitur
1007 5644 1329 5710 concessio,
1383 5661 1501 5698 cum
1552 5661 1677 5699 rens
1719 5662 1821 5698 non
1870 5646 1920 5700 id

333 5737 468 5803 quod
492 5740 689 5793 lactant
718 5746 799 5791 est
828 5735 1087 5805 defendit,
1117 5736 1209 5791 sed
1244 5746 1297 5790 ut
1330 5738 1635 5806 ignoscatur
1664 5747 1920 5806 expostu-

2021 1867 2163 1918 mine
2213 1865 2527 1919 mirabiliter
2574 1873 2628 1919 et
2678 1864 2913 1918 breviter
2973 1864 3131 1923 solita
3175 1863 3457 1925 γίκιιρῖιιιιο
3502 1873 3602 1918 tra—

2018 1953 2202 2008 Clat‘it.

2340 2089 2696 2145 EXPOSITIO
2723 2090 2787 2146 ΙΝ
2822 2090 3145 2146 PSALMUM
3174 2093 3285 2151 \‘ll.

2022 2200 2264 2256 Psalmus
2313 2201 2720 2276 Davidtquem
2769 2208 2988 2276 cantavit
3044 2205 3264 2260 Domino
3310 2223 3404 2276 pro
3453 2208 3608 2262 t'erbis

2503 2273 2570 2326 Cll
2584 2276 2661 2326 usi
2690 2275 2787 2343 ﬁlii
2812 2273 3022 2333 Jentim'.

2092 2385 2344 2453 Quamvis
2372 2385 2488 2441 hzrc
2514 2400 2675 2441 causa
2705 2386 2756 2441 in
2785 2388 3021 2443 secundo
3050 2387 3184 2443 libro
3216 2387 3418 2459 Reguzn
3445 2389 3597 2461 (Cap.

2023 2479 2114 2544 xv)
2148 2476 2303 2532 latius
2344 2475 2609 2531 iudicetur
2635 2516 2650 2542 ,
2698 2487 2916 2547 propter
2954 2477 3385 2547 explanationem
3432 2490 3607 2533 tamen

2024 2570 2161 2623 tituli
2193 2570 2427 2624 breviter
2460 2571 2775 2640 exponenda
2805 2572 3167 2642 cognoscitur.
3203 2572 3336 2627 Cum
3378 2573 3543 2627 David
3576 2589 3609 2628 a

2025 2663 2131 2716 tilio
2162 2677 2259 2716 suo
2299 2662 2612 2717 Abessalon)
2658 2662 2863 2717 crudeli
2896 2662 3036 2717 bello
3072 2672 3431 2732 premeretur,
3475 2663 3612 2717 ami-

2024 2770 2145 2808 cum
2198 2770 2349 2807 suum
2393 2752 2557 2807 Chusi
2585 2753 2711 2809 fecit
2741 2770 2836 2824 pro
2879 2756 3245 2824 dignosccndo
3288 2756 3511 2811 consilio
3541 2755 3610 2811 ad

2021 2845 2135 2913 ejus
2164 2853 2338 2899 castra
2379 2845 2648 2914 migrare;
2679 2853 2736 2898 ut
2761 2846 3013 2915 quidquid
3043 2846 3298 2901 adversus
3335 2862 3456 2902 eum
3484 2862 3610 2917 age-

2022 2946 2191 3002 retur,
2222 2936 2435 2991 sibimet
2464 2936 2724 2990 sccretius
2750 2935 3033 2991 iudiearet.
3063 2937 3195 2991 Nam
3228 2946 3282 2992 et
3314 2939 3485 3006 ipsum
3518 2953 3615 2992 no-

2024 3045 2145 3083 men
2187 3028 2495 3097 praedictam
2539 3027 2742 3082 indicat
2769 3043 3004 3083 causam.
3047 3026 3205 3082 Chusi
3239 3031 3404 3095 enim,
3444 3028 3606 3083 Patre

2026 3118 2321 3189 Augustino
2344 3119 2573 3173 docente
2595 3118 2785 3188 (Enar.
2816 3121 2869 3173 in
2898 3120 3030 3190 psal.
3061 3124 3184 3189 vn),
3231 3120 3614 3190 interpretatur

2023 3210 2293 3265 silentium
2319 3227 2334 3265 :
2367 3210 2505 3279 quod
2538 3226 2725 3266 revera
2758 3211 2937 3266 ﬁdelis
2966 3211 3080 3280 ejus
3108 3212 3371 3277 exercuit,
3396 3211 3610 3279 quando

2023 3302 2099 3356 illi
2129 3302 2392 3357 secretius
2440 3302 2715 3370 profutura
2760 3302 3058 3357 mandavit.
3099 3302 3271 3358 Filius
3305 3314 3482 3360 autem
3521 3302 3613 3359 Je—

2022 3393 2184 3456 mini,
2236 3392 2378 3446 illius
2427 3391 2664 3446 dextera:
2720 3393 3123 3462 interpretatur.
3167 3394 3317 3459 Quod
3370 3394 3505 3450 bene
3544 3394 3611 3449 ad

2022 3484 2196 3554 ipsum
2222 3483 2472 3550 refertur,
2500 3484 2624 3553 quia
2645 3484 2800 3539 saluti
2821 3486 2938 3553 ejus
2966 3486 3270 3543 necessaria
3302 3486 3611 3555 proditione

2023 3574 2306 3630 Consuluit.
2349 3573 2438 3629 Sic
2482 3574 2736 3629 Dominus
2772 3586 2953 3630 noster
2987 3576 3039 3630 in
3083 3577 3259 3631 medio
3301 3576 3609 3631 Judazoruzn

2023 3667 2292 3721 silentium
2338 3666 2503 3732 misit,
2543 3681 2663 3720 cum
2709 3668 2961 3737 mysteria
3003 3676 3201 3723 sanctze
3230 3666 3611 3725 incarnationis

2022 3757 2330 3828 assumpsit.
2380 3758 2605 3813 Perﬁdis
2651 3760 2792 3814 enim
2844 3768 3095 3827 tanquam
3144 3760 3421 3815 silentium
3471 3759 3608 3827 fuit,

2023 3851 2165 3921 quod
2201 3850 2446 3906 fidelibus
2474 3851 2730 3920 probatur
2758 3866 2879 3906 esse
2910 3852 3273 3920 praedicatum.
3306 3853 3456 3905 llunc
3477 3867 3610 3923 ergo

2025 3941 2285 4010 psalmum
2314 3940 2381 3994 ad
2411 3941 2814 3995 similitudinem
2846 3940 3007 3995 Chusi
3037 3942 3105 3997 de
3139 3941 3314 3994 futuro
3354 3947 3613 4012 mysterio

2027 4034 2236 4087 Domini
2272 4034 2525 4102 propheta
2560 4035 2822 4100 cantavit,
2867 4036 2989 4103 quia
3035 4036 3173 4090 sicut
3200 4035 3363 4089 David
3396 4036 3488 4089 lilii
3529 4039 3610 4090 sui

2026 4122 2335 4177 Abessalom
2368 4137 2397 4175 a
2429 4137 2486 4177 se
2520 4124 2682 4191 geniti
2725 4133 2778 4175 ct
2815 4123 3027 4177 edocui
3068 4124 3321 4193 injustam
3361 4141 3613 4193 persecu-

2029 4217 2223 4270 tionem
2252 4216 2504 4284 pertulit,
2533 4216 2605 4270 ita
2638 4216 2891 4271 Dominus
2936 4217 3143 4272 liberati
3166 4231 3197 4270 a
3226 4233 3286 4272 se
3310 4220 3485 4287 populi
3533 4230 3610 4275 at-

2026 4326 2127 4378 que
2157 4309 2372 4376 nutriti,
2402 4310 2631 4365 furorem
2658 4310 2988 4365 detestabilis
3023 4312 3456 4382 prmsumptionis
3488 4328 3602 4369 sus-

2028 4401 2200 4455 tinuit.
2262 4400 2415 4456 Scire
2487 4412 2664 4456 autem
2715 4400 2972 4469 debemus
3018 4402 3159 4457 hunc
3212 4402 3439 4470 primum
3484 4419 3609 4459 esse

2028 4494 2289 4561 psalmum
2331 4506 2538 4558 eorum,
2578 4493 2629 4547 in
2676 4493 2867 4562 quibus
2899 4507 2992 4562 per
3021 4502 3172 4549 actus
3201 4493 3366 4549 David
3410 4494 3616 4563 signiti-

2025 4594 2214 4640 cantur
2240 4585 2449 4640 Domini
2497 4585 2673 4639 futura
2717 4586 2993 4655 mysteria.
3027 4586 3442 4656 Subsequuntur
3466 4588 3608 4642 enim

2024 4673 2395 4743 hujuscemodi
2427 4676 2712 4728 vicesimus
2734 4684 2941 4740 sextus,
2975 4675 3278 4731 tricesimus
3316 4678 3525 4743 tertius,
3557 4690 3611 4731 et.

2022 4767 2345 4822 centesimus
2389 4765 2827 4835 quadragesimus
2872 4769 3091 4833 tertius,
3124 4768 3320 4839 quibus
3348 4770 3603 4823 convenit

2022 4858 2238 4912 schema
2270 4856 2411 4923 quod
2441 4856 2634 4910 dicitur
2672 4856 2945 4926 allegoria,
2981 4858 3032 4911 id
3056 4868 3139 4914 est
3170 4857 3430 4926 inversio,
3464 4859 3609 4913 aliud

2023 4948 2232 5014 dicens,
2261 4948 2404 5003 aliud
2435 4947 2765 5017 significans.
3584 4964 3587 4969 ν

2515 5062 2618 5133 31
2665 5059 2859 5116 Divisio
2899 5062 3105 5133 psalmi.

2094 5193 2319 5253 Causam
2343 5208 2493 5248 suam
2527 5193 2784 5263 prepheta
2810 5194 3034 5251 trahens
3063 5195 3113 5249 in
3145 5194 3377 5248 futurum
3410 5202 3617 5267 myste-

2024 5285 2163 5347 rium
2212 5284 2421 5338 Domini
2471 5283 2799 5350 Salvatoris,
2851 5284 2936 5339 cui
2981 5286 3140 5340 etiam
3190 5299 3389 5339 nomen
3442 5286 3613 5353 ipsum

2031 5376 2194 5430 David
2226 5376 2473 5448 mysticis
2502 5375 3032 5443 interpretationibus
3060 5387 3418 5445 congruenter
3447 5382 3612 5433 ascri-

2028 5469 2170 5523 bitur
2197 5490 2209 5521 :
2263 5471 2314 5523 in
2344 5470 2518 5540 prima
2544 5472 2804 5526 divisione
2832 5486 2900 5526 ex
2932 5486 3025 5525 sua
3070 5486 3297 5541 persena
3334 5471 3609 5528 Dominun

2027 5560 2347 5628 deprecatur
2389 5570 2445 5616 ut
2486 5561 2554 5623 ab
2594 5564 2844 5617 omnibus
2888 5564 3318 5629 persecutoribus
3355 5565 3475 5636 ejus
3503 5568 3610 5623 vir-

2028 5658 2140 5703 tute
2171 5651 2446 5705 liberetur.
2502 5652 2732 5707 Persona
2763 5669 2890 5708 vero
2931 5654 3161 5710 hominis
3199 5664 3281 5711 est
3321 5657 3620 5712 substantia

2030 5740 2338 5819 rationalis,
2380 5740 2681 5808 individua,
2726 5744 2837 5800 suis
2881 5746 3298 5817 proprietatibus
3325 5762 3354 5801 a
3384 5748 3616 5803 consub-
