4008 6182
402 258 471 317 G7
742 296 753 311 .
1624 237 1695 293 Μ.
1741 234 2014 292 Αυιιῑιιι

2122 228 2457 287 tSSlCDORl
3597 219 3663 273 68

402 369 743 433 stantiaiibus
765 367 1294 433 ctcteris‘segrcgata.
1319 355 1562 415 Secunda
1587 356 1824 410 sectione
1847 352 1984 406 idem
2016 354 2061 410 Α

413 466 669 536 propheta
700 470 879 529 rogat,
923 468 979 511 ut
1018 450 1430 511 resurrectionis
1458 445 1574 516 ejus
1616 445 1782 515 gloria
1812 442 1985 497 mani-

414 564 603 617 testata
626 556 920 613 subveniat.
951 551 1133 605 Tertia
1163 546 1334 615 ipsum
1368 540 1653 597 introducit
1681 540 1984 607 loquentem

418 669 509 719 per
538 651 589 704 id
618 648 756 717 quod
790 646 956 698 factus
984 649 1066 695 est
1107 637 1352 699 humilis;
1400 643 1456 687 ut
1496 630 1786 687 secundum
1827 626 1986 695 justi-

412 718 540 796 tiam
588 752 737 792 suam
782 734 1165 797 veritatemque
1208 726 1517 795 judicetnr:
1569 720 1739 776 malos
1785 718 1988 771 u'tioue

420 834 735 892 deterreus,
787 824 940 878 bonis
988 820 1215 890 gratuita
1266 813 1483 885 praemia
1528 809 1986 880 compromittens.

414 924 477 979 lu
524 928 708 987 quarta
754 927 903 986 parte
951 915 1138 967 iterum
1189 910 1445 977 propheta
1492 904 1801 972 reloquitur,
1837 914 1989 953 com-

424 1026 649 1066 mouens
687 1008 922 1065 Judzcos,
955 1013 1015 1057 ttt
1058 1013 1198 1057 metu
1245 1000 1405 1052 futuri
1448 994 1631 1067 judieii
1662 1009 1690 1047 a
1723 994 1991 1061 proposita

424 1104 705 1171 iniquitate
746 1097 1059 1153 disci-dant:
1110 1110 1179 1148 ne
1226 1094 1432 1163 possint
1474 1087 1738 1143 sustinere
1779 1084 1993 1139 meritas

426 1194 673 1251 ultiones.
734 1191 843 1243 lloc
891 1202 1030 1241 nunc
1077 1185 1322 1239 convenit
1372 1180 1599 1235 sollicita
1650 1184 1832 1231 mente
1878 1189 1995 1243 pcr-

416 1288 585 1353 .qniri,
613 1296 664 1336 ut
691 1285 937 1336 virtutem
970 1279 1157 1349 psalmi
1189 1277 1370 1331 divino
1399 1286 1619 1327 munere
1648 1268 1998 1337 introspicere

430 1392 749 1432 uereautur.

964 1505 1227 1575 Expositio
1268 1498 1472 1569 psalmi.

502 1646 655 1699 Vcrs.
691 1645 739 1696 1.
786 1641 995 1694 Domine
1025 1638 1159 1690 Deus
1201 1650 1372 1696 meus,
1415 1633 1467 1684 in
1498 1640 1546 1681 te
1571 1626 1798 1695 speravi,
1841 1624 2002 1676 libera

2174 346 2325 400 Vers.
2354 343 2408 396 4.
2452 343 2512 397 Si
2538 342 2742 395 reddidi
2771 339 3156 396 retribuentibus
3188 336 3314 391 mihi
3340 337 3501 403 mala,
3530 336 3664 388 deci-

2089 438 2208 491 dam
2239 436 2421 489 merito
2450 435 2512 487 ab
2542 433 2760 487 inimicis
2792 433 2911 485 meis
2940 432 3127 484 inanis.
3175 428 3476 485 Secundum
3510 436 3665 495 caput

2088 539 2171 585 est
2210 526 2458 581 antefatae
2500 524 2809 594 patientire:
2853 522 2975 592 quia
3018 522 3083 574 de
3128 518 3571 589 persequentibus
3610 531 3666 572 se

2090 620 2261 675 noluit
2305 618 2600 672 vindicare.
2660 616 2788 668 Nam
2844 624 2898 668 et
2945 612 3162 668 Saulcm
3212 625 3419 664 summa
3470 610 3667 677 pietate

2090 713 2365 774 tractavit,
2407 720 2466 765 ut
2510 708 2756 763 traditum
2801 705 2900 761 sibi
2943 705 3138 773 smpius
3183 703 3235 757 in
3281 712 3537 769 mortem,
3581 701 3671 754 ille

2093 803 2360 857 remiserit
2391 801 2454 853 ad
2485 798 2734 852 salutem.
2787 796 2937 863 Quod
2970 795 3110 849 idem
3145 793 3301 847 lectio
3330 792 3562 846 auteiata
3595 799 3672 844 te—

2092 906 2283 949 statur.
2320 891 2679 947 lictribuebant
2707 890 2847 943 enim
2876 887 3001 942 Saul
3030 895 3185 955 atque
3215 883 3525 938 Abessalom
3556 897 3667 935 mae

2096 988 2225 1049 Ιιιηι,
2271 984 2357 1053 qui
2390 984 2455 1036 ab
2489 982 2605 1049 ipso
2634 981 2778 1047 prius
2809 986 3126 1044 acceperant
3164 974 3378 1045 pietatis
3408 972 3666 1031 ofﬁcium.

2095 1074 2263 1129 Nemo
2293 1073 2433 1126 enim
2465 1070 2698 1125 retribuit
2725 1109 2738 1133 ,
2792 1068 2891 1122 uisi
2921 1067 3006 1137 qui
3037 1065 3233 1133 aliquid
3264 1071 3387 1122 ante
3415 1063 3672 1132 percepit.

2097 1165 2202 1219 Sed
2235 1166 2331 1219 istc
2362 1166 2439 1216 vir
2473 1165 2579 1217 Deo
2612 1164 2830 1229 plenus,
2882 1171 2935 1214 et
2967 1159 3231 1227 patientia:
3261 1157 3454 1211 virtute
3484 1156 3675 1209 firmis-

2099 1257 2288 1321 simus,
2317 1254 2567 1324 perfectae
2595 1252 2977 1307 benevolentia:
3002 1268 3058 1305 se
3081 1250 3385 1305 conditione
3410 1248 3675 1304 constrin-

2099 1348 2205 1414 git,
2235 1357 2288 1399 ut
2313 1347 2355 1399 si
2382 1346 2578 1399 malum
2604 1360 2697 1412 pro
2721 1344 2861 1397 malo
2886 1343 3134 1405 reddidit,
3154 1343 3354 1395 decidat
3379 1342 3441 1394 ab
3463 1341 3677 1394 inimicis

2100 1440 2205 1492 suis
2232 1438 2429 1501 inanis;
2472 1438 2521 1491 id
2557 1448 2667 1501 est,
2701 1438 2871 1489 fructu
2903 1433 3323 1489 mansuetudinis
3358 1448 3562 1504 magnae
3589 1448 3677 1509 va-

2104 1540 2326 1590 ciiatus;
2360 1545 2457 1583 nec
2480 1529 2545 1582 de
2575 1528 2673 1580 hoc
2700 1528 2991 1580 certamine
3018 1526 3239 1590 referat,
3261 1525 3401 1594 quod
3429 1526 3674 1579 Dominus

2108 1622 2184 1675 illi
2218 1622 2449 1689 applicet
2477 1620 2541 1673 ad
2569 1636 2843 1675 coronant.
2874 1620 3003 1685 Quae
3031 1621 3071 1673 si
3103 1620 3264 1674 altius
3293 1619 3556 1683 intendas,
3588 1619 3679 1671 do-

432 1758 509 1795 me
533 1740 595 1792 ab
620 1737 847 1789 omn'bus
875 1730 1277 1803 persequentibus
1298 1741 1376 1778 me
1397 1732 1443 1777 ct
1465 1725 1602 1789 eripe
1622 1737 1719 1774 me.
1748 1719 2003 1785 Quamvis
2038 1713 2078 1769 Β
2110 1713 2317 1765 minicm.
2360 1712 2619 1778 passionis
2648 1711 2990 1765 declarantur
3031 1710 3259 1774 indicia,
3306 1726 3425 1765 cum
3452 1711 3680 1778 perfidus

434 1831 724 1901 propheta,
776 1823 1084 1879 Abessalom
1135 1818 1227 1871 filii
1276 1816 1355 1870 sui
1402 1829 1561 1869 causa
1604 1812 1846 1866 videatur
1888 1823 2006 1863 esse

436 1900 704 1989 proposita
732 1956 746 1979 ,
789 1916 856 1968 de
897 1911 1159 1967 universis
1187 1916 1361 1962 tamen
1403 1904 1633 1959 inimicis
1662 1917 1721 1955 se
1748 1900 2008 1969 supplicat

432 2014 635 2067 debere
674 2007 917 2070 liberari,
962 2005 1029 2057 ab
1065 2000 1428 2069 spiritualibus
1464 1996 1697 2050 maxime
1738 1992 2004 2061 nequitiis,

439 2121 570 2171 ﬂllds
596 2103 842 2157 convenit
873 2095 1262 2152 studiosissime
1294 2089 1583 2161 praecaveri
1612 2105 1623 2140 :
1670 2085 1792 2157 quia
1821 2098 2010 2139 carna-

442 2200 520 2250 les
551 2195 729 2247 h05tes
757 2204 952 2258 corpus
982 2188 1272 2249 impetunt,
1314 2179 1616 2251 spirituiles
1648 2192 1774 2232 vero
1803 2176 2009 2229 animas

438 2299 634 2340 necare
661 2280 1005 2336 contendunt.
1054 2276 1246 2331 Libera
1283 2288 1311 2326 a
1353 2278 1590 2341 peccato,
1640 2270 1787 2337 eripe
1828 2283 1856 2319 a
1900 2266 2013 2321 dia-

442 2375 586 2429 bolo.
646 2372 727 2427 Ab
774 2368 1133 2438 ipsius‘enim
1186 2370 1446 2430 potestate
1496 2358 1754 2421 tollimur,
1803 2356 2014 2426 quando

447 2461 806 2519 misericordia
836 2459 1044 2514 Domini
1074 2456 1389 2511 delictorum
1439 2450 1687 2505 sordibus
1713 2448 2012 2515 expiamur.

446 2558 553 2612 Sed
601 2571 696 2610 cur
738 2554 931 2609 debeat
976 2567 1005 2605 a
1048 2547 1490 2621 persequentibus
1534 2545 1689 2606 erui,
1740 2543 2012 2612 prmmissa

448 2649 650 2702 ratione
689 2646 1059 2700 demonstrat:
1115 2640 1367 2711 quoniam
1409 2653 1470 2693 se
1512 2637 1566 2691 in
1613 2637 1728 2704 ipso
1771 2650 2017 2703 sperasse

434 2739 747 2793 .coniirmat.

518 2828 671 2883 Vers.
700 2830 757 2881 2.
796 2820 1081 2893 Neqttando
1112 2822 1278 2891 rapiat
1328 2829 1385 2873 ut
1432 2820 1510 2872 lea
1558 2816 1782 2870 animam
1832 2831 2014 2879 meam,

446 2920 573 2972 dum
611 2935 711 2971 non
751 2926 822 2969 est
861 2916 949 2983 qui
987 2914 1229 2973 redimat,
1279 2926 1434 2979 neque
1474 2910 1561 2979 qui
1604 2910 1803 2961 salvum
1842 2908 2016 2977 faciat.

448 3011 606 3066 Leoni
636 3008 905 3063 confertur
929 3005 1203 3067 diabolus,
1244 3003 1377 3055 leniti
1408 3000 1712 3066 frequenter
1737 3012 2017 3067 compara-

444 3114 538 3155 .tur
565 3110 620 3154 et
646 3099 889 3151 Christus
918 3113 931 3150 :
979 3096 1068 3149 ille
1097 3092 1236 3162 quod
1269 3091 1334 3143 ad
1365 3091 1636 3143 interitum
1667 3088 1869 3152 rapiat,
1920 3089 2018 3143 iste
2048 3078 2091 3141 C

445 3191 591 3260 quod
619 3191 809 3257 eripiat
833 3188 899 3241 ad
926 3188 1173 3239 salutem.
1210 3183 1438 3237 Pulchre
1462 3196 1592 3234 vero
1622 3180 1838 3248 propria
1860 3182 2020 3235 verba

446 3283 561 3335 suis
588 3280 891 3333 auctoribus
920 3277 1065 3331 dedit
1096 3294 1108 3329 :
1144 3274 1422 3326 Dominum
1456 3280 1605 3338 rogat
1634 3280 1691 3323 ut
1716 3271 1925 3338 eripiat,
1958 3286 2023 3324 ne

453 3373 536 3425 leo
563 3370 750 3439 rapiat.
798 3367 1124 3436 Subiunxit:
1160 3363 1297 3417 Dum
1332 3379 1431 3416 non
1459 3372 1529 3415 est
1559 3363 1644 3423 qui
1671 3362 1905 3424 redimat,
1938 3378 2025 3414 ne-

451 3480 548 3533 que
574 3463 659 3532 qui
689 3461 880 3515 salvum
916 3459 1112 3524 faciat;
1159 3455 1208 3509 id
1238 3465 1337 3517 e~t,
1370 3470 1490 3507 cum
1525 3463 1577 3504 tu
1608 3468 1636 3504 a
1664 3452 2024 3506 subxenieudo

455 3555 756 3608 cessaveris
775 3592 790 3617 ,
831 3552 921 3604 illo
948 3552 1091 3604 enim
1125 3559 1362 3615 tempore
1394 3546 1642 3612 prawalct
1670 3545 1913 3597 diabolus
1942 3558 2026 3597 ra-

458 3661 605 3716 pere,
633 3660 753 3698 cum
784 3645 935 3697 nobis
966 3640 1195 3709 peccatis
1226 3637 1423 3689 nostris
1447 3636 1779 3688 obs’anlibtts
1800 3632 2026 3687 Creator-

457 3735 727 3791 distulerit
755 3735 1059 3789 subvenire.
1111 3732 1229 3798 Ipse
1254 3729 1394 3783 enim
1429 3726 1612 3781 ﬁdeles
1648 3726 1891 3785 redimit,
1936 3727 2025 3793 qui

458 3842 609 3879 suum
650 3825 837 3879 Filium
877 3839 971 3890 pro
1005 3822 1236 3874 humano
1271 3834 1472 3886 genere
1508 3816 1879 3870 iiimst'maliile
1908 3831 2029 3884 pre-

459 3924 587 3971 tium
614 3917 778 3971 dcdit.
828 3916 934 3969 Nec
972 3914 1037 3966 ab
1077 3914 1179 3965 alio
1212 3918 1383 3978 potest
1424 3910 1567 3962 salus
1593 3909 1809 3975 venire,
1858 3908 1955 3960 nisi
1998 3923 2029 3962 a

459 4010 906 4063 salutisvauctore.
943 4008 1031 4060 Sic
1067 4006 1344 4057 Dominum
1379 4002 1647 4054 Christum
1683 4014 1773 4067 per
1803 3999 1914 4056 iure
1943 4013 2027 4052 rc-

462 4100 688 4154 lucentia
718 4099 876 4152 verba
910 4096 1219 4150 declaravit.

535 4188 687 4242 Vers.
717 4189 772 4241 5.
816 4184 1036 4240 Domine
1076 4184 1211 4236 Deus
1251 4199 1417 4245 ηιρω,
1463 4180 1509 4233 si
1548 4180 1641 4250 {cci
1673 4179 1831 4241 istud,
1875 4180 1919 4231 si
1960 4188 2031 4232 est

462 4279 702 4347 iniquitas
730 4277 783 4328 in
810 4276 1039 4327 manibus
1070 4275 1212 4326 meis.
1268 4273 1362 4325 Hic
1393 4270 1605 4337 quidem
1634 4270 1761 4323 dicit
1787 4286 1800 4321 :
1848 4269 1908 4323 Si
1936 4269 2035 4337 feci

462 4368 641 4422 istud:
672 4366 765 4420 sed
794 4363 1015 4418 inferius
1043 4364 1168 4431 quid
1199 4364 1290 4427 sit,
1320 4362 1480 4425 istud,
1514 4362 1732 4429 exponit
1761 4374 1879 4413 cum
1918 4360 1987 4411 ait
2017 4376 2031 4412 :

466 4460 526 4515 Si
553 4468 624 4513 est
651 4458 891 4525 iniquitas
919 4457 971 4509 in
1007 4455 1240 4510 manibus
1266 4456 1408 4509 meis.
1460 4456 1588 4520 Qua:
1634 4454 1797 4524 figura
1840 4453 2034 4507 dicitur
2065 4446 2113 4507 D

464 4550 793 4619 epexegesis,
846 4548 894 4605 id
940 4557 1022 4601 est
1065 4548 1368 4615 explanatio
1394 4546 1527 4600 dicti
1559 4544 1876 4612 superioris.
1928 4543 2032 4598 Sed

468 4644 569 4701 hoc
598 4658 702 4695 nou
736 4642 891 4696 debet
920 4642 1241 4713 generaliter
1269 4641 1489 4710 intelligi
1516 4658 1531 4695 :
1574 4642 1695 4709 quia
1730 4656 1834 4694 non
1866 4650 1951 4696 est
1983 4644 2034 4695 itt

468 4738 685 4793 homine
724 4739 953 4807 aliquam
998 4738 1331 4806 iniquitatem
1380 4737 1433 4791 in
1480 4737 1591 4792 suis
1638 4737 1882 4790 manibus
1929 4751 2035 4789 non

470 4830 686 4886 habere.
739 4831 843 4885 Sed
873 4830 1007 4883 istud
1035 4830 1100 4883 ad
1146 4830 1571 4897 persecutionem
1605 4829 1921 4883 Abessalom
1956 4830 2039 4882 di-

466 4920 603 4973 citur
634 4919 759 4987 ﬁlii,
802 4935 831 4973 ι
875 4936 979 4989 quo
1017 4922 1274 4990 propheta
1309 4920 1505 4991 injus'e
1538 4920 1818 4975 videbatur
1849 4920 2033 4988 afﬂigi.

470 5010 605 5065 Nam
642 5010 1090 5079 quemadmodum
1124 5013 1209 5068 vel
1244 5013 1515 5068 inimicum
1561 5014 1897 5077 tractaverit,
1942 5014 2042 5066 lte-

469 5116 592 5169 gum
641 5112 815 5155 textus
852 5103 1081 5157 ostendit
1108 5100 1193 5173 (11
1226 5102 1355 5173 Reg.
1384 5118 1535 5166 xvttt,
1563 5104 1656 5170 5);
1699 5111 1758 5156 ut
1799 5111 2041 5171 tempore

470 5203 575 5260 quo
604 5198 787 5245 contra
816 5205 938 5249 eum
968 5192 1266 5247 exercitum
1298 5193 1629 5259 destinabat,
1672 5193 1896 5247 ducibus
1934 5194 2047 5247 suis

473 5282 790 5350 pratceperit
829 5291 887 5336 ut
915 5284 1147 5338 maxime
1179 5284 1491 5339 Abessalom
1536 5286 1691 5339 saluti
1740 5286 2048 5352 prospicere

472 5374 814 5440 debuissent;
847 5389 1003 5443 quem
1027 5376 1187 5429 etiam
1218 5384 1485 5429 mortuum
1516 5376 1837 5443 gravissimo
1862 5374 2047 5429 dolore

473 5464 712 5519 deflevit.
765 5465 952 5518 Merito
977 5478 1106 5534 ergo
1131 5464 1259 5519 dicit
1302 5466 1635 5534 iniquitatem
1677 5464 1731 5518 in
1764 5463 1865 5518 hac
1889 5479 2046 5518 causa

473 5555 726 5616 duntaxat
773 5556 828 5610 in
871 5558 982 5611 suis
1006 5556 1250 5610 manibus
1278 5572 1381 5610 non
1410 5556 1595 5623 fuisse,
1625 5572 1743 5612 cum
1787 5557 1885 5612 sibi
1928 5571 2047 5616 eum

473 5648 636 5702 etiam
662 5648 1005 5716 superstitem
1032 5648 1336 5718 relinquere
1363 5647 1640 5703 voluisset.

2108 1800 2323 1855 Judzcus
2347 1801 2483 1853 mala
2506 1799 2773 1861 retribuit,
2798 1800 3040 1868 quamvis
3064 1800 3351 1854 incﬂabilia
3375 1800 3509 1854 bona
3535 1813 3563 1852 a
3585 1813 3682 1855 Suo

2104 1892 2303 1962 jngiter
2332 1900 2547 1945 auctore
2579 1893 2895 1959 perceperit.

2184 2006 2334 2063 Vers.
2365 2006 2417 2061 5.
2466 2004 2803 2075 Persequatur
2844 2006 3076 2057 inimicus
3121 2004 3345 2058 animam
3396 2018 3593 2065 meant,
3637 2011 3684 2055 et

2111 2096 2504 2162 comprehendat
2529 2113 2665 2156 eam,
2699 2106 2743 2149 et
2782 2094 3037 2147 conculcet
3067 2095 3119 2145 in
3148 2102 3282 2145 terra
3310 2094 3462 2148 ritam
3492 2109 3650 2144 meum
3669 2131 3683 2153 ,

2112 2200 2158 2242 et
2188 2189 2401 2258 gloriam
2431 2203 2590 2239 meam
2628 2188 2681 2240 in
2723 2186 2871 2253 pulvc
2899 2202 2979 2237 em
3007 2186 3241 2241 deducat.
3279 2182 3549 2235 Inimicum
3577 2183 3686 2236 diu,

2116 2280 2291 2331 bolum
2318 2277 2468 2341 dicit,
2498 2277 2585 2345 qui
2616 2277 2820 2329 animas
2848 2290 2976 2342 quas
3005 2272 3407 2341 comprehendit
3434 2273 3685 2335 conterit,

2114 2369 2372 2438 Superior
2398 2368 2539 2421 enim
2568 2367 2739 2420 factus
2763 2366 2853 2419 dat
2870 2366 3160 2431 interitum,
3190 2380 3293 2417 non
3321 2366 3566 2417 salutem.
3598 2362 3687 2415 Sic

2117 2460 2260 2513 enim
2286 2458 2353 2512 de
2382 2457 2665 2519 animabus
2690 2456 2852 2510 efficit
2869 2495 2885 2522 ,
2915 2470 3045 2524 quas
3072 2453 3475 2508 crudelissimus
3496 2452 3689 2515 vincit.

2117 2560 2175 2605 ut
2199 2557 2350 2603 actus
2377 2563 2562 2604 earum
2605 2557 2815 2602 terrena
2865 2547 3021 2607 faciat
3062 2545 3379 2613 contagione
3396 2546 3687 2605 ’macnlari.

2115 2641 2450 2715 Quapropter
2491 2652 2757 2710 congruus
2807 2646 2892 2693 est
2939 2640 3146 2708 positus
3193 2637 3323 2692 ordo
3364 2637 3687 2691 verborum:

2118 2731 2264 2800 prius
2291 2731 2435 2785 enim
2464 2730 2562 2783 fuit
2590 2740 2648 2784 ut
2675 2728 3187 2798 comprehenderet,
3222 2736 3409 2796 postea
3456 2736 3514 2781 ut
3556 2741 3689 2782 con-

2116 2822 2371 2879 culcaret.
2426 2819 2489 2873 Et
2527 2820 2745 2891 gloriam
2775 2836 2938 2874 meam
2969 2820 3020 2872 in
3051 2818 3307 2889 pulverem
3339 2819 3597 2883 deducat;
3641 2818 3691 2879 id

2119 2922 2201 2964 est
2231 2910 2467 2976 suscepti
2503 2909 2732 2963 hominis
2762 2908 3050 2974 honorem,
3096 2907 3184 2975 qui
3216 2907 3281 2960 ad
3314 2906 3597 2977 imaginem
3641 2915 3696 2963 et

2120 3000 2520 3053 similitudinem
2554 3000 2641 3051 Dei
2674 3009 2886 3051 constat
2915 2998 3156 3051 elIeCtus.
3203 2997 3435 3051 Deducat
3464 2999 3515 3050 in
3548 2999 3694 3055 i'lum

2126 3093 2376 3157 pulverem
2405 3107 2559 3159 quem
2590 3090 2797 3159 projicit
2822 3099 3008 3143 ventus
3037 3104 3064 3142 a
3098 3087 3231 3143 facie
3260 3096 3435 3143 terrm.
3471 3090 3539 3141 Ita
3571 3090 3693 3147 dum

2124 3183 2226 3236 sibi
2260 3182 2616 3235 conditionem
2650 3184 2815 3249 punit,
2863 3180 3192 3245 peccantium
3226 3181 3428 3232 ruinam
3463 3179 3695 3234 tuirabili

2125 3276 2429 3330 narratione
2458 3274 2759 3341 descripsit.
2816 3274 2907 3327 llis
2939 3274 3099 3339 igitur
3128 3272 3497 3340 superioribus
3531 3272 3698 3328 tibus

2126 3368 2365 3420 versibus
2397 3367 2713 3433 explanatis,
2746 3366 3029 3419 dicendum
3063 3366 3214 3419 nobis
3244 3376 3327 3420 est
3354 3369 3702 3435 quemadmo-

2126 3458 2249 3510 dum
2295 3459 2345 3509 in
2388 3460 2468 3511 eis
2516 3458 2840 3527 hypothetici
2889 3458 3182 3527 syllogismi
3212 3458 3477 3512 secundus
3507 3459 3697 3517 modus

2127 3557 2416 3615 appareat,
2474 3550 2561 3615 qui
2616 3550 2714 3603 hoc
2768 3548 2927 3602 modo
2981 3550 3096 3603 fieri
3146 3564 3303 3615 posse
3342 3548 3698 3617 dignoscitur.

2132 3638 2514 3709 llypotheticus
2541 3649 2737 3705 autem,
2771 3642 2818 3692 id
2849 3649 2930 3693 est
2958 3642 3331 3695 conditionalis
3358 3643 3699 3709 syllogismus

2130 3741 2240 3794 est,
2274 3734 2361 3799 qni
2394 3749 2454 3785 ex
2489 3732 2867 3796 conditionali,
2899 3743 2990 3787 aut
3020 3735 3467 3789 conditionalibus
3500 3752 3699 3805 propo-

2131 3823 2411 3875 sitionibus
2441 3824 2709 3890 arripiens
2749 3826 3198 3891 assumptionem,
3244 3826 3447 3894 colligit
3476 3829 3696 3880 conclu-

2132 3914 2357 3967 sionem.
2391 3912 2553 3983 Cujus
2583 3916 2872 3984 propositio
2901 3916 3019 3970 talis
3046 3926 3148 3984 est,
3174 3928 3424 3985 quantum
3456 3918 3520 3969 ad
3550 3919 3701 3979 istam

2134 4005 2361 4074 pertinet
2384 4006 2701 4061 dictionem;
2730 4008 2951 4062 Domine
2978 4009 3117 4063 Deus
3142 4024 3315 4074 meus,
3340 4011 3382 4077 si
3413 4010 3507 4063 feci
3534 4010 3703 4076 istud;

2134 4097 2180 4148 si
2219 4105 2299 4150 cst
2339 4097 2587 4166 iniquitas
2619 4098 2667 4151 in
2702 4100 2945 4153 manibus
2976 4105 3144 4165 meis;
3197 4101 3243 4154 si
3293 4102 3495 4155 reddidi
3547 4102 3706 4158 retri-

2135 4187 2421 4241 buentibus
2471 4189 2596 4242 mihi
2647 4192 2819 4251 mala.
2869 4193 3113 4246 decidant
3140 4198 3331 4248 merito
3370 4196 3439 4248 ab
3479 4197 3710 4254 inimicis

2135 4282 2267 4336 meis
2298 4283 2508 4339 inanis:
2548 4295 2896 4353 persequatur
2938 4287 3183 4341 inimicus
3224 4290 3454 4343 animam
3500 4307 3707 4359 meam.

2137 4383 2188 4429 et
2218 4374 2635 4441 comprehendat
2665 4390 2812 4442 cam,
2864 4385 2920 4431 et
2962 4379 3235 4432 conculcet
3281 4379 3331 4432 in
3379 4392 3516 4435 terra
3545 4383 3709 4437 vitam

2138 4480 2332 4525 meam,
2363 4472 2417 4517 ct
2444 4467 2665 4533 gloriam
2693 4480 2865 4520 meam
2895 4468 2946 4520 in
2974 4468 3244 4535 pulverem
3274 4469 3520 4523 deducat.
3558 4472 3714 4528 Istius

2140 4565 2313 4609 autem
2346 4556 2719 4625 propositionis
2748 4558 3035 4613 secundum
3070 4562 3279 4629 regulas
3308 4560 3709 4617 dialecticorum

2140 4646 2489 4714 reciprocatio
2533 4646 2653 4701 talis
2695 4656 2815 4702 est:
2866 4648 2911 4702 si
2960 4664 3063 4703 non
3115 4651 3357 4705 decidant
3410 4654 3603 4706 merito
3645 4654 3713 4708 ab

2143 4739 2372 4794 inimicis
2418 4737 2549 4793 meis
2593 4739 2801 4805 inanis;
2847 4740 2892 4795 si
2933 4756 3037 4795 non
3080 4752 3430 4813 persequatur
3467 4744 3714 4801 inimicus

2144 4831 2371 4883 animam
2406 4844 2599 4895 meam,
2632 4838 2687 4882 et
2716 4831 3132 4899 comprehendat
3161 4849 3308 4899 eam;
3350 4834 3396 4888 si
3439 4852 3545 4890 non
3586 4851 3716 4890 cou-

2144 4920 2317 4974 eulcet
2346 4920 2396 4974 in
2430 4929 2572 4975 terra
2600 4922 2761 4975 vitam
2792 4937 2995 4987 meam;
3041 4925 3085 4977 si
3132 4938 3235 4977 non
3276 4925 3499 4993 gloriam
3541 4940 3715 4980 meam

2145 5010 2197 5063 in
2241 5010 2511 5080 pulverem
2542 5011 2797 5079 deducat;
2850 5013 3071 5069 Domine
3106 5013 3244 5068 Deus
3275 5028 3447 5079 mens,
3478 5029 3581 5067 non
3611 5015 3713 5069 feci

2144 5100 2315 5162 istud;
2350 5115 2453 5155 non
2489 5110 2572 5155 est
2607 5102 2856 5172 iniquitas
2893 5103 2945 5156 in
2985 5103 3228 5158 manibus
3259 5106 3422 5171 meis;
3457 5122 3559 5159 non
3590 5106 3716 5161 red-

2148 5189 2255 5243 didi
2288 5190 2700 5247 rctribuentibus
2734 5192 2857 5246 mihi
2892 5193 3049 5247 mala.
3093 5192 3257 5263 Cujus
3284 5196 3721 5263 reciprocationis

2151 5279 2209 5334 fit
2240 5281 2356 5334 talis
2384 5282 2677 5350 assumptio
2706 5300 2717 5330 :
2751 5292 2982 5338 attamen
3013 5299 3117 5336 non
3149 5285 3389 5345 decidam
3430 5287 3621 5341 merito
3653 5286 3723 5340 ab

2156 5370 2383 5425 inimicis
2414 5374 2548 5427 meis
2579 5373 2775 5440 inanis;
2818 5383 3048 5427 attamen
3092 5390 3194 5429 nou
3237 5386 3587 5443 perseittetur
3617 5377 3724 5430 ini-

2158 5463 2327 5517 micus
2357 5463 2585 5516 animam
2618 5482 2824 5529 meum,
2870 5466 2975 5536 32
3015 5478 3067 5521 et
3112 5466 3529 5534 comprehendet
3570 5483 3727 5530 eam;

2161 5568 2263 5607 non
2305 5554 2641 5608 conculcabit
2672 5556 2723 5609 in
2758 5565 2899 5609 terra
2925 5558 3085 5610 vitam
3117 5570 3323 5619 meam;
3368 5572 3470 5611 non
3500 5557 3726 5627 gloriam

2160 5661 2330 5707 meam
2377 5648 2428 5703 in
2473 5648 2743 5718 pulverem
2782 5647 3027 5705 deducet.
3082 5647 3227 5706 lianc
3253 5662 3379 5703 vero
3406 5650 3727 5718 assumptio~
