4008 6182
324 266 387 321 69
1314 270 1675 327 I'XPOSITIO
1713 270 1782 326 IN
1813 270 2277 332 PSALTERIUM.
2320 270 2513 326 PSAL.
2554 272 2662 324 νιι.
3501 267 3580 331 70

317 416 437 455 nem
479 399 717 467 sequitur
760 397 862 452 ista
906 398 1199 452 conclusio.
1252 398 1436 468 igitur,
1483 398 1706 453 Domine
1751 400 1890 453 Deus
1921 401 1963 458 Α
1996 407 2159 453 torum
2180 416 2198 453 :
2228 409 2272 453 et
2300 401 2467 470 posuit
2500 402 2729 457 tenebras
2759 402 3027 459 latibulum
3054 423 3203 461 suum
3233 408 3405 479 (Paul.
3438 428 3568 477 κη,

318 506 490 556 meus,
521 506 623 542 non
656 488 754 543 ieci
786 489 924 543 ἰςιωί
955 504 970 543 :
1015 504 1119 544 non
1163 499 1246 542 cst
1283 490 1536 558 iniquitas
1567 491 1618 543 in
1649 490 1895 544 manibus

318 584 477 646 meis;
506 596 607 635 non
631 581 840 635 reddidi
866 579 1283 635 retribuentibus
1306 580 1435 634 mihi
1462 580 1621 634 mala.
1654 580 1777 634 limo
1800 593 1896 633 nos

319 675 621 729 summatim
664 684 824 740 atque
864 674 1179 742 simpliciter
1213 686 1369 727 causa
1412 672 1690 727 brevitatis
1723 671 1898 741 attigi-

317 782 453 819 mus.
508 764 562 820 Si
595 764 713 831 quis
743 773 953 829 autem,
995 764 1108 819 sive
1138 765 1202 818 de
1232 764 1628 829 schematibus,
1674 763 1790 817 sive
1831 763 1897 817 de

316 859 489 913 modis
520 856 954 927 syllogismorum
975 897 988 920 ,
1021 855 1134 909 sive
1163 855 1288 924 quid
1316 857 1423 911 sint
1447 854 1740 921 simplices,
1784 852 1897 907 sive

313 953 598 1022 compositi
629 950 941 1020 plenissime
970 962 1127 1002 nosse
1158 947 1444 1010 desiderat,
1474 944 1812 1001 Aristotelem
1843 945 1894 998 in

316 1045 542 1110 Graecis,
560 1040 893 1096 Victorinum
917 1050 1093 1093 autem
1117 1037 1337 1093 Marium
1365 1039 1563 1093 lectitet
1596 1037 1645 1090 in
1672 1036 1893 1102 Latinis,

314 1152 363 1191 et
401 1138 551 1189 lat‘ile
586 1135 687 1187 sibi
720 1135 944 1204 quisque
978 1132 1103 1187 talia
1131 1130 1440 1195 confirmat,
1484 1146 1600 1200 quae
1628 1144 1768 1185 nunc
1793 1129 1895 1184 dif-

320 1228 475 1280 ﬂetlia
508 1227 736 1279 fortasse
762 1224 1041 1291 dijudicth

392 1321 538 1372 Vers.
572 1320 627 1372 6.
675 1316 926 1387 Exsurge,
963 1315 1196 1379 Domine,
1238 1317 1291 1369 in
1328 1315 1404 1367 ira
1436 1322 1552 1378 tua,
1594 1324 1641 1367 et
1671 1312 1897 1367 exaltare

312 1411 365 1461 in
398 1409 579 1475 ﬁnibus
608 1406 934 1460 inimicorum
965 1416 1184 1459 tuorum.
1224 1404 1477 1476 Exsurge,
1512 1405 1729 1459 Domine
1762 1404 1896 1460 Deus

316 1519 473 1561 ames,
504 1501 555 1552 in
583 1509 833 1569 praecepto
858 1499 994 1567 quod
1021 1498 1295 1552 mandasti.
1328 1498 1486 1553 Venit
1510 1497 1575 1551 ad
1606 1496 1893 1551 secundam

313 1593 657 1655 divisionem,
690 1591 743 1643 in
777 1605 877 1659 qua
913 1589 1194 1643 transitum
1230 1589 1354 1642 facit
1380 1587 1445 1642 ad
1477 1589 1618 1642 illam
1649 1587 1894 1643 similitu-

313 1685 492 1736 dinem
525 1698 680 1750 quam
716 1680 916 1734 fecerat
956 1680 1166 1737 Domini
1205 1680 1519 1735 Salvatoris.
1576 1678 1682 1734 Sed
1726 1679 1895 1732 tribus

2003 488 2113 559 tt).

2076 580 2224 633 Vers.
2255 581 2307 635 8.
2355 581 2596 646 Domine,
2632 584 2817 655 judico
2847 588 3079 655 populos.
3123 589 3313 645 Judica
3340 609 3439 657 me,
3470 592 3579 647 Do-

2000 671 2152 731 mino,
2184 672 2460 725 secundum
2498 675 2749 743 justitiam
2779 693 2972 741 meam,
3018 690 3066 731 et
3107 683 3387 736 secundum
3430 685 3580 739 iuno-

1986 760 2217 814 ,crutiam
2241 777 2481 815 manuum
2510 778 2734 817 mearum
2761 781 2912 836 super
2937 783 3034 820 nte.
3080 768 3235 823 Venit
3264 772 3331 825 ad
3365 774 3574 829 tertiam

2000 862 2225 919 partem,
2264 854 2353 906 ubi
2389 854 2500 923 jam
2534 855 2788 909 Dominus
2820 860 3053 928 loquitur
3078 860 3356 928 Christus,
3401 879 3468 920 cx
3511 882 3575 923 ca

1998 942 2397 1010 dispensatione
2438 960 2539 1013 qua
2582 957 2902 1014 passus‘est.
2959 949 3088 1004 Nam
3121 966 3239 1005 cum
3270 954 3433 1009 dicit:
3470 955 3578 1008 Do—

1997 1035 2159 1096 mine,
2196 1036 2381 1106 judico
2418 1038 2664 1107 populos,
2712 1041 3094 1108 omnipotentis
3124 1043 3293 1097 Patris
3325 1045 3576 1115 majestas

1986 1128 2317 1183 ostenditur.
2364 1129 2493 1184 Cum
2526 1145 2654 1185 vero
2691 1133 2940 1201 ponitur:
2976 1133 3166 1187 Indica
3197 1151 3302 1199 me,
3338 1135 3575 1202 Domine,

1995 1220 2271 1272 secundum
2298 1220 2558 1290 justitiam
2596 1238 2788 1287 meam,
2829 1232 2876 1277 et
2918 1226 3195 1277 secundum
3231 1228 3571 1282 innocentia»:

1996 1326 2244 1364 manuum
2286 1328 2517 1365 mearum
2558 1329 2710 1382 super
2757 1331 2867 1379 me,
2924 1316 3189 1369 humilitas
3236 1318 3577 1377 humanitatis

1996 1400 2332 1468 exprimitur,
2377 1418 2494 1472 qua:
2539 1403 2607 1458 de
2653 1415 2853 1460 sanctae
2903 1405 3081 1461 Maria:
3130 1408 3371 1479 virginali
3422 1421 3574 1466 utero

1996 1504 2263 1563 assumpta
2308 1510 2430 1551 esse
2480 1506 2822 1552 monstratur.
2874 1498 2962 1553 Sic
3010 1500 3063 1553 in
3112 1516 3217 1557 uno
3264 1516 3419 1556 versu
3468 1512 3575 1557 tam

1997 1586 2289 1655 ingentium
2331 1602 2517 1640 rerum-
2537 1598 2742 1642 secreta
2770 1591 3017 1644 conclusa
3048 1601 3190 1645 sunt.
3241 1591 3305 1646 Et
3356 1595 3564 1662 respice

1996 1678 2439 1746 quemadmodum
2476 1679 2635 1732 totius
2661 1679 2903 1734 veritatis
2932 1680 3063 1734 ordo
3101 1692 3365 1737 servetur.
3418 1684 3572 1740 Prius

312 1775 569 1844 gradibus
599 1772 840 1825 ascendit
865 1773 964 1826 ista
998 1773 1201 1840 petitio.
1250 1772 1457 1827 Primus
1489 1782 1589 1834 est.
1625 1781 1682 1825 ut
1712 1774 1763 1825 in
1793 1772 1889 1835 ira,
1930 1785 1973 1844 Β
2000 1770 2140 1821 enim
2171 1769 2424 1837 propheta
2452 1768 2814 1824 innocentiam
2846 1784 3097 1825 manuum
3130 1787 3347 1827 suarum
3387 1776 3438 1829 in
3467 1792 3569 1829 una

314 1865 365 1917 id
398 1878 477 1919 εει
510 1865 561 1917 in
592 1863 820 1917 vindicta
850 1872 1181 1941 consurgat;
1216 1863 1311 1918 sed
1354 1878 1459 1917 non
1502 1863 1568 1917 ad
1610 1865 1740 1917 iram
1772 1879 1897 1932 pro-

312 1966 467 2010 vocat
493 1956 684 2021 Deum,
710 1972 865 2025 quem
896 1956 1095 2011 sciebat
1120 1972 1241 2012 esse
1270 1956 1638 2022 mitissimum;
1668 1958 1900 2012 maxime

310 2064 429 2103 cum
460 2046 710 2116 superius
737 2047 803 2101 de
834 2062 893 2102 se
918 2046 1150 2101 dixerit:
1186 2046 1246 2101 Si
1274 2048 1475 2101 reddidi
1511 2044 1907 2117 retribuentt'bus

310 2140 438 2192 milii
472 2138 654 2195 mala:
693 2138 786 2195 sed
829 2139 1076 2201 humanis
1106 2149 1157 2194 et
1190 2140 1525 2194 translatitiis
1551 2142 1730 2195 verbis
1771 2141 1895 2194 talia

313 2231 639 2285 referuntur.
673 2222 873 2287 Verum
906 2231 1021 2286 haec
1050 2232 1284 2286 vindicta
1316 2248 1431 2301 quae
1468 2231 1663 2288 dicitur
1691 2235 1795 2297 ira,
1845 2234 1896 2288 in

311 2325 589 2378 diabolum
633 2325 810 2394 potius
851 2325 1011 2380 debet
1053 2323 1298 2389 adverti,
1346 2324 1433 2393 qui
1478 2328 1636 2379 toties
1682 2326 1897 2393 puiitur

313 2419 523 2485 quoties
554 2417 622 2469 ab
651 2432 716 2470 eo
747 2428 996 2483 peccator
1026 2416 1337 2486 subiugatus
1363 2416 1605 2484 eripitur.
1645 2416 1891 2469 Exaltare

312 2510 364 2560 in
408 2509 597 2573 ﬁnibus
637 2509 991 2571 inimicorum,
1036 2506 1086 2559 id
1121 2517 1201 2561 est
1232 2507 1284 2559 in
1319 2506 1665 2574 possessione
1693 2506 1896 2561 diaboli

315 2598 691 2667 magniﬁcare,
738 2613 894 2666 quam
937 2598 988 2649 in
1034 2597 1405 2666 peccatoribus
1443 2605 1609 2653 tenet.
1668 2598 1720 2650 ln
1770 2597 1900 2666 ipsis

314 2692 458 2742 enim
504 2690 771 2742 exaltatur
796 2688 1088 2753 Dominus,
1132 2688 1345 2756 quando
1388 2702 1417 2740 a
1466 2690 1900 2756 convertentibus

311 2781 585 2836 confessio
612 2781 785 2835 laudis
812 2780 1055 2835 offertur.
1103 2780 1381 2835 Secundus
1408 2779 1606 2849 gradus
1637 2791 1716 2833 est
1741 2797 1755 2834 :
1794 2779 1900 2833 Er-

311 2891 490 2944 surge,
518 2876 733 2928 Domine
758 2874 889 2927 Deus
911 2890 1071 2941 mnus,
1096 2875 1148 2926 in
1171 2886 1422 2944 prtccrpto
1443 2873 1580 2943 quod
1607 2873 1899 2929 mandasti:

313 2969 490 3037 ipsum
521 2977 603 3020 est
644 2967 785 3019 enim
819 2966 957 3034 quod
999 2966 1241 3032 Superius
1272 2965 1430 3027 d;xit,
1476 2965 1527 3017 in
1558 2964 1673 3028 ira,
1717 2973 1774 3016 ut
1812 2978 1902 3018 co-

312 3074 545 3128 gnosoas
562 3057 845 3110 vindictam
870 3072 988 3111 esse
1013 3057 1205 3124 potius,
1226 3070 1330 3107 non
1356 3055 1608 3107 furorem.
1639 3054 1900 3106 Μακάαώ

1998 1859 2211 1914 dixerat
2241 1876 2395 1914 causa
2421 1877 2436 1913 :
2473 1862 2610 1916 nunc
2638 1874 2814 1917 amem
2844 1878 2873 1916 a
2906 1879 3130 1932 persona
3154 1865 3363 1922 Domini
3390 1869 3577 1922 Salva-

2002 1950 2132 2003 toris
2160 1952 2485 2018 generaliter
2516 1954 2913 2021 pronuntiatur,
2941 1956 3191 2022 quoniam
3216 1968 3432 2013 constat
3453 1975 3576 2014 cum

1996 2050 2272 2110 peccatum
2306 2042 2604 2097 nullatenus
2628 2043 2899 2099 habuisse.
2934 2045 3120 2099 Merito
3149 2047 3410 2117 siqpidem
3442 2051 3577 2118 petit

1999 2134 2276 2186 secundum
2294 2135 2552 2206 justitiam
2577 2150 2724 2189 suam
2752 2151 2821 2191 se
2838 2136 3035 2192 debere
3052 2140 3302 2209 judicari,
3331 2142 3418 2207 qui
3442 2142 3577 2197 divi.

2001 2222 2182 2275 uitatis
2213 2237 2324 2277 suae
2366 2225 2786 2292 perfectissimus
2814 2226 3006 2281 doctor
3037 2238 3301 2298 pratcepta
3341 2232 3577 2301 comple-

2000 2312 2106 2366 vit:
2139 2313 2225 2380 qui
2258 2316 2451 2367 malum
2490 2329 2583 2383 pro
2623 2316 2766 2370 malo
2797 2331 2901 2371 non
2931 2320 3193 2386 reddidit;
3239 2324 3327 2390 qui
3362 2332 3579 2391 propter

2000 2402 2228 2456 aliorum
2257 2404 2450 2458 delicta
2476 2420 2688 2461 crucem
2716 2419 2934 2463 sanctus
2954 2408 3082 2481 [ed.,
3107 2410 3369 2483 sanctam]
3391 2429 3578 2469 ascen-

2000 2495 2077 2546 dit
2105 2513 2116 2545 :
2147 2496 2235 2563 qui
2274 2511 2369 2561 pro
2397 2499 2826 2565 persecutoribus
2863 2499 3221 2555 intestimabili
3258 2508 3429 2572 gratia
3461 2508 3574 2573 pic—

2004 2587 2125 2640 tatis
2169 2588 2377 2651 oravit;
2431 2598 2485 2643 et
2532 2603 2758 2653 caetera,
2806 2608 2926 2661 qua:
2954 2594 3265 2647 verissimus
3300 2596 3575 2666 Evangelii

2004 2686 2178 2729 textus
2204 2678 2489 2747 eloquitur.
2538 2680 2641 2734 Sed
2670 2696 2789 2736 cum
2822 2685 3121 2738 innocentia
3155 2686 3298 2741 cordi
3330 2690 3579 2756 speciali-

2004 2781 2083 2824 tcr
2103 2772 2395 2838 applicetur
2420 2814 2433 2836 ,
2463 2772 2547 2827 hic
2570 2775 2762 2828 dictum
2790 2786 2890 2840 est,
2920 2776 3212 2832 Secundum
3237 2781 3579 2835 innocentiam

2004 2880 2245 2917 manuum
2280 2881 2526 2920 mearum.
2570 2867 2719 2932 Quod
2750 2883 2917 2937 genus
2957 2870 3240 2926 locutionis
3269 2873 3574 2942 Scriptura-

2004 2970 2118 3007 rum
2164 2953 2461 3009 divinarum
2514 2959 2783 3024 proprium
2830 2974 2949 3014 esse
2990 2966 3357 3031 cognoscitur,
3409 2967 3577 3036 signi-

2004 3045 2244 3101 ﬁcantius
2271 3056 2477 3102 mutare
2505 3049 2814 3114 verborum;
2861 3051 2998 3105 sicut
3043 3056 3093 3106 in
3126 3056 3337 3109 decimo
3367 3061 3572 3124 psalmo

312 3152 459 3204 enim
510 3150 766 3202 Dominus
816 3149 869 3201 in
915 3159 1186 3213 prtrcepto,
1239 3147 1449 3215 quando
1500 3148 1552 3201 in
1607 3147 1894 3213 Evangelio
1926 3160 1972 3223 ο
2003 3138 2241 3190 dicturus
2279 3148 2398 3192 est:
2444 3138 2708 3209 Palpebrae
2743 3145 2855 3212 ejus
2894 3143 3205 3215 interrogant
3242 3149 3375 3214 [ilics
3405 3149 3574 3202 Itami—

314 3244 451 3296 dixit
471 3242 747 3309 discipulis
768 3242 907 3294 suis:
934 3238 1107 3293 Tertia
1132 3241 1212 3291 die
1234 3254 1517 3309 resurgam,
1545 3248 1590 3291 et
1616 3240 1900 3307 prateedam

314 3351 396 3387 to;
446 3335 497 3386 in
526 3332 793 3385 Galilaeam
826 3330 1039 3402 (.llatth.
1072 3347 1226 3393 Μῖνι,
1258 3332 1374 3400 5‘2).
1432 3332 1555 3386 Haec
1591 3332 1713 3385 dum
1758 3333 1893 3385 facta

312 3434 470 3481 sunt,
502 3424 769 3475 exaltatus
796 3431 878 3476 est
907 3423 956 3474 in
989 3430 1100 3474 toto
1130 3422 1259 3475 urbe
1292 3429 1581 3483 terrarum,
1617 3438 1773 3489 quem
1810 3438 1902 3490 po-

314 3525 483 3567 testas
535 3511 733 3565 diabili
785 3510 1125 3579 possidebat;
1183 3521 1235 3565 et
1284 3511 1573 3565 vindicavit
1626 3511 1676 3565 in
1729 3530 1850 3567 eum
1881 3558 1896 3580 ,

310 3604 529 3673 quando
559 3602 625 3654 ab
652 3619 715 3655 eo
743 3602 959 3656 abstulit
988 3603 1127 3671 quod
1157 3603 1388 3655 tenebat.
1443 3602 1507 3655 Et
1544 3602 1751 3656 intuere
1777 3606 1899 3671 quia

312 3712 468 3748 more
500 3694 790 3762 prophetico
822 3694 995 3746 futura
1028 3709 1122 3760 pro
1156 3693 1438 3762 praeteritis
1469 3694 1632 3747 dicit:
1666 3694 1731 3746 In
1765 3712 1895 3763 pra:-

310 3795 464 3857 cepto
490 3788 624 3854 quod
656 3780 939 3845 mandasti,
974 3787 1151 3853 utique
1182 3784 1320 3853 quod
1351 3785 1524 3840 adhuc
1555 3786 1899 3841 mandaturus

314 3886 469 3938 erat;
517 3885 572 3929 ut
616 3887 694 3929 cst
740 3876 866 3927 illud
901 3875 1136 3929 vicesimi
1180 3874 1331 3941 primi
1368 3876 1595 3942 psalmi:
1635 3874 1899 3929 Fodvruut

314 3986 459 4020 mea
482 3986 504 4019 ε
532 3984 665 4019 meas
694 3979 737 4020 et
765 3966 914 4033 pedes
938 3982 1092 4032 meos,
1124 3967 1567 4019 dinumerarcrunt
1590 3968 1758 4019 omnia
1786 3984 1901 4019 ossa

315 4076 433 4109 ιιι-(ι
457 4057 623 4125 (Paul.
656 4058 909 4124 λς1,18),
938 4066 1040 4111 etc.

388 4148 549 4201 ἵετε.
578 4149 629 4198 7.
675 4148 737 4198 Et
778 4163 1035 4217 synagoga
1080 4147 1387 4216 populorum
1431 4146 1764 4199 circumdabit
1811 4158 1897 4201 te:

308 4250 354 4291 et
389 4250 601 4305 prepter
628 4239 759 4289 hanc
787 4238 838 4289 in
867 4239 1027 4289 altum
1055 4237 1337 4306 reqredere.
1381 4238 1637 4303 Superius
1671 4238 1819 4306 petiit
1845 4248 1903 4292 ut

314 4330 557 4389 veniret,
592 4344 730 4380 nunc
761 4336 935 4380 autem
965 4327 1088 4395 quid
1136 4329 1186 4379 in
1216 4326 1445 4380 adventu
1477 4328 1594 4394 ejus
1622 4342 1900 4395 cmergere

311 4423 511 4483 possit,
546 4416 809 4479 ostendit;
851 4429 914 4468 ac
951 4416 995 4467 si
1024 4416 1226 4469 diei-ret
1252 4433 1263 4467 :
1290 4415 1367 4468 Tu
1399 4415 1611 4483 quidem
1645 4425 1900 4470 venturus

2002 3247 2126 3285 num
2151 3231 2321 3299 (Paul.
2351 3248 2406 3298 x,
2437 3233 2516 3303 5),
2547 3250 2667 3289 cum
2700 3236 3068 3305 pa'pebrarum
3107 3253 3210 3294 non
3240 3243 3310 3295 sit
3342 3244 3573 3299 interro-

2000 3339 2145 3392 gare,
2175 3325 2266 3379 sed
2299 3326 2510 3393 lingunt.
3110 3384 3123 3387 _

2071 3414 2224 3471 Vers.
2255 3416 2306 3470 9.
2350 3417 2685 3471 Consumctur
2712 3420 2935 3490 nequitia
2964 3433 3305 3492 peccatorum,
3334 3434 3382 3478 et
3405 3427 3570 3498 dirigo

1991 3510 2215 3578 justum.
2265 3508 2407 3563 Petit
2455 3509 2745 3564 accelerari
2796 3514 2984 3567 mortis
3031 3514 3344 3580 adventum,
3385 3526 3443 3571 ut
3471 3519 3578 3573 cito

2001 3611 2129 3651 suus
2170 3595 2497 3652 ciarificetur
2535 3613 2808 3653 ascensus.
2859 3600 3133 3670 Completa
3179 3614 3258 3658 est
3299 3606 3439 3658 enim
3478 3622 3575 3661 ne».-

1999 3687 2161 3755 quitia
2191 3695 2560 3755 peccatorum,
2604 3689 2816 3753 quando
2851 3692 3135 3746 cruciﬁxus
3172 3702 3253 3747 est
3293 3693 3569 3751 Dominus.

1998 3778 2140 3833 Nihil
2163 3780 2302 3833 enim
2330 3787 2613 3849 potuerunt
2639 3781 2771 3835 ult-ra
2798 3781 2989 3847 facere,
3015 3786 3259 3854 quamvis
3281 3786 3575 3841 crudeliter

2002 3868 2347 3925 insanissent.
2395 3871 2549 3937 Quod
2576 3872 2794 3926 verbum
2844 3882 2897 3927 et
2940 3874 3052 3943 ipse
3095 3877 3299 3943 positus
3333 3878 3384 3931 in
3419 3894 3576 3933 cruce

2000 3957 2173 4012 dixit:
2224 3958 2639 4014 Consummatum
2694 3973 2764 4017 est
2806 3963 2985 4034 (Joan.
3015 3980 3135 4031 xu,
3177 3968 3290 4036 33).
3341 3965 3581 4024 Directus

2000 4057 2083 4103 est
2109 4058 2283 4103 autem
2307 4053 2499 4121 justus,
2528 4054 2738 4121 quando
2770 4058 3064 4110 resurrexit
3093 4073 3121 4110 a
3152 4061 3395 4127 mortuis,
3429 4073 3482 4115 et
3508 4066 3574 4116 ad

2002 4140 2257 4193 caelorum
2284 4157 2442 4210 regna
2466 4146 2797 4197 conscendit.
2829 4147 2915 4199 Sic
2940 4148 3153 4215 pictatis
3172 4152 3348 4202 studio
3372 4154 3578 4209 videtur

2002 4231 2201 4297 expeti,
2236 4246 2329 4297 per
2358 4232 2494 4297 quod
2525 4235 2627 4284 vita
2656 4234 2896 4287 omnium
2927 4237 3177 4301 probatur
3204 4240 3435 4306 impleri.

2074 4320 2227 4376 Vers.
2254 4323 2337 4377 10.
2374 4322 2622 4377 Scrutaris
2648 4327 2804 4377 corda
2832 4336 2877 4379 et
2899 4345 3042 4381 rencs
3069 4328 3203 4381 Deus
3224 4334 3420 4401 justus.
3457 4333 3578 4389 llaec

2003 4414 2214 4479 propria
2244 4413 2411 4465 virtus
2440 4422 2523 4467 cst
2557 4414 2677 4477 Dei,
2722 4424 2774 4467 et
2803 4418 2962 4469 eurdn
2997 4426 3176 4471 nostra
3205 4420 3493 4486 discutere,
3524 4431 3576 4476 et

307 4522 368 4558 es
411 4506 475 4557 ad
517 4505 883 4570 liberandum,
922 4505 1017 4558 sed
1053 4504 1231 4572 populi
1268 4504 1571 4558 Judmorum
1613 4505 1814 4558 insanis
1849 4516 1900 4558 te
1930 4523 1979 4581 ι)
2003 4502 2162 4555 animi
2201 4506 2367 4557 nostri
2399 4504 2632 4573 vigorem
2664 4510 2916 4572 potentiae
2960 4522 3070 4560 sua:
3117 4509 3234 4564 luce
3271 4523 3572 4579 penetrare.

309 4595 588 4647 mentibus
620 4606 1027 4662 persequentur.
1080 4594 1361 4664 Syuagoga
1406 4597 1491 4650 hic
1521 4596 1895 4650 collectionem

308 4688 582 4755 significat
635 4686 1027 4752 improborum,
1074 4702 1183 4740 non
1226 4686 1591 4752 religiosorum
1644 4689 1899 4741 mentium

308 4790 541 4829 cantum.
562 4777 692 4828 Nam
717 4779 759 4830 si
786 4779 837 4830 in
860 4792 978 4831 eum
999 4777 1317 4832 credidisset
1334 4778 1580 4832 univer.-a
1597 4778 1901 4833 Judreorum

310 4869 489 4936 plebs,
514 4867 720 4922 devotis
745 4869 1007 4922 mentibus
1030 4870 1209 4938 utique
1230 4870 1577 4937 suscepisset.
1603 4867 1665 4922 Et
1691 4880 1900 4939 propter

310 4958 451 5008 hanc
487 4958 541 5007 in
575 4958 735 5009 altum
777 4958 1063 5024 regredere.
1118 4957 1339 5025 Propter
1365 4956 1519 5022 Itane,
1554 4957 1604 5009 id
1632 4968 1711 5011 est
1740 4973 1900 5028 syna-

310 5062 535 5115 gngam,
562 5062 682 5114 qua:
709 5057 886 5101 tamen
918 5046 1013 5101 fuit
1042 5046 1326 5102 obstinatis
1351 5050 1588 5103 moribus
1614 5048 1859 5102 indevota
1883 5066 1895 5100 :

308 5142 364 5189 in
392 5153 499 5207 qua
529 5139 769 5193 habitare
800 5154 905 5192 non
936 5140 1145 5208 potuit,
1178 5140 1303 5192 dum
1335 5154 1394 5193 se
1422 5139 1490 5193 ab
1519 5140 1634 5207 ejus
1665 5140 1895 5194 inlideli-

312 5239 429 5282 tate
477 5228 755 5282 sulxlnxit.
812 5227 879 5281 In
923 5231 1085 5282 altum
1134 5231 1399 5299 regro'dere
1432 5245 1452 5282 :
1502 5241 1718 5297 prepter
1769 5231 1898 5285 illud

313 5320 601 5389 Evangelii
629 5336 643 5373 :
679 5320 845 5375 Nemo
871 5322 1101 5375 ascendit
1136 5323 1189 5374 in
1214 5323 1416 5386 corium,
1446 5322 1545 5374 nisi
1573 5323 1660 5391 qui
1687 5322 1750 5374 de
1780 5324 1903 5375 calo

311 5411 577 5462 descendit
604 5408 781 5480 (Joan.
811 5426 891 5479 ιιι,
920 5412 1029 5481 15).
1074 5410 1292 5479 Regredt'
1319 5413 1462 5466 enim
1495 5422 1597 5478 est,
1634 5412 1776 5467 unde
1808 5429 1903 5468 ve-

313 5500 467 5551 neris
504 5499 693 5554 iterata
730 5502 814 5554 via
860 5502 1080 5556 reverti.
1138 5500 1268 5554 Nam
1315 5501 1385 5556 de
1434 5502 1533 5555 hac
1571 5505 1905 5559 Ascensione

313 5591 585 5657 gloriosa,
629 5591 681 5645 in
727 5590 833 5646 alio
874 5594 1079 5660 psalmo
1111 5593 1349 5647 dicturus
1394 5601 1516 5645 est:
1564 5589 1633 5644 Et
1677 5596 1904 5649 ascendit

320 5696 478 5744 super
513 5681 772 5736 cherubim
807 5692 853 5736 et
888 5682 1097 5745 volarit,
1141 5684 1322 5737 volavit
1363 5699 1513 5751 super
1551 5698 1745 5750 pennas
1788 5703 1903 5739 reu-

2005 4594 2135 4647 l\'am
2170 4595 2293 4649 licet
2319 4596 2472 4651 nobis
2501 4597 2665 4650 multo
2690 4599 2941 4653 celsiores
2969 4601 3076 4654 sint
3104 4612 3395 4669 potestates
3417 4608 3578 4659 cmlo-

2007 4700 2144 4750 rum,
2167 4686 2293 4737 nulli
2319 4695 2492 4739 tamen
2516 4696 2877 4743 creaturarum
2899 4689 3076 4743 datum
3098 4700 3181 4745 est
3203 4695 3578 4762 cogitationum

2007 4784 2307 4828 nostrarum
2341 4776 2645 4844 plenissime
2676 4787 2885 4832 secreta
2925 4794 3270 4847 cognoscere.
3325 4787 3579 4853 Agnoscit

2006 4872 2181 4917 autem
2213 4868 2447 4932 perfecte
2476 4865 2526 4919 in
2559 4867 2711 4920 nobis
2739 4868 2885 4927 solus
2914 4870 3029 4938 ipse
3056 4872 3143 4939 qtti
3170 4872 3403 4939 judicat;
3458 4891 3579 4942 pru-

2008 4964 2125 5023 pter
2150 4955 2291 5024 quod
2331 4957 2526 5024 dictum
2572 4959 2815 5014 :estimo:
2866 4960 2941 5014 Tu
2983 4964 3096 5032 qui:
3143 4981 3195 5017 es
3241 4966 3330 5028 qui
3370 4965 3576 5032 judico:

2003 5063 2199 5100 servum
2228 5048 2452 5102 alienum
2479 5049 2657 5119 (Rom.
2688 5066 2796 5116 xw,
2830 5050 2883 5121 4)
2910 5051 2932 5104 ?
2976 5052 3028 5107 id
3050 5061 3153 5117 est,
3186 5056 3273 5122 qui
3302 5054 3575 5124 cogitatio-

2008 5153 2101 5191 nes
2128 5137 2242 5205 ejus
2272 5152 2374 5192 non
2407 5139 2673 5208 intelligis.
2727 5139 2854 5194 Nam
2886 5158 2983 5197 nec
3027 5158 3123 5198 nos
3170 5144 3270 5213 ipsi
3314 5146 3466 5198 nobis
3498 5145 3576 5198 sic

2009 5227 2276 5281 manifvsti
2304 5242 2423 5283 esse
2450 5244 2749 5296 possumus,
2769 5232 3213 5299 quemadmodum
3238 5234 3430 5288 divinis
3450 5248 3581 5289 con¢

2008 5319 2277 5386 specubus
2329 5333 2706 5387 apparemus:
2765 5337 2886 5375 cum
2941 5322 3008 5378 de
3064 5324 3277 5377 homine
3332 5324 3577 5391 legatur,

2010 5409 2225 5464 I’eccata
2274 5414 2388 5482 quis
2433 5411 2668 5482 intelligit
2715 5412 2883 5483 (Ptol.
2931 5429 3088 5481 xvut,
3138 5414 3273 5483 ιδῃ
3322 5415 3575 5471 ϐοηδίἀει

2009 5519 2189 5557 remus
2216 5504 2375 5559 etiam
2406 5506 2562 5558 corda
2600 5505 2664 5559 ad
2703 5506 3051 5575 cogitationes
3082 5507 3247 5574 posita
3281 5525 3293 5562 :
3334 5523 3475 5561 renes
3514 5510 3576 5561 ad

2008 5597 2167 5649 animi
2199 5599 2684 5654 constantissimum
2716 5599 2980 5669 vigorem,
3027 5603 3137 5656 sive
3180 5601 3245 5657 ad
3289 5616 3574 5673 corporeus

2009 5690 2411 5744 delectationes.
