4008 6182
500 225 554 287 Tl
1675 216 1743 270 bl.
1794 216 2070 273 AUREI."
2110 214 2505 273 CASSIODORI
3492 204 3508 213 ’
3676 213 3744 266 7'2

564 338 710 394 V'ers.
744 337 825 391 tl.
870 334 1195 406 Adjntorium
1223 348 1387 389 meum
1414 346 1443 384 α
1475 328 1719 397 Domino,
1763 331 1853 399 qui
1891 330 2058 383 salvos
2086 327 2137 388 Α
2163 342 2284 383 suas
2322 327 2614 383 ardentibus
2652 327 2838 395 effecit.
2882 328 2979 386 Hic
3015 328 3322 386 distributio
3359 328 3551 383 divina:
3582 330 3744 398 maje-

490 430 610 500 facit
647 437 807 483 rectos
846 428 1016 481 corde.
1074 424 1370 480 lncarnatio
1413 422 1503 476 illa
1546 437 1663 492 quae
1704 430 1923 492 propter
1964 434 2062 475 nos

490 529 729 589 suscepta
759 528 869 582 est,
910 517 976 573 ad
1003 530 1101 571 nos
1119 516 1361 585 'loqoitur
1388 513 1725 567 animaodos.
1778 510 1908 565 Nam
1938 509 2063 564 licet

490 612 627 665 istud
655 610 723 664 de
751 625 809 663 se
840 610 1019 662 dicere
1044 606 1406 673 videaturper
1430 604 1479 658 id
1512 603 1651 672 quod
1682 600 1954 671 subjectus
1981 608 2065 655 est

490 701 677 766 Patri,
730 714 877 767 spem
930 708 1111 753 tamen
1158 698 1210 752 in
1247 710 1304 753 se
1333 694 1675 751 credentibus
1706 692 2087 748 inaestimabili

488 792 682 861 pietate
712 791 954 860 largitur.
1005 789 1139 845 Nam
1170 804 1292 845 cum
1320 802 1423 842 una
1450 786 1744 857 eademque
1774 786 1864 840 Dei
1894 785 2064 839 homi—

486 880 671 949 nisque
697 894 920 948 persona
950 879 1049 945 sit,
1082 893 1233 933 suum
1262 877 1560 937 humanitas
1589 875 1721 931 dicit
1747 874 2063 945 adjutorium

487 972 780 1038 potentiam
807 970 991 1034 Verbi,
1024 969 1164 1038 quod
1198 970 1357 1024 rectis
1372 968 1537 1023 corde
1566 977 1621 1022 et
1643 967 1850 1023 veniam
1880 965 2063 1020 tribuit

484 1069 540 1116 et
564 1062 808 1118 salutem.
861 1059 1073 1115 Intuere
1110 1061 1271 1115 etiam
1321 1059 1461 1130 quod
1508 1060 1559 1113 in
1606 1068 1759 1129 parte
1799 1057 2061 1128 superiori

486 1150 742 1219 prapheta
766 1150 871 1221 33
893 1166 950 1205 se
973 1150 1124 1219 petiit
1147 1150 1389 1205 liberari:
1418 1150 1503 1205 hic
1531 1158 1708 1204 autem
1737 1147 2059 1218 adjutorium

482 1241 693 1296 Domini
745 1242 844 1296 sibi
895 1242 1136 1296 Christus
1186 1241 1304 1311 ipse
1351 1239 1643 1310 promittit,
1692 1239 1781 1307 qui
1828 1238 1959 1293 dicit
2006 1237 2059 1292 in

484 1333 773 1404 Evangelio
798 1349 810 1386 ε
846 1332 1031 1386 Omnia
1060 1349 1174 1401 qua:
1206 1333 1360 1386 Pater
1390 1332 1539 1389 habet
1572 1348 1681 1387 mea
1711 1341 1848 1395 sunt,
1877 1340 1922 1387 ct
1951 1346 2061 1383 mea

482 1423 660 1478 Patris
690 1436 805 1478 sunt
835 1424 1015 1495 (Jaan.
1050 1440 1158 1489 xvi,
1195 1422 1302 1493 15).
1358 1424 1446 1478 Ille
1474 1425 1614 1479 enim
1646 1422 1780 1493 petit
1806 1430 1865 1477 ut
1891 1422 2063 1478 lamu-

484 1515 567 1569 lus
592 1534 605 1567 :
639 1516 741 1569 iste
768 1516 1030 1584 promittit
1055 1515 1155 1569 sibi
1185 1523 1243 1569 ut
1271 1516 1545 1569 Dominus.

553 1606 708 1661 γεγε.
739 1605 821 1659 1'2.
860 1606 993 1660 Deus
1027 1607 1194 1677 judea:
1219 1606 1574 1676 justus,fortis
1621 1613 1667 1657 et
1708 1604 2009 1674 longanimis
2040 1620 2061 1659 :

2165 418 2318 472 statis
2357 418 2487 490 [ed.,
2516 416 2672 489 legis]
2702 421 3034 475 ostenditur:
3058 422 3176 489 quia
3209 437 3302 490 per
3329 434 3531 483 arcum,
3567 418 3618 473 id
3641 430 3741 483 est,

2165 520 2261 576 per
2294 506 2454 562 Vetus
2484 516 2537 563 et
2566 508 2767 562 Novum
2796 508 3221 571 Tesmmentum,
3254 510 3391 562 sicut
3412 508 3520 577 jam
3548 508 3745 561 dictum

2166 607 2277 665 est,
2312 608 2367 653 et
2402 598 2624 653 eﬁ‘ectus
2663 598 2850 654 mortis
2876 599 3053 665 venit,
3086 609 3140 654 et
3178 599 3384 667 sagittis
3427 596 3594 668 ipsius
3642 599 3745 653 vita

2167 696 2467 756 prteatatur.
2503 687 2743 759 Egressa:
2780 698 2903 744 sunt
2928 699 3103 753 autem
3131 690 3197 744 de
3219 690 3320 743 isto
3345 704 3470 743 arcu
3494 698 3741 759 tanquam

2163 781 2381 850 εαςὶιιω,
2416 780 2466 834 id
2496 791 2599 848 est,
2630 782 2878 851 apostoli,
2901 783 2988 851 qui
3021 780 3352 846 ardentibus,
3385 780 3486 835 hoc
3516 790 3618 845 est,
3650 780 3744 834 de-

2166 871 2524 927 siderantibus
2548 874 2773 939 animis,
2808 875 2860 927 in
2893 873 3106 927 modum
3135 874 3445 943 sagittarum
3479 884 3743 941 prmcepta

2165 961 2415 1015 salutaria
2448 964 2888 1028 transmiserunt,
2920 963 3060 1018 unde
3088 972 3142 1029 et
3173 964 3316 1041 impii
3358 964 3739 1029 sauciareutur,

2165 1059 2218 1106 et
2244 1050 2487 1113 ﬁdelibus
2519 1053 2705 1108 elﬁcax
2736 1068 2861 1118 cura
2897 1055 3218 1126 proveniret.
3257 1052 3438 1127 Eﬂ'ecit
3465 1064 3641 1107 autem
3672 1055 3743 1106 si-

2162 1140 2380 1211 gniﬁcat
2416 1152 2670 1210 operatus
2702 1152 2816 1208 est;
2854 1142 2994 1213 quod
3028 1144 3243 1197 verbum
3286 1142 3443 1197 Pater
3482 1144 3741 1213 llieroiiy-

2163 1246 2282 1289 mus
2311 1232 2472 1299 etiam
2502 1233 2553 1287 in
2586 1236 2903 1291 auctoritate
2931 1234 3231 1289 seminavit.

2236 1325 2387 1391 Vers.
2424 1324 2508 1383 15.
2536 1324 2667 1379 Ecce
2688 1325 2928 1395 parturiit
2957 1324 3258 1396 injustitiam
3282 1367 3295 1389 ,
3336 1323 3563 1392 concep’t
3598 1323 3743 1377 dolo-

2161 1430 2304 1477 rem,
2366 1422 2413 1471 et
2462 1416 2653 1484 peperit
2699 1415 3038 1484 iniquitatem.
3086 1412 3365 1467 Subtiliter
3413 1414 3741 1482 inquirantus

2161 1506 2326 1561 verba
2349 1522 2466 1576 qua:
2497 1506 2636 1562 dicta
2661 1514 2805 1561 sunt.
2833 1506 3115 1561 Parturivit
3144 1492 3447 1578 injustitiam
3470 1506 3621 1575 plt-bs
3649 1506 3740 1561 Ju-

2163 1597 2352 1665 daica,
2405 1615 2525 1653 cum
2570 1598 2775 1652 videret
2818 1597 3100 1651 Dominum
3152 1607 3247 1667 pro
3289 1580 3481 1650 salute
3508 1595 3739 1655 humana

482 1699 717 1769 nunquid
746 1700 992 1752 irascetur
1018 1715 1107 1769 per
1148 1698 1375 1770 singulos
1420 1699 1570 1751 dies?
1597 1697 1820 1752 Ventum
1869 1706 1953 1753 est
1996 1695 2060 1753 ad
2092 1700 2139 1762 Β
2168 1690 2419 1745 miracula
2450 1689 2756 1758 facientem,
2782 1698 2836 1743 et
2855 1689 2921 1744 de
2948 1688 3066 1759 ejus
3087 1690 3260 1759 potius
3283 1687 3444 1743 exitio
3468 1689 3738 1769 cogitavit.

481 1799 724 1860 quartam
757 1789 1103 1845 nihilominus
1151 1788 1441 1846 sectionem
1469 1832 1483 1854 ,
1544 1789 1594 1843 in
1648 1805 1750 1858 qua
1800 1788 2055 1858 propheta

479 1895 547 1934 ex
581 1894 678 1934 sua
724 1894 948 1949 persona
987 1879 1195 1934 laudem
1246 1882 1535 1935 concinens
1583 1879 1765 1946 Patri,
1798 1890 1849 1934 et
1891 1880 2055 1935 velte-

470 1983 689 2029 .menter
732 1973 951 2029 Judaeos
998 1972 1257 2029 terriﬁcat
1305 1973 1619 2040 obstinatos,
1667 1981 1722 2028 et
1767 1987 1916 2042 spem
1956 1974 2054 2039 eis,

480 2066 571 2133 qui
599 2065 665 2119 ad
696 2080 815 2119 eum
845 2065 1023 2120 redire
1058 2066 1293 2134 cupiunt,
1330 2064 1623 2134 pollicetur.
1654 2062 1835 2118 Justus
1866 2064 2058 2119 dicitur

476 2155 642 2219 Deus,
657 2157 779 2225 quia
799 2156 1279 2223 tribuitunicuique
1296 2154 1347 2209 in
1366 2156 1470 2209 ﬁne
1487 2155 1624 2223 quod
1648 2156 1891 2226 gesserit.
1920 2154 2056 2208 Fori-

480 2250 567 2313 tis,
592 2252 713 2318 quia
728 2249 908 2304 nullus
927 2258 1098 2320 potest
1121 2248 1369 2304 resistere
1397 2247 1652 2302 voluntati
1682 2247 1817 2318 ejus.
1851 2247 2057 2317 Longa-

481 2342 664 2406 nimis,
695 2352 751 2395 ut
786 2341 1048 2411 hodieque
1076 2341 1139 2395 ad
1164 2341 1532 2411 paenitentiam
1567 2348 1844 2406 exspectet
1866 2380 1881 2401 ,
1922 2356 2056 2409 quos

482 2430 708 2498 perdere
754 2447 850 2501 pro
908 2433 1170 2487 scelirum
1216 2446 1434 2486 suorum
1469 2432 1724 2500 qualitate
1774 2431 2052 2499 potuisset.

472 2521 735 2592 Nunquid
769 2524 1060 2576 irascetur?
1084 2522 1193 2577 Sub
1216 2523 1571 2577 admiratione
1602 2523 2050 2592 pronuntiandum

479 2624 563 2669 est
588 2654 605 2679 ,
637 2612 757 2684 quia
795 2613 1071 2684 itnputatio
1116 2614 1214 2669 ista
1266 2614 1507 2683 negativa
1549 2622 1648 2668 est.
1685 2614 1844 2669 irasci
1874 2625 2051 2670 autem

464 2720 631 2761 .more
655 2705 894 2775 judicum
936 2706 1159 2770 dicitur,
1193 2705 1279 2775 qui
1319 2706 1530 2771 quando
1560 2706 1832 2760 vindicare
1862 2707 2050 2763 delicta

477 2798 698 2865 cupiunt
747 2798 799 2850 in
846 2798 1163 2851 sententiam
1210 2810 1397 2851 severa
1438 2795 1797 2865 indignatione
1821 2811 2052 2853 consur-

462 2899 626 2958 gunt.
653 2888 757 2943 Sed
786 2888 920 2943 istud
951 2889 1002 2941 in
1026 2888 1322 2942 Divinitate
1355 2903 1457 2941 non
1496 2887 1779 2953 convenit,
1812 2888 1931 2955 quia
1962 2889 2052 2943 ubi

464 2990 560 3035 .est
585 2979 788 3035 fervida
825 2978 1054 3034 vindicta
1074 3020 1087 3043 ,
1108 2994 1225 3033 non
1255 2987 1337 3033 est
1375 2987 1663 3046 temperata
1689 2977 1915 3047 justitia.
1946 2976 2051 3033 Per

2163 1777 2403 1849 Concepit
2433 1781 2659 1834 dolorem
2684 1818 2700 1846 ,
2731 1779 2944 1848 quando
2988 1793 3082 1833 eos
3111 1777 3335 1833 diversis
3364 1778 3631 1847 parabolis
3659 1778 3740 1833 in-

2161 1869 2453 1936 crepabat,
2505 1877 2565 1922 ut
2615 1883 2644 1921 a
2695 1882 2793 1923 sua
2841 1867 2975 1925 illos,
3006 1870 3353 1938 perversitate
3380 1877 3735 1934 converteret.

2162 1957 2370 2029 Peperit
2397 1959 2736 2029 iniquitatem,
2765 1957 2976 2027 quando
3000 1959 3133 2013 dixit
3163 1978 3174 2011 :
3200 1959 3472 2030 Cruci/ige,
3500 1961 3740 2031 cruci/iga

2162 2048 2309 2117 (Luc.
2356 2048 2645 2117 xxttt,2l).
2692 2048 2759 2103 Et
2784 2049 2974 2103 merito
3018 2049 3230 2119 posuit,
3282 2052 3503 2119 peperit,
3548 2048 3602 2102 id
3634 2038 3734 2113 est,

2160 2144 2309 2211 quast
2346 2140 2483 2194 ﬁlios
2522 2139 2875 2210 nequissimos
2916 2139 3100 2195 edidit.
3142 2140 3328 2195 Omnis
3368 2140 3507 2194 enim
3536 2139 3735 2195 fructos

2159 2232 2349 2288 similis
2384 2232 2639 2302 probatur
2672 2233 2897 2298 auctori,
2929 2233 3068 2287 sicut
3096 2233 3221 2288 alibi
3249 2232 3450 2287 dictum
3481 2242 3562 2287 est
3595 2248 3610 2283 :
3654 2231 3737 2299 Eg;

2159 2324 2408 2395 fructibus
2438 2339 2612 2377 eorum
2643 2323 2954 2392 cognoscetis
2984 2338 3067 2377 eos
3092 2321 3313 2391 (Matth.
3344 2338 3445 2389 vtt,
3472 2320 3598 2389 20).
3628 2322 3733 2377 Sed

2160 2433 2277 2471 cum
2308 2417 2453 2485 prius
2480 2415 2549 2471 sit
2576 2418 2857 2485 concipere
2879 2459 2893 2483 ,
2919 2425 2972 2472 et
2997 2429 3177 2488 postea
3207 2420 3470 2488 parturire
3499 2460 3514 2485 ,
3543 2418 3735 2473 merito

2157 2507 2410 2562 anteriori
2439 2508 2558 2572 loco
2587 2508 2852 2577 parturire
2893 2510 3102 2576 posuit,
3136 2518 3193 2563 ut
3230 2510 3329 2563 ista
3366 2511 3594 2579 nequitia
3625 2525 3730 2565 non

2156 2614 2221 2651 ex
2248 2600 2426 2654 alieno
2451 2598 2593 2655 malo
2613 2608 2891 2673 concepta,
2916 2598 3008 2654 sed
3042 2600 3205 2665 fuisse
3232 2602 3443 2677 propria
3468 2610 3731 2673 monstra-

2157 2697 2321 2745 retur.

2230 2791 2382 2846 \‘ers.
2415 2789 2499 2846 16.
2518 2791 2721 2847 Lacum
2743 2795 2941 2857 aperuit
2966 2800 3014 2847 et
3040 2791 3215 2859 eﬂ'odit
3243 2810 3375 2866 eum,
3402 2804 3450 2865 et
3477 2796 3653 2865 incidit
3680 2798 3729 2865 in

2154 2885 2350 2953 foveam
2369 2901 2522 2955 quam
2547 2886 2687 2956 fecit.
2714 2885 2883 2940 Lacus
2924 2885 3117 2941 dicitur
3156 2885 3311 2957 cujus
3354 2887 3545 2954 lundus
3584 2888 3729 2952 latet,

2156 2976 2279 3029 dum
2317 2977 2368 3030 in
2410 2991 2568 3031 unam
2609 2976 2816 3032 foveam
2871 2976 3229 3032 circumdatus
3274 2976 3577 3032 includitur.
3636 2978 3730 3043 llic

462 3072 703 3142 ungulas
724 3073 864 3137 dies;
893 3072 944 3126 id
975 3082 1086 3135 est,
1121 3072 1325 3126 cunctis
1354 3072 1670 3135 momentis,
1704 3071 2046 3139 quemadmo-
2077 3074 2122 3133 C
2158 3070 2314 3138 plano
2369 3080 2517 3139 tergo
2568 3070 2885 3124 intuentium
2942 3069 3114 3125 oculis
3161 3069 3290 3123 falsa
3350 3069 3732 3139 tranquillitate

472 3161 599 3215 dum
626 3173 679 3216 et
719 3171 993 3230 peccatum
1024 3175 1183 3216 omne
1217 3160 1586 3215 committitur.
1619 3161 1751 3214 Nam
1791 3161 1877 3216 ubi
1908 3171 2053 3217 esset

470 3249 701 3318 gloriosa
750 3250 1036 3319 patientia,
1083 3250 1126 3304 si
1177 3264 1333 3320 poena
1381 3266 1503 3305 mox
1536 3262 1848 3321 sequeretur
1876 3253 2048 3311 otl'en-

460 3339 623 3395 sam?

546 3433 694 3487 Vers.
723 3434 806 3488 i5.
828 3433 1354 3503 Nisiconvertamini,
1384 3436 1613 3503 gladium
1640 3453 1788 3490 suum
1801 3436 2010 3491 uibrabit
2026 3452 2048 3493 :

458 3540 641 3577 arcum
684 3541 835 3577 suum
882 3526 1091 3579 tetendit
1138 3534 1185 3579 et
1234 3527 1434 3593 parauit
1473 3528 1642 3582 illum.
1694 3530 2047 3585 Contumaces

426 3632 439 3641 '
470 3624 634 3669 terret
660 3614 873 3669 Jodzeos
894 3616 1007 3684 qui,
1054 3616 1260 3671 Domini
1294 3617 1409 3687 lege
1431 3628 1755 3687 contempta,
1782 3620 2045 3676 idolorum

466 3707 694 3761 culturis
743 3706 1141 3763 nefandissimis
1171 3710 1505 3766 serviebant.
1551 3711 1685 3781 Ipsis
1729 3714 1871 3768 enim
1915 3715 2047 3770 diei-

463 3808 553 3853 tur
582 3818 594 3852 :
628 3799 747 3854 Nisi
774 3802 1153 3867 convertamini,
1176 3803 1405 3872 gladium
1425 3820 1573 3859 suum
1594 3806 1840 3871 uibrabit;
1864 3806 1915 3861 id
1939 3815 2043 3875 est,

465 3892 682 3947 unicum
712 3892 901 3947 Filium
930 3907 1085 3946 suum
1124 3894 1224 3948 sub
1264 3894 1474 3948 lucente
1510 3895 1756 3954 claritate
1784 3898 2047 3954 missurus

462 3994 571 4040 est.
614 3984 978 4039 Vibrareenim
1007 3985 1135 4038 illud
1166 3985 1425 4049 dicimus,
1456 3986 1595 4055 quod
1632 3987 1787 4042 modo
1826 3989 2003 4044 lumen
2027 4030 2043 4055 ,

462 4077 625 4133 modo
653 4077 868 4131 umbras
896 4077 1150 4132 tremulas
1177 4077 1426 4144 probatur
1448 4078 1752 4132 ostendere.
1780 4079 1889 4133 lloc
1916 4094 2045 4134 con-

466 4179 572 4224 stat
610 4168 973 4223 incarnatione
997 4167 1195 4223 Christi
1226 4170 1429 4223 Domini
1456 4169 1763 4237 provenisse
1794 4172 2044 4239 :quando

466 4257 683 4329 perﬁdis
711 4261 976 4324 tenebras,
1005 4259 1250 4313 ﬁdelibus
1275 4270 1450 4315 autem
1477 4261 1652 4315 lumen
1683 4276 1795 4315 suae
1822 4261 2043 4319 Deitatis

464 4350 721 4405 ostendit.
771 4350 1013 4405 Gladium
1062 4366 1187 4405 vero
1226 4352 1447 4405 verbum
1498 4361 1553 4407 et
1577 4352 1862 4422 Apostolus
1888 4354 2037 4419 dicit,

2156 3160 2424 3215 blanditur
2454 3178 2467 3216 ε
2500 3162 2593 3215 sed
2631 3173 2886 3231 quantum
2927 3163 2995 3216 sit
3032 3164 3323 3229 profundus
3362 3162 3727 3221 absconditur.

2152 3250 2293 3310 Talis
2323 3268 2451 3323 ergo
2490 3262 2543 3307 ct
2581 3252 2684 3309 iste
2725 3253 2821 3307 fuit
2851 3254 2996 3308 lacus
3034 3253 3356 3324 iniquitatis,
3389 3268 3546 3323 quem
3578 3253 3729 3324 ludas

2150 3344 2383 3416 pravitas
2404 3346 2677 3409 excavavit
2704 3364 2716 3399 :
2749 3348 2969 3415 aperuit,
3000 3346 3123 3416 quia
3152 3347 3351 3416 primus
3382 3349 3624 3416 nequiter
3647 3347 3727 3407 in,-

2149 3436 2364 3492 cltoavit
2389 3454 2403 3490 :
2437 3436 2646 3510 effodit,
2672 3438 2796 3493 dum
2826 3454 2946 3497 eum
2978 3439 3028 3493 in
3057 3455 3151 3493 sua
3181 3438 3519 3495 damnatione
3552 3437 3727 3508 perle-

2147 3528 2261 3583 cit:
2291 3529 2470 3585 incidit
2499 3530 2549 3582 in
2580 3532 2772 3595 faveam
2798 3546 2947 3599 quam
2988 3530 3142 3599 fecit,
3191 3531 3243 3584 in
3288 3531 3475 3584 mortis
3520 3530 3729 3595 scilicet

2148 3620 2343 3678 lacum.
2375 3622 2524 3689 Quod
2558 3623 2774 3677 verbum
2810 3630 2863 3675 et
2899 3622 2963 3683 ad
2998 3623 3167 3685 laeum
3217 3631 3272 3676 et
3320 3622 3385 3675 ad
3424 3626 3724 3689 sepulctum

2150 3722 2323 3781 potest
2351 3715 2626 3783 aptissime
2652 3716 2956 3782 convenire,
2984 3713 3123 3770 sicut
3145 3714 3394 3769 Salomon
3424 3714 3555 3767 dicit
3581 3733 3595 3766 :
3624 3716 3726 3783 Qui

2146 3816 2292 3875 parat
2309 3806 2507 3875 [auram
2527 3806 2695 3873 alteri,
2711 3806 2820 3876 ipse
2841 3806 2889 3857 in
2911 3821 3021 3864 eam
3042 3806 3227 3860 incidet
3244 3804 3424 3876 (Prov.
3440 3821 3588 3873 xx",
3606 3807 3721 3885 27).

2148 3899 2188 3949 Λ
2218 3910 2276 3955 se
2304 3897 2693 3965 eniminchoat
2724 3905 2978 3951 tractatus
3007 3896 3205 3962 malos;
3229 3906 3288 3955 .et
3316 3906 3593 3969 antequam
3623 3900 3721 3963 la:-

2147 3987 2236 4042 dat
2256 3988 2482 4042 alterum
2500 4031 2514 4055 ,
2550 3988 2650 4045 sibi
2681 3990 2830 4058 prius
2852 3998 3105 4058 operatur
3127 3988 3367 4043 exitium.

2220 4091 2373 4144 Vcrs.
2400 4092 2484 4143 l7.
2513 4088 2835 4143 Convertetur
2856 4089 3003 4143 dolor
3031 4092 3144 4162 ejus
3174 4091 3223 4143 in
3248 4099 3399 4160 caput
3425 4089 3549 4161 [ηις.
3578 4090 3641 4146 G.
3672 4102 3725 4147 et

2144 4186 2255 4247 cd.,
2279 4187 2329 4237 in
2360 4181 2545 4253 capite]
2573 4184 2683 4252 ejus
2713 4197 2733 4237 :
2758 4191 2804 4236 et
2835 4184 2885 4235 in
2914 4184 3143 4235 uerticem
3188 4183 3569 4253 ejustiniquitcs
3613 4186 3728 4253 eius

2145 4278 2426 4331 descendet.
2454 4276 2547 4328 llic
2574 4282 2726 4345 caput
2756 4284 2990 4327 nostram
3022 4273 3252 4326 animam
3292 4272 3547 4327 debemus
3587 4276 3728 4328 acci-

2149 4382 2295 4435 pere,
2323 4382 2425 4433 qoa
2455 4375 2601 4431 parte
2622 4380 2804 4419 sumus
2828 4365 2944 4418 sine
2964 4361 3127 4416 dubio
3145 4363 3423 4420 celsiores.
3455 4364 3585 4419 lluic
3606 4364 3731 4419 sub-

464 4457 585 4497 cum
610 4444 731 4495 ait:
765 4441 830 4494 Et
868 4442 1096 4512 gladium
1142 4442 1353 4508 spiritus
1382 4445 1518 4514 quod
1560 4454 1633 4496 est
1686 4443 1906 4497 Verbum
1949 4445 2045 4499 Dei

2157 4459 2287 4527 iccta
2342 4470 2467 4513 sunt
2518 4466 2764 4528 peccata,
2818 4456 3028 4526 quando
3076 4456 3417 4513 relrenantur
3472 4456 3723 4510 obnoxia.

466 4534 683 4601 (Ep/tes.
714 4549 785 4596 vr,
820 4534 931 4602 Π).
984 4536 1169 4587 Arcum
1220 4535 1397 4603 itaque
1443 4536 1759 4605 scripturam
1805 4537 1934 4592 Novi
1988 4547 2042 4594 et

468 4626 678 4681 Veteris
707 4626 1031 4680 Testamenti
1061 4636 1415 4695 congruenter
1443 4630 1755 4696 accipimus,
1788 4631 1875 4699 qui
1902 4630 2040 4684 duo-

463 4720 564 4775 bus
598 4721 1258 4790 quodammodo‘cnrvatis
1297 4722 1520 4778 ﬂexibus
1549 4724 1861 4780 devotorum
1899 4726 2039 4780 colla

463 4810 855 4879 complectitur.
886 4810 981 4864 Hic
1010 4811 1254 4866 ﬁdelibus
1291 4828 1453 4868 suave
1475 4814 1659 4883 jugum
1689 4816 1988 4871 ostenditur
2022 4835 2034 4870 :

461 4903 864 4955 contumacibus
890 4912 1067 4956 autem
1098 4918 1244 4956 arma
1271 4904 1523 4957 terribilia
1550 4905 1906 4960 declarantur.
1942 4907 2037 4961 Te-

465 4993 622 5045 tendit
650 4992 913 5061 adjectum
944 5003 1024 5047 est
1058 5011 1069 5045 :
1106 5008 1173 5048 ne
1203 4993 1318 5061 ejus
1351 4995 1599 5062 patientia
1633 4996 1855 5049 remissa
1888 5008 2038 5064 puta-

463 5093 631 5138 retur.
664 5086 742 5137 Ad
782 5094 1107 5152 po~tiemum
1144 5086 1319 5153 posuit
1354 5102 1368 5138 :
1401 5088 1596 5155 parauit
1625 5087 1799 5151 illum,
1832 5100 1886 5140 ut
1921 5104 2036 5143 tuos

461 5177 577 5244 ipse
643 5177 999 5245 sagittantium
1047 5176 1352 5244 plenissime
1402 5178 1667 5232 videretur
1715 5194 2034 5249 expressus,

461 5268 550 5336 qui
580 5278 853 5335 postquam
886 5267 1209 5322 tetenderint
1235 5283 1415 5321 arcum
1446 5278 1630 5323 contra
1661 5271 1889 5339 signum.
1922 5288 2039 5325 ma-

462 5373 587 5411 num
618 5357 884 5411 collocant
912 5359 962 5410 in
988 5356 1272 5426 sagttandi
1302 5373 1464 5427 opere
1484 5358 1699 5413 brachia
1732 5376 2039 5430 praeparan-

463 5459 561 5502 tes.
587 5450 689 5503 Sed
720 5450 1011 5516 videamus,
1043 5466 1200 5505 arcus
1231 5452 1329 5506 iste
1361 5466 1687 5523 prmparatus
1715 5472 1845 5527 quas
1874 5459 2038 5529 Sagit-

463 5553 543 5593 tas
566 5542 821 5596 emiserit.

540 5632 688 5686 \‘ers.
726 5631 806 5691 H.
842 5631 908 5687 Et
938 5635 990 5688 in
1032 5634 1142 5701 ipso
1180 5638 1373 5706 pararit
1421 5655 1537 5693 rasa
1579 5642 1755 5695 mortis
1783 5658 1803 5695 :
1831 5642 2039 5714 sagittas

2144 4551 2295 4618 Quod
2324 4554 2367 4603 si
2400 4550 2608 4604 delictis
2647 4547 2918 4618 contingat
2955 4547 3185 4602 animam
3215 4547 3353 4606 vinei
3375 4589 3390 4612 ,
3420 4562 3576 4615 supra
3603 4562 3724 4601 eam

2144 4658 2364 4698 necesse
2410 4652 2491 4697 est
2540 4643 2999 4710 emitteant,.qu:e
3048 4640 3383 4695 multitudine
3448 4638 3728 4709 pravitatis

2143 4736 2432 4791 exundant.
2472 4735 2653 4789 Verte:
2679 4749 2888 4804 quoque
2912 4734 3084 4788 dii-tus
3110 4741 3192 4787 est
3213 4777 3225 4800 ,
3256 4731 3395 4801 quod
3422 4732 3607 4786 dextra
3632 4730 3726 4783 lat-

2142 4843 2315 4898 vaque
2340 4834 2509 4882 vertat
2539 4826 2781 4895 capillos,
2814 4825 2903 4895 qui
2930 4824 3194 4895 signiﬁcat
3223 4824 3409 4894 capitis
3438 4822 3724 4876 summita-

2144 4925 2273 4972 tem.
2306 4917 2473 4982 Quam
2505 4915 2764 4969 rationem
2792 4928 2913 4968 esse
2942 4928 3047 4968 non
3083 4912 3352 4968 immerito
3376 4912 3667 4966 dixerimus
3704 4952 3720 4974 ,

2145 5008 2265 5078 quia
2307 5005 2738 5074 contemplativa:
2784 5006 2978 5058 anima;
3025 5005 3235 5058 culmen
3279 5004 3549 5058 excelsum
3605 5009 3728 5065 est;

2144 5099 2286 5153 unde
2312 5098 2470 5152 etiam
2503 5096 2718 5167 gloriosi
2756 5096 3030 5150 Creatoris
3059 5106 3231 5162 portat
3262 5096 3564 5163 imaginem.
3599 5098 3729 5156 Hmc

2145 5191 2189 5245 si
2224 5190 2456 5258 peccatis
2486 5188 2836 5244 obruentibus
2866 5187 3178 5252 inclinetur,
3209 5203 3430 5244 necesse
3457 5200 3538 5245 est
3584 5198 3641 5245 ut
3673 5192 3729 5247 in

2149 5280 2429 5344 verticem,
2472 5279 2522 5334 id
2566 5289 2668 5344 est,
2716 5293 2876 5348 supra
2922 5279 3181 5332 rationem
3229 5278 3539 5345 descendat,
3582 5284 3731 5350 quod

2147 5379 2432 5441 augmento
2462 5368 2755 5439 iniquitatis
2780 5368 3034 5423 excrevit.
3063 5368 3192 5423 Nam
3222 5382 3274 5424 et
3304 5371 3475 5437 ipsum
3505 5373 3731 5429 verbum

2146 5460 2193 5514 si
2223 5460 2641 5523 consideremus,
2670 5475 2827 5528 quant
2859 5476 3170 5529 magnorum
3202 5473 3527 5517 secretorum
3558 5464 3696 5535 signi
3716 5497 3732 5507 -

2150 5552 2315 5606 ﬁcans
2341 5550 2636 5607 invenitur!
2665 5551 2900 5607 Primum
2928 5562 3009 5608 cst
3045 5557 3163 5621 quia
3195 5554 3475 5627 iniquitas,
3506 5558 3633 5614 dum
3661 5576 3734 5616 ex

2148 5642 2255 5698 alto
2280 5643 2607 5714 prtccipitata
2638 5643 2941 5713 descendtt,
2972 5645 3230 5702 violenter
3252 5649 3501 5718 percutit.
3528 5650 3734 5707 Deinde
