4008 6182
391 265 458 316 723
1594 254 1660 305 ll.
1718 249 1989 305 AL‘REHI
2035 247 2434 303 CASSIUDORI
3583 242 3646 295 76

393 381 490 431 boe
529 373 681 430 nobis
725 385 884 442 super
927 369 1102 423 omnia
1149 366 1489 435 cognoscitur
1531 379 1650 418 esse
1680 364 1930 418 collatum
1954 405 1966 428 ,
2003 369 2050 425 Α
2078 372 2133 415 ut
2171 363 2331 416 libros
2359 362 2564 416 divinos
2588 360 2962 428 ccc-peratione
3002 369 3198 411 sancta:
3223 357 3424 412 Trinita
3453 356 3495 409 is
3528 372 3652 421 per-

391 469 530 540 quod
563 469 699 523 Deus
727 465 974 536 dignatus
1001 470 1084 516 est
1134 460 1294 513 homo
1345 459 1489 521 lieri,
1533 469 1584 512 ct
1631 474 1842 512 crucem
1879 471 1972 526 pro
2036 468 2043 478 '
2078 453 2242 507 lectos
2271 455 2545 509 evidenter
2586 451 2920 514 ostenderet;
2979 451 3118 506 sicut
3167 460 3223 503 et
3259 448 3384 502 alibi
3417 449 3648 516 legitur:

392 561 629 613 onmi‘um
658 558 827 610 salute
844 552 1113 609 sustinuit.
1143 551 1245 606 Ista
1269 563 1397 621 ergo
1418 550 1794 620 magniﬁcentia
1823 566 1975 622 super

393 655 542 708 caelos
572 663 863 717 omnesque
893 654 1162 700 creaturas
1203 644 1392 697 elevata
1417 652 1488 695 rst
1516 657 1533 694 :
1563 642 1772 712 quando
1796 640 1976 695 Domi-

397 757 495 800 nus
524 743 765 798 Christus
791 751 1074 806 resurgens
1100 751 1128 789 a
1161 735 1402 795 mortuis,
1431 733 1580 787 sedet
1610 731 1673 785 ad
1701 733 1974 787 dexteram

397 836 569 891 Paris
591 875 607 899 ,
637 834 775 888 sicut
811 839 860 884 et
904 829 1038 883 alius
1076 827 1308 895 psalmus
1339 827 1466 880 dicit
1506 839 1521 880 :
1556 823 1799 878 Emltare
1827 839 1979 895 super

398 926 548 980 calas
571 965 584 990 ,
623 922 757 976 Deus
775 964 787 984 ,
816 931 864 974 et
893 934 1042 986 super
1065 932 1261 970 onmem
1292 925 1478 967 terram
1501 914 1665 986 gloria
1696 923 1784 966 tua
1806 913 1976 986 (Psal.

397 1033 526 1085 cur,
555 1016 633 1085 ti).
746 1024 748 1027 '

468 1108 622 1160 Vers.
665 1105 716 1159 3.
756 1101 834 1156 Ea:
863 1117 949 1156 ore
975 1100 1253 1171 infantium
1305 1109 1348 1152 et
1389 1097 1681 1150 lactentinm
1725 1097 1982 1167 perferisti

403 1199 625 1253 tardem.
670 1195 795 1249 llmc
839 1193 1118 1262 praphetia
1160 1189 1211 1243 in
1257 1189 1580 1257 Evangelio,
1626 1204 1719 1240 ore
1771 1187 1978 1243 Domini

405 1292 626 1341 docetur
661 1286 930 1352 esposita;
971 1297 1088 1335 cum
1138 1296 1165 1333 a
1213 1280 1409 1333 Juda'is
1461 1278 1866 1346 prohiberentur
1906 1278 1985 1331 in-

411 1381 585 1433 fantes
646 1391 711 1430 ne
756 1375 936 1427 laudes
975 1371 1182 1426 Domii
1234 1379 1616 1440 personarent,
1679 1369 1983 1436 potantibus

404 1469 603 1540 aliquid
657 1466 931 1535 pueriliter
966 1463 1079 1519 ﬁeri
1101 1509 1114 1532 ,
1157 1463 1297 1533 quod
1328 1478 1357 1516 a
1391 1463 1477 1518 tali
1521 1473 1675 1517 a-tate
1708 1463 1987 1516 videbatur

403 1561 628 1616 assumi.
658 1559 806 1612 Tune
831 1558 914 1610 ille
946 1557 1217 1625 respondit
1247 1574 1260 1608 :
1287 1555 1426 1610 Num
1463 1556 1679 1625 legistis,
1711 1571 1772 1608 ex
1798 1572 1884 1608 ore
1908 1562 1986 1608 in-

407 1657 620 1723 fantium
639 1661 682 1704 et
699 1649 991 1704 laetcntittm
1008 1648 1260 1717 perfeciin
1281 1646 1486 1698 laudent
1503 1645 1711 1716 (Matth.
1733 1662 1837 1711 ut,
1861 1645 1989 1713 ιδῃ

2076 547 2327 616 Appendit
2353 547 2510 601 tribus
2530 544 2703 614 digitis
2726 545 2906 596 molem
2922 539 3236 612 terersai.
3258 555 3340 604 η,
3361 539 3470 607 12).
3496 539 3652 604 Quod

2077 635 2235 689 simili
2266 645 2608 691 sacramento
2635 632 2997 702 recipiendum
3021 641 3122 685 est.
3156 627 3362 700 Digitus
3389 627 3531 682 enim
3563 627 3656 682 Dei

2078 723 2270 779 dicitur
2296 726 2490 779 divinae
2512 722 2838 792 operationis
2869 721 3108 784 ell'ectus,
3135 720 3274 788 quod
3307 727 3481 787 potest
3511 719 3655 774 Patri

2080 825 2134 868 et
2159 815 2312 880 Filio,
2348 825 2402 870 et
2446 813 2665 882 Spiritui
2709 801 2916 875 sancto,
2949 810 2999 865 id
3029 821 3112 865 est
3141 809 3226 862 uni
3252 807 3364 863 Deo
3385 809 3658 876 aptissime

2081 906 2389 960 convenire.
2422 904 2676 973 Sequitur
2708 921 2720 956 :
2757 903 2956 956 Lunam
2983 914 3029 955 et
3065 902 3238 956 stellas
3277 918 3403 970 quas
3443 915 3495 956 tu
3533 901 3658 972 fun-

2082 996 2238 1048 dasti.
2273 996 2571 1067 Argtnenta
2615 1005 2667 1050 et
2699 993 3102 1048 imminutiones
3130 1007 3275 1057 suas,
3308 1007 3441 1062 quas
3465 993 3660 1061 patitur

2085 1084 2231 1149 luna,
2266 1101 2324 1139 se
2366 1088 2597 1139 visuram
2650 1086 2777 1140 dicit
2823 1083 3060 1139 Ecclesia
3091 1101 3104 1136 :
3141 1094 3195 1137 ut
3242 1085 3404 1138 modo
3453 1096 3661 1139 crescat

2086 1175 2186 1230 ﬁde
2219 1176 2531 1242 multorum,
2557 1177 2715 1230 modo
2747 1186 3038 1246 martyrum
3071 1175 3175 1230 line
3199 1176 3463 1245 aliquibus
3486 1177 3661 1231 immi-

2089 1276 2213 1320 nuta
2245 1265 2507 1320 videatur.
2554 1266 2683 1334 Quae
2714 1267 3087 1320 similitudines
3137 1275 3356 1336 propter
3383 1268 3662 1335 opiniones

2091 1357 2362 1411 hominum
2407 1357 2714 1426 frequenter
2745 1359 2936 1412 dal’lllll‘
2977 1358 3247 1412 Ecclesiae.
3278 1355 3541 1414 Ceterum
3575 1359 3662 1414 illa

2089 1447 2462 1502 aﬂlictionibus
2489 1449 2716 1513 crescit,
2758 1459 2809 1502 et
2833 1447 3239 1502 contritionibus
3267 1463 3481 1516 semper
3504 1465 3664 1518 auge-

2090 1550 2195 1594 tur.
2254 1539 2401 1594 Luna
2455 1540 2596 1594 enim
2647 1540 2826 1595 multis
2869 1541 3027 1595 rebus
3067 1555 3094 1592 a
3145 1554 3202 1594 se
3244 1540 3667 1608 discrepantibus

2091 1642 2431 1700 comparatur
2461 1648 2474 1683 :
2500 1630 2658 1684 modo
2684 1633 2826 1710 omni
2853 1631 3126 1693 Ecclesir,
3160 1639 3218 1684 ut
3239 1641 3322 1686 est
3353 1631 3483 1684 illud
3512 1649 3522 1683 :
3555 1631 3654 1684 Do-

411 1721 513 1796 Sel
553 1756 619 1794 ne
659 1739 777 1793 illos
811 1739 1067 1790 lactentes
1099 1737 1362 1806 intelligas
1385 1780 1398 1800 ,
1434 1737 1524 1806 qui
1550 1736 1719 1790 adhuc
1749 1747 1986 1789 "interno

2098 1740 2182 1776 nec
2227 1721 2504 1777 extollatur
2531 1723 2654 1776 luna
2700 1722 2878 1794 (Psal.
2932 1739 3074 1788 uxr,
3109 1722 3194 1795 7);
3237 1722 3395 1778 modo
3427 1722 3667 1778 membro

409 1835 573 1887 ubere
609 1832 914 1884 nutriuntur
934 1872 949 1897 ,
983 1839 1037 1882 ut
1068 1829 1249 1883 laudes
1291 1830 1495 1883 Domini
1526 1830 1745 1884 minime
1773 1837 1991 1883 cantare

413 1933 737 1993 ροιιιιςερηῑ,
784 1923 942 1979 ctiam
979 1931 1260 1991 provectos
1297 1931 1454 1977 aetate
1498 1932 1680 1976 monet
1720 1925 1990 1990 apostolus

411 2020 599 2070 Petrus
628 2016 810 2068 dicens
843 2031 854 2064 :
888 2011 1150 2082 Tanquam
1185 2013 1334 2067 modo
1361 2015 1516 2084 geniti
1557 2014 1797 2082 infantes,
1830 2016 1987 2068 retio-

411 2110 607 2175 nabilc,
635 2108 739 2179 35
763 2119 807 2160 et
837 2107 944 2160 sine
976 2105 1095 2158 dolo
1123 2107 1203 2159 lac
1229 2107 1597 2175 concupiscite,
1641 2117 1693 2158 ut
1723 2108 1773 2158 in
1801 2123 1857 2158 eo
1884 2121 1992 2159 cre-

410 2201 559 2254 scatis
607 2199 660 2252 in
700 2198 910 2250 salutem
958 2194 1010 2264 (1
1064 2194 1205 2250 l’etr.
1257 2212 1313 2262 ll,
1357 2196 1435 2262 ‘2).
1472 2195 1621 2251 Unde
1666 2197 1890 2250 infantes
1937 2211 1991 2252 et

411 2289 770 2346 lactentesilli
803 2288 1126 2356 intelligendi
1155 2296 1298 2350 sunt,
1324 2288 1414 2354 qui
1448 2297 1660 2355 prepter
1692 2287 1990 2340 rudimenta

413 2393 466 2435 et
496 2379 770 2435 infantiam
805 2379 922 2432 lidei
964 2392 1141 2432 escam
1177 2393 1278 2430 non
1313 2376 1529 2444 capiunt
1563 2375 1585 2429 l
1617 2377 1854 2441 rtinrcrn,
1897 2377 1989 2430 sed

412 2473 652 2527 doctrina
707 2469 955 2525 teneriori
1008 2470 1333 2522 nutriuntur.
1370 2469 1432 2523 Ut
1491 2469 1592 2522 ite
1640 2469 1708 2520 sit
1754 2483 1990 2521 sen'us:

413 2577 517 2614 ron
551 2561 722 2616 solum
753 2574 780 2612 a
812 2558 1076 2628 perfectis,
1113 2559 1198 2624 qui
1238 2569 1288 2610 te
1334 2558 1550 2610 urnnino
1578 2557 1898 2626 intelligunt,
1932 2573 1991 2612 es

412 2653 724 2721 laudabilis,
768 2653 860 2706 sed
892 2654 1050 2705 etiam
1079 2652 1143 2706 ab
1177 2651 1541 2719 incipientium
1571 2664 1622 2705 et
1654 2656 1990 2720 parvulorum

412 2761 507 2800 ore
535 2745 862 2814 prtedicaris.

491 2838 638 2892 γει-ε.
691 2837 742 2890 4.
797 2833 1017 2902 Propter
1055 2833 1286 2888 inimicos
1321 2842 1434 2887 tuos
1477 2841 1578 2886 :ut
1621 2833 1852 2886 destruas
1897 2832 1994 2884 ini-

413 2929 602 2983 micum
631 2935 679 2981 et
717 2928 1050 2995 defvnsorem.
1085 2924 1304 2992 PrOpter
1333 2926 1586 2989 inimicos,
1637 2941 1867 2994 paganos
1904 2926 1996 2979 dc-

413 3024 588 3089 s‘gnat
631 3029 685 3073 et
737 3019 1099 3086 bIaSpbemos,
1157 3032 1221 3071 ne
1271 3017 1509 3071 dicerent
1559 3019 1835 3085 sacrilegi,
1876 3018 1994 3071 ideo

415 3112 558 3164 docti
592 3109 805 3164 laudant
860 3109 1056 3172 Deum,
1107 3108 1225 3176 quia
1275 3109 1528 3162 librorum
1561 3107 1994 3162 meditationibus
2022 3093 2066 3154 (ἰ

415 3204 746 3258 imbuuntur.
786 3203 1066 3256 Prot‘essus
1093 3181 1178 3254 est
1207 3210 1258 3254 et
1291 3201 1518 3254 infantes
1562 3203 1870 3270 prdidit-are,
1906 3202 1994 3269 qui

417 3297 603 3350 venire
632 3293 695 3347 ad
730 3293 1009 3346 DOminum
1036 3291 1157 3344 ﬁdei
1185 3290 1419 3345 novitate
1451 3302 1760 3359 cmpernnt;
1797 3301 1852 3344 ut
1882 3293 1996 3344 lucc

425 3386 680 3456 sapientia
715 3386 966 3439 divinitus
997 3386 1166 3452 magis
1199 3385 1416 3445 tradita,
1467 3399 1622 3452 quam
1662 3385 1894 3436 burman
1923 3384 1994 3436 ia-

422 3482 554 3534 bore
587 3479 826 3531 videatur
856 3489 975 3531 esse
1017 3475 1260 3528 collecta.
1290 3472 1564 3527 Inimicum
1594 3490 1719 3529 vero
1749 3484 1792 3527 et
1823 3476 1996 3544 tt'efen-

417 3585 615 3635 sarem,
649 3567 892 3623 Judtettm
924 3567 1505 3636 perlidnmspeci..liter
1545 3566 1691 3627 dicit,
1736 3565 1824 3635 qni
1872 3569 1995 3618 dum

422 3663 590 3718 Deum
623 3663 832 3716 Patrem
871 3673 930 3714 se
960 3668 1108 3729 putat
1154 3659 1464 3725 defendere,
1501 3659 1634 3712 Filio
1664 3658 1845 3712 existit
1891 3658 1995 3730 ini-

419 3760 607 3815 mieus.
645 3760 715 3814 Ita
759 3758 954 3814 factum
1004 3768 1088 3812 est
1118 3769 1168 3811 ut
1222 3757 1313 3810 Dei
1345 3759 1488 3823 quasi
1545 3755 1794 3810 defensor
1845 3771 1998 3822 aper-

420 3855 680 3918 tissimus,
711 3854 818 3908 Deo
839 3852 1152 3920 probaretur
1178 3849 1470 3912 adxersus;
1505 3850 1622 3916 quia
1652 3849 1859 3903 Patrem
1895 3865 1925 3900 n
1966 3865 1998 3902 υ

426 3955 733 4008 veneratur,
767 3943 866 3997 nisi
894 3943 980 4013 qui
1026 3942 1249 3997 honorat
1292 3956 1339 3997 et
1385 3941 1604 4005 Filium;
1641 3941 1780 3994 sicut
1803 3940 1916 4008 ipse
1948 3940 1997 3992 in

425 4037 716 4104 Evangelia
738 4036 863 4088 dicit
893 4051 905 4088 :
954 4035 1055 4100 Qui
1087 4051 1183 4087 non
1205 4034 1511 4100 honori/ient
1545 4031 1759 4100 Filium,
1781 4049 1882 4085 non
1908 4031 2002 4084 lto-

423 4128 656 4197 noriﬁrat
693 4126 917 4193 Putrem,
944 4125 1030 4191 qui
1061 4127 1195 4179 misit
1221 4142 1334 4179 eum
1365 4126 1541 4198 (Joan.
1575 4142 1625 4193 v,
1661 4125 1772 4192 25).
1804 4124 1911 4180 Hoc
1947 4134 1999 4178 et

426 4219 494 4271 ad
526 4233 712 4272 omnes
763 4216 1040 4271 haereticos
1068 4226 1432 4286 competenter
1477 4226 1707 4284 aptatur,
1742 4217 1828 4286 qui
1871 4217 1998 4270 dum

426 4327 487 4365 se
537 4319 723 4380 putant
777 4308 1084 4374 Scripturas
1137 4309 1273 4361 mala
1335 4309 1769 4378 interpretatione
1813 4311 1997 4364 defen-

425 4405 578 4468 dere,
609 4401 822 4454 inimieo
875 4402 1052 4453 animo
1102 4400 1296 4454 sanctis
1331 4401 1618 4469 probantur
1659 4400 1995 4470 dogmatibus

425 4494 658 4547 obviare.

503 4585 650 4639 νει-ς.
677 4585 726 4638 5.
761 4583 1012 4649 Quoniam
1034 4581 1204 4636 videbo
1234 4583 1381 4635 caelos
1410 4596 1565 4649 Opera
1587 4581 1858 4654 digitorum
1887 4592 1999 4635 tuo-

424 4693 568 4740 rum;
595 4677 770 4729 lunam
817 4686 862 4727 et
889 4675 1086 4738 stellas,
1111 4690 1236 4743 quas
1260 4681 1313 4726 tu
1340 4673 1588 4742 fundasti.
1631 4673 1816 4726 Merito
1858 4671 1996 4727 istud

427 4775 491 4821 de
522 4766 698 4821 futuro
723 4766 951 4838 gloriosa
977 4763 1106 4820 dicit
1136 4763 1396 4827 Ecclesia,
1419 4777 1536 4832 qua:
1564 4773 1684 4818 ante
1710 4763 1994 4818 adventum

431 4858 635 4912 Domini
659 4865 773 4912 erat
800 4857 977 4910 adhuc
1004 4857 1056 4910 in
1086 4855 1401 4925 patriarcbis
1433 4863 1485 4908 et
1516 4856 1566 4907 in
1596 4856 1792 4909 sanctis
1827 4855 1995 4907 Ιιυιηὶ-

430 4950 582 5004 anns
607 4948 915 5002 constituta.
944 4947 1031 5001 Ait
1059 4946 1222 5013 enim,
1260 4945 1454 5000 Videbo
1479 4943 1655 5010 cwlos,
1709 4946 1758 5000 id
1801 4954 1885 5001 est
1930 4948 1995 5001 li-

430 5042 554 5093 lnos
601 5038 968 5107 evangelicae,
1022 5039 1108 5106 qui
1151 5036 1272 5093 emli
1331 5037 1524 5091 merito
1559 5035 1824 5102 dicuntur,
1859 5053 1995 5106 quo-

431 5133 574 5184 niam
615 5130 887 5184 continent
943 5127 1223 5181 Dominum
1273 5125 1636 5194 Salvatorem,
1697 5131 1784 5197 qui
1822 5130 1994 5182 dixit:

427 5223 621 5277 Certum
651 5221 774 5275 mihi
801 5221 941 5275 sedes
973 5229 1076 5284 est;
1127 5228 1262 5273 terra
1288 5229 1456 5273 autem
1488 5219 1764 5274 scabellnm
1808 5222 1994 5287 pedum

426 5331 649 5368 meorum
678 5312 828 5385 (lsai.
857 5328 946 5378 XL,
977 5311 1081 5380 l2).
1111 5309 1215 5367 Sed
1241 5311 1329 5381 qui
1351 5312 1457 5365 sint
1481 5311 1564 5365 isd
1611 5312 1744 5378 creti,
1770 5312 2000 5366 breviter

427 5405 664 5461 deﬁnit-it
707 5421 862 5474 Opera
899 5405 1182 5473 digitorum
1213 5412 1462 5469 tuorum;
1495 5418 1617 5458 nam
1649 5419 1767 5459 cum
1795 5406 2000 5477 legatur

428 5499 478 5551 in
515 5497 692 5550 lisodo
723 5497 852 5566 (Cap
894 5511 1036 5559 xm,
1059 5492 1168 5564 18),
1201 5493 1364 5564 digito
1400 5491 1608 5547 Domini
1643 5492 1811 5563 legem
1838 5493 1999 5550 fuisse

429 5591 804 5657 conscriptam,
852 5572 1007 5657 quem
1049 5587 1204 5642 multi
1259 5585 1515 5658 Spiritum
1563 5596 1802 5641 sanctum
1863 5589 1997 5642 acci-

432 5693 556 5748 pere
583 5678 890 5742 Voluerunt,
923 5678 1010 5730 bic
1037 5678 1156 5732 ideo
1183 5677 1408 5748 positum
1441 5677 1667 5743 aestimo,
1694 5676 1992 5747 digitorum,

2029 4469 2076 4526 Ι)

2095 1813 2210 1884 ejus
2237 1814 2590 1878 lucidissime,
2625 1825 2679 1868 ut
2707 1827 2787 1870 est
2810 1814 2927 1879 hic;
2958 1814 3116 1870 modo
3144 1815 3324 1881 stulto,
3353 1826 3406 1870 ut
3451 1816 3524 1868 ait
3573 1816 3669 1870 Sa-

2096 1907 2310 1959 lomon:
2361 1903 2564 1960 Stultus
2597 1916 2649 1958 ut
2683 1906 2804 1958 luna
2839 1914 3063 1959 mutatur
3120 1904 3316 1975 (Eccle.
3358 1921 3521 1970 xsvu,
3557 1905 3667 1972 l2).

2095 1996 2380 2066 Sni-junxit
2411 2011 2623 2065 quoque
2653 1996 2850 2061 stellas,
2887 1996 3060 2064 jusms
3093 1995 3337 2048 homines
3376 2004 3426 2048 et
3462 1995 3668 2062 religio-

2095 2102 2206 2151 sos,
2257 2088 2323 2142 de
2369 2087 2562 2155 quibus
2607 2087 2863 2156 scriptum
2905 2097 2984 2142 cst
3017 2105 3030 2142 :
3065 2089 3209 2142 Sicut
3257 2087 3401 2142 stella
3433 2085 3494 2139 ab
3525 2088 3670 2140 stella

2094 2180 2266 2249 differt
2296 2181 2348 2233 in
2382 2181 2633 2244 claritate,
2661 2183 2731 2234 ita
2750 2189 2794 2232 et
2823 2180 3122 2233 resurrectio
3149 2193 3461 2232 mor-uorum
3485 2178 3534 2246 tl
3550 2178 3667 2233 Cor.

2096 2287 2191 2340 xv,
2214 2271 2300 2338 il,
2332 2271 2449 2342 49.).
2492 2269 2706 2325 Addidit
2732 2288 2743 2321 :
2769 2287 2897 2339 quas
2929 2281 2980 2322 tu
3009 2269 3261 2344 fundasti,
3293 2279 3346 2322 ut
3379 2283 3668 2338 cognosce-

2094 2377 2276 2416 remus
2317 2362 2494 2417 omnia
2528 2363 2581 2416 in
2632 2355 3117 2431 prmdestinatiOnis
3148 2362 3265 2431 ejus
3293 2361 3506 2416 fundata
3529 2361 3671 2430 jnd:-

2097 2456 2198 2507 cio.
2227 2455 2351 2510 Sive
2393 2456 2495 2508 boc
2527 2455 2591 2508 ad
2619 2455 2870 2509 deitatem
2906 2453 3063 2508 Verbi
3096 2468 3157 2522 pe
3191 2454 3322 2508 tinet
3367 2453 3671 2521 exprimen-

2097 2546 2257 2610 dam,
2312 2555 2367 2599 ut
2421 2546 2472 2599 in
2530 2545 2615 2599 illa
2659 2545 2965 2599 conditione
3020 2560 3194 2597 rrrum
3251 2544 3424 2597 omnia
3483 2543 3672 2596 fecisse

2096 2638 2422 2692 crederetur.
2453 2638 2507 2691 ln
2544 2635 2624 2690 bis
2655 2637 2796 2690 enim
2824 2637 2993 2689 tribus
3023 2635 3226 2688 videtur
3255 2634 3497 2686 universa
3527 2648 3672 2686 com-

2106 2727 2326 2793 plexus,
2361 2727 2495 2779 sicut
2525 2735 2606 2778 est
2647 2724 2772 2779 illud
2810 2723 2912 2776 ειη
2967 2724 3214 2796 principio
3253 2722 3368 2793 fecit
3409 2719 3549 2774 Dt-us
3579 2736 3668 2772 cte-

2097 2817 2203 2869 lum
2230 2825 2273 2867 et
2303 2825 2484 2868 terram
2508 2813 2657 2882 (Gen.
2693 2829 2728 2877 ι,
2759 2813 2829 2881 l).
2868 2811 2964 2866 Ubi
2986 2826 3103 2865 eum
3137 2813 3266 2863 duas
3299 2825 3383 2863 res
3411 2810 3670 2878 posuerit,

2096 2915 2282 2959 cuneta
2334 2904 2647 2972 complexus
2685 2913 2799 2967 est,
2835 2900 3063 2954 mirabili
3095 2898 3282 2952 ordine
3331 2895 3665 2965 praedicanda

2097 2997 2418 3062 disponens;
2451 3005 2532 3059 ut,
2567 2993 2688 3062 quia
2718 3002 2830 3047 erat
2860 3003 2972 3059 post
3007 2991 3072 3044 de
3097 3004 3276 3042 sanc'a
3310 2990 3671 3043 incarnatione

2103 3085 2406 3150 locuturus,
2457 3085 2601 3152 prius
2649 3083 2761 3151 ejus
2824 3082 3075 3136 deitatem
3132 3090 3182 3133 et
3238 3079 3672 3148 omnipotentiam

2098 3176 2382 3232 ostendere
2407 3175 2695 3228 debuisset.
3173 3180 3175 3183 '

2170 3316 2320 3369 Veis.
2356 3315 2406 3367 6.
2442 3313 2576 3378 Quid
2603 3322 2675 3366 est
2706 3312 2856 3365 homo
2885 3312 3020 3379 quod
3066 3325 3257 3363 menter
3307 3324 3357 3362 es
3401 3307 3513 3374 ejus
3537 3347 3558 3370 ,
3584 3316 3673 3357 aut

2099 3407 2236 3476 ﬁlius
2267 3405 2486 3459 hominis
2517 3404 2756 3474 quoniam
2786 3403 2961 3456 visitas
2992 3404 3145 3454 eum?
3176 3400 3326 3453 Venit
3365 3399 3429 3451 ad
3473 3398 3673 3463 ingres-

2101 3515 2216 3551 sum
2245 3496 2561 3556 secundum,
2613 3495 2696 3547 ubi
2733 3510 2837 3546 uno
2879 3508 3034 3546 versu
3069 3508 3160 3560 per
3202 3491 3335 3542 duas
3380 3490 3672 3554 interroga-

2103 3591 2272 3644 tiones
2300 3600 2351 3642 et
2397 3589 2765 3656 restrnnsione-
2801 3587 2960 3638 homo
2988 3597 3041 3638 ct
3069 3601 3129 3638 ιιι
3155 3598 3290 3653 guns
3320 3594 3370 3636 et
3418 3579 3672 3649 potenti--

2100 3685 2262 3736 sitnu-
2293 3681 2388 3756 [rd
2405 3725 2419 3746 ,
2441 3682 2577 3748 potis
2609 3676 2766 3750 imus]
2789 3678 3130 3746 approbatur.
3151 3676 3277 3741 Qua:
3295 3674 3456 3743 ﬁgura
3481 3672 3672 3724 dicitur

2103 3774 2302 3841 pensis,
2346 3772 2506 3824 latine
2537 3778 2712 3822 autem
2747 3767 3104 3837 percunctatio
3135 3784 3146 3817 :
3183 3765 3267 3818 ubi
3301 3778 3353 3818 et
3378 3763 3673 3826 interroga-

2105 3862 2175 3914 tio
2210 3861 2291 3926 lit,
2325 3867 2379 3913 et
2427 3857 2704 3926 responsio
2747 3867 2926 3925 parata
2973 3856 3344 3923 subsequitur;
3375 3867 3531 3922 quam
3559 3849 3668 3920 jam

2102 3961 2152 4006 et
2181 3953 2231 4004 in
2259 3960 2446 4021 quarto
2479 3949 2679 4018 psalmo
2706 3949 2995 4016 posuimus.
3033 3945 3167 4011 Quid
3199 3956 3271 3999 est
3313 3945 3494 3998 homo?
3537 3942 3668 3998 Cum

2102 4047 2353 4115 despectu
2384 4043 2832 4113 pronuntiandum
2867 4052 2966 4103 est,
2987 4040 3038 4094 id
3059 4050 3164 4112 ,est,
3196 4038 3391 4108 fragilis
3417 4049 3469 4092 et
3504 4037 3669 4092 cadu-

2103 4151 2220 4200 cns,
2247 4137 2373 4190 Adae
2398 4150 2596 4203 sequax
2619 4174 2632 4199 ,
2665 4134 2752 4201 qui
2785 4133 2836 4186 in
2886 4131 3052 4184 veteri
3103 4140 3318 4198 peccato
3349 4129 3664 4198 permixtus,

2102 4226 2244 4281 socia
2277 4225 2536 4293 pravitate
2568 4235 2666 4277 con
2704 4221 2851 4275 lusus
2881 4229 2979 4275 est.
3013 4219 3176 4288 Hujus
3209 4234 3412 4272 memor
3438 4227 3521 4271 est
3571 4216 3670 4270 Do-

2104 4316 2298 4376 minus,
2333 4313 2545 4383 quando
2584 4317 2628 4366 ei
2665 4325 2877 4382 peccata
2925 4310 3144 4364 dimittit
3181 4319 3228 4363 et
3286 4307 3667 4364 misericordia:

2103 4422 2213 4461 suae
2239 4406 2379 4459 dona
2404 4405 2654 4475 largitur,
2687 4405 2826 4459 sicut
2852 4404 2904 4457 in
2936 4403 3038 4456 alio
3072 4405 3275 4470 psalmo
3300 4402 3535 4454 dicturus
3556 4408 3666 4454 est:

2104 4500 2234 4556 Filii
2260 4511 2428 4554 autem
2472 4498 2738 4551 hominum
2787 4498 2837 4549 in
2871 4497 3180 4568 protectione
3221 4494 3418 4546 alarum
3467 4501 3671 4545 tuarum

2102 4589 2411 4660 sperabutt;
2451 4587 2831 4640 incbrfabuntur
2859 4585 2921 4637 ab
2969 4584 3192 4636 ubertate
3230 4580 3408 4633 domus
3457 4590 3576 4641 tuas,
3625 4590 3672 4632 et

2103 4691 2320 4735 torrente
2360 4680 2630 4746 voluptatis
2679 4689 2779 4731 tua:
2825 4677 3019 4745 potabis
3051 4691 3134 4729 eos
3180 4672 3349 4742 (Psal.
3399 4688 3560 4742 xxsv,
3593 4670 3671 4740 8).

2105 4773 2219 4827 Iloc
2261 4781 2341 4826 est
2369 4786 2494 4840 ergo
2533 4785 2652 4824 esse
2681 4784 2996 4833 memorem,
3047 4767 3289 4823 conferre
3319 4764 3676 4834 delinquenti-

2103 4863 2202 4918 bus
2226 4871 2385 4915 tanta:
2410 4863 2590 4927 gratia:
2616 4860 2951 4926 sospitatcm.
2981 4857 3080 4910 Aut
3111 4856 3248 4926 ﬁlius
3279 4857 3522 4923 hominis,
3549 4871 3674 4924 quo-

2104 4953 2242 5004 niam
2283 4951 2455 5003 visitas
2484 4965 2620 5001 eum.
2654 4947 2758 5002 [lar
2783 4946 2894 5017 jam
2918 4961 3047 5002 voce
3067 4947 3389 5014 surgendum
3419 4954 3522 5010 est,
3551 4946 3672 5011 quia

2107 5041 2387 5096 Damiuutn
2420 5037 2680 5108 significat
2723 5037 3082 5102 Salvaturem,
3132 5037 3219 5105 qui
3272 5051 3376 5090 non
3409 5045 3466 5089 ut
3494 5035 3672 5088 creteri

2104 5133 2360 5188 mortales
2389 5147 2450 5186 es
2474 5131 2680 5188 duobus
2701 5128 3004 5217 hominibus
3033 5138 3188 5184 natus
3209 5136 3309 5195 est,
3335 5127 3427 5182 sed
3455 5141 3519 5181 ex
3553 5126 3675 5195 Spi-

2104 5229 2208 5284 ritu
2255 5239 2469 5292 snncto,
2511 5232 2564 5281 et
2607 5225 2774 5280 beata:
2815 5223 2990 5280 Maria;
3019 5237 3230 5292 semper
3258 5221 3474 5290 virginis
3524 5231 3679 5275 utero

2108 5327 2355 5388 tanquam
2386 5332 2612 5386 sponsus
2657 5316 2724 5372 de
2751 5317 2987 5386 glorioso
3031 5315 3263 5370 thalamo
3303 5312 3580 5379 processit.
3613 5311 3679 5365 Et

2104 5410 2384 5467 considera
2430 5409 2550 5477 quia
2600 5410 2842 5478 superius
2891 5406 3027 5462 dixit
3064 5426 3076 5460 :
3121 5407 3426 5470 Memora;
3450 5403 3604 5471 snbje
3639 5404 3678 5457 it

2103 5511 2278 5556 autem
2312 5519 2325 5553 :
2360 5497 2568 5553 Visitas.
2602 5499 2799 5554 Memor
2826 5499 2924 5553 [uit
2947 5512 3068 5552 cum
3097 5495 3415 5566 patriarcltis
3443 5495 3512 5549 de
3539 5493 3679 5548 cuto
3773 5575 3778 5577 Α

2106 5595 2355 5646 misertus
2383 5599 2499 5655 est;
2521 5591 2759 5655 uisitauit,
2811 5605 2929 5646 cum
2958 5588 3181 5644 Verbum
3219 5603 3340 5642 caro
3366 5587 3556 5656 factum
3581 5595 3666 5651 est,

2105 5692 2149 5736 et
2175 5679 2415 5732 habitarit
2446 5680 2495 5730 in
2546 5681 2690 5734 nobis
2720 5679 2896 5740 (Joan.
2932 5697 2967 5742 ι,
3007 5679 3112 5741 Η).
3155 5679 3286 5733 Nam
3318 5677 3518 5732 visitare
3551 5674 3677 5729 dic"
