4008 6182
343 242 400 294 77
1297 240 1654 298 EXI‘OSITIU
1698 239 1761 295 IN
1804 238 2255 296 PS.\LTEitlU.\l.
2302 238 2491 294 PSH”
2540 236 2670 291 \‘ill.
3538 241 3608 294 7-!

342 377 476 425 mus,
501 360 713 432 quando
736 359 973 415 mcdicu;
991 360 1055 414 ad
1080 360 1320 415 inﬁrmos
1342 359 1671 429 ingreditur;
1697 359 1834 430 quod
1867 358 1918 413 in
1950 360 1995 418 A
2029 358 2221 413 talibus
2274 358 2476 427 majore
2520 357 2686 427 gloria
2720 358 3012 427 triumphat
3057 359 3309 413 Dominus
3341 358 3606 414 Christus.

341 452 803 507 adventuDomini
838 468 1029 507 revera
1060 463 1270 506 constat
1302 454 1600 521 impletum.

408 541 562 597 \‘ers.
622 544 675 596 7.
745 541 977 596 Hinuisti
1036 540 1178 613 {ed.,
1242 539 1544 611 Minor-usti]
1605 558 1717 595 eum
1770 542 1924 607 paulo

341 635 503 687 minus
555 633 617 685 ab
674 634 917 701 angelis:
950 634 1114 701 gloria
1161 641 1208 684 et
1251 632 1440 685 honore
1482 633 1740 685 coronasti
1785 649 1919 685 eum.

340 726 470 780 Hinc
500 725 608 793 jam
657 723 866 777 Domini
908 722 1201 778 Stlvateris
1262 722 1530 776 humilitas
1585 732 1832 775 narratur
1872 732 1924 775 et

335 819 525 887 gloria.
556 815 847 869 Minoratus
877 825 957 869 est
986 815 1129 868 enim
1166 831 1270 871 non
1303 814 1619 868 necessitate
1652 815 1921 867 ministra-

333 909 497 972 toria,
548 906 640 960 sed
689 908 897 973 pictatis
956 922 1066 961 sua:
1112 915 1403 976 spontanta
1436 906 1732 969 voluntate,
1789 907 1925 961 sicut

334 1000 626 1065 Apostotus
673 1000 741 1050 ait
782 996 1165 1067 :Scmetipsum
1206 998 1482 1051 criuanivit
1531 1002 1750 1067 formam
1797 1002 1924 1051 servi

334 1094 593 1159 eccip’ens
631 1089 859 1159 (Philip.
887 1106 947 1153 tt,
981 1090 1057 1159 7).
1106 1090 1360 1159 Sequitur
1391 1107 1405 1144 :
1441 1090 1609 1145 Paulo
1654 1093 1818 1144 minus
1862 1092 1955 1143 ιώ·

333 1185 573 1258 angelis;
631 1186 755 1254 quia
784 1201 999 1238 crucem
1033 1200 1128 1253 pro
1172 1199 1406 1238 omnzutn
1455 1188 1621 1239 salute
1666 1186 1919 1252 suscepit.

336 1276 419 1329 Ex
464 1292 525 1329 ea
594 1275 857 1345 siquidem
907 1284 1056 1343 parte
1110 1274 1331 1329 Creator
1380 1276 1689 1345 angelorum
1752 1275 1925 1328 mittor

334 1367 503 1422 factus
533 1377 613 1421 est
650 1368 876 1435 angelis.
926 1367 1069 1421 Bene
1099 1376 1275 1419 autem
1310 1367 1440 1419 dixit
1474 1386 1486 1419 :
1525 1366 1693 1420 Paulo
1733 1368 1920 1431 minus,

330 1459 455 1528 quia
494 1459 594 1513 etsi
622 1458 848 1511 mortale
891 1472 1083 1526 corpus
1139 1459 1456 1527 assumpsit,
1492 1467 1669 1512 tamen
1703 1468 1919 1527 peccata

337 1567 444 1603 non
473 1549 675 1603 habuit.
702 1548 882 1601 Gloria
905 1564 1029 1603 vero
1071 1559 1113 1603 et
1152 1551 1343 1602 honore
1378 1562 1653 1603 coronatus
1684 1558 1775 1614 est,
1803 1566 1920 1604 cum

337 1651 460 1709 post
499 1641 948 1695 resurrettiunem
980 1641 1139 1695 nimis
1190 1640 1512 1704 mirabilem,
1549 1643 1709 1695 totius
1741 1643 1922 1696 tttttudi

2032 446 2227 503 Pecora
2256 450 2396 503 enim
2422 458 2574 514 sunt,
2609 449 2733 503 dum
2789 451 2839 503 in
2888 465 3199 518 camporum
3249 450 3512 516 libertate,
3557 452 3609 505 id

2028 549 2110 593 est
2149 541 2199 593 in
2232 540 2412 593 mundi
2446 540 2601 594 istius
2636 542 2905 610 voluptate
2952 552 3241 609 pascuntur
3265 560 3277 607 ;
3304 557 3415 596 ores
3464 552 3611 607 sunt,

2028 646 2146 684 cum
2172 628 2281 698 jam
2315 630 2448 684 intra
2475 642 2621 696 septa
2660 632 2867 685 Domini
2890 634 3229 686 clauduntur.

2105 721 2253 775 Vers.
2288 721 2371 775 10.
2410 720 2649 773 l’olucres
2676 722 2787 775 mali
2818 733 2863 776 et
2903 723 3062 791 pisces
3092 724 3269 787 maris,
3300 724 3389 794 qui
3414 741 3615 792 perosu-

2030 812 2204 866 bulant
2230 818 2433 867 semitas
2467 816 2640 867 maris.
2686 813 2929 868 Voiucres
2960 817 3071 869 caeli
3105 818 3319 885 superbi
3348 826 3474 871 sunt
3516 818 3612 872 bo-

2032 910 2222 967 miues,
2258 909 2345 975 qui
2381 907 2547 961 inﬂati
2577 918 2737 961 vento
2776 909 3070 982 jacjantir,
3122 910 3267 976 quasi
3322 926 3416 978 pcr
3458 911 3615 965 inane

2028 1002 2170 1055 aeris
2209 1001 2521 1065 cll‘crunlur,
2571 1012 2622 1055 et
2659 1003 2875 1056 humilia
2920 1003 3241 1071 despiciunt,
3289 1020 3409 1058 cum
3455 1003 3616 1059 altius

2029 1094 2324 1149 elevantur.
2356 1094 2601 1147 Volttcres
2627 1096 2768 1149 enim
2795 1112 2820 1149 a
2857 1098 3032 1149 volatu
3070 1098 3262 1150 crebro
3284 1098 3439 1150 dictae
3468 1109 3615 1152 sunt.

2030 1184 2203 1240 Pisces
2234 1202 2363 1240 vero
2392 1188 2546 1239 muris
2599 1186 2947 1255 philOSopbos
2997 1187 3227 1242 fortasse
3256 1188 3575 1257 signiﬁcant
3598 1230 3611 1252 ,

2027 1280 2114 1347 qui
2140 1277 2296 1349 hujus
2345 1278 2525 1332 mundi
2556 1290 2799 1331 naturam
2850 1280 3075 1333 erratica
3128 1280 3439 1332 curiositate
3485 1295 3610 1349 pcr~

2029 1380 2275 1424 tractant.
2317 1369 2446 1423 Nam
2500 1370 2634 1423 sicut
2689 1371 2761 1423 illi
2816 1372 2982 1439 posita
3037 1370 3213 1424 fronte
3265 1371 3456 1425 itinera
3504 1370 3607 1424 sibi

2028 1471 2274 1515 rescrant
2300 1462 2464 1531 pelagi
2498 1462 2842 1515 inundatione
2873 1464 3112 1526 confusa,
3144 1464 3212 1515 ita
3242 1474 3296 1517 et
3327 1463 3413 1516 isti
3438 1464 3614 1531 capite

2028 1554 2266 1608 demisso
2293 1570 2457 1609 venas
2491 1571 2667 1608 rerum
2695 1556 2899 1609 ratione
2933 1556 3183 1619 humana,
3215 1556 3431 1610 assiduo
3466 1556 3615 1610 labo-

2026 1663 2085 1702 re
2120 1648 2457 1717 perquirunt.
2488 1648 2589 1702 Sed
2627 1663 2743 1701 cum
2769 1653 2873 1701 sint
2901 1649 3071 1717 pisces
3100 1659 3149 1702 et
3176 1648 3474 1714 ﬂuminum,
3502 1665 3605 1701 non

330 1736 708 1790 credulitatem
736 1735 895 1800 Deus,
919 1736 969 1789 in
1001 1751 1066 1790 eo
1094 1736 1232 1805 quod
1260 1737 1418 1789 homo
1442 1746 1523 1789 est
1555 1736 1745 1801 iactus,
1777 1738 1925 1791 exal-
1958 1740 2003 1799 B
2032 1750 2181 1793 vacat
2226 1739 2365 1808 quod
2417 1740 2501 1792 hic
2545 1740 2749 1807 posuit,
2805 1742 2987 1805 maris,
3023 1753 3243 1809 propter
3271 1756 3365 1795 eos
3394 1742 3481 1809 qui
3514 1742 3612 1794 sibi

334 1840 476 1883 tatus
516 1830 741 1897 accpit.
774 1829 982 1883 Corona
1014 1833 1154 1884 enim
1186 1829 1334 1883 orbis
1382 1830 1583 1883 circulo
1613 1842 1925 1898 cotnpeten.

336 1932 421 1977 ter
450 1933 690 1991 aptatur,
726 1924 976 1989 quoniam
1010 1922 1073 1976 ad
1097 1922 1212 1991 ejus
1243 1922 1645 1977 similitudinem
1678 1930 1920 1981 uu;versa

328 2016 522 2070 mundi
544 2017 856 2070 extremias
881 2015 1104 2071 formata
1128 2029 1228 2071 est.

409 2110 563 2164 Vera.
593 2112 651 2165 8.
682 2108 745 2163 Et
774 2111 1084 2165 constituisti
1118 2128 1231 2165 enm
1278 2128 1431 2179 super
1479 2129 1634 2180 opera
1680 2130 1922 2167 manuum

330 2215 561 2257 tuarum.
616 2202 800 2255 Omnia
829 2204 1091 2273 subjecisti
1128 2204 1219 2257 sub
1255 2206 1465 2271 pedibus
1509 2208 1638 2276 ejus.
1669 2206 1924 2275 Superius

328 2300 397 2352 de
426 2300 601 2366 gloria
631 2296 748 2366 ejus
768 2306 822 2352 et
850 2298 1055 2352 honore
1078 2308 1347 2351 narratum
1374 2308 1458 2353 est
1487 2319 1497 2349 :
1536 2316 1678 2353 nunc
1706 2301 1921 2367 ponitur

326 2402 375 2442 et
416 2398 679 2456 pnlrSlaS,
715 2397 771 2440 ut
798 2398 1121 2458 agnoscatur
1150 2388 1347 2441 Christi
1385 2388 1591 2442 Domni
1624 2390 1921 2457 majtlstatis

330 2480 729 2548 perfectissima
761 2480 1055 2546 pienitudo.
1096 2480 1328 2534 Diremlo
1355 2480 1519 2547 enim,
1571 2481 1741 2548 Super
1769 2499 1923 2553 Opera

328 2587 581 2623 rut-mnum
609 2580 848 2634 tum-um,
872 2570 1048 2623 omnis
1088 2571 1161 2624 i|!i
1201 2583 1444 2625 creatura
1493 2572 1731 2642 subjecta
1774 2588 1923 2629 mon-

326 2671 578 2724 stratur;
615 2660 735 2729 quia
768 2660 906 2714 sicut
935 2676 964 2714 a
998 2661 1207 2716 Domini
1245 2678 1409 2730 onere
1453 2664 1583 2717 nihil
1634 2675 1717 2719 est
1768 2680 1926 2719 exce-

329 2767 484 2821 ptum
508 2795 522 2817 ,
577 2754 648 2806 i'a
693 2769 791 2807 nec
844 2772 871 2806 a
921 2763 1183 2822 poteState
1206 2755 1407 2809 Christi
1438 2756 1634 2823 aliquid
1665 2758 1922 2825 proba'ur

323 2860 453 2899 esse
486 2844 743 2909 divi-um,
776 2847 971 2912 quippe
1000 2846 1090 2913 qui
1154 2846 1485 2911 judicaturus
1516 2858 1596 2902 est
1643 2849 1917 2903 mundum.

331 2935 575 2991 Dicendo
603 2938 744 2990 enim
786 2938 977 3000 omnia,
1035 2953 1135 2991 nec
1169 2948 1380 2991 terrena
1414 2940 1622 2993 videtur
1646 2942 1921 3007 excepisse

326 3045 434 3083 nec
493 3044 717 3099 supera;
762 3032 900 3083 sicut
936 3030 1005 3084 de
1062 3033 1161 3084 hoc
1216 3031 1330 3083 loco
1372 3040 1595 3086 testatur
1635 3033 1919 3098 Apostolus

2028 1832 2280 1885 videntur
2307 1847 2426 1884 esse
2456 1832 2748 1900 sapientes.
2786 1832 2978 1886 Verum
3013 1835 3095 1886 isti
3141 1835 3292 1899 tales,
3324 1850 3617 1903 eorumque

2031 1922 2234 1976 similes
2268 1922 2472 1975 Domini
2504 1923 2725 1991 pedibus
2748 1921 2971 1977 feliciter
2999 1924 3373 1991 sultj'ciuntttr,
3401 1926 3615 1993 quando

2028 2015 2093 2067 ad
2138 2013 2457 2069 Christiana:
2518 2017 2759 2069 venerint
2834 2015 3108 2084 religionis
3162 2015 3432 2070 atl‘cctttm.
3483 2017 3612 2071 Nam

2028 2106 2154 2160 licet
2204 2106 2276 2159 illi
2322 2105 2497 2159 omnia
2554 2105 2673 2172 jure
2724 2105 3107 2159 dominationis
3160 2106 3409 2160 inclinata
3456 2108 3607 2167 sint.

2028 2198 2147 2251 iilos
2178 2207 2356 2252 tamen
2407 2196 2634 2262 dicimus
2664 2200 2881 2267 proprie
2925 2198 3216 2266 subjectos,
3248 2199 3337 2265 qui
3385 2199 3451 2252 ad
3500 2200 3616 2268 ejus

2028 2306 2164 2346 onus
2192 2292 2306 2344 leve
2330 2303 2381 2343 et
2404 2292 2588 2360 jugum
2616 2305 2775 2345 suave
2801 2292 3077 2359 pervenire
3102 2301 3437 2346 meruerunt.

2093 2384 2241 2439 Vers.
2274 2384 2357 2437 ll.
2389 2382 2624 2451 Domine,
2653 2383 2903 2438 Dominus
2928 2396 3115 2448 noster,
3143 2401 3294 2454 quam
3317 2385 3618 2440 admirabile

2026 2486 2097 2531 est
2128 2492 2307 2531 nomen
2340 2462 2482 2529 tuum
2514 2477 2565 2530 in
2599 2477 2831 2531 universa
2860 2475 3026 2531 terra!
3056 2479 3341 2546 Postquam
3370 2478 3617 2531 incarna.

2026 2566 2225 2622 tionem
2269 2566 2477 2621 Domini
2527 2566 2757 2633 Christi,
2814 2576 2867 2621 et
2919 2567 3333 2621 resurrectionis
3383 2566 3611 2635 gloriam

2025 2672 2208 2715 sancta
2244 2660 2479 2715 Ecclesia
2513 2660 2633 2714 laeta
2663 2659 2917 2724 eantavit,
2948 2659 3093 2713 illum
3121 2673 3335 2713 versum
3368 2658 3434 2711 de
3461 2659 3543 2711 lau
3568 2660 3616 2713 te

2028 2754 2234 2809 Domini
2278 2754 2473 2821 repetit
2503 2767 2663 2820 quem
2694 2751 2829 2805 dixit
2859 2750 2911 2805 in
2939 2751 3133 2819 capite.
3162 2748 3410 2819 Cougrue
3439 2749 3613 2818 siqui-

2024 2846 2145 2900 dem
2172 2844 2488 2914 principium
2520 2843 2617 2911 ipsi
2660 2843 2945 2911 deputatur
2993 2852 3047 2895 et
3095 2841 3247 2907 linis,
3297 2841 3387 2912 qui
3445 2841 3512 2896 de
3555 2856 3617 2895 se

2024 2939 2157 2993 dixit
2191 2957 2203 2990 :
2238 2936 2354 3009 Ego
2392 2955 2503 2991 sum
2531 2939 2689 3003 alpha
2716 2948 2763 2992 et
2813 2954 2989 3009 omega
3018 2938 3203 3003 (Apoc.
3237 2954 3289 3001 ι,
3344 2936 3423 3008 8),
3449 2936 3500 2990 id
3531 2944 3616 2989 e-t

2026 3028 2238 3083 initium
2289 3039 2343 3083 et
2382 3028 2521 3082 linis.
2570 3028 2671 3084 Sed
2704 3027 2955 3099 quoniam
2987 3027 3164 3081 divina
3194 3027 3355 3082 verba
3389 3026 3614 3081 fecunda

326 3122 573 3175 cmicsth
600 3120 875 3187 espositor
908 3139 920 3173 :
953 3120 1019 3174 In
1049 3138 1106 3174 eo
1133 3123 1262 3175 enim
1286 3123 1337 3176 in
1362 3139 1461 3191 quo
1487 3123 1531 3175 ei
1562 3125 1731 3176 omnia
1749 3125 1911 3195 Subje-
1947 3105 1995 3169 ο
2026 3129 2183 3184 sunt,
2216 3118 2320 3174 alia
2347 3119 2500 3174 nobis
2531 3128 2866 3175 sacramenta
2896 3127 3274 3189 progenerant.
3301 3118 3615 3187 Signiﬁcant

326 3213 421 3274 cit,
462 3212 595 3262 nili?!
624 3212 817 3263 dimisit
849 3227 950 3263 non
977 3213 1261 3283 subjectum
1290 3216 1335 3266 ei
1361 3212 1560 3285 (Hebr.
1591 3230 1649 3283 It,
1681 3214 1758 3285 8).
1788 3214 1918 3269 Nam

329 3310 384 3354 et
408 3300 521 3353 alio
548 3300 668 3354 loco
688 3301 796 3370 36
813 3302 942 3355 dicit
966 3320 978 3354 :
1010 3303 1235 3356 Adorute
1258 3319 1392 3369 eum,
1424 3320 1596 3357 omnes
1616 3306 1785 3375 angeli
1809 3310 1922 3377 ejus

328 3389 512 3461 (Psal.
549 3406 692 3449 xcvt.
724 3390 800 3460 δ).
839 3392 1053 3447 Addidit
1084 3410 1097 3446 :
1124 3395 1216 3446 sub
1245 3394 1455 3462 pedibus
1500 3398 1631 3467 ejus.
1661 3404 1720 3449 ut
1746 3398 1921 3451 omnis

326 3495 583 3537 creatura
609 3484 801 3538 merito
827 3486 996 3552 ipsum
1027 3486 1206 3539 colere
1231 3496 1393 3553 atque
1424 3486 1652 3539 adorare
1680 3487 1923 3542 videatur

326 3589 638 3630 auctorem.
676 3576 738 3630 Et
792 3578 998 3645 respice
1034 3578 1211 3632 omnia
1250 3579 1363 3631 suis
1419 3578 1550 3633 locis
1591 3579 1754 3634 fuisse
1810 3597 1923 3636 ser-

327 3676 482 3720 vata.
530 3668 699 3733 Quem
748 3669 893 3736 prius
922 3682 1135 3739 propter
1169 3670 1523 3724 humilitatem
1550 3671 1727 3726 carnis
1762 3674 1918 3741 paulo

328 3762 517 3814 minus
567 3760 635 3813 ab
692 3761 899 3829 angelis
966 3763 1169 3815 dixerat
1217 3776 1338 3817 esse
1393 3763 1750 3827 minoratttm;
1803 3774 1919 3832 post

330 3852 713 3905 ascensionem
755 3852 884 3905 dicit
924 3852 1146 3921 pedibus
1190 3854 1307 3922 ejus
1336 3857 1514 3909 omnia
1548 3854 1710 3908 fuisse
1740 3855 1921 3925 subje‘

331 3951 463 4005 aa,
513 3952 567 3995 ut
618 3944 717 3995 ista
766 3942 1057 4008 distinctio,
1106 3954 1160 3999 et
1206 3946 1530 4001 dubietatem
1573 3946 1923 4001 titubantibus

326 4030 552 4086 aulerat
571 4072 588 4096 ,
616 4041 671 4086 et
699 4032 924 4100 gloriam
956 4044 1154 4089 sanctae
1180 4035 1560 4091 incarnationis
1583 4037 1844 4091 ostendat.

412 4122 571 4178 Yet-ts.
601 4124 655 4178 9.
682 4124 809 4178 Oves
838 4136 886 4179 et
914 4126 1081 4193 boves,
1112 4128 1320 4195 insuper
1347 4139 1391 4181 et
1421 4144 1605 4196 pecora
1635 4130 1822 4197 campi.
1860 4129 1913 4183 ln

328 4216 443 4270 hoc
466 4226 519 4270 et
549 4217 655 4269 alio
680 4232 836 4271 versu
859 4218 949 4287 qui
977 4222 1238 4286 sequitur,
1271 4234 1456 4288 argum
1495 4229 1644 4273 ntum
1667 4229 1753 4274 est
1780 4221 1919 4289 quod

327 4309 535 4363 dicitur
563 4322 660 4376 per
681 4309 1170 4364 enumerationem.
1210 4309 1401 4363 Verum
1434 4310 1548 4364 bare
1590 4318 1645 4363 et
1684 4310 1788 4363 alia
1822 4325 1920 4365 no-

325 4400 517 4461 mina,
573 4413 693 4467 qua
745 4408 1060 4468 sequuntur,
1124 4400 1411 4468 allegorice
1465 4399 1610 4454 dicta
1659 4400 1919 4455 debemus

2028 3212 2169 3267 enim
2201 3220 2256 3264 et
2300 3211 2421 3265 illos
2450 3226 2678 3280 quorum
2710 3210 2813 3265 vita
2844 3210 3037 3265 divinis
3069 3209 3383 3263 muneribus
3406 3216 3458 3261 et
3487 3209 3610 3260 reli-

2026 3307 2188 3375 giosis
2229 3304 2483 3375 auspiciis
2512 3304 2758 3359 inchoata
2783 3344 2799 3370 ,
2833 3303 2884 3357 in
2912 3304 3121 3358 Domini
3149 3301 3464 3357 credulitate
3489 3315 3613 3369 per~

2025 3396 2241 3451 mansit.
2280 3396 2431 3452 Unde
2471 3405 2651 3451 mente
2698 3395 3040 3450 condentium
3086 3404 3168 3449 est
3214 3393 3355 3447 ltune
3382 3407 3501 3446 esse
3537 3407 3601 3445 ex

2028 3491 2109 3543 bis
2164 3489 2393 3557 primum
2437 3488 2702 3557 psalmum
2758 3485 2847 3556 qui
2896 3501 2956 3543 se
3004 3487 3323 3554 repetitimte
3354 3501 3605 3539 versuum

2025 3580 2400 3634 sacramentali
2451 3578 2734 3633 iteratione
2787 3578 3201 3649 congeminant;
3248 3576 3392 3646 quod
3434 3586 3490 3632 ct
3539 3578 3607 3630 de

2025 3672 2149 3726 aliis
2173 3671 2289 3726 loco
2318 3687 2416 3727 suo
2442 3680 2810 3740 competenter
2832 3671 3127 3724 edicemus.

2555 3803 2831 3858 Conclusio
2878 3806 3083 3876 psalmi.

2100 3940 2175 3994 De
2220 3939 2428 3994 duabus
2468 3940 2675 3994 naturis
2730 3939 2937 3994 Domini
2984 3939 3203 4004 Christi,
3247 3949 3303 3995 et
3350 3938 3619 3995 secundus

2030 4032 2288 4099 psalmus,
2320 4042 2374 4085 et
2405 4032 2505 4086 iste
2533 4030 2698 4085 locuti
2728 4042 2854 4084 sunt
2889 4048 2901 4083 :
2933 4031 3180 4099 quamvis
3220 4038 3277 4085 et
3305 4029 3395 4085 alii
3427 4031 3617 4086 subse-

2029 4132 2260 4192 qttattlttt‘
2286 4140 2298 4175 :
2325 4120 2377 4176 id
2407 4132 2489 4176 est
2508 4162 2523 4185 ,
2558 4124 2845 4191 vigesimus
2870 4162 2883 4185 ,
2925 4121 3358 4191 septuagesimo:
3383 4124 3607 4190 primus,

2027 4212 2385 4281 octogesimus
2415 4212 2642 4280 primus,
2667 4211 2997 4265 centesimus
3025 4212 3253 4281 primus,
3287 4212 3619 4268 centesimus

2031 4321 2225 4368 nonus,
2265 4315 2319 4359 et
2362 4306 2688 4360 cen:csimus
2718 4306 3023 4359 tricesimus
3061 4316 3312 4373 octavus;
3346 4306 3619 4361 utubscu-

2030 4413 2147 4451 rum
2199 4398 2300 4451 iter
2353 4397 2512 4464 hujus
2558 4398 2735 4451 saeculi
2781 4396 3110 4465 gradientes,
3171 4400 3323 4467 quasi
3376 4399 3617 4467 plurimis

330 4492 612 4558 accipere.
640 4506 707 4545 ne
735 4502 852 4559 post
879 4493 1169 4547 rationales
1195 4504 1471 4547 creaturas
1501 4494 1926 4561 incompetenter
1953 4485 2005 4546 Ι)
2033 4489 2365 4558 lampadibus
2391 4490 2643 4555 incensis,
2676 4488 2726 4542 in
2761 4489 3041 4543 Ita-retices
3063 4502 3247 4545 cautes
3279 4492 3494 4547 minime
3519 4508 3615 4547 va-

332 4596 536 4648 pecora
569 4583 653 4636 vel
679 4581 920 4651 jumenta
952 4585 1196 4653 posuisse
1235 4584 1497 4639 videatur.
1536 4584 1663 4639 Oves
1691 4586 1919 4639 electum

330 4671 600 4741 populum
631 4672 935 4740 signiﬁcant
959 4674 1356 4739 Christianum,
1385 4675 1519 4729 sicut
1553 4676 1603 4728 in
1637 4674 1924 4744 Evangelia

333 4762 604 4816 Dominus
632 4763 793 4817 Petro
807 4764 937 4819 dicit
954 4764 1228 4834 apostolo:
1252 4764 1413 4819 Pasce
1437 4781 1552 4819 oves
1580 4780 1715 4818 meas
1739 4766 1918 4836 (Joon.

336 4867 456 4915 ιιι,
490 4855 603 4922 18).
627 4855 727 4922 Qui
768 4856 889 4910 ideo
915 4867 1299 4923 comparantur
1327 4856 1533 4921 ovibus,
1556 4858 1807 4925 quoniam
1839 4872 1918 4920 se,

336 4955 634 5012 prastante
662 4946 892 5001 Domino
914 4989 929 5013 ,
964 4949 1178 5003 innoxia
1208 4950 1615 5002 conversatione
1640 4949 1925 5003 moderan-

336 5048 462 5101 tur;
510 5040 702 5093 deinde
728 5045 854 5109 quis
902 5040 1086 5094 mundi
1134 5041 1353 5095 exuvias
1379 5042 1497 5095 sine
1537 5042 1715 5111 aliquo
1761 5055 1921 5095 senui

332 5128 543 5183 doloris
585 5129 855 5185 amittunt.
888 5130 1017 5185 Nam
1048 5132 1212 5185 ‘sicut
1257 5132 1365 5186 ouis
1392 5132 1701 5187 tendentem
1734 5146 1791 5187 se
1815 5146 1919 5185 non

336 5222 614 5288 increpat,
668 5223 737 5274 ita
767 5238 866 5278 nec
891 5222 1067 5293 justus
1095 5225 1437 5293 cupiditatem
1481 5242 1540 5279 se
1570 5224 1921 5293 exspoliantis

334 5325 580 5366 accusat.
626 5310 786 5367 Boves
834 5325 1013 5370 autem
1066 5316 1443 5386 praedicatores
1486 5316 1795 5386 designant,
1830 5318 1921 5385 qui

340 5403 574 5455 humana
604 5415 819 5472 pectora
844 5406 1106 5461 mandatis
1128 5409 1434 5462 caelestibus
1472 5419 1780 5474 exarantes,
1814 5408 1923 5461 viro

342 5504 514 5549 tntum
566 5512 795 5551 messem
824 5514 1127 5568 germinare
1172 5499 1432 5556 fecvrunt.
1468 5499 1575 5555 Nec
1603 5511 1750 5554 vacat
1778 5500 1919 5570 quod

341 5586 504 5645 dicit.
538 5588 769 5655 insuper,
805 5590 928 5657 quia
988 5606 1093 5644 non
1138 5591 1311 5645 solum
1358 5593 1428 5645 illi
1482 5591 1649 5645 sancti
1692 5591 1920 5661 subjecti

344 5690 486 5742 sunt,
521 5679 613 5732 sed
647 5679 805 5735 ctiam
836 5694 1165 5750 peccat-res.
1200 5684 1353 5755 Snpc
1386 5686 1525 5739 enim
1551 5685 1617 5741 de
1648 5685 1923 5740 Conversis

2032 4582 2236 4636 leamus
2260 4580 2516 4635 incidere.
2545 4581 2881 4651 Quapropter
2911 4582 3038 4635 tanti
3064 4580 3305 4635 beneﬁcii
3331 4598 3622 4654 cognosca-

2030 4690 2150 4729 mus
2192 4685 2489 4730 auctorem.
2546 4674 2693 4729 Unus
2740 4684 2821 4728 est
2858 4673 3000 4729 enim
3057 4674 3187 4728 Dutn
3215 4691 3312 4728 nus
3351 4674 3620 4739 Christus,

2026 4766 2237 4835 genitus
2264 4781 2328 4820 ex
2366 4766 2521 4821 Patre
2569 4766 2687 4820 sine
2735 4774 2994 4833 tempore,
3046 4776 3201 4820 natus
3226 4781 3289 4820 ex
3325 4779 3493 4821 matre
3522 4769 3624 4821 sub

2032 4868 2295 4926 tempore.
2330 4858 2488 4913 Prius
2520 4858 2776 4913 mundum
2823 4860 3023 4913 creavit
3062 4874 3129 4912 ex
3160 4858 3347 4920 nihilo,
3386 4866 3503 4926 post
3542 4861 3623 4914 iu-

2031 4952 2173 5019 genti
2201 4948 2451 5004 liberavit
2476 4949 2669 5004 exitio.
2700 4947 2846 5004 Talis
2874 4959 2955 5004 est
2996 4950 3138 5003 enim
3172 4949 3216 5004 D
3252 4949 3267 5004 i
3300 4962 3353 5003 et
3382 4950 3621 5005 hominis

2034 5040 2167 5094 facta
2217 5042 2510 5105 connexio,
2554 5050 2610 5095 ut
2656 5050 2939 5110 utrumque
2988 5044 3286 5111 integrum,
3324 5053 3613 5111 utrumque
3692 5056 3701 5064 ·

2036 5148 2348 5208 permaneat
2372 5120 2489 5193 sine
2508 5139 2683 5208 aliqua
2711 5136 3026 5193 confusione
3052 5139 3382 5194 distinctum.
3437 5138 3620 5205 Neque

2037 5230 2178 5282 enim
2222 5238 2314 5282 aut
2361 5228 2615 5282 divinitas
2662 5229 3009 5299 impassibilis
3056 5230 3249 5284 mutari
3301 5230 3490 5299 potuit,
3530 5241 3623 5283 aut

2038 5319 2341 5374 humanitas
2371 5319 2546 5381 aliud,
2574 5319 2676 5374 nisi
2710 5331 2765 5375 ut
2798 5322 3071 5376 meliora=a
3106 5336 3316 5388 Semper
3356 5331 3617 5385 maneret,

2035 5411 2369 5477 accepit.Sic
2396 5413 2535 5465 enim
2568 5428 2727 5466 verus
2770 5424 2929 5481 atque
2974 5413 3313 5481 omnipotens
3358 5410 3622 5465 mediator

2035 5502 2255 5557 eﬂcctus
2283 5511 2386 5564 εει.
2420 5516 2471 5555 ιιι
2500 5501 2587 5572 qni
2620 5502 2672 5556 in
2705 5503 2873 5557 forma
2924 5503 3014 5556 Dei
3065 5502 3203 5556 Patri
3235 5510 3351 5555 erat
3377 5503 3619 5572 mqualis.

2038 5594 2189 5647 iicrct
2220 5604 2272 5647 et
2306 5591 2459 5648 nobis
2488 5593 2667 5646 carnis
2719 5595 3084 5661 assumptione
3131 5592 3449 5674 consimilis.
3482 5593 3535 5645 In
3566 5606 3621 5645 se

2035 5686 2177 5741 enim
2212 5700 2525 5755 permanere
2571 5686 2698 5740 iecit
2738 5684 2948 5754 juncta,
2981 5701 3097 5754 qua:
3128 5685 3297 5740 voluit
3327 5700 3447 5742 esse
3481 5684 3628 5755 paci-
