4008 6182
435 183 500 237 το
1637 178 1704 231 ιι.
1757 175 2032 231 Αιιιειλι
2075 173 2476 230 (λιξδιυῡυιιι
3633 187 3694 240 εῡ

437 301 552 362 lica.
606 297 713 353 ilnc
763 307 842 350 est
895 298 1006 364 spei
1045 303 1238 349 nostrae.
1269 290 1535 360 singulare
1569 287 1892 357 praesidium,
1928 301 2009 339 re-
2044 284 2376 341 Aadventns
2423 291 2503 342 sui
2553 290 2628 354 pia
2677 290 3077 358 dispensatione
3124 293 3403 347 destruxit.
3453 293 3694 348 Secunda

436 387 756 457 dcttiptionis
786 387 1078 441 indebitutn
1124 395 1336 445 munus.
1389 380 1579 435 mortis
1629 379 1874 443 exitium,
1909 378 2017 431 vita

436 487 764 533 sanctorum.
816 476 982 541 Quale
1049 474 1214 536 enim,
1256 486 1419 542 rago,
1466 485 1632 540 genus
1665 480 1747 526 est
1779 470 2012 540 pietatis,

438 581 492 623 ut
526 569 612 624 ille
662 567 970 634 angelorum
1017 565 1276 618 Dominus
1320 579 1487 633 usque
1515 563 1579 617 ad
1621 561 1845 617 formam
1875 563 2016 617 servi

439 661 599 714 fuerit
644 662 826 712 venire
873 656 1148 725 dignatus.
1201 662 1260 709 ut
1313 668 1458 708 mors
1507 667 1627 708 cum
1671 663 1891 707 auclore
1922 667 2018 705 suo

440 753 650 806 diabolo
680 749 1010 815 vinceretur,
1041 750 1129 818 qui
1178 746 1430 801 mundum
1463 747 1572 800 suis
1610 744 1840 800 vinculis
1870 755 2020 800 tene-

443 844 528 894 hat
558 839 884 896 obnoxium?
911 838 1057 893 l.‘nde
1083 841 1266 912 heazps
1298 836 1612 892 Ambrosius
1636 836 1892 907 hymnum
1917 835 2018 888 Na-

443 933 563 986 talis
599 932 804 986 Domini
829 930 1145 1000 eloquentia:
1185 945 1295 984 suae
1327 930 1690 999 pulcherrimo
1714 927 1844 982 ﬂore
1871 942 2022 982 com-

445 1024 614 1091 pinxit
641 1021 812 1093 (Tom.
833 1021 898 1086 Υ,
924 1023 1060 1091 Itym.
1087 1021 1200 1086 Ἡ),
1229 1031 1281 1073 ιιι
1315 1020 1432 1090 pius
1462 1019 1713 1074 sacerdos
1746 1017 2019 1072 festivitati

445 1126 602 1168 tanta:
632 1115 847 1183 dignum
877 1129 1068 1166 mmms
1089 1113 1327 1167 oifetret.
1362 1111 1446 1166 Ait
1494 1110 1637 1166 enim
1673 1127 1684 1161 :
1722 1109 2023 1164 Procedens

443 1209 510 1260 de
555 1207 788 1260 thalamo
833 1221 930 1259 suo
984 1206 1199 1272 pudoris
1243 1203 1360 1258 aula
1406 1206 1574 1273 regia.
1621 1203 1850 1273 gemina:
1876 1203 2024 1274 gigas

445 1297 780 1364 substantias,
811 1297 1004 1352 alacris
1028 1308 1082 1349 ut
1106 1314 1216 1350 (‘Ul‘l
1235 1307 1289 1351 at
1309 1298 1474 1362 viam,
1498 1307 1549 1350 et
1569 1307 1762 1351 caetera
1794 1310 1911 1364 quae
1937 1309 2023 1348 su-

448 1405 538 1455 pra
572 1391 858 1444 hutnanutn
891 1389 1162 1459 ingenium
1214 1389 1293 1441 vir
1323 1397 1540 1442 sanctus
1592 1385 1845 1441 excoluit.
1891 1385 2023 1440 Nam

445 1481 888 1547 etipsenumerus
915 1480 1172 1549 ogdoadis
1197 1480 1248 1532 in
1278 1478 1566 1547 Scripturis
1586 1478 1782 1531 divinis
1805 1491 2021 1544 magna-

448 1586 562 1624 rum
596 1587 771 1626 rerunt
807 1580 1142 1625 sacramenta
1181 1573 1457 1625 continere
1509 1568 1858 1640 dignoscitur.
1893 1571 2026 1624 Octo

447 1664 642 1715 etenim
692 1663 886 1714 anima:
943 1662 1196 1730 ingressa:
1241 1671 1364 1716 sunt
1405 1661 1458 1714 in
1511 1676 1688 1715 arcam
1729 1663 1868 1725 Noe,
1901 1677 2020 1730 quae
2052 1655 2098 1714 Β

448 1754 646 1807 mundo
694 1764 948 1822 pereunte
977 1754 1196 1808 salvete
1226 1761 1350 1806 sunt
1383 1770 1395 1804 :
1430 1762 1650 1808 octavus
1684 1754 1821 1807 tilius
1848 1752 2019 1815 Jesse,

449 1844 611 1898 David
640 1846 754 1908 luit,
789 1861 944 1914 quem
977 1862 1004 1898 a
1040 1847 1260 1900 Domino
1303 1847 1800 1908 constatelectum;
1835 1857 2024 1899 octavo

445 1937 603 1991 etiam
636 1937 722 2000 die
766 1937 1106 1992 circumcisio
1140 1938 1452 2006 puriﬁcabat
1481 1937 1766 2002 Hebraeos;
1809 1949 2020 1999 octavo,

451 2030 501 2080 id
526 2037 607 2084 est
637 2029 907 2084 dominico
947 2031 1033 2086 die
1066 2029 1321 2083 Dominus
1365 2030 1597 2084 surrexit
1624 2042 1656 2082 a
1689 2029 1934 2096 mortuis,
1971 2030 2021 2081 in

446 2131 552 2184 quo
585 2118 799 2174 humani
831 2122 1044 2190 generis
1083 2134 1207 2187 apes
1251 2119 1319 2172 ab
1372 2119 1655 2187 impiorum
1705 2117 1918 2173 inferno
1971 2118 2021 2171 in

449 2210 708 2264 malorum
741 2219 824 2264 est
845 2212 1048 2265 elavata
1092 2210 1380 2279 fastigium.
1427 2209 1527 2264 Istc
1557 2218 1734 2262 autem
1773 2225 2026 2265 numerus

447 2319 462 2345 σ
481 2308 528 2352 st
551 2315 705 2368 quem
731 2300 1057 2376 arithmetici
1088 2311 1210 2356 actu
1239 2303 1470 2371 primum
1503 2298 1814 2368 qu-idt-antal
1843 2301 2025 2369 appel-

455 2392 587 2457 lant,
623 2408 779 2463 quem
821 2392 1092 2447 Philolaus
1124 2393 1507 2465 Pythagoricus
1539 2392 1868 2446 harmoniam
1900 2406 2025 2460 geo-

450 2487 723 2539 metricam
769 2498 957 2551 vocat;
993 2500 1057 2540 eo
1087 2487 1227 2556 quod
1269 2502 1457 2542 omnes
1488 2486 1540 2540 in
1589 2485 1706 2554 ipso
1748 2486 2026 2541 videantur

450 2574 774 2628 harmonicaa
805 2577 1091 2629 convrnire
1124 2578 1374 2632 rationes.

755 2682 1116 2741 EXPOSITIO
1155 2686 1216 2741 IN
1260 2688 1586 2744 PSALMUM
1630 2688 1714 2741 lX.

657 2795 719 2848 In
748 2799 899 2862 linem
930 2815 1021 2866 pro
1045 2801 1251 2852 occultis
1275 2800 1371 2868 ﬁlii
1389 2803 1611 2870 psalmus
1637 2801 1818 2856 David.

523 2909 665 2963 Finis
714 2911 814 2964 iste
846 2912 967 2981 quid
996 2914 1261 2983 signiﬁcet
1305 2929 1448 2985 rape
1499 2916 1609 2986 jam
1660 2917 1860 2972 dictum
1911 2924 2021 2982 est,

447 3015 553 3053 non
587 2999 637 3054 in
666 3017 772 3071 quo
793 3004 993 3069 deficit,
1027 3005 1120 3058 Sed
1155 3007 1204 3059 in
1235 3019 1340 3074 quo
1367 3007 1646 3071 crescitur,
1681 3021 1748 3060 ex
1770 3021 1874 3075 quo
1898 3021 2022 3060 vere
2050 3023 2096 3087 ε

447 3106 781 3158 reparantur.
811 3095 896 3162 qui
934 3094 1083 3149 nobis
1116 3095 1322 3149 initium
1346 3096 1628 3162 bonorum,
1658 3101 1918 3151 terminus
1940 3106 2022 3151 est

450 3182 743 3247 malorum;
778 3182 841 3236 ad
874 3198 1028 3252 quem
1057 3183 1229 3239 Judzei
1261 3199 1367 3239 non
1401 3185 1744 3256 perveniunt,
1766 3187 2020 3255 quoniam

449 3287 544 3326 sua
572 3273 808 3327 incredul
836 3283 943 3327 tate
967 3275 1239 3332 deﬁciunt.
1272 3276 1375 3346 37
1405 3274 1511 3330 Pro
1529 3277 1739 3330 occultis
1765 3276 1884 3345 ﬁlii,
1908 3293 2025 3345 per-

449 3379 634 3416 sonam
659 3363 917 3433 signiﬁcat
937 3363 1145 3419 Domini
1175 3367 1485 3422 Salvatoris.
1519 3366 1649 3421 Nam
1681 3383 1797 3422 cum
1830 3384 2022 3424 nomen

447 3455 659 3522 aliquod
692 3456 756 3508 ad
788 3470 946 3526 quem
980 3459 1244 3526 pertineat
1275 3474 1379 3513 non
1417 3459 1654 3529 ponitur,
1690 3474 1912 3514 necesse
1942 3469 2022 3514 es:

449 3553 506 3598 ut
535 3547 633 3599 hoc
663 3546 860 3600 dictum
893 3547 958 3602 de
988 3547 1297 3602 summitate
1328 3549 1502 3619 aliqua
1533 3551 1818 3604 sentiatur.
1849 3549 2021 3619 Supra

447 3637 590 3691 enim
623 3637 711 3691 ubi
761 3640 922 3693 voluit
950 3639 1199 3693 Absalom
1251 3639 1510 3708 intelligi,
1543 3641 1898 3707 pronuntiavit
1928 3639 2021 3694 ﬁlii

448 3727 557 3794 sui;
591 3729 673 3784 hic
705 3745 830 3784 vero
875 3730 1014 3800 quod
1048 3731 1114 3786 ad
1165 3733 1419 3803 unigeniti
1453 3732 1612 3788 Verbi
1646 3733 1832 3788 referri
1883 3734 2028 3788 desi-

448 3818 653 3873 deravit
694 3820 1198 3876 excellentissimam
1231 3825 1618 3890 summitatem,
1653 3821 1781 3878 Filii
1820 3835 2024 3880 tantum

447 3909 600 3975 dixit,
627 3910 716 3981 qui
745 3921 824 3964 est
842 3913 1181 3981 omnipotens
1204 3923 1361 3983 atque
1385 3915 1819 3970 inenarrabiliter
1839 3917 2024 3982 Filius,

448 4012 747 4055 cna-tertius
776 4001 936 4065 Patri,
969 4001 1166 4057 iaciens
1188 4018 1309 4074 quae
1339 4007 1449 4060 vult
1473 4007 1523 4060 in
1549 4007 1686 4062 ccelo
1708 4016 1760 4062 et
1782 4007 1833 4060 itt
1861 4015 2022 4061 terra.

447 4089 616 4144 SittLli
655 4092 812 4145 modo
837 4094 890 4145 in
925 4093 1215 4164 Evangelio
1257 4097 1454 4151 dictum
1484 4107 1566 4152 est
1602 4115 1614 4149 :
1645 4096 1703 4153 Si
1735 4113 1820 4150 vos
1851 4097 2024 4152 Filius

447 4179 748 4246 liberaverit,
781 4194 898 4237 tum:
929 4200 1040 4239 νει-ε
1062 4186 1206 4239 liberi
1236 4190 1372 4242 eritis
1403 4188 1578 4258 (loan.
1624 4204 1737 4253 vut,
1763 4191 1876 4260 56).
1912 4191 2023 4244 Non

446 4274 586 4328 enim
633 4275 704 4328 ibi
735 4290 978 4330 secutum
1009 4288 1111 4342 est,
1161 4279 1286 4346 Dei,
1328 4281 1422 4335 sed
1471 4292 1674 4337 tantum
1705 4285 2022 4338 vocabulum

446 4370 617 4433 ipsum
675 4381 863 4436 purum
913 4370 1030 4424 sine
1062 4373 1234 4440 aliqua
1291 4372 1592 4443 adjectione
1645 4375 1858 4430 sufﬁcit.
1915 4375 2018 4430 Pro
2049 4401 2104 4460 Β

446 4459 656 4512 occultis
678 4468 852 4514 autem
887 4461 1114 4529 positum
1145 4475 1225 4516 est
1260 4480 1480 4518 numero
1510 4465 1728 4534 plurali,
1763 4469 1880 4535 quia
1915 4485 2020 4523 non

445 4564 631 4612 unum,
665 4550 758 4604 sed
788 4550 978 4620 duplex
1007 4553 1091 4607 hic
1123 4558 1461 4624 ccgnoseitur
1497 4575 1618 4616 esse
1669 4566 2019 4634 mysterium;

446 4640 709 4711 signiﬁcat
752 4643 892 4698 enim
951 4646 1368 4701 incarnationem
1419 4648 1632 4705 Domini
1677 4664 1730 4708 et
1785 4653 2018 4709 futurum

443 4735 696 4802 judicium
719 4778 733 4804 ,
765 4737 832 4793 de
861 4739 1053 4806 quibus
1095 4741 1332 4808 psalmus
1372 4741 1474 4796 iste
1501 4743 1742 4801 dicturus
1779 4758 1879 4802 est.
1914 4749 2017 4804 Sed

440 4828 550 4896 jam
583 4827 883 4883 humanitas
933 4831 1128 4884 Christi
1172 4833 1504 4889 manifestata
1537 4836 1887 4908 dignoscitur,
1919 4858 2014 4896 cn-

440 4920 530 4990 jus
551 4920 725 4976 adhuc
749 4921 1012 4993 judicium
1039 4925 1356 4980 sustinetur.
1385 4929 1488 4983 Sed
1511 4943 1630 4984 cum
1653 4932 1898 4987 audimus
1918 4952 2011 5003 pro

447 5010 680 5076 occultis,
713 5012 950 5080 prmbere
979 5013 1238 5067 debemus
1267 5016 1526 5070 intentum
1564 5021 1802 5075 animum
1832 5023 2018 5078 lcetio-

447 5102 498 5153 ui
525 5117 538 5153 :
569 5111 624 5155 ut
656 5102 827 5168 nobis,
851 5103 1070 5170 juvante
1113 5105 1359 5173 Domino,
1387 5109 1711 5177 reseréntur,
1743 5128 1860 5182 quae
1883 5130 2019 5183 prt—

446 5193 690 5244 dit-untur
709 5193 938 5246 occulta.

1011 5306 1202 5360 Divisio
1253 5311 1460 5378 psalmi.

516 5413 678 5470 Totus
709 5417 792 5471 hic
823 5419 1054 5486 psalmus
1095 5437 1123 5475 a
1170 5439 1394 5491 persona
1437 5427 1714 5496 propheta:
1746 5429 2017 5501 depromi-

448 5515 549 5557 lut‘.
579 5505 754 5559 Prima
788 5509 1114 5575 professione
1145 5513 1319 5568 Ite-tum
1351 5530 1409 5570 se
1441 5519 1569 5572 dicit
1612 5519 1836 5572 Domino
1870 5524 2012 5588 μεθι-

451 5605 680 5666 morum,
709 5604 953 5671 quoniam
985 5604 1225 5660 confudit
1254 5605 1545 5685 diabolum,
1573 5612 1723 5677 cujus
1750 5615 2009 5670 ruituram

2122 388 2425 433 commonet
2457 378 2636 435 ﬁdeles
2669 391 2723 434 ut
2752 382 2977 452 psallunt
3020 382 3263 448 Domino,
3297 385 3381 453 qui
3417 386 3618 439 habitat
3647 389 3696 441 in

2123 468 2278 532 Sion,
2306 469 2394 538 qui
2436 470 2671 524 vindicat
2713 473 3024 541 sanguinem
3075 490 3362 541 pauperum
3407 489 3462 529 et
3503 477 3701 532 esaltat

2121 573 2216 614 eos
2243 559 2309 615 de
2337 561 2503 631 portis
2537 567 2747 616 mortis.
2772 565 2952 618 'l‘ertia
2997 568 3362 633 peccatoribus
3397 583 3516 622 cum
3552 574 3697 623 Anii.

2121 652 2326 708 christo
2365 655 2625 709 malorum
2659 655 2816 710 ﬁnem
2845 656 2974 712 dicit
3021 673 3141 714 esse
3173 672 3476 717 venturum.
3503 664 3698 728 Quarta

2123 746 2382 799 malorum
2417 745 2650 815 ipsorum
2683 747 2960 802 nimietate
2993 759 3284 816 permotus,
3316 767 3606 806 (inmersus
3634 755 3700 807 ad

2127 833 2434 900 Dominum,
2465 836 2616 905 quasi
2664 839 2947 892 recessisse
2979 840 3126 894 illum
3158 841 3289 895 dicit
3324 860 3351 893 a
3394 843 3702 900 defensione

2125 939 2438 996 pauperum,
2469 943 2590 981 cum
2632 929 2787 984 malis
2827 932 2983 986 datur
3029 932 3238 989 licentia
3272 939 3703 1006 prmsumptinnis

2124 1030 2254 1069 sum.
2304 1016 2496 1084 Quinta
2545 1019 2862 1088 deprecatur
2911 1030 2967 1074 ut
3016 1024 3275 1079 tremendi
3325 1027 3468 1081 illius
3513 1027 3698 1095 jtnlicii

2126 1116 2334 1176 tempus
2383 1108 2647 1174 adveniat,
2700 1122 2966 1180 quatenus
3012 1113 3126 1168 hmo
3173 1116 3351 1171 omnia
3397 1117 3502 1172 ﬁne
3543 1121 3700 1174 celeri

2129 1201 2489 1269 transigantur
2524 1217 2538 1251 :
2571 1215 2639 1255 ne
2667 1201 2951 1271 cujuslibet
2997 1205 3228 1260 heminis
3273 1207 3526 1278 iniquitas
3568 1211 3701 1264 ultra

2133 1291 2435 1358 praevaleat.
2464 1292 2604 1347 Talis
2631 1295 2772 1348 enim
2804 1295 3108 1364 malignitas
3135 1298 3276 1354 illius
3305 1302 3558 1364 temporis
3578 1302 3698 1368 erit,

2132 1393 2185 1434 ut
2221 1397 2378 1438 nemo
2429 1384 2668 1439 ﬁdelium
2708 1396 2853 1455 Optet
2885 1388 3066 1442 mundi
3118 1398 3355 1455 tempora
3394 1390 3619 1456 diﬁ‘erri,
3655 1395 3702 1447 in

2130 1493 2234 1544 quo
2263 1487 2405 1532 tanta
2440 1478 2576 1532 mala
2607 1481 2915 1549 cognoverit
2948 1483 3179 1536 aetitari.

2661 1590 2931 1657 Expositio
2975 1594 3174 1662 psalmi.

2200 1699 2348 1754 Vers.
2385 1701 2433 1753 l.
2461 1701 2751 1770 Conﬁtebor
2777 1703 2891 1768 tibi,
2923 1702 3156 1770 Domine,
3175 1707 3229 1759 in
3253 1716 3354 1760 toto
3380 1708 3530 1762 corde
3553 1724 3660 1763 meo
3682 1723 3700 1762 :

2127 1792 2345 1845 narrabo
2373 1793 2543 1846 omnia
2582 1793 2841 1848 mirabilia
2883 1806 2987 1849 tua.
3030 1794 3095 1850 In
3123 1806 3228 1852 toto
3260 1802 3411 1853 corde
3435 1802 3703 1871 conﬁtetur

2129 1883 2429 1949 Dominum,
2474 1886 2561 1954 qui
2611 1888 2769 1940 nullis
2821 1889 3103 1943 mundanis
3150 1891 3558 1959 cogitationibus
3601 1893 3703 1947 ilu-

2126 1987 2298 2044 ctnat;
2329 1979 2466 2046 quod
2521 1981 2876 2047 perfectorem
2926 1995 3044 2036 esse
3097 1998 3201 2035 non
3234 1983 3450 2038 dubium
3482 1995 3586 2052 est,
3615 1987 3702 2055 qui

2128 2080 2178 2122 et
2212 2069 2488 2138 originalis
2531 2071 2732 2138 precati
2780 2073 2904 2124 vitia
2937 2081 2988 2126 et
3019 2073 3381 2140 suggestiones
3428 2092 3704 2145 perversas

2127 2162 2408 2228 Spiritutun
2456 2164 2753 2233 malorum,
2799 2164 3024 2218 Domino
3082 2176 3394 2233 prmstante,
3441 2169 3699 2224 vicerunt.

2129 2250 2400 2321 Sequitur,
2451 2254 2672 2306 narrabo
2722 2255 2892 2308 omnia
2938 2256 3191 2311 m’rabilia
3227 2266 3336 2313 tua.
3375 2259 3521 2328 Quis,
3553 2276 3702 2332 rogo,

2126 2353 2304 2413 potest
2329 2345 2506 2398 omnia
2539 2345 2797 2399 mirabilia
2837 2346 3014 2400 divina
3057 2363 3296 2414 narrare,
3326 2365 3446 2416 qua:
3470 2351 3704 2419 quotidie

2127 2434 2182 2488 in
2212 2435 2350 2489 ctelu
2389 2443 2445 2488 et
2487 2436 2539 2489 in
2579 2445 2717 2490 terra
2760 2435 2927 2490 virtus
2974 2437 3091 2506 ejus
3133 2441 3417 2508 Operatur?
3446 2441 3548 2495 Sed
3578 2456 3703 2495 usus

2128 2523 2522 2593 Scripturarum
2564 2535 2645 2579 est
2685 2541 2776 2592 per
2806 2528 3176 2596 synrcdochon
3213 2529 3453 2598 ﬁguram.
3483 2547 3599 2599 qua!
3627 2533 3701 2585 si-

2127 2614 2341 2683 gniﬁcat
2382 2632 2409 2668 a
2454 2624 2564 2669 toto
2595 2630 2820 2684 pariem,
2851 2618 3030 2672 dierre
3061 2623 3259 2689 omnia,
3293 2622 3416 2674 dum
3460 2638 3703 2689 compre-

2130 2703 2290 2757 hendi
2337 2718 2600 2769 nequeant
2649 2707 2912 2761 universa.
2960 2708 3062 2761 Sed
3107 2721 3163 2762 ut.
3205 2713 3272 2765 de
3316 2713 3494 2766 multis
3543 2729 3700 2766 unum

2129 2793 2306 2848 dcere
2337 2793 2630 2858 videamur,
2671 2795 2797 2862 quid
2844 2797 3136 2852 mirabilius
3185 2816 3339 2865 quam
3393 2819 3485 2868 pro
3534 2803 3705 2858 salute

2132 2883 2347 2938 immani
2393 2885 2606 2953 generis
2650 2883 2814 2938 [tcum
2863 2884 3309 2942 inconiusibilitcr
3339 2890 3701 2958 humanatum,

2130 2982 2179 3026 et
2211 2973 2298 3041 qtti
2331 2972 2413 3026 hic
2436 2973 2704 3041 judicatus
2725 2984 2825 3040 est,
2862 2975 3032 3043 ipsum
3066 2979 3129 3030 ad
3157 2978 3339 3032 orbem
3360 2978 3702 3047 judicandnm

2129 3079 2249 3119 esse
2276 3064 2593 3118 venturum?

2201 3153 2351 3207 Vers.
2380 3155 2434 3208 2.
2467 3153 2700 3208 Lwlobor
2727 3165 2773 3209 et
2795 3157 3057 3210 exsultubo
3080 3159 3128 3209 in
3158 3168 3236 3222 te;
3262 3160 3479 3226 psallunt
3512 3164 3705 3215 nomini

2129 3252 2233 3307 tuo,
2268 3243 2546 3298 Altissime.
2580 3245 2692 3300 Non
2724 3247 2775 3300 in
2801 3247 2900 3301 hoc.
2927 3248 3146 3314 szr-culo,
3180 3250 3266 3303 ubi
3303 3252 3542 3305 lehilcra
3568 3253 3704 3307 Iasti-

2130 3335 2200 3388 tia
2246 3344 2358 3403 est;
2406 3350 2508 3390 non
2562 3336 2614 3390 in
2667 3339 3050 3393 ambitionibus
3101 3342 3305 3403 tllttntli,
3352 3343 3437 3397 ubi
3488 3357 3702 3413 peccata

2128 3440 2304 3480 amara
2337 3425 2520 3480 suavia
2553 3438 2705 3491 sunt;
2740 3428 2829 3482 sed
2873 3430 2927 3482 in
2959 3441 3025 3488 te.
3061 3430 3146 3485 ubi
3177 3447 3422 3486 securum
3452 3437 3701 3503 gaudium

2129 3530 2340 3584 smper
2384 3519 2544 3572 sumit
2586 3529 2947 3588 augmentum.
2993 3520 3115 3574 Plus
3155 3533 3234 3576 est
3267 3525 3408 3578 enim
3447 3528 3705 3582 exsultare

2129 3623 2286 3676 quam
2333 3607 2518 3662 latori.
2564 3606 2841 3663 Exsultare
2867 3620 2951 3665 est
2978 3613 3121 3666 enim
3158 3614 3321 3668 animi
3369 3627 3422 3670 et
3463 3621 3703 3686 corporis

2129 3697 2330 3768 majore
2355 3709 2501 3754 motu
2527 3699 2910 3768 jucundis~ima
2934 3703 3183 3758 libertate
3212 3707 3462 3774 gaudere.
3485 3708 3696 3766 Gratias

2131 3806 2340 3860 quoque
2389 3806 2449 3845 se
2494 3799 2736 3846 aeturum
2778 3795 3056 3862 pollicetur
3098 3799 3391 3865 Altis-simo,
3423 3803 3513 3869 qui
3539 3817 3702 3874 supra

2131 3884 2309 3936 omnia
2343 3885 2594 3952 probatur
2621 3884 2880 3941 excelsus.
2915 3888 3052 3955 quod
3077 3905 3196 3943 eum
3221 3891 3288 3943 ab
3317 3893 3545 3948 inimicis
3568 3898 3702 3961 suis,

2131 3977 2241 4028 sive
2272 3976 2595 4041 carnalibus,
2627 3976 2739 4032 sive
2783 3978 3171 4048 spiritualibus,
3203 3983 3430 4039 liberare
3457 3987 3704 4056 dignatus

2129 4080 2210 4121 est
2242 4086 2254 4121 :
2289 4071 2626 4141 promittens,
2676 4070 2814 4124 sicut
2857 4071 3060 4126 dictum
3107 4083 3205 4139 est,
3257 4087 3309 4130 et
3345 4079 3598 4146 operibus
3643 4095 3704 4135 se

2134 4160 2379 4223 Domino,
2408 4171 2460 4214 et
2489 4176 2618 4215 voce
2645 4172 2881 4217 cantare.

2207 4253 2354 4307 γει-ε.
2390 4255 2442 4310 3.
2482 4251 2542 4306 In
2573 4255 2905 4308 conrertendo
2934 4255 3192 4309 inimicum
3215 4269 3375 4311 meum
3403 4271 3701 4328 retrorsum,

2129 4343 2524 4412 infirmabuntar
2562 4353 2607 4397 et
2643 4346 2834 4414 perierit
2862 4363 2894 4399 a
2932 4348 3062 4416 facie
3091 4358 3200 4402 tua.
3229 4349 3483 4413 Quamvis
3509 4356 3706 4410 multos

2130 4431 2372 4486 inimicos
2401 4432 2665 4495 habuerit,
2710 4444 2885 4489 tamen
2935 4436 3018 4490 hic
3066 4439 3223 4492 modo
3263 4440 3474 4495 Saulem
3505 4457 3707 4499 conve-

2128 4523 2338 4576 nienter
2363 4522 2712 4578 advertimus.
2763 4523 3059 4580 Retrorsum
3087 4529 3229 4582 enim
3259 4529 3414 4594 dixit,
3443 4536 3563 4600 quia
3595 4551 3703 4590 non

2129 4612 2301 4680 potuit
2335 4611 2578 4668 obtinere
2617 4615 2756 4680 quod
2803 4617 2999 4681 voluit;
3047 4619 3140 4671 sed
3184 4623 3352 4690 magis
3381 4636 3581 4691 quanto
3611 4625 3706 4682 ille

2129 4705 2374 4772 nequiter
2418 4705 2851 4772 persequebatur,
2882 4715 3026 4760 tanto
3062 4707 3162 4763 iste
3193 4711 3472 4768 tolerando
3501 4715 3705 4783 impro-

2130 4794 2252 4847 hum
2276 4795 2329 4863 ju
2364 4795 2463 4848 tior
2485 4795 2793 4863 apparebat.
2819 4796 3021 4852 Etcum
3051 4800 3198 4867 prius
3221 4801 3482 4858 inimicum
3506 4804 3708 4862 dixerit

2131 4899 2354 4938 numero
2382 4884 2660 4954 singulari,
2695 4887 2777 4941 hic
2807 4887 2935 4940 dicit
2974 4889 3371 4955 inﬁrmabuntur
3403 4910 3423 4948 :
3451 4897 3570 4961 quia
3601 4914 3705 4952 rex

2129 4983 2438 5042 perseeutor
2470 4983 2608 5038 crat,
2639 4975 2727 5040 qui
2760 4976 3058 5031 voluntates
3086 4995 3208 5033 suas
3240 4983 3418 5037 multis
3446 4986 3709 5041 famulan-

2130 5067 2270 5119 tibus
2309 5067 2584 5120 exerebat.
2629 5069 2961 5135 Quapropter
2997 5085 3231 5138 congrue
3270 5075 3468 5130 dictum
3505 5086 3588 5130 est
3623 5079 3710 5131 in-

2128 5157 2484 5223 ﬁrmabantur,
2532 5157 2652 5224 quia
2705 5158 2794 5211 Dei
2846 5159 3119 5213 voluntate
3169 5179 3354 5217 omnes
3401 5165 3707 5225 inefﬁcaces

2126 5247 2448 5315 generaliter
2488 5249 2825 5300 exstiterunt.
2874 5247 2939 5301 Et
2984 5251 3174 5319 perierit
3212 5271 3241 5304 a
3272 5255 3404 5324 [acie
3440 5269 3546 5324 tua,
3577 5260 3704 5315 dum

2125 5353 2223 5406 ego
2253 5337 2316 5390 ad
2350 5347 2399 5389 te
2431 5337 2624 5390 devota
2655 5347 2830 5391 mente
2859 5340 3128 5408 coniugio.
3160 5341 3375 5412 Iniquus
3406 5349 3549 5401 enini
3579 5365 3708 5407 ante

2125 5428 2310 5482 faciem
2355 5439 2520 5490 tuam,
2562 5428 2608 5480 ill
2656 5439 2737 5480 est
2767 5439 2891 5482 ante
2925 5440 3147 5498 gratiam
3197 5447 3361 5504 tuam,
3393 5456 3494 5492 non
3535 5446 3701 5498 venit.

2123 5522 2243 5591 quia
2269 5521 2602 5590 persequitur
2629 5523 2984 5576 innocentem.

2200 5615 2345 5668 \‘ers.
2383 5615 2428 5666 4.
2469 5614 2715 5677 Quoniam
2745 5615 2842 5683 [eri
2874 5615 2908 5664 ti
2925 5616 3185 5686 judicium
3219 5637 3382 5674 meum
3413 5635 3458 5676 et
3489 5642 3515 5678 ε
3537 5644 3706 5684 Διιείῖυδ
