4008 6182
287 398 346 451 ει
1254 396 1610 453 ΕΧΡΟΞΓΠΟ
1650 397 1719 452 ιχ
1755 398 1887 452 PSAl

1995 397 2206 451 ειιιυιι.
2252 397 2438 453 PSAL.
2483 399 2571 455 IX.
3486 398 3553 454 82

286 526 445 565 meam
474 524 497 565 :
525 511 665 563 sedes
709 525 858 580 super
905 510 1141 563 thronum
1183 514 1271 582 qui
1308 514 1514 583 judico.-
1555 514 1866 583 (equitatem.
1901 519 1936 569 Α
1975 509 2252 567 testatione
2282 514 2577 579 convictos,
2603 528 2827 584 quorum
2860 522 3070 582 pectora
3099 513 3341 567 diabolus
3370 514 3418 565 in
3452 514 3551 568 hoc

283 602 414 655 Cum
457 599 565 653 duo
608 615 672 654 ex
716 599 929 654 diversa
984 612 1131 667 parte
1182 603 1498 673 conﬂigunt,
1539 619 1760 659 necesse
1788 612 1869 659 est

285 707 446 745 unum
499 690 797 757 oﬂendere,
834 706 954 769 cum
1004 692 1230 747 alterum
1277 694 1557 765 contigerit
1604 695 1867 749 obtinere.

286 784 339 837 νς
354 784 513 837 obsta
554 798 688 855 ergo
736 783 1008 852 propheta:
1048 799 1229 851 causa,
1259 786 1441 841 odium
1472 786 1634 841 fuisse
1663 795 1871 843 constat

282 876 500 930 adversi
534 892 547 929 :
578 877 703 946 quia
757 892 865 930 non
908 885 1115 944 poterat
1147 889 1457 945 persecutor
1486 879 1716 943 placere,
1749 894 1869 933 cum

282 968 583 1023 decreverit
618 969 873 1022 Dominus
914 984 1035 1025 eum
1066 970 1155 1038 qui
1191 971 1350 1038 impie
1394 970 1735 1039 premebatur
1762 972 1871 1025 eri-

285 1077 437 1131 pere.
468 1060 573 1117 Sed
599 1076 720 1115 cum
748 1061 895 1125 dicit,
921 1063 1178 1135 judicium
1203 1080 1366 1116 meum
1388 1072 1435 1116 et
1456 1079 1663 1116 causam
1687 1079 1866 1128 meam,

288 1168 599 1221 prosperam
652 1152 753 1206 sibi
807 1163 1035 1210 testatur
1086 1155 1249 1209 fuisse
1301 1155 1642 1211 sententiam.
1686 1156 1775 1211 Sic
1820 1165 1875 1212 et

286 1245 602 1315 navigantes
630 1259 782 1296 suum
809 1255 1027 1298 ventum
1056 1245 1259 1311 dicunt,
1287 1246 1500 1315 quando
1530 1246 1630 1299 illis
1652 1256 1874 1301 eventus

286 1334 659 1404 prosperitatis
686 1334 949 1388 arriserit.
980 1334 1138 1389 Sedes
1158 1352 1313 1407 super
1339 1334 1575 1388 thronum
1600 1352 1618 1389 :
1650 1334 1874 1390 Domino

286 1426 488 1480 dicitur
518 1426 751 1491 Christo,
785 1426 875 1493 qui
910 1441 1049 1480 nunc
1093 1427 1244 1480 sedet
1278 1427 1345 1480 ad
1374 1427 1646 1482 dexteram
1679 1425 1872 1493 Patris,

286 1518 433 1572 unde
462 1526 719 1571 venturus
746 1530 828 1571 est
868 1518 1107 1585 judicare
1138 1519 1285 1573 vivos
1318 1527 1372 1573 et
1414 1527 1673 1572 mortuos.
1718 1517 1876 1571 Sedes

287 1622 492 1677 autem,
537 1612 829 1679 prophetia:
861 1611 1078 1674 virtute,
1124 1625 1360 1678 praesens
1407 1610 1604 1663 dictum
1652 1619 1733 1663 est
1783 1624 1877 1677 pro

290 1700 491 1755 futuro.
521 1700 651 1754 Nam
698 1701 994 1754 sessionem
1027 1700 1182 1756 istam
1214 1700 1279 1753 ad
1321 1701 1737 1754 incarnationem
1776 1698 1880 1753 Do-

288 1792 419 1843 mini
454 1790 725 1858 pertinere
757 1788 1105 1842 manifestum
1136 1800 1242 1851 εει,
1274 1803 1393 1857 qua:
1420 1787 1594 1840 adhuc
1624 1788 1712 1841 illo
1740 1796 1877 1841 tem-

1974 602 2192 664 stcculo,
2226 612 2474 673 tanquam
2520 619 2629 657 suae
2671 605 2905 658 civitatis
2956 605 3171 677 muenia,
3222 604 3548 673 possidebat.

1975 693 2137 749 Periit
2166 706 2341 751 autem
2380 699 2624 750 memoria
2651 713 2823 751 eorum
2851 715 2965 752 cum
2993 699 3181 751 sonitu.
3212 696 3339 753 Cum
3381 699 3553 751 sonitu

1976 802 2123 851 vero,
2172 803 2293 843 cum
2339 790 2574 844 clamore
2605 791 2834 845 maximo
2864 790 3025 855 dicit;
3065 790 3207 861 quod
3251 790 3364 844 ﬁeri
3412 790 3553 845 solet

1975 880 2189 950 quando
2215 896 2300 934 res
2333 895 2605 950 prosperae
2634 880 2952 949 gravissimo
2986 882 3089 936 ﬁne
3122 880 3463 947 clauduntur,
3495 890 3553 937 ut

1977 986 2071 1024 nec
2100 980 2334 1040 potestas
2362 986 2547 1026 eorum
2589 972 2833 1026 videatur
2877 986 3173 1034 remanere.
3206 985 3305 1025 nec
3332 986 3549 1026 nomen.

1976 1062 2188 1118 intuere
2210 1063 2659 1133 quemadmodum
2693 1064 2742 1117 in
2777 1052 3134 1131 pulcherrima
3154 1063 3553 1133 comparatione

1976 1156 2289 1224 permansit,
2318 1163 2376 1209 ut
2409 1156 2648 1209 civitates
2679 1167 2812 1224 quas
2857 1153 3157 1209 destructas
3196 1153 3429 1223 dixerat,
3461 1168 3553 1208 eas

1977 1260 2095 1301 cum
2127 1248 2303 1301 senitu
2336 1255 2623 1301 testaretur
2652 1261 2891 1301 eversas.

2048 1336 2203 1391 Vers.
2236 1339 2289 1392 7.
2323 1337 2387 1391 Et
2417 1338 2666 1393 Dominus
2694 1340 2743 1392 in
2766 1348 3008 1391 aternum
3032 1344 3311 1404 permanet.
3345 1334 3555 1390 Paravit

1976 1431 2028 1483 in
2050 1430 2254 1500 judicio
2281 1429 2451 1483 sedem
2479 1446 2645 1483 suam.
2678 1429 2877 1483 Decora
2924 1428 3082 1481 nimis
3120 1437 3346 1495 aptaque
3375 1424 3556 1479 diver-

1978 1518 2133 1573 sitas.
2157 1518 2287 1586 Quia
2318 1518 2525 1573 dixerat
2555 1518 2747 1585 iinpios
2777 1519 2973 1587 perire,
3006 1518 3132 1571 dicit
3162 1531 3303 1570 nunc
3322 1516 3373 1569 in
3401 1524 3555 1569 teter-

1980 1628 2100 1665 num
2129 1610 2405 1664 Dominum
2450 1595 2779 1680 permanere;
2812 1610 2949 1680 quod
2998 1609 3185 1664 audire
3238 1608 3425 1662 nolunt
3465 1606 3557 1675 qui

1980 1702 2149 1758 Creat:
2176 1704 2221 1757 ri
2269 1717 2366 1757 suo
2406 1703 2580 1772 pravis
2620 1702 2837 1756 ausibus
2867 1704 3203 1757 restiterunt.
3233 1698 3339 1755 Sed
3370 1698 3556 1753 contn-

1980 1795 2127 1867 giint
2164 1793 2229 1848 ad
2270 1795 2550 1848 Dominum
2601 1793 3023 1859 misericordem,
3070 1807 3137 1847 ne
3181 1793 3450 1861 patiantur
3477 1789 3561 1845 di-

288 1895 419 1949 pore
454 1894 561 1933 non
595 1879 874 1934 videbatur
903 1879 1111 1933 eﬂ‘ecta.
1149 1877 1409 1932 Thronum
1429 1877 1687 1947 significat
1710 1878 1878 1933 tribu-
1909 1900 1953 1961 Β
1984 1886 2224 1938 Strictum
2266 1883 2526 1955 judicem.
2577 1881 2803 1947 Paravit,
2851 1882 2951 1937 hoc
2990 1892 3071 1936 est
3118 1882 3255 1935 Deus
3287 1881 3473 1943 homo;
3505 1890 3562 1934 ut

288 1976 377 2026 nat
404 1972 571 2025 futuri
596 1972 803 2040 judicii,
830 1971 882 2024 in
904 1985 1011 2040 quo
1038 1970 1290 2023 Dominus
1316 1968 1562 2023 Christus
1590 1966 1880 2035 majestatis

289 2080 405 2118 suae
436 2064 740 2117 honorabili
772 2070 1035 2131 potesmte
1067 2075 1313 2116 sessurus
1343 2067 1443 2114 est.
1481 2059 1695 2113 Judicas
1724 2059 1883 2120 ανᾳαί-

290 2164 468 2206 tatem.
496 2152 567 2207 Et
601 2153 681 2205 bii:
709 2162 917 2219 tempus
946 2165 1180 2219 praesens
1213 2164 1310 2218 pro
1339 2148 1514 2204 l'uturo
1545 2150 1701 2202 dixit.
1732 2147 1884 2215 cludi-

288 2255 511 2298 taturus
549 2252 635 2296 est
678 2243 821 2296 enim
865 2242 1192 2309 aequitatem,
1228 2254 1347 2293 cum
1385 2238 1450 2292 ad
1480 2237 1881 2305 disceptandum

294 2344 416 2403 post
443 2336 609 2387 tinem
642 2333 824 2387 mundi
856 2332 1133 2386 reluxerit.
1164 2332 1296 2397 Quae
1329 2332 1486 2400 ﬁgura
1520 2329 1712 2384 dicitur
1742 2329 1880 2396 idea,

289 2442 415 2481 cum
457 2426 693 2495 speciem
725 2424 800 2478 rei
830 2423 1016 2479 futurte
1050 2424 1191 2476 velut
1234 2424 1402 2476 orulis
1431 2421 1734 2484 oﬂ‘erentes,
1765 2436 1881 2476 m0-

294 2528 410 2571 tnm
438 2517 605 2569 animi
638 2526 989 2570 concetamus.
1022 2515 1130 2569 lloc
1156 2515 1317 2569 etiam
1359 2515 1411 2568 in
1442 2513 1885 2583 subsequentibus

293 2608 463 2662 latius
491 2608 867 2673 explicabitur.

373 2697 535 2753 Vera.
569 2698 622 2751 5.
652 2695 937 2765 Increpasti
965 2708 1158 2767 gentes,
1184 2707 1232 2750 et
1263 2698 1411 2764 periit
1449 2696 1633 2765 impius
1662 2711 1681 2750 :
1705 2710 1888 2749 nomen

292 2806 481 2843 eorum
514 2790 693 2843 delati
723 2790 776 2841 in
819 2796 1066 2842 icternum
1097 2799 1143 2843 et
1170 2789 1225 2841 in
1253 2788 1492 2841 sa'e'ulum
1524 2786 1722 2842 sa'culi.
1759 2788 1889 2843 llinc

289 2880 403 2947 jam
440 2878 837 2933 sar'ratissimus
870 2878 1074 2931 Domini
1120 2878 1387 2933 secundus
1422 2878 1686 2932 adventus
1716 2892 1891 2946 expo-

294 2972 471 3034 nitur,
518 2972 731 3038 quando
780 2971 1197 3038 increpabuntur
1243 2980 1430 3038 gentes
1480 2968 1786 3033 ἱιιειθάιι1.ι·,
1836 2976 1889 3023 et

294 3062 554 3118 diabolus
592 3076 710 3115 cum
762 3061 1241 3117 machinationibus
1282 3062 1391 3117 suis
1434 3063 1623 3132 peribit
1654 3062 1702 3115 in
1734 3071 1884 3116 teter-

300 3172 455 3208 num.
501 3154 654 3209 Tunc
690 3155 830 3208 enim
879 3170 983 3208 non
1032 3155 1329 3209 remanebit
1373 3154 1491 3222 ejus
1534 3164 1889 3223 tempestuosa

300 3248 653 3315 perversitas.
679 3245 889 3312 quando
912 3256 1068 3299 erunt
1090 3244 1289 3310 omnia,
1328 3244 1551 3298 Domino
1584 3255 1888 3314 prwstante,

304 3337 619 3403 tranquilla.
664 3336 796 3390 Nam
828 3337 945 3406 quis
990 3336 1212 3391 uberius
1250 3337 1302 3389 in
1346 3351 1508 3405 regno
1552 3336 1755 3390 Domini
1798 3346 1890 3392 aut

301 3430 583 3485 diabolum
616 3430 874 3493 nominet,
907 3438 997 3481 aut
1026 3428 1142 3496 ejus
1187 3442 1383 3497 sequac
1418 3441 1464 3493 s,
1497 3442 1616 3481 cum
1662 3428 1889 3481 Domini-

302 3538 420 3577 (ιω
472 3523 742 3576 civitatem
792 3536 889 3575 nec
933 3519 1227 3574 adversitas
1276 3520 1565 3582 concutiat,
1608 3532 1707 3573 nec
1754 3518 1893 3572 ullus

305 3615 483 3669 hosth
513 3614 758 3667 invadat?
787 3613 925 3681 Quid
973 3614 1045 3666 sit
1090 3625 1303 3681 quoque
1347 3622 1594 3664 eternum
1641 3610 1895 3664 decenter

302 3707 609 3775 expositum
655 3714 770 3763 est.
817 3703 1063 3759 saeculum
1105 3704 1299 3757 surculi.
1351 3702 1610 3757 Sa’culum
1660 3700 1893 3756 futurum

306 3794 522 3848 Dumini
570 3792 836 3863 signiﬁcat
888 3807 1129 3863 regnum,
1184 3791 1325 3860 quod
1376 3792 1516 3845 nulla
1560 3791 1667 3863 38
1715 3800 1892 3857 aetate,

311 3886 465 3940 nullo
502 3894 746 3951 tempore
794 3884 1026 3939 ﬁnietur.
1069 3883 1132 3937 Et
1164 3897 1230 3937 ne
1267 3884 1433 3952 possit
1462 3882 1634 3951 aliqua
1668 3882 1895 3950 pennis—

309 3981 459 4032 tioue
484 3962 762 4041 contundi,
786 3977 986 4031 dictum
1018 3987 1123 4040 est,
1154 3975 1347 4040 menti,
1394 3975 1443 4028 id
1484 3984 1565 4029 est
1605 3973 1765 4044 hujus
1790 3988 1897 4043 quo

309 4083 457 4123 nunc
486 4070 687 4123 utimur
715 4068 1088 4137 subgequium.
1136 4067 1274 4121 Istud
1304 4068 1447 4122 enim
1486 4066 1589 4121 sibi
1628 4066 1897 4121 redeundo

309 4161 578 4221 succedit.
604 4171 657 4214 et
689 4158 1021 4229 temporibus
1058 4159 1347 4226 exemptis,
1370 4156 1581 4212 annuis
1612 4157 1899 4211 revolutio-

308 4253 473 4306 uitius
500 4250 754 4315 iteratur;
784 4249 912 4303 illud
944 4258 1121 4303 autem
1150 4263 1255 4302 non
1282 4248 1347 4301 ad
1373 4248 1581 4301 initium
1616 4247 1774 4309 redit,
1802 4245 1897 4301 sed

308 4346 429 4398 sine
457 4344 630 4411 aliqua
660 4343 953 4396 munitione
987 4341 1183 4411 jugiter
1211 4350 1535 4409 perseverat.
1566 4340 1901 4409 Quapropter

309 4439 567 4492 desinant
612 4437 846 4491 haeretici
889 4435 1090 4499 dicere,
1138 4433 1424 4503 aliquando
1462 4434 1730 4488 diabolum
1777 4448 1896 4488 cum

309 4528 636 4595 “nauibus
669 4529 778 4580 suis
816 4526 884 4581 ad
928 4526 1154 4595 gratiam
1198 4541 1355 4595 posse
1394 4528 1657 4589 revocari,
1688 4527 1899 4595 quando

311 4620 388 4672 sic
418 4617 697 4673 evidenter
733 4616 952 4671 audiunt
987 4630 1080 4671 eos
1118 4617 1171 4669 in
1205 4627 1475 4679 azternum,
1506 4626 1551 4670 et
1578 4616 1629 4669 in
1655 4618 1897 4670 saeculum

311 4708 487 4763 μιαιιὶ
516 4723 641 4763 esse
666 4709 1015 4775 damnandos,
1044 4716 1102 4763 ut
1132 4722 1231 4764 nec
1262 4708 1491 4763 nominis
1519 4721 1703 4762 eorum
1734 4708 1898 4779 possit

314 4814 598 4855 remanete
633 4799 937 4868 vestigium.

384 4894 543 4949 Vera.
576 4894 629 4947 6.
663 4892 869 4947 Inimici
899 4898 1187 4962 defecerunt
1218 4894 1422 4962 framea:
1452 4892 1504 4944 in
1540 4892 1720 4959 ﬁnem,
1744 4901 1789 4945 et
1821 4894 1897 4945 ci-

312 4990 487 5038 vitates
516 4985 831 5037 destruxisti.
874 4982 1037 5037 Periit
1077 4984 1319 5036 memoria
1352 4998 1527 5036 eorum
1558 4998 1671 5035 cum
1705 4983 1892 5036 sonitu.

316 5076 547 5143 Inimici,
594 5079 861 5144 genitivus
904 5090 1061 5129 casus
1109 5086 1214 5137 est,
1255 5074 1306 5128 id
1354 5084 1436 5130 est
1483 5076 1701 5139 diaboli,
1748 5076 1899 5144 cujus

314 5168 535 5232 tractem
572 5166 815 5236 defecisse
859 5174 1107 5219 testatur.
1162 5162 1208 5217 F
1213 5180 1385 5218 ramea
1423 5166 1565 5219 enim
1608 5164 1900 5221 llebraicus

318 5275 497 5313 sermo
526 5268 607 5313 est
629 5258 937 5329 signiﬁcans
960 5257 1194 5327 gladium
1224 5274 1329 5327 quo
1360 5258 1528 5313 hostis
1557 5258 1648 5313 ille
1674 5258 1899 5313 baccha-

318 5360 423 5403 tur.
450 5349 604 5416 Quod
637 5360 816 5405 autem
842 5349 1000 5411 dixit,
1025 5350 1076 5402 in
1103 5350 1276 5419 ﬁnem,
1310 5351 1698 5404 consummatio
1720 5350 1899 5405 sreculi

320 5444 475 5496 datur
525 5442 747 5509 intelligi
785 5441 1043 5511 :quando
1087 5441 1255 5495 virtus
1300 5441 1499 5497 diaboli
1544 5442 1895 5509 omnipotenti

320 5536 410 5588 illo
435 5536 611 5605 gladio
644 5534 902 5607 probatur
931 5534 1191 5599 interimi,
1246 5534 1311 5588 de
1348 5550 1455 5603 quo
1488 5535 1620 5589 dixit
1651 5534 1703 5589 in
1735 5535 1900 5602 septi-

323 5642 410 5680 mo
440 5629 642 5694 psalmo
674 5644 687 5680 :
722 5623 841 5680 Nisi
873 5626 1261 5691 convertamini,
1296 5626 1520 5696 gladium
1551 5643 1699 5680 suum
1736 5628 1900 5681 ribra-

322 5718 393 5767 δὶι
417 5713 585 5784 (Psat.
619 5731 711 5783 ut,
751 5716 865 5786 l5),
896 5726 1000 5772 etc.
1043 5714 1281 5770 Civitates
1318 5728 1495 5771 autem
1526 5716 1658 5773 dicit
1684 5717 1898 5773 destru-

321 5822 457 5876 sta~,
485 5809 708 5880 populos
755 5808 998 5865 inﬁdeles
1031 5809 1213 5863 tt'tima
1258 5809 1465 5863 Domini
1498 5810 1695 5864 εἰει-ἑδιί
1729 5814 1899 5866 mani-

1982 1976 2072 2046 qui
2118 1977 2200 2027 hic
2247 1974 2299 2029 in
2337 1974 2634 2029 humilitate
2662 1973 2927 2042 judicatus
2956 1981 3058 2035 est,
3100 1971 3170 2026 ibi
3202 1971 3253 2025 in
3284 1972 3562 2036 majestate

1983 2082 2074 2120 sua
2104 2066 2440 2135 judicaturns
2474 2065 2741 2119 adveniat.
2784 2066 2904 2119 llaec
2947 2072 3072 2119 sunt
3113 2079 3230 2133 qua:
3270 2064 3451 2117 titulus
3482 2062 3562 2115 tli-

1986 2157 2085 2221 xit,
2116 2155 2313 2210 o.culta
2339 2156 2437 2225 ﬁlii
2467 2156 2625 2224 :qnia
2650 2154 2915 2210 inell'abile
2943 2155 3138 2208 donum
3169 2164 3274 2217 est,
3306 2165 3358 2205 ut
3388 2153 3563 2206 humi-

1984 2248 2165 2303 liatatn
2218 2250 2449 2302 hominis
2498 2257 2741 2302 naturam
2789 2257 2948 2314 atque
2996 2247 3293 2301 demersam
3342 2245 3562 2300 dextera

1984 2354 2096 2393 sua:
2128 2340 2378 2406 potentiae
2409 2339 2474 2392 ad
2508 2340 2746 2394 caelestia
2775 2352 2937 2407 regna
2970 2337 3242 2391 Ievaverit.

2060 2427 2211 2483 Vers.
2243 2429 2296 2485 8.
2332 2426 2395 2481 Et
2426 2430 2532 2498 ipse
2558 2427 2807 2493 iudicabit
2836 2427 3008 2482 orbem
3037 2438 3185 2481 terra:
3216 2428 3269 2480 in
3300 2427 3561 2496 (equitate,

1978 2517 2234 2590 jud’cabit
2263 2518 2482 2586 papulas
2511 2534 2625 2571 cum
2663 2517 2889 2590 justitia.
2924 2515 3044 2583 Ipse
3083 2517 3261 2584 utique
3308 2514 3565 2569 Dominus

1989 2609 2253 2678 Christus,
2283 2610 2375 2679 qui
2405 2610 2488 2664 hic
2520 2610 2771 2678 patiendo
2802 2609 3136 2678 injustltiam,
3172 2609 3239 2663 ibi
3271 2608 3446 2677 impiis
3478 2624 3568 2659 ve-

1989 2702 2182 2755 raciter
2216 2701 2413 2755 dicitur
2441 2701 2813 2757 demonstrare
2852 2699 3134 2770 iustitiam.
3171 2698 3354 2753 Orbem
3398 2708 3564 2759 terror.

1991 2802 2204 2846 sanctos
2246 2795 2388 2845 viros
2431 2793 2687 2847 debemus
2732 2793 2995 2860 accipere,
3038 2793 3124 2860 qui
3171 2792 3239 2846 de
3278 2792 3564 2846 universali

1994 2881 2258 2947 Ecclesia,
2287 2883 2436 2952 quasi
2463 2882 2529 2936 de
2552 2896 2764 2936 coronas
2796 2882 2995 2936 circulo
3034 2893 3445 2951 congregantur.
3477 2882 3567 2934 lsti

1994 2975 2045 3028 in
2077 2975 2327 3043 aequitate
2370 2974 2644 3043 judicandi
2688 2984 2830 3039 sunt,
2873 2974 3065 3044 quibus
3114 2984 3329 3045 propter
3363 2974 3483 3028 ﬁdei
3515 2985 3571 3030 et

1978 3064 2307 3119 humilitatis
2334 3080 2443 3120 suae
2468 3066 2665 3121 bonum
2698 3067 3059 3122 misericordia
3086 3067 3299 3133 copiosa
3346 3077 3569 3134 pra-sta-

1995 3155 2156 3221 bitur,
2190 3155 2278 3216 qui
2308 3156 2534 3210 audituri
2565 3164 2689 3210 sunt
2723 3174 2735 3208 :
2778 3154 2972 3216 Venite.
3003 3157 3250 3210 bvnedicti
3278 3154 3450 3210 Patris
3472 3159 3571 3211 mei

1999 3246 2213 3319 (Matth.
2258 3262 2378 3313 xxv,
2432 3247 2545 3319 δί),
2594 3259 2697 3302 etc.
2749 3248 2898 3303 Unde
2946 3247 3203 3303 Sedebant
3239 3266 3390 3317 super
3430 3249 3571 3303 sedes

1998 3337 2259 3390 duodecim
2301 3337 2590 3409 juilicantes
2630 3338 2896 3391 duodecim
2946 3337 3106 3391 tribus
3147 3334 3312 3391 Israel
3355 3336 3570 3409 (.llafth.

1997 3443 2107 3493 xix,
2131 3428 2247 3498 28).
2281 3427 2471 3495 Papuli
2501 3438 2678 3483 autem
2705 3428 2900 3483 debent
2930 3429 3094 3498 accipi
3128 3438 3455 3497 peccatores,
3479 3431 3569 3499 qui

1996 3518 2247 3585 operibus
2277 3518 2560 3572 diabolicis
2593 3532 2696 3572 non
2728 3517 2973 3572 videntur
3002 3534 3103 3572 exu
3132 3520 3165 3574 i.
3202 3519 3290 3572 lsti
3327 3534 3447 3573 cum
3486 3520 3570 3586 ju-

1996 3608 2136 3660 stitia
2164 3606 2439 3677 judicandi
2473 3617 2617 3674 sunt,
2650 3608 2736 3677 qui
2778 3624 2872 3677 pro
2911 3609 3171 3663 factorum
3208 3624 3425 3664 suorum
3458 3624 3573 3664 sce-

1998 3699 2107 3752 lere
2130 3699 2545 3767 damnabuntur,
2569 3701 2764 3768 quibus
2787 3701 3066 3755 dicendum
3091 3708 3173 3753 est
3193 3718 3206 3751 :
3232 3698 3312 3754 lte
3333 3702 3386 3755 in
3407 3702 3574 3773 ignem

1996 3800 2239 3844 internum
2292 3790 2504 3861 (Matth.
2552 3804 2676 3855 xxv,
2723 3790 2832 3861 41).
2882 3792 2971 3849 Sic
3021 3794 3225 3847 duobus
3273 3794 3575 3849 nominibus

1997 3884 2266 3953 aequitatis
2297 3895 2348 3938 et
2375 3884 2613 3955 justitiam,
2647 3886 2959 3957 qualitatem
3000 3888 3141 3942 illam
3185 3886 3377 3959 judicii
3417 3888 3576 3941 inira-

1999 3975 2090 4031 hili
2120 3976 2381 4032 brevitate
2400 3977 2704 4045 descripsit.

2076 4068 2226 4122 Vcrs.
2254 4069 2309 4123 9.
2338 4067 2401 4120 Et
2425 4068 2591 4138 factus
2621 4078 2692 4122 est
2715 4065 2965 4120 Dominus
2987 4066 3238 4137 refugium
3270 4084 3573 4135 pauperum,

1999 4159 2209 4225 adiutor
2256 4159 2307 4212 in
2355 4160 2811 4225 opportunitatibus
2857 4159 2909 4210 in
2959 4158 3303 4211 tribulatione.
3350 4159 3579 4227 Copiusa

2000 4264 2123 4318 spes
2149 4264 2437 4318 pauperum
2469 4258 2522 4303 et
2547 4264 2734 4320 magna
2761 4247 3010 4317 cogitatio
3034 4248 3365 4317 gaudiorum,
3398 4250 3571 4319 ipsum

2000 4341 2261 4413 refugium
2312 4340 2510 4397 habere
2548 4356 2707 4411 quem
2743 4341 2996 4411 judicem.
3036 4339 3348 4395 Audivimus
3379 4358 3577 4410 paupe-

2001 4449 2137 4499 rem,
2184 4433 2274 4488 sed
2320 4449 2424 4488 non
2455 4448 2672 4487 onmem
2711 4441 2958 4502 putemus
2990 4432 3219 4498 in0pem.
3254 4430 3461 4506 Pauper
3488 4434 3579 4488 illo

2002 4525 2096 4582 Dei
2128 4538 2232 4592 est,
2264 4526 2354 4594 qui
2384 4537 2592 4581 terrena
2625 4524 2915 4594 cupiditate
2946 4533 3219 4591 vocitatus,
3249 4526 3453 4580 cmlesti
3485 4526 3580 4581 deo

2004 4620 2204 4674 siderat
2241 4619 2483 4689 largitate
2520 4619 2804 4671 ditescere.
2856 4617 2919 4670 Et
2964 4632 3028 4669 ne
3075 4616 3437 4671 imbecillitate
3481 4631 3576 4670 sua

2006 4719 2353 4779 pavescerent
2391 4710 2553 4762 corda
2595 4708 2849 4773 ﬁdelium,
2889 4707 3131 4772 sequitur
3173 4707 3349 4774 magni
3395 4708 3579 4761 auxilii

2008 4796 2155 4855 ﬁrma
2204 4800 2485 4869 promissio
2518 4815 2531 4852 :
2564 4799 2786 4868 Adjutor
2828 4798 2878 4851 in
2918 4798 3377 4868 opportunitatibus
3408 4812 3426 4851 :
3459 4798 3578 4865 quia

2007 4891 2133 4945 illud
2154 4901 2236 4946 est
2256 4889 2582 4959 adjuturium
2601 4889 2988 4954 dulcissimum,
3011 4889 3149 4957 quod
3178 4889 3227 4942 in
3262 4889 3583 4943 necessitate

2007 4995 2306 5053 praestatur.
2344 4981 2619 5051 lpsamque
2666 4981 2856 5033 iterum
2889 4981 3337 5049 opportunitatem
3365 4979 3582 5034 eviden-

2006 5085 2087 5129 ιιι·
2112 5078 2394 5143 expressit,
2428 5075 2611 5127 dicens
2637 5090 2649 5125 :
2680 5071 2739 5125 ln
2767 5075 3109 5137 tribulatione,
3134 5075 3347 5143 quando
3372 5075 3579 5126 animus

2004 5169 2322 5224 atﬁictorum
2369 5166 2435 5220 ad
2481 5164 2908 5235 compunctioids
2948 5165 3180 5219 studium
3210 5166 3415 5217 avidius
3444 5164 3583 5219 inci-

2008 5270 2167 5325 tatur,
2211 5258 2349 5311 sicut
2395 5272 2445 5310 in
2489 5258 2594 5310 alio
2624 5255 2828 5325 psalmo
2857 5256 3097 5311 dicturus
3126 5264 3207 5309 est
3238 5270 3252 5309 :
3288 5252 3475 5306 Invoco
3505 5270 3586 5309 me

2005 5354 2055 5405 in
2098 5350 2182 5402 die
2224 5346 2568 5402 tribulationis
2608 5354 2728 5415 tua',
2757 5354 2804 5400 et
2833 5347 3045 5416 eripiant
3091 5356 3157 5407 te,
3188 5352 3235 5397 et
3270 5340 3584 5413 gloriﬁeabis

2008 5459 2081 5495 me
2106 5440 2281 5512 (Psul.
2317 5454 2455 5504 λιιι,
2493 5439 2603 5506 15).

2082 5535 2231 5589 V'ers.
2267 5532 2343 5587 ιο.
2383 5532 2445 5586 Et
2467 5543 2663 5603 sperent
2685 5535 2737 5586 in
2761 5542 2808 5586 te
2834 5547 3002 5586 omnes
3023 5531 3109 5598 qui
3138 5541 3381 5584 noverunt
3405 5549 3585 5587 nomen

2006 5637 2151 5679 tuum
2181 5639 2197 5678 .'
2223 5626 2461 5691 quoniam
2482 5640 2583 5677 non
2614 5625 2917 5693 derelinquis
2946 5630 3227 5691 querentes
3248 5634 3314 5688 te,
3342 5622 3580 5679 Domine.

2007 5715 2223 5785 Spir-rent
2267 5716 2320 5768 in
2362 5730 2409 5769 te
2445 5730 2463 5769 :
2494 5731 2599 5769 non
2643 5714 2824 5770 smculi
2872 5713 3233 5770 blandimenta
3277 5719 3583 5787 respiciant,

2007 5811 2096 5865 seJ
2123 5810 2174 5865 in
2206 5819 2291 5862 tua
2318 5808 2487 5877 promi
2520 5808 2675 5863 sione
2699 5807 2989 5864 conﬁdant.
3022 5808 3119 5874 Qui
3144 5819 3384 5865 noverunt
3405 5824 3585 5866 nomon
