4008 6182
500 358 567 411 εὖ
1720 354 1788 408 Μ.
1837 348 2083 407 AUllEU

2198 348 2548 405 ASSIODORI
3228 294 3246 314 ο
3701 357 3764 410 ει

497 485 658 535 tunin,
694 471 743 527 id
790 480 892 535 est,
923 472 1009 541 qui
1056 471 1384 539 majcstttem
1429 480 1568 522 tuum
1620 466 1957 520 sanctissima
1987 462 2076 518 de-
2109 462 2473 520 Acarnaliter
2526 464 2868 520 humiliantur
2918 477 3177 539 martyres
3229 469 3461 533 Christi,
3510 481 3763 539 quantum

496 562 710 616 ratione
736 572 1078 617 venerantur.
1112 560 1410 617 Audierant
1442 562 1580 615 enim
1608 574 1802 613 nouten
1845 556 2073 622 Domini,

496 664 551 706 (ι
579 654 651 706 illi
683 652 775 723 qui
807 653 1031 707 minime
1059 653 1317 717 credunt;
1352 651 1445 706 sed
1479 659 1680 705 tantum
1712 650 1784 703 illi
1812 657 2076 711 noverunt,

476 742 585 815 qui
613 745 879 800 mandatis
906 746 1024 817 ejus
1052 744 1364 815 suppliciter
1406 744 1796 814 obsequuntur.
1830 742 2081 810 Sequitur

497 852 654 891 causa
683 852 779 891 cur
809 837 861 891 in
895 838 1120 892 Domino
1150 837 1379 893 debeant
1413 852 1631 907 sperare
1657 854 1668 889 :
1694 835 1813 904 quia
1849 851 1952 889 non
1988 848 2081 905 pa-

498 934 626 980 titur
657 942 750 982 eos
778 927 1029 983 deserere
1055 944 1187 998 quos
1215 929 1278 981 ad
1305 942 1364 982 se
1393 927 1722 996 perstiexerit
1750 924 2077 993 confugisse.

500 1015 713 1071 Certum
760 1028 842 1072 est
881 1021 1021 1071 enim
1066 1028 1385 1088 przesentem
1420 1033 1633 1087 semper
1676 1015 1873 1069 [nitere
1905 1014 2080 1069 Domi-

502 1123 649 1173 num,
684 1107 773 1177 qui
802 1108 890 1162 tali
924 1110 1179 1177 praeditus
1208 1109 1431 1164 docetur
1458 1108 1699 1163 arbitrio.

571 1198 720 1253 Vers.
755 1198 838 1254 ll.
876 1199 1086 1254 Psallite
1117 1199 1360 1265 Domino,
1384 1201 1468 1269 qui
1498 1199 1691 1251 hubimt
1716 1199 1765 1250 in
1801 1197 1960 1263 Sion;
1991 1216 2083 1249 nn-

500 1292 735 1345 mtntiate
753 1293 880 1347 inter
897 1306 1069 1363 gentes
1091 1293 1349 1347 mirabilia
1377 1294 1506 1364 ejus.
1540 1293 1689 1346 Venit
1708 1292 1775 1345 ad
1796 1292 2082 1346 secundum

501 1381 823 1445 sectionem,
858 1382 942 1435 ubi
973 1382 1225 1438 beneficia
1256 1385 1533 1452 pra-aeutis
1560 1384 1817 1452 temporis
1838 1392 1890 1436 et
1922 1383 2081 1435 futuri

502 1474 690 1525 beatus
724 1473 981 1542 propheta
1016 1474 1334 1542 respiciens,
1366 1472 1428 1527 ad
1462 1475 1805 1542 psalmodiam
1834 1481 2085 1541 provocat

503 1565 729 1631 populos
754 1564 975 1619 devotos
1008 1583 1019 1616 :
1054 1582 1116 1618 ne
1146 1582 1268 1620 cum
1301 1576 1443 1619 tanta
1474 1567 1550 1620 eis
1581 1565 1927 1619 conferuntur
1949 1580 2084 1635 prte-

504 1658 630 1722 mia,
655 1657 832 1727 aliquo
860 1670 987 1727 torpt
1016 1675 1073 1714 re
1098 1659 1415 1714 lcntcscant.
1445 1659 1676 1713 Primum
1706 1660 1858 1725 dixit,
1885 1660 2085 1728 psallite

506 1748 762 1813 Domino;
802 1760 853 1801 et
902 1764 967 1804 ne
1007 1750 1056 1802 in
1101 1750 1210 1803 suis
1253 1750 1716 1814 superstitionibus
1769 1751 2083 1821 psallendum

2188 571 2557 624 persecutores
2603 575 2789 614 eorum
2844 564 3209 631 temporaliter
3260 563 3507 618 videntur
3557 566 3699 618 extol
3729 566 3763 618 i.

2188 643 2348 699 Porta
2381 664 2503 700 vero
2543 650 2720 703 mortis
2760 660 2841 704 est
2872 650 3113 705 diabolus
3138 694 3151 716 ,
3200 654 3281 705 vel
3313 654 3488 709 omnis
3521 655 3765 709 illecebra

2185 739 2501 793 szeeularis:
2547 741 2796 811 quoniam
2845 757 2937 812 per
2977 743 3089 796 haec
3124 743 3188 795 ad
3234 753 3493 798 :eternum
3544 744 3763 799 exitium

2186 831 2464 887 infeliciter
2504 834 2773 888 introitur.
2824 834 3040 891 Exaltas
3085 851 3161 889 me
3192 836 3356 901 dit-it,
3386 836 3437 891 id
3467 845 3567 901 est,
3612 837 3766 903 longe

2188 927 2315 980 facis
2337 944 2367 978 a
2396 927 2608 983 talibus.
2638 929 2769 982 Nam
2801 944 2922 982 cum
2955 938 3103 995 porta
3128 929 3305 981 mortis
3333 928 3403 983 sit
3429 930 3767 984 conversatio

2187 1019 2448 1073 scelerata
2497 1019 2783 1075 nmltorum
2807 1061 2821 1087 ,
2849 1022 2971 1091 jure
3006 1035 3065 1077 se
3094 1022 3161 1073 ab
3187 1036 3249 1075 ea
3280 1020 3410 1076 dicit
3446 1023 3723 1075 exaltatum
3749 1037 3766 1075 :

2186 1110 2309 1177 quia
2340 1095 2619 1181 prmceptis
2652 1113 2903 1167 vitalibus
2933 1113 3259 1167 adhaerebat.

2262 1203 2392 1257 Vers
2445 1203 2531 1256 li.
2563 1202 2630 1257 Ut
2652 1205 2947 1258 annuntieot
2978 1221 3147 1259 omnes
3179 1204 3359 1259 laudes
3389 1215 3502 1257 tua:
3530 1205 3581 1257 in
3610 1207 3767 1274 portis

2186 1296 2309 1364 ﬁlia:
2351 1294 2497 1350 Sion.
2537 1294 2814 1350 Exsultabo
2846 1297 2899 1349 in
2930 1297 3143 1349 salutari
3186 1307 3295 1349 tuo.
3330 1293 3644 1350 Gratissima
3688 1307 3766 1352 est

2190 1395 2459 1455 portarum
2505 1387 2605 1438 ista
2637 1388 2884 1453 repetitio
2906 1427 2921 1451 ,
2954 1386 3043 1441 ubi
3078 1402 3239 1441 unum
3287 1386 3501 1456 quidem
3536 1401 3726 1440 nomen
3750 1427 3765 1451 ,

2187 1475 2278 1529 sed
2310 1490 2397 1528 res
2424 1478 2643 1529 omnino
2674 1476 2903 1531 diversa)
2933 1487 3088 1541 sunt;
3114 1477 3163 1529 in
3202 1477 3303 1530 illis
3338 1477 3527 1531 mortis
3550 1485 3633 1532 est
3655 1478 3765 1530 adi-

2189 1576 2317 1619 tus:
2365 1567 2415 1619 in
2467 1568 2586 1622 istis
2634 1567 2804 1621 vitalis
2854 1567 3118 1635 reperitur
3168 1568 3434 1622 introitus.
3490 1567 3765 1621 Liberatus

2189 1676 2314 1727 ergo
2350 1673 2416 1713 ex
2454 1658 2554 1713 illis
2586 1661 2751 1727 portis
2782 1661 3115 1725 mortalibus,
3149 1661 3200 1714 in
3228 1661 3344 1714 istis
3386 1664 3556 1728 portis
3587 1662 3767 1716 Eccle-

2189 1752 2304 1815 site,
2330 1768 2447 1819 qute
2487 1752 2872 1805 beatitudinem
2925 1753 3163 1808 tribuunt
3204 1755 3601 1822 sempiternam,
3647 1770 3767 1824 pro-

507 1846 715 1903 rutaret
743 1853 863 1893 eSsc
894 1840 1193 1911 gentiltas,
1236 1840 1456 1908 addidit,
1487 1842 1573 1910 qui
1612 1842 1799 1893 habitat
1829 1842 1875 1893 in
1913 1841 2037 1896 Sion
2064 1859 2079 1895 :
2115 1850 2158 1909 Β
2191 1843 2553 1895 utintiaturnm
2586 1858 2644 1896 se
2674 1843 2861 1897 laudes
2896 1843 3103 1897 Domini
3155 1848 3468 1912 pollicetur;
3512 1862 3607 1915 per
3636 1862 3765 1915 quas

506 1937 563 1978 ut
592 1927 895 1997 designaret
930 1929 1211 1983 Dominum
1246 1929 1601 1996 Salvatorem,
1636 1933 1722 2001 qui
1759 1934 1809 1983 in
1843 1932 1945 1985 illis
1970 1949 2088 2002 par-

509 2019 647 2073 tabus
699 2019 1051 2087 corporaliter
1102 2036 1384 2090 apparens,
1430 2022 1685 2091 rel‘gionc
1732 2024 1808 2075 sui
1856 2026 2087 2077 nominis

474 2096 477 2099 Δ
512 2114 671 2163 totius
720 2111 899 2163 mundi
950 2112 1203 2165 ambitum
1251 2114 1676 2182 comprehendit.
1714 2115 1821 2169 lim
1852 2116 1995 2169 cuim
2020 2118 2087 2169 de

511 2212 692 2254 sancta
722 2202 1087 2257 incarnatione
1109 2204 1330 2270 dicitur;
1359 2223 1477 2259 naut
1504 2209 1586 2260 ille
1617 2208 1701 2259 ubi
1733 2225 1833 2259 non
1863 2208 2084 2274 habitat,

480 2286 595 2357 qui
634 2296 826 2365 ubique
859 2308 998 2352 totus
1029 2297 1144 2350 est?
1175 2296 1369 2351 Verum
1403 2309 1459 2353 ut
1502 2299 1731 2352 nominis
1772 2298 1928 2367 hujus
1972 2316 2087 2371 my-

508 2392 728 2442 sterlum
773 2390 933 2442 etiam
977 2389 1318 2457 spiritualiter
1364 2404 1780 2460 perscrutemur,
1812 2393 1937 2447 Sion
1967 2408 2080 2462 spe-

509 2479 703 2533 rnlatio
730 2480 943 2545 dicitur,
978 2481 1098 2550 quia
1133 2497 1316 2535 revera
1362 2483 1500 2536 Deus
1543 2484 1595 2535 in
1637 2484 2086 2549 contemplatione

512 2574 744 2638 piissima
781 2573 1059 2639 reperitur.
1098 2574 1154 2626 Et
1186 2574 1326 2643 just-
1372 2575 1440 2628 ibi
1484 2575 1634 2628 nobis
1676 2576 1914 2629 habitare
1952 2576 2085 2628 dici—

510 2672 615 2727 tur,
659 2662 746 2716 ubi
790 2679 912 2718 eum
958 2666 1239 2718 illuminai
1284 2667 1487 2720 cu-lesti
1538 2668 1704 2736 gratia
1748 2678 2082 2719 eontuemur.

514 2756 741 2822 li‘tpnnil
767 2756 923 2809 etiam
956 2758 1093 2826 quod
1131 2758 1375 2827 superius
1400 2758 1554 2823 dixit,
1588 2761 1811 2825 psallite,
1838 2759 1956 2824 quia
1988 2759 2087 2812 hoc

512 2856 591 2899 est
623 2862 805 2902 revera
834 2848 905 2901 illi
936 2850 1189 2916 psallere,
1216 2851 1475 2903 universis
1504 2851 1751 2919 genibus
1782 2849 1897 2917 ejus
1927 2852 2090 2904 mira-

511 2941 637 2991 b-lza
679 2938 942 2993 nuntiare.
981 2938 1130 2994 Unde
1180 2940 1475 3008 intelligere
1523 2956 1802 3008 possumus
1850 2956 1900 2993 νη
1944 2941 2088 2993 curui

512 3044 631 3082 actu
678 3029 1025 3099 psalmodiam
1063 3041 1431 3099 competenter
1468 3031 1594 3095 dici,
1627 3031 1878 3101 quidquid
1916 3040 2086 3099 potest

516 3122 723 3174 Homini
753 3123 997 3176 laudibus
1024 3122 1297 3190 applicari.
1331 3122 1644 3175 Intueri-tum
1678 3134 1757 3175 eSt
1784 3124 1944 3174 etiam
1966 3126 2088 3191 quia

515 3214 614 3266 huc
664 3230 754 3283 per
798 3214 1160 3269 definitionem
1193 3216 1441 3269 ιιυριιηιιιι·
1470 3216 1786 3283 explicatum
1819 3226 1926 3277 est;
1962 3216 2087 3269 dicit

513 3310 651 3359 mini
696 3308 780 3361 eui
830 3306 1045 3361 Domino
1087 3311 1408 3380 psaltcrrtur,
1447 3311 1496 3362 id
1542 3322 1642 3380 est,
1675 3313 1759 3379 qui
1804 3310 1994 3362 habitat
2036 3309 2087 3362 in

514 3400 663 3451 Sion.

589 3490 737 3545 νέοις.
772 3491 851 3546 l2.
885 3491 1137 3557 Quoniam
1177 3495 1431 3562 requirens
1462 3498 1757 3561 sanguinem
1786 3510 1959 3546 eorum
1987 3509 2089 3544 mc-

514 3579 737 3635 fnoratus
760 3593 827 3635 est
854 3598 871 3635 :
894 3600 991 3635 non
1021 3593 1093 3636 e;t
1117 3584 1298 3637 oblitus
1324 3600 1413 3635 ora
1438 3584 1600 3636 ionem
1628 3598 1929 3653 pauperum.
1954 3583 2089 3648 Quia

512 3674 757 3741 snperius
789 3674 992 3728 dixerat
1025 3692 1035 3725 :
1068 3673 1328 3728 Gentibus
1358 3674 1663 3743 pradicate,
1695 3688 1746 3727 et
1773 3676 1969 3727 mul'os
1998 3688 2089 3727 eo-

513 3782 631 3820 rum
663 3777 873 3822 constat
900 3769 1104 3822 occisos
1138 3784 1152 3821 :
1188 3783 1253 3823 ne
1281 3768 1402 3837 quis
1441 3776 1652 3836 putaret
1700 3767 1922 3821 inultum
1970 3780 2088 3820 esse

512 3859 652 3927 quod
684 3872 889 3928 gestum
922 3871 1024 3923 est,
1056 3860 1292 3929 sequitur
1324 3860 1635 3930 sanguinem
1684 3868 1975 3926 martyrum
2020 3858 2087 3911 ab

513 3956 690 4022 impiis
722 3956 1148 4024 perseeutoribm
1179 3972 1297 4011 esse
1329 3956 1726 4024 requirendum.
1766 3966 1821 4008 ut
1854 3956 1903 4006 in
1934 3963 2089 4007 (eter-

514 4064 637 4100 ntun
674 4053 927 4117 rccipant
971 4052 1109 4117 quod
1146 4050 1506 4119 temporaliter
1538 4048 1845 4104 eﬂ‘eterunt.
1895 4045 2089 4099 Memo-

511 4153 652 4191 ναίεις
685 4150 774 4201 est,
808 4142 1014 4194 lllllaltll
1043 4153 1119 4195 ter
1144 4142 1206 4193 ad
1238 4152 1519 4210 utrumque
1550 4140 1778 4209 positum
1808 4148 1891 4188 ρδι
1918 4156 1927 4189 :
1959 4146 2011 4188 ut
2035 4148 2087 4188 et

514 4242 882 4297 |;(‘.rSC(‘Ultirt‘S
912 4232 1141 4283 \‘ititlit'tu
1168 4242 1413 4297 terreret,
1438 4242 1489 4285 et
1513 4242 1774 4300 martyres
1804 4227 2087 4296 promissio

512 4323 739 4389 benigna
771 4319 1032 4375 reficeret.
1067 4321 1184 4373 Non
1216 4332 1284 4373 est
1318 4323 1518 4383 oblitus,
1549 4322 1614 4373 ad
1646 4317 2082 4385 conquerendum

509 4414 871 4465 inﬁrmitatem
918 4412 1113 4465 dicitur
1155 4414 1527 4478 roborandam,
1568 4413 1656 4482 qui
1704 4422 1918 4482 propter
1966 4412 2083 4465 lon-

509 4504 853 4571 ginquitatem
902 4502 1061 4557 futuri
1108 4504 1291 4570 judicii
1332 4504 1713 4558 retributiones
1742 4502 1908 4559 Deum
1942 4505 2080 4557 testi-

2191 1950 2385 1988 nomen
2409 1934 2525 2003 ejus
2546 1934 2800 1988 eximium
2832 1944 2941 1988 toto
2961 1934 3088 1989 orbe
3110 1936 3431 1991 celebratur.
3461 1937 3587 1993 Sion
3617 1940 3757 1993 enim

2189 2030 2423 2097 reliquas
2471 2030 2651 2083 mundi
2699 2030 2973 2098 generavit
3022 2031 3326 2095 Ecclesias,
3384 2034 3507 2101 quia
3559 2034 3629 2087 ibi
3680 2053 3767 2088 Ita-

2190 2137 2297 2178 tum
2328 2137 2410 2181 est
2439 2126 2576 2177 unde
2610 2125 2733 2179 fidei
2761 2135 2955 2178 nostra:
2988 2127 3194 2180 venisse
3222 2136 3431 2180 constat
3460 2130 3762 2189 exordium,

2188 2216 2325 2283 quod
2361 2216 2595 2270 manavit
2625 2216 2781 2269 latius
2813 2218 2860 2269 in
2901 2227 3010 2269 toto
3043 2218 3172 2271 orbe
3208 2228 3491 2272 terrarum.
3530 2220 3771 2273 Salutare

2192 2308 2361 2360 l‘ntris
2393 2307 2635 2359 Christus
2663 2323 2693 2361 e
2729 2310 3051 2371 tllom‘nus,
3078 2309 3244 2362 virtus
3266 2319 3318 2362 ct
3342 2312 3599 2377 sapientia
3627 2312 3766 2376 ejus,

2188 2400 2275 2467 qui
2310 2402 2459 2452 nobis
2487 2412 2741 2453 :eternam
2794 2402 3030 2468 requiem
3062 2400 3248 2453 tribuit
3288 2410 3339 2453 et
3383 2402 3626 2455 salutem.
3659 2403 3768 2456 Me—

2191 2494 2291 2543 rito
2337 2506 2463 2558 ergo
2507 2492 2763 2558 propheta
2816 2493 2867 2544 in
2901 2508 3012 2559 IpS-i
3061 2506 3121 2545 se
3166 2492 3435 2547 exsultare
3476 2494 3636 2560 dicit,
3672 2496 3761 2547 ubi

2190 2581 2360 2648 gaudii
2392 2580 2565 2634 nullus
2596 2594 2676 2634 est
2712 2583 2850 2635 linis.

2266 2671 2413 2724 Vers.
2452 2671 2533 2724 15.
2565 2669 2751 2739 Inﬁxae
2785 2684 2903 2725 sunt
2931 2684 3100 2741 gentos
3129 2674 3180 2725 in
3211 2675 3365 2726 interi
3391 2690 3422 2725 u
3451 2690 3598 2742 quem
3628 2676 3763 2744 {ece-

2191 2772 2326 2817 t‘ttnt.
2362 2759 2424 2814 In
2456 2760 2635 2828 (nqueo
2666 2763 2782 2826 isto,
2811 2777 2959 2831 quem
2990 2763 3395 2827 occultaverunt,
3428 2765 3763 2834 comprehen-

2189 2868 2276 2905 sus
2304 2863 2375 2904 est
2404 2868 2488 2920 pes
2516 2868 2709 2906 eorum.
2739 2852 2792 2905 lu
2824 2852 2923 2905 hoc
2952 2861 3007 2906 et
3036 2852 3141 2907 alio
3170 2867 3351 2917 versu,
3386 2855 3475 2923 qui
3505 2856 3765 2924 sequitur,

2192 2942 2472 2996 retributio
2496 2953 2835 3012 peccatorum
2872 2954 3118 3012 potenter
3145 2946 3428 3013 exponitur
3456 2962 3469 2997 :
3498 2949 3617 3015 quia
3641 2961 3767 3015 pro-

2193 3034 2307 3103 pria
2347 3034 2709 3104 unusquisque
2742 3036 3020 3102 iniquitate
3054 3045 3350 3106 torquetur.
3390 3035 3587 3105 Infans
3620 3040 3765 3092 enim

2191 3125 2323 3179 dicit
2350 3134 2554 3195 gentes,
2602 3139 2720 3193 quze
2752 3124 2941 3179 timore
2974 3124 3179 3179 Domini
3214 3142 3316 3180 non
3350 3137 3636 3181 tenentur:
3671 3128 3767 3181 sed

2118 3237 2163 3298 ρ
2195 3216 2515 3285 quibusdam
2553 3216 2718 3270 clavis
2762 3226 3104 3285 peccatorum
3149 3219 3442 3286 probantur
3481 3234 3604 3273 esse
3634 3234 3766 3272 con-

2197 3308 2343 3374 lixtn,
2377 3319 2431 3362 ut
2459 3323 2517 3362 se
2545 3322 2650 3362 non
2683 3309 2893 3362 valeant
2923 3319 3175 3364 excutere
3198 3349 3212 3373 ,
3256 3325 3388 3379 quas
3418 3310 3547 3364 dura
3581 3311 3762 3365 viden-

2194 3408 2277 3453 tur
2306 3400 2548 3468 ligamina
2580 3400 2852 3455 cobibere.
2878 3399 3028 3466 Quod
3053 3399 3116 3453 ad
3142 3399 3355 3456 Judmos
3386 3418 3489 3455 non
3522 3403 3765 3471 improbe

2190 3491 2418 3546 dit-imus
2434 3493 2722 3561 pertinere,
2756 3501 2812 3545 ut
2844 3492 2911 3546 ita
2942 3494 3049 3545 sint
3076 3493 3227 3546 malis
3256 3494 3363 3547 suis
3391 3494 3773 3561 al‘lixi,quem-

2191 3587 2479 3638 admodum
2519 3585 2572 3637 in
2607 3598 2764 3639 cruce
2797 3584 2967 3639 clavis
3004 3583 3285 3639 Dominum
3326 3586 3545 3653 iuligere
3580 3586 3773 3639 decre~

2192 3685 2403 3729 verunt.
2436 3674 2696 3745 Laqueum
2726 3688 2853 3729 vero
2882 3679 3272 3743 orcultavcrunt,
3302 3687 3558 3745 quantum
3579 3676 3645 3730 ad
3672 3691 3772 3730 eo-

2192 3782 2311 3821 rum
2351 3767 2545 3821 dicitur
2588 3777 2805 3831 votum;
2853 3778 2979 3820 nun
3014 3768 3230 3821 Christo
3259 3768 3486 3823 celatum
3530 3782 3652 3822 esse
3687 3769 3763 3821 nil

2192 3861 2382 3931 potuit,
2417 3862 2505 3931 qui
2539 3859 2840 3927 passionem
2870 3875 3029 3914 suam
3057 3862 3330 3915 innumera
3364 3859 3768 3931 denuntiatione

2195 3954 2465 4021 przedixit.
2500 3952 2902 4023 Comprehrnsus
2934 3962 3005 4005 est
3035 3968 3124 4023 pes
3160 3967 3355 4005 eorum.
3392 3930 3772 4006 Persiaveravit

2191 4048 2244 4100 in
2276 4044 2581 4114 metaphora
2614 4044 2822 4113 laquei,
2854 4059 3012 4113 quem
3041 4045 3290 4113 superius
3318 4043 3470 4097 dixit.
3500 4042 3769 4111 Compre-

2194 4141 2387 4192 hensos
2420 4140 2561 4190 enim
2595 4138 2711 4190 illos
2740 4136 2997 4202 dicimus,
3028 4150 3162 4206 quos
3194 4136 3370 4204 captio
3402 4133 3607 4189 nodosa
3636 4148 3771 4188 con-

2192 4230 2423 4297 stringit.
2462 4226 2558 4281 Pes
2587 4238 2763 4281 autem
2792 4228 3053 4297 significat
3081 4241 3294 4297 gressus
3326 4226 3515 4292 animi,
3538 4236 3594 4279 et
3620 4226 3774 4279 desi-

2194 4322 2396 4373 derium
2429 4334 2672 4389 pravum,
2706 4319 2843 4386 quod
2875 4334 2968 4374 (ξοδ
2998 4318 3271 4373 ambulare
3294 4316 3421 4371 facit
3446 4317 3515 4372 ad
3541 4318 3773 4377 vitium;

2190 4412 2329 4465 sicut
2354 4410 2605 4463 Salomon
2646 4411 2695 4464 in
2743 4409 3046 4464 Proverbiis
3075 4408 3246 4462 dicit:
3305 4405 3468 4461 Pedes
3497 4423 3672 4461 eorum
3717 4410 3775 4459 in

2190 4504 2437 4556 malitiam
2465 4511 2691 4563 currunt,
2724 4511 2773 4555 ct
2797 4502 2990 4555 veloces
3012 4510 3128 4553 sunt
3149 4501 3215 4553 ad
3240 4498 3613 4564 effundendum
3639 4514 3773 4550 san-

511 4605 656 4649 mant
684 4594 1011 4665 aliquatenus
1040 4595 1298 4650 ob|.visci.
1325 4596 1435 4666 39
1458 4596 1753 4649 Orationem
1780 4611 2081 4665 pauperum,
2118 4610 2170 4671 ι)
2194 4596 2395 4665 guinem
2421 4591 2597 4661 (Prov.
2629 4608 2666 4658 ι,
2704 4593 2809 4662 l6).

509 4688 819 4754 petitionem
848 4688 971 4742 dicit
992 4687 1281 4757 justotum,
1308 4703 1464 4757 quam
1492 4702 1555 4743 ex
1587 4702 1679 4740 sua
1706 4701 1930 4756 persona
1958 4686 2080 4739 sub-

510 4791 588 4835 tor
617 4780 877 4849 adjungit,
911 4789 964 4833 ut
1008 4781 1074 4833 de
1122 4793 1439 4847 unoquoque
1484 4778 1759 4833 fideli'boc
1793 4777 2079 4845 intelligas,

506 4871 648 4941 quod
670 4872 770 4927 sibi
801 4871 1057 4941 propheta
1092 4872 1322 4941 postulat
1350 4870 1709 4940 largiendum.

584 4962 733 5018 Vers.
766 4964 850 5018 15.
896 4962 1136 5016 Miserere
1166 4962 1284 5025 mei,
1328 4961 1574 5026 Domine,
1608 4962 1718 5016 ride
1742 4960 2077 5014 humilitatem

504 5068 670 5107 meam
688 5053 751 5108 de
772 5054 987 5127 ininiicis
1010 5055 1152 5119 meis,
1177 5055 1266 5123 qui
1291 5053 1485 5108 exultas
1510 5070 1585 5107 me
1606 5053 1668 5107 de
1694 5054 1853 5121 portis
1878 5054 2078 5107 mortis.

504 5147 607 5200 ista
638 5154 720 5201 est
747 5147 916 5200 oratio
951 5159 1262 5201 cunctorum
1304 5160 1593 5215 pauperum
1638 5144 1703 5199 ad
1748 5145 2074 5213 singularem

506 5251 785 5293 numerum
813 5248 1180 5306 competenter
1209 5236 1456 5306 adducta,
1488 5237 1610 5305 quia
1639 5250 1851 5303 semper
1882 5236 1933 5290 in
1964 5236 2081 5289 uni-

506 5342 668 5384 tatem
698 5340 1001 5385 sanctorum
1035 5328 1148 5383 lucc
1170 5330 1319 5382 turba
1345 5327 1670 5398 perdueitur.
1694 5326 1783 5384 Sic
1813 5328 1957 5383 enim
1978 5326 2078 5381 sibi

505 5426 737 5492 pos.ulat
760 5421 1054 5487 subveniri,
1078 5430 1180 5475 uta
1200 5419 1620 5479 clementissimo
1639 5419 1782 5488 [lege
1802 5419 2078 5473 videatur:

504 5513 626 5584 quia
669 5523 1200 5585 reveraeonspectus
1239 5512 1356 5581 eius
1394 5513 1650 5566 auxiliarii
1694 5521 1811 5579 est,
1846 5522 1903 5565 et
1929 5519 2076 5566 tene-

505 5609 664 5663 brosa
699 5610 940 5677 protinus
966 5608 1313 5678 dispereunt,
1342 5622 1462 5664 cum
1496 5621 1556 5661 se
1584 5608 1715 5661 tanti
1748 5607 1960 5661 luminis
1991 5619 2076 5659 ses

502 5717 633 5758 retia
661 5702 981 5760 concedunt.
1016 5700 1387 5757 Humilitatem
1415 5701 1575 5771 igitur
1616 5715 1763 5755 suam
1796 5701 1861 5755 de
1901 5700 2080 5754 inimi-

504 5810 684 5852 corum
740 5796 988 5865 superbia
1052 5794 1311 5865 supplicat
1361 5794 1648 5858 mstimari,
1694 5793 1811 5864 quia
1873 5802 2073 5847 tantum

2264 4685 2418 4740 Vers.
2455 4685 2539 4739 16.
2575 4682 2917 4753 Cognoscetnr
2952 4680 3202 4736 Dominus
3220 4680 3425 4753 judicia
3451 4680 3682 4748 faciens:
3714 4680 3773 4732 in

2189 4778 2425 4845 operibus
2459 4792 2700 4829 manuum
2726 4790 2932 4827 suarum
2960 4772 3356 4841 comprehensus
3402 4780 3475 4824 est
3504 4779 3772 4843 patrator.

2192 4868 2325 4923 Vera
2359 4868 2518 4923 nimis
2548 4877 2601 4923 et
2623 4867 2859 4921 absoluta
2894 4864 3155 4920 sententia
3184 4881 3197 4917 :
3228 4864 3481 4933 quoniam
3507 4873 3629 4916 tunc
3654 4877 3780 4915 ma-

2190 4958 2381 5013 nifeste
2408 4967 2740 5028 cognoscatur
2776 4956 3025 5010 Dominus
3046 4956 3251 5027 judicia
3297 4958 3466 5022 facere
3486 4993 3501 5017 ,
3547 4953 3775 5021 quando

2190 5053 2557 5123 peccatoribus
2582 5052 2790 5105 dabitur
2812 5061 3009 5105 aeterna
3027 5049 3354 5105 cruciatione
3384 5048 3640 5118 torqueri.
3669 5047 3778 5102 Hic

2189 5144 2329 5198 enim
2358 5145 2479 5212 quia
2511 5152 2637 5198 sunt
2660 5146 2741 5199 eis
2770 5145 2935 5198 libera
2968 5143 3196 5205 scelera,
3226 5142 3452 5211 relinqui
3477 5140 3780 5195 creduntur

2191 5237 2411 5291 forsitan
2457 5236 2713 5305 impunita
2744 5250 2761 5302 ;
2807 5236 2901 5290 sed
2935 5236 3021 5289 ubi
3050 5235 3164 5289 dies
3194 5235 3283 5289 ille
3315 5234 3777 5288 rnanifestatiouis

2189 5330 2487 5397 advenerit,
2519 5338 2572 5383 et
2600 5332 2791 5383 throno
2828 5328 3120 5399 majestatis
3151 5344 3261 5383 sine
3295 5327 3549 5381 Dominus
3576 5325 3775 5378 Salva-

2190 5433 2272 5477 tor
2300 5422 2576 5487 insederit,
2609 5432 2733 5475 tunc
2760 5422 3082 5491 generaliter
3106 5429 3426 5487 agnoscatur
3452 5419 3662 5487 onerari
3684 5418 3783 5486 ju-

2188 5516 2324 5569 dicia
2356 5528 2472 5579 sua,
2500 5515 2712 5581 quando
2740 5514 3027 5567 humanum
3072 5526 3260 5580 genus,
3288 5511 3400 5563 sive
3428 5524 3457 5563 a
3490 5509 3727 5561 sinistris
3763 5549 3780 5569 ,

2144 5666 2147 5671 ν
2184 5608 2297 5662 sive
2329 5622 2354 5659 a
2388 5605 2609 5671 dextris,
2643 5604 2761 5674 ejus
2790 5604 2946 5658 fuerit
2974 5604 3196 5655 arbitrio
3243 5612 3601 5671 segregitum.
3649 5598 3773 5652 line

2183 5712 2265 5757 est
2295 5698 2435 5753 enim
2458 5699 2663 5770 judicia
2700 5712 2827 5752 vere
2864 5701 3060 5767 facere,
3098 5698 3525 5764 uniuscujusque
3569 5695 3766 5747 merita

2185 5794 2297 5849 sine
2328 5792 2497 5861 aliqua
2530 5790 2841 5845 confusione
2872 5788 3201 5844 discernere.
3247 5786 3501 5857 Sequitur
3542 5794 3781 5841 sentcn~
