4008 6182
395 224 463 281 85
1352 213 1710 274 EXPOSITIO
1752 217 1817 273 1N
1857 216 2308 274 PSALTERIL'M.
2355 215 2524 273 PSAL
2588 215 2674 271 1X.
3580 217 3649 273 86

395 337 483 390 tiae
515 333 670 404 hujus
694 340 892 404 aperta
913 330 1206 388 declaratio
1236 348 1248 385 :
1282 330 1410 388 dicit
1437 337 1578 386 enim
1605 330 1743 385 unde
1777 347 1965 401 cogno-
2000 332 2046 390 Α
2078 328 2414 384 ﬁdelissimos
2465 335 2720 393 coronat;
2777 342 2897 383 nam
2942 328 2984 384 si
3034 324 3356 397 quibuslibet
3397 328 3651 384 aerumnis

392 426 550 479 scitur
570 421 844 478 Demittunt
860 437 987 478 vere
1003 421 1298 496 [ed.,vcra]
1321 423 1520 492 judicia
1549 424 1744 492 facere;
1766 421 1970 476 scilicet

393 514 604 576 quando
631 513 886 568 neruosis
915 512 1167 582 operibus
1196 511 1306 568 suis
1344 520 1596 582 peccator
1626 511 1967 579 astringitur,

389 612 441 653 et
468 602 764 657 secundum
805 613 1018 657 actuum
1050 602 1361 672 qualitatem
1395 602 1608 671 dignam
1661 601 1854 669 recipit
1887 602 1968 656 ul-

389 694 614 749 tionem.
651 691 784 746 Nam
832 706 1024 746 sensus
1077 693 1165 746 ille
1195 692 1420 745 omnino
1450 691 1697 745 vitandus
1738 699 1850 755 est,
1881 691 1970 760 qui

391 798 545 856 patat
586 794 918 850 peccatorem
961 783 1075 838 sola
1121 782 1437 835 delictorum
1467 796 1686 835 suorum
1719 781 1970 834 recorda-

394 878 543 930 tione
587 872 958 936 cruciaudum;
1015 888 1136 926 nam
1187 872 1230 926 si
1287 873 1387 925 hoc
1429 879 1628 924 tantum
1683 869 1972 936 sufﬁceret,

391 983 564 1036 quare
593 967 863 1021 diceretur
895 982 908 1018 :
939 962 1022 1018 [te
1048 964 1099 1016 in
1129 963 1298 1035 ignem
1343 969 1608 1027 a'ttrnum,
1643 961 1728 1029 qui
1765 969 1973 1030 paratus

393 1072 474 1114 est
501 1059 705 1113 diabolo
732 1069 778 1111 et
807 1058 999 1128 angelis
1028 1061 1140 1128 ejus
1170 1054 1380 1126 (Matth.
1409 1053 1614 1119 xxv,“
1636 1053 1686 1124 ),
1719 1065 1768 1108 et
1801 1052 1926 1106 illud
1955 1067 1970 1105 :

401 1152 608 1206 Ventris
636 1167 810 1204 eorum
842 1166 944 1203 non
986 1148 1265 1216 morietur,
1304 1155 1352 1201 et
1391 1148 1524 1218 ignis
1552 1161 1725 1199 eorum
1755 1160 1856 1197 non
1884 1159 1975 1198 ea:-

392 1246 687 1312 stinguetur
724 1238 889 1309 (Isai.
935 1254 1084 1301 vat,
1129 1237 1258 1306 ειη
1287 1235 1401 1291 Non
1430 1237 1570 1291 enim
1604 1235 1689 1289 hic
1716 1235 1828 1289 loca
1862 1244 1973 1289 tor-

394 1347 704 1392 mentorum
728 1343 890 1406 negat
912 1333 1282 1404 peccatoribus
1303 1333 1440 1398 dari,
1468 1333 1562 1389 sed
1587 1349 1682 1402 per
1695 1332 1975 1402 qualitates

395 1444 624 1496 cperam
647 1443 866 1484 suorum
884 1441 978 1482 eos
998 1426 1125 1481 dicit
1150 1441 1269 1480 esse
1298 1424 1642 1495 torquendus.
1669 1424 1974 1480 Sentiamus

399 1533 532 1587 ergo
559 1519 732 1574 locum
763 1528 1102 1588 peccatorum
1130 1517 1407 1586 suppliciis
1433 1531 1554 1571 esse
1577 1525 1929 1586 purpuratum
1957 1534 1971 1569 :

400 1609 768 1678 intelligamus
795 1610 1131 1663 extrinsecus
1155 1607 1367 1675 poenale
1388 1607 1605 1672 malum,
1631 1606 1769 1676 quod
1801 1607 1973 1662 scele-

2076 421 2216 474 desit
2240 420 2513 488 patientia,
2545 420 2725 473 anima
2751 433 2856 474 non
2880 428 3052 490 potest
3075 434 3193 473 esse
3220 419 3472 488 perfecta.
3505 421 3617 486 Qua
3637 449 3649 457 -

2075 523 2294 584 prepter
2319 512 2571 582 patientia
2597 521 2679 567 est
2705 512 2843 566 inter
2864 511 3048 566 anxias
3077 511 3443 567 tribulationes
3467 513 3646 566 saeculi

2074 618 2243 672 usque
2275 603 2336 656 ad
2371 604 2529 658 ﬁnem
2561 604 2746 656 mortis
2791 603 2842 656 in
2878 603 3068 657 timore
3098 603 3306 656 Domini
3356 603 3646 672 gratiarum

2079 694 2220 747 actio
2249 695 2441 763 iugiter
2467 693 2748 746 observata
2776 710 2790 758 ;
2824 693 2962 747 sicut
2989 693 3242 746 Dominus
3272 693 3324 746 in
3361 693 3648 762 Evangelii)

2075 781 2241 836 dicit:
2273 782 2339 835 In
2387 782 2630 851 patientia
2668 791 2831 834 rastra
2864 780 3181 850 possidebitis
3222 783 3422 835 animos
3459 792 3648 836 vestras

2076 871 2222 940 (Luc.
2260 887 2381 934 sm,
2420 871 2532 939 i9).
2562 869 2726 940 Cujus
2756 871 2830 924 rei
2875 879 3016 924 tanta
3049 871 3219 928 virtus
3260 881 3370 940 est,
3403 873 3646 928 utetiam

2077 962 2191 1029 ipse
2222 962 2497 1023 Dominus,
2524 964 2611 1030 qui
2647 963 2775 1014 nihil
2808 962 3024 1028 patitur,
3055 961 3265 1029 patiens
3292 961 3518 1017 dicatur.

2148 1054 2298 1110 Vers.
2337 1056 2423 1110 i9.
2458 1055 2712 1126 Exsurge,
2750 1052 3004 1119 Domine;
3033 1072 3134 1110 non
3157 1058 3429 1126 prmaleat
3454 1056 3605 1108 homo
3630 1097 3642 1108 .

2077 1147 2368 1216 iudicentur
2393 1159 2561 1220 gentes
2583 1149 2634 1200 in
2661 1155 2930 1219 conspectu
2955 1158 3062 1202 tuo.
3087 1145 3220 1202 Cum
3249 1146 3318 1201 de
3339 1147 3442 1202 line
3468 1148 3648 1202 satculi

2079 1239 2339 1308 pr0pbeta
2369 1247 2646 1305 tractaret,
2681 1237 2966 1293 adventum
2997 1237 3311 1294 Antichristi
3333 1238 3510 1292 cordis
3532 1238 3648 1292 illu-

2078 1331 2367 1386 minutione
2385 1332 2678 1401 prospexit,
2703 1342 2753 1386 et
2774 1330 2995 1398 periurii
3015 1328 3380 1400 magnitudine
3399 1330 3676 1396 perterrig

2077 1431 2184 1487 tus,
2210 1437 2394 1493 magna
2419 1435 2548 1476 voce
2573 1421 2955 1491 prociamavit:
2986 1417 3236 1490 Exsurge,
3271 1419 3522 1484 Domine;
3550 1434 3650 1472 non

2057 1519 2346 1587 ορντευαιεαι
2370 1519 2540 1571 homo.
2571 1517 2687 1585 Ipse
2714 1527 2793 1571 est
2824 1515 2965 1570 enim
3001 1515 3159 1568 homo
3187 1512 3468 1581 pessimus,
3491 1525 3650 1580 quem

2079 1608 2308 1663 humana
2341 1624 2444 1662 non
2479 1616 2654 1677 potest
2681 1605 2952 1660 sustinere
2978 1603 3253 1658 conditio:
3281 1602 3334 1655 in
3361 1615 3466 1670 quo
3509 1611 3649 1655 tanta

401 1701 535 1756 ratis
566 1700 789 1768 legimus
834 1699 1132 1752 imminere.
1177 1697 1308 1750 Nam
1349 1706 1407 1750 ut
1450 1711 1638 1752 revera
1684 1711 1972 1768 cognosca-
2005 1697 2052 1758 B
2082 1702 2432 1758 eritversutia
2459 1702 2539 1755 vel
2572 1708 2826 1769 potestas,
2855 1706 2911 1751 ut
2938 1697 3051 1752 sola
3085 1695 3291 1750 Domini
3320 1693 3506 1757 virtus,
3535 1694 3653 1762 ejus

401 1805 523 1844 nius
567 1789 949 1843 beatitudinem
977 1805 1006 1842 a
1037 1788 1472 1842 damnationibus
1509 1787 1828 1856 quibusdam
1871 1798 1978 1843 ter-

399 1885 568 1936 m'nls
621 1897 740 1937 esse
786 1881 1010 1936 divisam
1042 1922 1058 1948 ,
1119 1879 1468 1936 recordemur
1518 1879 1736 1934 divitem
1793 1881 1977 1936 oculos

398 1975 730 2038 sublevasse,
764 1987 1159 2042 pauperemque
1207 1974 1462 2026 Lazarum
1507 1974 1555 2028 in
1589 1973 1707 2025 sinu
1741 1973 1966 2028 Abralirc

398 2066 575 2120 fuisse
601 2076 983 2132 conspectum,
1018 2079 1076 2118 se
1105 2072 1280 2118 autem
1312 2062 1535 2117 nummis
1581 2063 1855 2118 ultricibus
1885 2066 1982 2118 dc-

399 2166 645 2223 putatum
685 2156 854 2228 (Luc.
899 2171 1025 2219 xvt,
1065 2155 1188 2225 9.5).
1220 2155 1372 2210 Unde
1418 2156 1551 2209 ordo
1602 2157 1699 2209 iste
1740 2157 1980 2210 veritatis

398 2248 713 2300 nullatenus
743 2248 1032 2310 diceretur,
1067 2246 1108 2299 si
1143 2253 1448 2314 peccatores
1496 2244 1754 2298 malorum
1803 2260 1982 2299 recor-

402 2338 556 2392 datin
587 2338 700 2392 sola
733 2347 1026 2408 torqueret.
1079 2337 1200 2392 lltcc
1237 2345 1356 2391 sunt
1388 2338 1586 2390 occulta
1618 2337 1735 2405 lilii,
1769 2353 1886 2408 qua:
1921 2340 1984 2392 ti-

406 2429 551 2482 tuius
581 2429 853 2498 prtedixit.

866 2558 1131 2613 Canticum
1161 2558 1536 2626 diapsalmatis.

483 2691 684 2743 Novum
719 2689 1046 2757 diapsalma,
1092 2688 1175 2742 cui
1223 2688 1616 2757 super-positum
1653 2688 1905 2758 probatur
1931 2697 1985 2743 et

408 2782 678 2834 canticum
715 2799 728 2832 :
763 2781 903 2834 unde
935 2780 1220 2834 nonnullos
1263 2779 1375 2832 lucc
1407 2794 1490 2832 res
1521 2777 1646 2833 fecit
1675 2780 1984 2847 advertere,

407 2873 705 2939 diapsalmi
732 2871 998 2924 silentium
1029 2885 1132 2924 non
1163 2882 1377 2939 putare;
1403 2870 1548 2922 aiunt
1569 2870 1710 2924 enim
1740 2869 1852 2923 ﬁeri
1880 2885 1984 2923 non

411 2977 574 3030 posse
605 2972 660 3013 ut
689 2962 947 3014 canticum
978 2960 1170 3015 silentii
1203 2974 1323 3014 esse
1345 2960 1607 3013 videatur.
1631 2959 1735 3014 Sed
1770 2974 1855 3014 res
1883 2961 1982 3015 ista

2082 1794 2522 1863 possitsuperare
2547 1789 2854 1859 nequitiam.
2885 1785 3070 1842 Gentes
3099 1787 3258 1839 etiam
3287 1786 3418 1852 petit
3437 1785 3650 1838 celerri-

2081 1900 2170 1938 mo
2193 1883 2420 1937 adventu
2444 1881 2700 1952 judicari,
2720 1895 2837 1950 qua:
2859 1892 2976 1932 cum
2996 1879 3115 1945 ipso
3137 1875 3430 1930 szevissimo
3451 1875 3651 1930 scelera

2083 1991 2268 2044 magna
2301 1975 2523 2029 factura:
2546 1981 2690 2028 sunt.
2721 1972 2852 2024 Nam
2876 1970 3000 2023 dum
3045 1967 3247 2039 occulta
3277 1975 3538 2034 potestate
3570 1964 3655 2020 hic

2083 2067 2260 2121 omnia
2295 2063 2548 2118 Dominus
2579 2061 2917 2116 administrat
2942 2099 2960 2127 ,
2992 2057 3064 2112 ibi
3098 2067 3271 2111 tamen
3315 2056 3489 2125 palam
3513 2054 3653 2124 judi-

2083 2171 2208 2210 care
2224 2156 2442 2226 petitur,
2460 2154 2547 2208 ubi
2570 2151 2784 2222 superbi
2808 2165 3004 2206 nocere
3020 2148 3244 2202 ulterius
3264 2161 3369 2201 non
3387 2146 3652 2200 sinentur.

2158 2245 2419 2300 γει-530.
2435 2243 2718 2309 Constitue,
2739 2241 2974 2305 Domine,
3000 2239 3342 2310 iegislatarem
3365 2251 3516 2308 super
3541 2252 3657 2292 eos:

2088 2346 2140 2390 ut
2162 2339 2320 2389 sciant
2345 2343 2513 2405 gentes
2534 2334 2773 2404 quoniam
2795 2331 3020 2385 homines
3042 2337 3181 2383 sunt.
3207 2328 3530 2382 Evidenti-us
3544 2327 3653 2397 jam

2089 2427 2153 2481 de
2179 2427 2295 2496 ipso
2324 2425 2452 2479 dicit
2476 2423 2826 2485 Autichristo,
2853 2429 2908 2473 ut
2935 2419 3056 2472 talis
3079 2418 3328 2488 princeps
3355 2416 3513 2472 detur
3538 2430 3661 2483 pec-

2088 2516 2393 2578 catoribus,
2429 2527 2531 2568 non
2560 2514 2646 2582 qui
2680 2525 2773 2566 eos
2803 2518 2976 2578 regat,
3005 2509 3100 2564 sed
3128 2506 3217 2576 qui
3243 2521 3363 2560 cum
3397 2505 3526 2576 ipsis
3554 2520 3657 2560 una

2089 2611 2360 2676 depereat.
2393 2606 2630 2672 Denique
2655 2602 2919 2672 sequitur,
2953 2609 3006 2654 ut
3029 2601 3190 2654 sciant
3217 2606 3392 2667 gentes
3410 2599 3654 2666 quoniam

2089 2700 2316 2752 homines
2345 2704 2481 2750 sunt.
2509 2696 2619 2750 Hoc
2649 2703 2823 2748 autem
2851 2691 3053 2748 dictum
3082 2690 3336 2745 minantis
3364 2696 3479 2754 est,
3510 2696 3567 2743 ut
3588 2684 3654 2741 ad

2091 2789 2492 2846 conversionem
2524 2787 2697 2854 potius
2726 2784 3072 2845 inclinentur,
3099 2782 3190 2850 qui
3219 2781 3290 2835 de
3320 2780 3542 2836 sceleris
3571 2781 3656 2833 sui

2093 2880 2342 2934 libertate
2367 2882 2715 2945 praesumunt.
2745 2873 2898 2940 Legis
2918 2873 3059 2927 enim
3081 2871 3392 2926 verissimus
3421 2869 3557 2924 lator
3572 2885 3660 2923 so—

2093 2969 2172 3022 lus
2187 2977 2271 3023 est
2287 2967 2448 3022 Deus.
2464 2964 2662 3034 thuia
2679 2964 2766 3019 ille
2782 2971 2968 3017 contra
2988 2969 3250 3029 praecepta
3265 2960 3474 3013 Domini
3493 2960 3655 3012 multa

412 3049 916 3106 determinationcui
961 3065 1077 3118 qua:
1109 3051 1159 3103 in
1193 3049 1504 3115 p'rmfationc
1535 3051 1701 3118 posita
1733 3060 1832 3114 est,
1864 3065 1982 3103 om-
2011 3067 2057 3131 ρ
2088 3061 2335 3130 jussnrus
2362 3067 2466 3121 est,
2490 3057 2543 3110 in
2566 3054 2852 3109 maledicto
2881 3053 3115 3122 ponitur,
3147 3060 3202 3106 ut
3224 3051 3303 3106 eis
3325 3064 3500 3119 prava:
3526 3049 3657 3118 legis

407 3159 542 3195 imm
575 3144 649 3198 nil
680 3144 896 3212 impedit
929 3160 943 3195 :
975 3141 1058 3196 hic
1103 3144 1242 3196 enim
1289 3142 1554 3196 canticum
1601 3158 1702 3195 non
1757 3142 1988 3196 interru-

413 3238 652 3300 ptionem
679 3235 960 3288 verborum
989 3233 1143 3298 tollit,
1193 3233 1287 3288 sed
1343 3232 1569 3287 futuram
1612 3231 1819 3287 videtur
1855 3233 1990 3288 indi-

410 3342 542 3379 care
575 3326 837 3379 laetitiam.

491 3415 642 3469 Vers.
672 3417 757 3469 17.
783 3415 1149 3470 Convertuntur
1170 3423 1356 3486 ρει-σαι(
1375 3432 1452 3468 res
1480 3416 1532 3468 in
1560 3416 1810 3486 infernum
1834 3431 1851 3468 :
1879 3433 1985 3471 om-

415 3524 508 3560 nes
534 3517 708 3577 genus
736 3524 849 3577 quia
877 3508 1238 3562 obliviscuntur
1281 3506 1572 3560 Dominum.
1607 3507 1756 3562 Venit
1788 3507 1852 3561 ad
1881 3517 1988 3563 ιρι*-

416 3602 548 3650 tiam
579 3600 869 3653 sectionem
893 3640 908 3663 ,
937 3601 990 3653 in
1020 3615 1118 3669 qua
1148 3599 1517 3670 peccatoribus
1548 3601 1704 3655 ﬁnem
1745 3601 1843 3653 sub
1873 3600 1985 3654 ala-

414 3689 609 3741 critate
635 3689 800 3743 animi
817 3692 1122 3758 pronuntiat
1139 3705 1257 3744 e~sc
1281 3703 1583 3744 venturum.
1601 3689 1986 3755 Convertuntur,

417 3778 576 3842 dicit;
604 3777 672 3832 ab
703 3776 865 3848 hujus
895 3779 1075 3833 mundi
1105 3779 1456 3834 delectatione
1490 3781 1762 3850 tolintur,
1788 3797 1856 3836 ne
1881 3783 1990 3836 diu-

416 3879 524 3920 tus
557 3869 764 3936 possint
792 3871 842 3924 in
872 3883 965 3922 sua
1001 3871 1268 3940 voluptate
1310 3872 1563 3941 gaudere.
1609 3872 1890 3942 Sequitur,
1937 3876 1990 3928 in

418 3961 699 4026 infernum,
732 3976 799 4017 ne
827 3977 886 4016 se
914 3963 1195 4018 crederent
1236 3964 1362 4017 alibi
1405 3980 1525 4019 esse
1557 3967 1863 4023 mittendos.
1897 3966 1991 4022 In-

414 4051 619 4120 {ernum
654 4061 828 4105 autem
859 4052 1057 4107 dmum
1090 4063 1172 4109 est
1197 4055 1264 4108 ab
1289 4071 1354 4109 eo
1390 4056 1528 4124 quod
1563 4057 1667 4110 illic
1693 4060 1881 4114 animze
1904 4061 1989 4128 ju-

416 4146 556 4212 giter
583 4145 878 4200 inferantur
904 4165 917 4197 τ
945 4150 1080 4213 sive,
1106 4158 1162 4203 ut
1192 4149 1407 4219 quidam
1435 4152 1638 4217 volunt,
1670 4169 1698 4207 a
1729 4164 1879 4223 parte
1909 4157 1989 4209 in-

425 4234 636 4289 feriore.
683 4234 788 4290 Sed
834 4237 919 4291 liic
962 4237 1216 4306 infernum
1259 4242 1366 4293 vult
1413 4241 1628 4312 intelligi
1679 4253 1984 4312 perpetuam

420 4340 678 4393 mortem,
714 4326 778 4381 ad
815 4343 971 4398 quam
1021 4331 1137 4384 sine
1182 4329 1342 4384 dubio
1384 4335 1686 4400 perventuri
1728 4345 1849 4390 sunt
1894 4337 1982 4408 qui

2093 3151 2340 3206 conditor
2371 3151 2668 3212 tribuatur;
2709 3145 2849 3216 quod
2881 3159 2987 3199 non
3016 3142 3083 3198 ad
3126 3141 3355 3196 salutem
3383 3141 3657 3197 sceleratis

2094 3243 2356 3314 proﬁciat,
2388 3241 2483 3294 sed
2512 3239 2576 3294 ad
2606 3239 2833 3294 ruinam.
3004 3293 3010 3298 ,

2167 3334 2316 3388 Vers.
2345 3333 2436 3386 Ἡ.
2473 3329 2685 3399 thuid,
2712 3327 2948 3392 Domine,
2977 3326 3222 3381 recessisti
3248 3325 3415 3394 longe,
3441 3323 3656 3392 despicis

2090 3427 2142 3478 in
2171 3423 2630 3494 opportunitatibus
2658 3422 2710 3474 in
2734 3420 3094 3474 tribulatione?
3123 3418 3404 3487 Interiectu
3431 3417 3658 3486 diapsal-

2092 3526 2265 3579 mate,
2309 3513 2452 3570 venit
2493 3513 2556 3566 ad
2596 3524 2846 3578 quartum
2892 3511 3189 3566 membrum
3221 3527 3235 3564 :
3266 3509 3353 3564 ubi
3405 3508 3655 3578 temporis

2093 3607 2234 3662 illius
2285 3606 2421 3660 mala
2457 3614 2786 3674 pertractans
2809 3641 2824 3667 ,
2880 3601 3196 3656 afﬂictarum
3229 3601 3656 3656 consideratimiu

2093 3699 2314 3754 Domino
2343 3697 2472 3751 dicit
2501 3711 2649 3751 more
2685 3695 3007 3750 inﬁrmitatis
3041 3694 3285 3749 humana:
3318 3711 3331 3748 :
3365 3692 3467 3748 Cur
3495 3709 3655 3748 reces-

2089 3791 2199 3844 sisti
2231 3791 2415 3860 longe?
2446 3805 2550 3842 non
2579 3787 2718 3857 quod
2749 3788 2840 3843 ille
2869 3788 3040 3842 locum
3067 3787 3434 3856 derelinquat,
3485 3797 3539 3842 et
3584 3786 3648 3840 ad

2091 3881 2230 3935 aEiud
2260 3881 2486 3950 spatium
2520 3877 2871 3934 transferatur
2897 3879 2983 3946 qui
3016 3878 3209 3947 ubique
3237 3885 3378 3934 totus
3405 3887 3486 3933 est
3507 3920 3522 3942 ,
3557 3879 3649 3932 Sed

2091 3971 2238 4038 quasi
2273 3969 2560 4024 recessisse
2589 3967 2844 4032 creditur,
2869 3983 2988 4022 cum
3020 3967 3304 4022 subvenire
3336 3967 3648 4022 tardaverit.

2090 4061 2196 4116 Sed
2227 4059 2350 4112 dum
2379 4058 2621 4125 Superius
2648 4057 2842 4110 dixerit
2871 4073 2884 4110 :
2922 4056 3174 4123 Quoniam
3207 4071 3307 4109 non
3338 4057 3652 4124 derelinqnes

2089 4161 2371 4223 quwrentes
2397 4159 2461 4214 te,
2494 4149 2728 4213 Domine,
2754 4147 2843 4201 hic
2867 4148 3129 4215 sequitur,
3147 4147 3362 4214 despicis
3390 4148 3442 4200 in
3462 4162 3653 4215 oppor-

2091 4237 2544 4303 tunitatibus;sed
2571 4237 2699 4292 illud
2733 4245 2941 4291 constat
2966 4237 3087 4291 dictx
3114 4237 3450 4290 tn'vi-raciter
3482 4249 3534 4292 et
3565 4237 3658 4294 «Lc-

2091 4336 2319 4401 ﬁuitive,
2365 4331 2502 4388 istud
2533 4342 2708 4385 autem
2765 4345 2859 4399 pro
2889 4329 3207 4398 gementium
3235 4330 3505 4384 anx’etate
3538 4339 3658 4399 pre-

337 4468 345 4473 .
417 4415 622 4470 Domini
654 4431 910 4488 praecepta
940 4409 1304 4476 contemnunt.
1337 4421 1579 4478 Oblivisci
1598 4436 1773 4480 autem
1804 4428 1980 4483 Domi-
2013 4423 2062 4482 D
2091 4429 2252 4482 latum
2281 4433 2380 4480 est.
2411 4421 2616 4493 Despici
2637 4420 2777 4477 enim
2806 4435 2904 4476 nos
2929 4421 3216 4477 crediturus.
3247 4421 3290 4475 si
3322 4420 3401 4474 vel
3435 4422 3656 4476 m'nimo

413 4522 553 4566 nam,
579 4517 662 4561 est
688 4511 956 4563 erroribus
982 4512 1441 4580 superstitionum,
1471 4525 1523 4569 et
1553 4531 1707 4572 caeno
1740 4519 1984 4589 voluptu-

409 4601 479 4650 tis
514 4597 736 4663 inm-lvi;
768 4615 886 4654 nam
915 4605 1215 4658 econtrario
1246 4606 1387 4662 illius
1418 4623 1684 4665 memores
1717 4621 1859 4678 sunt,
1889 4616 1977 4684 qui

407 4688 535 4740 talia
564 4703 668 4741 non
699 4691 990 4760 requirunt.

486 4777 636 4831 Vers.
673 4778 758 4833 18.
795 4778 1047 4845 Quoniam
1073 4798 1171 4837 non
1204 4785 1254 4838 in
1283 4785 1434 4854 ﬁnem
1464 4787 1642 4842 oblivio
1669 4789 1761 4842 erit
1783 4807 1978 4860 paupe-

407 4873 480 4923 ris
502 4884 521 4923 :
549 4871 795 4939 patientia
822 4889 1103 4942 pauperum
1143 4893 1243 4930 non
1288 4878 1467 4943 peribit
1496 4879 1544 4932 in
1574 4881 1747 4947 ﬁnem.
1781 4882 1978 4937 Vident

408 4961 665 5029 propheta
694 4964 747 5015 in
774 4965 875 5018 hoc
902 4966 1100 5019 mundo
1128 4966 1378 5023 divitibus
1399 4968 1670 5038 despectui
1701 4987 1819 5027 esse
1848 4991 1976 5042 pau-

409 5065 564 5119 peres
591 5093 605 5114 ,
635 5062 689 5106 et
721 5055 973 5109 oblivioni
1019 5058 1404 5113 crudelissima:
1435 5060 1672 5126 deputati
1701 5103 1714 5128 ,
1745 5064 1796 5117 in
1825 5065 1977 5131 ﬁnem

407 5144 610 5206 statuti,
628 5145 841 5213 quando
867 5147 1120 5200 Dominus
1144 5148 1208 5202 ad
1231 5151 1572 5213 iudicandum
1598 5154 1804 5208 venerit
1826 5171 1978 5209 inun-

405 5236 551 5296 durn,
578 5250 764 5304 panpe-
779 5252 836 5290 es
857 5235 965 5308 40
987 5253 1088 5292 non
1118 5239 1240 5293 dicit
1265 5255 1384 5297 esse
1407 5243 1855 5309 contemni-udus;
1880 5245 1976 5300 sed

407 5335 529 5382 tunc
553 5328 722 5395 magis
749 5329 798 5382 in
826 5332 1135 5384 meritoriam
1163 5330 1368 5385 Domini
1394 5332 1510 5386 illos
1534 5335 1737 5402 venire,
1765 5337 1978 5402 quando

407 5415 596 5469 .ﬁvites
627 5416 783 5483 hujus
826 5418 1006 5474 surculi
1047 5434 1076 5473 a
1109 5421 1255 5490 regni
1287 5421 1404 5490 ejus
1458 5425 1767 5479 muneribus
1797 5427 1974 5482 exciu-

408 5507 619 5561 duntur.
647 5507 723 5561 Et
756 5523 918 5578 quare
956 5509 1029 5565 illi
1059 5527 1307 5581 pauperes
1338 5529 1365 5568 a
1398 5513 1624 5570 Domino
1651 5532 1982 5575 commentam

404 5610 580 5652 rentur
611 5601 848 5667 exponit.
886 5600 1020 5657 Dicit
1050 5603 1211 5663 enim,
1240 5607 1486 5672 patientia
1512 5623 1817 5678 pauperum,
1853 5625 1974 5680 quin

2092 4530 2330 4589 tempore
2382 4517 2728 4583 differamur;
2780 4514 2875 4571 sed
2916 4515 3005 4569 ille
3050 4523 3171 4568 tunc
3221 4513 3387 4585 magis
3446 4515 3660 4570 uberius

2091 4607 2323 4678 praestat,
2353 4623 2470 4662 cum
2503 4620 2708 4676 magna:
2735 4605 3001 4676 patientia:
3026 4606 3169 4673 (mss.
3204 4605 3296 4672 Α.,
3318 4601 3404 4670 Β..
3433 4603 3522 4673 F.,
3543 4606 3658 4674 pice

2089 4700 2234 4770 tatis)
2264 4699 2417 4753 nobis
2444 4697 2635 4752 solatia
2663 4696 3047 4751 subministrat.

2162 4792 2313 4846 Vers.
2341 4790 2433 4845 ‘22.
2463 4788 2596 4844 Dum
2628 4788 2850 4858 superbit
2877 4788 3081 4860 impius,
3110 4787 3399 4842 incenditur
3427 4802 3644 4860 pauper,

2086 4880 2581 4952 comprehenduntur
2608 4881 2661 4934 in
2703 4877 3094 4951 cogitationibus
3121 4878 3222 4931 suis
3251 4893 3377 4945 quas
3401 4879 3648 4951 cogitant.

2086 4971 2387 5028 Studiosius
2419 4980 2497 5024 est
2530 4972 2646 5024 hinc
2674 4969 2936 5024 sententia
2967 4967 3341 5037 perscrutanda
3371 4985 3385 5022 :
3411 4983 3475 5022 nc
3508 4961 3659 5037 pule-

2086 5071 2171 5116 tur
2201 5061 2394 5116 exinde
2419 5059 2592 5129 justus
2639 5059 2718 5114 uri
2746 5099 2760 5126 ,
2803 5058 2924 5129 quia
2955 5067 3202 5128 peccator
3246 5059 3298 5113 in
3329 5057 3432 5112 isto
3461 5059 3657 5112 sreculo

2085 5153 2292 5208 videtur
2329 5152 2532 5207 extolli.
2566 5151 2670 5207 Sed
2703 5151 2780 5205 sic
2809 5151 2982 5221 potius
3005 5149 3408 5220 intelligendum
3437 5156 3540 5212 est,
3574 5165 3659 5203 su-

2086 5244 2245 5315 perbit
2274 5245 2459 5314 impius
2482 5283 2498 5308 ,
2543 5257 2662 5298 cum
2695 5241 2942 5297 eﬁ‘ectum
2972 5240 3216 5310 malignae
3244 5239 3526 5294 voluntatis
3557 5253 3657 5294 ex-

2086 5337 2327 5406 pleverit.
2374 5338 2522 5390 'i‘unc
2572 5334 2737 5405 magis
2793 5349 2994 5403 pauper
3042 5332 3109 5388 ad
3162 5331 3396 5387 studium
3448 5333 3656 5389 virtutis

2082 5426 2413 5488 accenditur,
2461 5426 2580 5493 quia
2605 5425 2730 5479 dum
2753 5424 2948 5479 viderit
2973 5430 3305 5491 peccatorem
3330 5423 3485 5477 nimis
3508 5424 3658 5479 exal-

2084 5526 2280 5583 talum,
2329 5517 2484 5572 facile
2515 5518 2658 5572 norit
2687 5530 2807 5570 esse
2835 5529 3117 5576 casurum;
3146 5523 3196 5570 et
3223 5517 3432 5572 avidius
3462 5518 3526 5571 ad
3558 5518 3655 5571 hu-

2084 5609 2222 5662 mila
2252 5609 2434 5674 tendit,
2470 5611 2606 5663 unde
2627 5622 2683 5662 sc
2709 5606 3052 5662 exaltandum
3073 5607 3248 5677 potius
3272 5625 3389 5666 esse
3414 5609 3653 5665 conﬁdit.
