4008 6182
402 286 465 339 87
1343 328 1345 331 τ
1616 291 1686 346 Μ.
1732 288 2012 346 AERN.”
2048 286 2449 347 CASSIODORI
3610 296 3677 351 88
3726 324 3727 329 η

411 405 516 458 Sed
562 404 674 458 istis
712 405 890 475 impiis
933 421 994 459 ac
1024 403 1267 473 superbis
1298 407 1541 475 provenit
1572 405 1659 459 illa
1690 404 1984 469 damnatio,
2020 408 2060 464 Α
2099 404 2312 467 quando
2346 405 2540 473 aliquis
2568 414 2658 458 aut
2700 422 2794 475 per
2822 406 3049 461 formam
3089 408 3429 477 describitur,
3466 418 3557 464 aut
3583 425 3679 480 p.r

398 508 455 548 ut
485 494 677 552 debitis
709 499 899 564 ptenis,
936 497 1086 565 quasi
1114 486 1431 567 quibusdam
1481 497 1633 551 uncis
1676 496 1979 565 apprehen-

400 590 632 643 duntur:
662 602 729 643 ne
780 588 898 643 illos
928 588 979 642 in
1031 589 1205 644 lucem
1246 590 1457 657 prodire
1503 590 1681 653 liceat,
1713 588 1800 659 qui
1832 599 1979 642 tene-

399 680 575 732 brosis
619 679 824 732 actibus
872 680 1279 737 contraduntur.
1335 679 1473 734 Deus
1518 680 1691 744 bone,
1746 692 1979 750 quantus

398 773 589 825 horror
631 781 712 826 est
755 772 947 827 timere
982 787 1101 842 quae
1144 787 1249 826 non
1283 773 1524 827 valemus
1572 770 1835 841 effugere!
1882 770 1977 826 sed

394 865 429 914 d
455 879 531 915 »ιιει
552 863 635 917 hic
652 863 742 917 illa
757 864 955 923 odEsse.
973 880 1089 933 qua:
1107 875 1195 918 tuo
1212 864 1738 933 praeceptojubcmur
1751 866 1973 920 evitare.

474 979 625 1032 Vers.
654 979 745 1033 Q3.
780 977 1034 1043 Quoniam
1067 979 1310 1031 laudatur
1347 990 1579 1044 peccator
1614 978 1667 1032 in
1710 979 1977 1033 desideriis

397 1074 585 1124 animm
615 1088 746 1137 sure,
779 1081 826 1125 et
855 1072 942 1141 qui
974 1073 1147 1141 iniqua
1177 1074 1339 1141 gerit,
1374 1072 1713 1125 benedicetur.
1749 1071 1978 1126 lrritavit

397 1161 671 1215 Dominum
697 1173 949 1232 peccator.
984 1163 1209 1217 Reddita
1235 1175 1492 1217 estcausa
1526 1180 1643 1229 qua!
1670 1177 1977 1232 peccatores

397 1253 809 1318 cogitationibus
840 1256 948 1327 suis
994 1257 1151 1308 faciat
1192 1256 1406 1326 illigari.
1460 1255 1624 1309 Malus
1671 1257 1811 1308 enim
1850 1258 1974 1309 dum

399 1341 718 1405 prtedicatur
741 1343 1042 1410 extollitur;
1071 1360 1167 1399 n--c
1197 1347 1263 1399 de
1287 1348 1622 1400 correctione
1647 1348 1862 1414 cogitat,
1890 1348 1977 1401 cui

401 1436 641 1490 laudator
690 1436 971 1491 blandiens
1018 1439 1305 1493 invenitur.
1345 1439 1598 1508 Sequitur
1636 1441 1977 1511 exaggeratio

392 1526 725 1595 iniquitatis;
768 1541 825 1581 ut
857 1530 943 1584 ille
977 1531 1320 1583 benedicatur
1344 1571 1355 1587 .
1399 1532 1485 1596 qui
1519 1532 1655 1585 male
1685 1532 1861 1599 potius
1888 1548 1978 1583 ac-

393 1617 557 1672 titare
581 1622 940 1689 cognoscitur.
976 1620 1169 1676 Verum
1206 1623 1305 1676 iste
1335 1622 1424 1691 qui
1454 1621 1785 1677 adulantium
1832 1623 1977 1678 falsi-

394 1718 502 1765 tate
523 1710 802 1781 deceptus,
830 1712 880 1766 in
905 1728 1148 1782 magnam
1173 1715 1563 1782 sesuperbiam
1589 1714 1971 1772 dominationis

2087 506 2236 550 astus
2262 498 2505 565 proprios
2537 497 2818 553 indicatur.

2157 592 2309 646 Vers.
2340 594 2431 649 26.
2457 594 2595 648 Dixit
2621 594 2752 648 enim
2782 596 2833 649 in
2858 597 3014 649 corde
3040 613 3132 649 suo
3157 613 3174 649 :
3201 595 3321 650 Non
3354 599 3585 652 movebar
3616 599 3675 651 de

2083 686 2405 753 generatione
2430 687 2481 740 in
2505 686 2878 755 generationem
2898 689 3008 741 sine
3036 688 3193 742 malo.
3228 688 3321 743 llis
3356 690 3536 745 verbis
3564 690 3670 764 41

2085 776 2297 842 preprie
2325 776 2702 843 cogitationem
2736 777 3050 832 Antichristi
3077 779 3341 850 designat,
3374 783 3456 837 vel
3485 798 3671 839 eorum

2082 864 2171 931 qui
2200 864 2315 933 ejus
2344 864 2670 922 famulantur
2694 866 2937 935 arbitrio,
2970 870 3222 938 quoniam
3269 874 3524 942 scriptum
3548 884 3668 931 est:

2084 952 2365 1007 Imitantur
2386 972 2505 1026 ergo
2528 957 2696 1022 illum,
2727 959 2816 1028 qui
2841 969 3037 1013 suntex
3063 970 3207 1029 parte
3231 964 3393 1030 ipsius
3420 965 3573 1036 (Sap.
3601 981 3668 1031 tt,

2081 1045 2193 1114 2i).
2228 1044 2325 1113 Qui
2355 1048 2455 1102 sibi
2488 1048 2587 1117 ipsi
2626 1050 2827 1103 malitia
2873 1050 3104 1108 faciente
3134 1053 3377 1109 dicturus
3407 1068 3517 1124 est,
3553 1061 3668 1113 nul-

2084 1135 2184 1187 lum
2210 1145 2425 1205 gentem
2458 1139 2713 1193 intactam
2750 1140 3046 1211 relinquam
3074 1160 3087 1197 :
3124 1144 3214 1198 sed
3240 1146 3306 1200 de
3334 1146 3431 1201 ista
3456 1149 3668 1203 natione

2084 1241 2165 1277 me
2192 1226 2471 1289 ulciscens,
2503 1231 2566 1281 ad
2602 1230 2761 1284 aliam
2785 1243 2998 1300 gentem
3025 1234 3215 1289 iterum
3246 1237 3538 1292 transferar
3557 1244 3669 1291 vin-

2081 1318 2370 1386 dicandus;
2419 1333 2473 1375 ut
2529 1338 2718 1379 omnes
2757 1325 2935 1380 studio
2985 1340 3150 1395 pravo
3195 1331 3362 1398 possit
3408 1332 3666 1402 afﬂigere,

2082 1411 2171 1477 qui
2199 1412 2316 1478 ejus
2352 1411 2447 1465 visi
2491 1424 2615 1467 sunt
2653 1414 2859 1469 nisibus
2899 1416 3137 1471 obviare.
3186 1424 3350 1474 Actus
3381 1435 3509 1474 vero
3538 1436 3665 1476 suos

2082 1501 2184 1551 uno
2217 1502 2381 1555 verbo
2411 1502 2681 1571 definivit,
2715 1505 2929 1575 quindo
2960 1520 3019 1561 se
3049 1509 3164 1562 sine
3193 1511 3332 1563 malo
3365 1510 3493 1564 nihil
3539 1513 3669 1567 dicit

2080 1608 2198 1645 eSse
2229 1593 2509 1648 facturum.

2156 1683 2307 1755 vers.
2335 1684 2424 1737 27.
2459 1684 2617 1755 Cujus
2646 1702 2699 1739 os
2730 1688 3081 1741 maledictione
3107 1699 3154 1741 et
3179 1692 3523 1747 amaritudine
3550 1698 3659 1761 p'e-

395 1777 826 1871 evexeritpquod
853 1777 1066 1874 proprie
1091 1805 1160 1859 de
1185 1777 1519 1860 Anticitristo
1544 1807 1701 1861 datur
1722 1807 1969 1879 intelligi,
2007 1787 2051 1845 Β
2084 1785 2299 1879 Tum“?!
2329 1793 2344 1828 ”
2373 1777 2465 1830 sub
2492 1779 2663 1879 “igua
2689 1782 2798 1879 ei.”
2830 1779 2974 1879 “ff”
3000 1792 3045 1835 ⁸⁸
3065 1782 3234 1879 ἀμπ’
3278 1783 3521 1879 Νθψῴὴ
3548 1788 3665 1856 eius

392 1897 480 1960 qui
508 1895 800 1950 tollentium
824 1898 1051 1951 catervis
1074 1912 1312 1967 eousque
1340 1900 1667 1967 perducitur,
1695 1912 1750 1954 ut
1780 1917 1839 1956 se
1866 1916 1968 1953 non

389 1986 559 2039 solum
590 2001 766 2053 regem
823 1998 1126 2053 terrenum,
1174 1990 1268 2042 sed
1316 1993 1478 2045 etiam
1512 2006 1688 2045 rerum
1733 1994 1971 2047 ninnium

391 2078 644 2145 pra-dicet
668 2080 861 2145 deum;
893 2082 1031 2136 sicut
1058 2076 1341 2151 Apostohts
1382 2084 1508 2138 dicit
1536 2103 1546 2137 :
1581 2086 1661 2137 lla
1691 2092 1816 2139 utin
1846 2098 1970 2139 tern-

389 2171 475 2235 plo
502 2168 597 2222 Dei
624 2172 816 2235 sedeat,
846 2182 889 2223 et
912 2175 1125 2227 extollat
1154 2191 1206 2229 se
1230 2191 1381 2245 super
1410 2192 1554 2228 onme
1599 2181 1735 2247 quod
1764 2181 1966 2241 colitur,

387 2262 595 2331 etquod
618 2263 805 2315 dic‘tur
829 2262 965 2316 Deus
992 2262 1077 2334 (II
1107 2263 1257 2318 Thes.
1286 2281 1343 2329 tt,
1372 2264 1443 2335 4).
1474 2265 1580 2319 Sed
1607 2268 1702 2321 ista
1737 2270 1810 2321 illi
1845 2284 1967 2337 pro-

390 2350 579 2404 ficiunt
609 2354 672 2405 ad
708 2354 945 2417 ruinam;
982 2356 1144 2407 irritat
1177 2358 1318 2409 enim
1356 2371 1538 2409 verum
1575 2355 1877 2425 Dominum,
1912 2370 1968 2412 ttt

394 2439 561 2497 falsus
582 2442 714 2496 deus
741 2443 969 2498 ﬂatnntis
1000 2446 1046 2497 ttl
1076 2446 1274 2499 ricibuv
1307 2446 1603 2500 addicatur.

464 2551 614 2607 Vers.
645 2552 734 2609 24.
767 2554 1059 2611 Secundum
1092 2561 1466 2613 multitudinem
1500 2563 1590 2614 ira’
1622 2580 1727 2616 sure
1755 2580 1855 2616 non
1883 2566 1965 2615 iu-

387 2645 572 2712 quiret.
607 2644 726 2699 Non
755 2653 827 2702 est
858 2646 992 2701 Deus
1018 2652 1070 2702 in
1100 2660 1371 2719 conspectu
1400 2654 1529 2721 ejus.
1568 2652 1621 2707 In
1649 2656 1965 2722 exponenda

391 2734 664 2790 voluntate
720 2735 1035 2791 Antichristi
1086 2750 1393 2807 perseverat
1438 2760 1450 2793 :
1498 2742 1621 2811 quia
1673 2746 1964 2799 secundum

393 2836 605 2889 peccata
658 2842 752 2881 sua
806 2826 1088 2908 Dominum
1135 2845 1236 2883 non
1270 2832 1524 2901 requiret.
1560 2832 1792 2887 Dicenda
1822 2835 1963 2888 enim

389 2920 667 2971 semiudum
692 2920 1065 2973 multitudinem
1086 2921 1177 2974 ἔναυ
1202 2938 1331 2989 sure,
1360 2923 1593 2977 ostendit
1615 2925 1790 2977 omnia
1818 2926 1963 2979 illum

388 3007 693 3062 turbulenta
722 3008 1067 3080 crudeliaque
1114 3011 1396 3067 facturum.
1451 3012 1642 3068 Ve'um
1689 3014 1842 3070 istius
1874 3032 1964 3069 ne-

387 3118 417 3165 q
434 3100 577 3154 uitize
594 3100 800 3156 reddita
817 3112 900 3158 est
920 3118 1079 3158 causa
1098 3106 1443 3171 conveniens,
1461 3108 1581 3174 quia
1601 3108 1651 3161 in
1675 3120 1963 3179 conspectu

385 3205 482 3239 suo
514 3204 615 3240 non
648 3189 805 3245 habet
833 3192 1023 3248 Deum.
1056 3194 1101 3247 Ο
1128 3210 1284 3263 quam
1318 3196 1577 3263 profunda
1615 3200 1827 3254 ca'citas
1859 3212 1959 3269 est,

389 3282 552 3333 Deum
583 3290 711 3336 ante
740 3283 923 3337 oculos
953 3299 1056 3338 non
1084 3284 1309 3340 habere!
1345 3286 1474 3341 Nam
1507 3290 1550 3343 si
1580 3290 1819 3344 ultitnum
1852 3307 1964 3345 m1:-

384 3372 496 3422 lum
528 3371 762 3425 creditur
788 3373 918 3427 solis
960 3375 1161 3429 lumina
1209 3393 1311 3431 non
1344 3379 1561 3443 videre,
1601 3396 1686 3434 no:
1711 3398 1777 3436 nc
1824 3388 1960 3452 apud

388 3473 612 3526 superos
644 3460 849 3516 inferna
882 3465 1177 3531 patiuntur,
1208 3469 1297 3536 qui
1329 3481 1598 3525 auctorem
1631 3474 1767 3527 sacri
1802 3475 1957 3528 lumi-

385 3553 467 3605 nis
521 3568 618 3620 pro
662 3570 757 3608 sua
800 3558 1015 3611 minime
1059 3560 1301 3615 caecitate
1350 3564 1682 3631 respiciunt?
1725 3564 1799 3621 De
1846 3566 1961 3633 ipso

383 3661 599 3714 quoque
631 3650 959 3717 nequis~imo
985 3651 1168 3707 Daniel
1198 3655 1456 3722 propheta
1488 3664 1714 3710 testatur
1734 3656 1955 3712 dicens:

381 3733 451 3787 Et
482 3736 754 3792 extolletur
780 3755 869 3792 rex
891 3741 1128 3794 adversus
1151 3758 1346 3795 omnem
1375 3741 1552 3811 Deum,
1584 3757 1631 3799 et
1654 3749 1959 3818 magniﬁca-

386 3828 519 3880 bitur
547 3845 696 3900 super
726 3846 923 3884 omnem
958 3831 1149 3896 Deum,
1182 3844 1229 3887 et
1254 3834 1318 3887 ad
1351 3832 1512 3890 Deum
1545 3838 1756 3891 deorum
1786 3841 1960 3912 loque-

387 3930 471 3971 tur
495 3920 782 3990 superbiin
813 3922 973 3992 (Dan.
1003 3940 1074 3987 st,
1104 3922 1212 3994 56).

464 4052 596 4107 Vers
640 4053 730 4108 23?.
767 4054 1081 4110 l’olluuntur
1103 4058 1195 4112 vice
1220 4062 1331 4127 ejus
1353 4062 1401 4115 in
1426 4064 1841 4136 omnitempore;
1870 4085 1960 4121 au-

384 4148 621 4215 feruntur
647 4147 848 4213 judicia
879 4158 963 4199 tua
992 4165 1021 4200 a
1053 4151 1183 4217 facie
1207 4152 1316 4221 ejus
1342 4168 1360 4205 :
1388 4154 1610 4206 omnium
1637 4156 1959 4211 inimicorum

282 4264 287 4269 ~
380 4251 590 4288 suorum
636 4236 1000 4291 dominabitur.
1035 4237 1185 4294 Sicut
1237 4241 1303 4295 de
1339 4244 1496 4310 justis
1544 4245 1786 4300 dicturus
1834 4260 1955 4305 cat:

384 4322 529 4377 Beati
559 4325 873 4378 imntaculati
902 4328 955 4379 in
986 4329 1085 4397 riu,
1119 4331 1204 4399 qui
1230 4333 1495 4387 ambulant
1530 4336 1582 4387 in
1616 4337 1724 4407 lege
1753 4335 1960 4393 Domini

382 4412 574 4478 (Psal.
608 4430 791 4481 cst‘ttt,
827 4416 896 4487 1)
929 4436 947 4472 ςη
975 4420 1040 4472 ita
1080 4436 1219 4475 nunc
1250 4422 1316 4477 de
1348 4426 1677 4482 Antichristo
1724 4430 1917 4485 dicitur
1944 4475 1956 4493 ,

2081 1867 2281 1933 duplici
2320 1871 2670 1937 perversitate
2710 1870 3064 1936 describitur;
3117 1874 3166 1926 in
3210 1888 3304 1928 ore
3332 1876 3526 1945 quippe
3558 1878 3659 1931 ha-

2078 1960 2217 2012 bebil
2248 1960 2614 2030 blaspltemam
2638 1962 3090 2030 maledictiouem,
3120 1982 3240 2021 cum
3264 1983 3325 2021 sc
3350 1968 3439 2023 Dei
3472 1969 3662 2025 Filium

2077 2053 2391 2118 mentietur;
2418 2056 2850 2123 amaritudinem,
2876 2060 3090 2129 quando
3115 2062 3520 2118 resultatoribus
3541 2065 3657 2120 suis
3710 2090 3713 2095 ⁴

2076 2160 2283 2210 ιιυειιαιη
2328 2146 2518 2199 tnnrtis
2558 2147 2777 2213 indicet,
2812 2160 2859 2203 et
2890 2150 2954 2204 ad
2981 2152 3239 2221 Supplicia
3287 2152 3497 2222 jubebit
3542 2171 3661 2224 per-

2076 2233 2289 2298 venire,
2342 2238 2430 2304 qui
2478 2251 2600 2292 eum
2635 2250 2882 2311 tanquam
2913 2258 3107 2298 numen
3143 2242 3284 2314 [mss.
3319 2249 3407 2313 Α.,
3439 2245 3525 2310 8.,
3563 2246 3659 2315 F.,

2076 2340 2271 2379 nomen
2305 2327 2483 2398 inane]
2524 2334 2945 2401 contempserint
2996 2334 3240 2389 adorare.
3289 2336 3411 2392 llaec
3447 2338 3660 2393 hab~bt

2074 2418 2125 2469 in
2156 2430 2250 2472 ore
2277 2433 2394 2485 qua:
2437 2418 2709 2476 locuturus
2735 2434 2811 2478 est
2854 2424 3085 2493 publice.
3141 2427 3251 2481 Sub
3296 2426 3471 2497 lingua
3501 2445 3650 2493 vero,

2071 2507 2212 2573 quod
2252 2508 2347 2573 ait,
2403 2510 2645 2580 designat
2672 2528 2792 2567 eum
2823 2514 3172 2583 cogitationes
3203 2518 3400 2573 habere
3431 2522 3659 2576 suavissi-

2074 2611 2227 2662 mas;
2278 2608 2334 2652 ut
2365 2615 2482 2652 cum
2529 2602 2643 2669 ipse
2694 2604 2765 2656 sit
2804 2604 3062 2675 perditus,
3105 2607 3329 2677 pezdere
3359 2622 3545 2663 cuncta
3579 2614 3654 2665 fe-

2074 2691 2257 2743 stinet.
2306 2691 2542 2757 Quarum
2595 2710 2771 2750 rerum
2799 2695 3041 2752 definitio
3090 2700 3234 2754 labor
3263 2710 3308 2754 et
3341 2703 3488 2756 dolor
3526 2714 3606 2756 est
3640 2721 3652 2757 :

2073 2782 2215 2833 labor
2259 2796 2379 2836 cum
2408 2783 2637 2840 diversis
2678 2787 2916 2843 cladibus
2943 2788 3132 2860 afﬂigit
3172 2793 3454 2860 innoxios;
3508 2795 3658 2848 dolor

2069 2888 2191 2927 cum
2245 2885 2508 2945 martyres
2538 2876 2681 2945 facit,
2727 2881 2977 2950 quoniam
3023 2884 3140 2938 sine
3174 2883 3357 2939 labore
3386 2896 3439 2939 et
3469 2885 3656 2943 dolore

2069 2966 2308 3026 corporis
2357 2971 2715 3023 consummari
2766 2981 2869 3033 non
2920 2984 3095 3040 potest
3141 2988 3336 3028 corona
3390 2978 3651 3048 martyrii.

2070 3054 2156 3107 Sic
2184 3057 2433 3110 uttivetsa
2461 3074 2579 3127 qua:
2602 3059 2657 3111 io
2680 3061 2840 3128 tuitur
2870 3065 2949 3114 Vel
2983 3063 3202 3131 cogitat,
3238 3065 3350 3132 pari
3382 3063 3511 3120 ftece
3538 3068 3654 3135 pol-

1992 3161 2038 3224 ς
2074 3145 2177 3196 luta
2215 3156 2356 3200 sunt.

2146 3232 2293 3289 Vera.
2316 3234 2405 3289 9.8.
2448 3233 2599 3291 Sedet
2624 3238 2675 3289 in
2704 3238 2902 3293 insidiis
2930 3256 3046 3294 cum
3075 3242 3311 3299 diuitibus
3336 3246 3390 3299 in
3417 3248 3649 3311 occultis,

2068 3333 2123 3375 ut
2153 3324 2421 3393 interﬁciat
2454 3326 2789 3382 innocentem.
2845 3328 2996 3385 Oculi
3021 3334 3134 3404 ejus
3165 3334 3217 3388 in
3251 3351 3526 3407 pauperem
3570 3355 3650 3391 re-

2066 3416 2304 3485 spiciunt.
2351 3414 2495 3470 'Cum
2546 3417 2698 3486 dicit,
2749 3419 2906 3475 Sedet
2942 3423 2999 3476 in
3048 3425 3270 3492 insidiis,
3322 3441 3471 3483 aetus
3503 3430 3650 3484 Anti-

2066 3503 2256 3558 cltristi
2287 3505 2553 3560 latronum
2580 3510 2953 3565 consuetudini
2977 3515 3327 3584 comparavit,
3356 3517 3447 3587 qui
3469 3519 3647 3573 occul-

2067 3605 2147 3648 tas
2196 3595 2307 3650 vias
2358 3596 2614 3665 insident,
2665 3610 2724 3654 ut
2769 3603 3093 3660 interﬁciant
3125 3608 3462 3664 innocentes.
3520 3612 3648 3678 Qua

2066 3686 2227 3755 figura
2261 3687 2453 3743 dicitur
2480 3689 2780 3757 phantasia,
2824 3696 3035 3763 quoties
3066 3697 3119 3750 in
3148 3700 3511 3769 concipiendis
3555 3701 3638 3755 fu-

2066 3781 2196 3835 turis
2244 3781 2539 3835 visionibus
2591 3784 2801 3838 animus
2846 3786 3157 3855 perducitur
3185 3791 3469 3847 audientis.
3518 3792 3647 3848 Tale

2065 3872 2205 3925 enim
2260 3872 2573 3926 Antichristi
2625 3889 2847 3944 regnum
2897 3877 3025 3932 dicit
3083 3882 3335 3946 futurum,
3386 3884 3527 3953 quod
3579 3888 3645 3937 ad

2065 3976 2356 4035 martyrum
2408 3980 2684 4034 eumnam,
2741 3977 2794 4021 et
2842 3970 3132 4027 infidelium
3184 3978 3388 4029 ruinam
3436 3989 3647 4031 constet

2064 4072 2183 4111 esse
2216 4058 2552 4126 permissum.
2588 4060 2875 4129 Sequitur:
2909 4064 3035 4119 Cum
3062 4068 3319 4123 divitibus.
3360 4071 3458 4123 llic
3486 4071 3646 4139 signi-

2064 4147 2185 4201 ﬁcat
2216 4147 2609 4203 multitudinem
2639 4153 2918 4207 malorum.
2962 4154 3118 4225 Saepe
3150 4158 3293 4212 enim
3325 4160 3376 4212 in
3406 4160 3647 4229 Scriptu-

2062 4243 2137 4298 ris
2163 4242 2357 4296 divinis
2385 4244 2563 4299 divites
2594 4244 2646 4298 iu
2677 4250 2817 4300 ma‘o
2840 4248 3190 4317 accipiuntur,
3222 4256 3356 4308 sicut
3383 4270 3583 4323 pauper
3622 4274 3647 4307 s

2065 4336 2116 4389 itt
2149 4336 2311 4389 bono.
2358 4333 2657 4402 lnterﬁcere
2682 4353 2809 4394 vero
2851 4343 3166 4396 innocentem
3194 4354 3274 4398 est
3301 4345 3367 4399 de
3397 4348 3647 4415 religioso

2066 4428 2241 4482 facere
2273 4426 2612 4497 sacrilegum,
2649 4430 2872 4499 ejusque
2914 4433 3144 4489 animam
3194 4446 3445 4503 perpetua
3476 4451 3647 4491 morte

383 4518 572 4558 omnes
613 4505 831 4561 semitas
872 4507 1073 4565 habere
1114 4511 1365 4580 pollutas,
1399 4516 1448 4568 id
1499 4528 1581 4572 est
1609 4521 1959 4588 cogitationes
1987 4546 2039 4605 ι)
2065 4520 2334 4575 damnare.
2390 4518 2519 4573 Nam
2554 4536 2674 4576 cum
2706 4522 2858 4590 dicit,
2914 4527 3088 4580 oculos
3132 4531 3243 4599 ejus
3291 4530 3343 4583 in
3374 4546 3645 4600 pauperem

387 4603 630 4667 tactaque
658 4599 945 4656 sordentii.
982 4602 1215 4661 Necesse
1245 4618 1327 4661 est
1358 4611 1503 4664 enim
1536 4622 1592 4665 ut
1626 4613 1729 4668 sint
1772 4628 1960 4670 conta-

388 4689 590 4743 minata
627 4701 787 4761 atque
818 4694 1017 4763 polluta
1040 4736 1053 4760 ,
1100 4712 1221 4767 qua:
1247 4699 1440 4754 ducatu
1471 4703 1715 4772 pestifcri
1761 4707 1957 4767 diaboli

382 4779 747 4837 sordidatttur.
778 4783 1006 4840 Additur
1023 4788 1193 4843 etiam
1225 4789 1485 4846 nefarium
1514 4795 1721 4862 scelus,
1750 4809 1804 4851 ut
1836 4815 1956 4855 cutn

379 4870 668 4927 vindictam
698 4874 750 4929 in
774 4890 834 4931 se
865 4877 1083 4947 respicit
1111 4893 1230 4935 esse
1259 4881 1497 4949 dilatam,
1531 4885 1697 4942 Deum
1728 4905 1833 4944 non
1860 4907 1961 4962 pu-

380 4972 456 5015 ιρι
485 4979 747 5020 exercere
776 4968 916 5022 velle
939 4968 1220 5039 juStitiam.
1249 4972 1340 5027 Sic
1364 4975 1506 5029 enim
1533 4979 1842 5047 auferuntur
1863 4986 1957 5053 ju-

382 5056 513 5104 dicia
547 5056 636 5107 Dii
670 5072 693 5107 a
728 5058 887 5111 corde
917 5058 1087 5127 impii,
1111 5062 1326 5131 quando
1352 5064 1497 5119 videt
1520 5068 1723 5122 tardius
1749 5073 1955 5141 venire,

380 5148 519 5199 mind
552 5149 797 5202 celeriter
824 5166 1087 5207 tui-ruerat
1118 5155 1413 5216 sustinere.
1437 5157 1500 5211 Et
1525 5160 1665 5229 quod
1695 5160 1771 5216 illi
1799 5173 1959 5233 auget

380 5239 808 5304 uiteritum,cum
824 5242 887 5296 vi:
901 5243 964 5297 iis
984 5245 1203 5311 serviat,
1219 5248 1456 5303 omnium
1483 5251 1817 5309 inimicorum
1840 5271 1961 5311 suo-

378 5346 494 5384 rum
522 5331 766 5388 obtinere
795 5333 991 5389 dicitur
1015 5337 1388 5406 principatum.
1417 5339 1529 5408 Qua
1557 5342 1807 5401 felicitate
1834 5347 1957 5403 sub-

377 5434 559 5476 vectus
578 5425 641 5479 ad
663 5427 863 5481 scelera
890 5431 1104 5495 pronior
1120 5431 1242 5495 erit,
1265 5446 1383 5486 cum
1404 5434 1603 5490 nullum
1627 5438 1726 5493 sibi
1746 5440 1955 5497 obviam

384 5512 455 5568 ire
496 5529 654 5583 posse
693 5519 1022 5588 cognoverit.
1059 5518 1157 5585 Qui
1196 5528 1342 5576 tanta
1387 5523 1609 5581 inferius
1634 5531 1955 5597 proprietate

378 5605 728 5672 describitur,
779 5608 967 5677 utjam
997 5626 1100 5664 non
1135 5612 1362 5680 futurus,
1406 5614 1499 5670 sed
1543 5622 1690 5687 quasi
1723 5635 1957 5689 prasens

375 5710 495 5752 esse
546 5696 800 5750 videatur.
855 5700 981 5765 ρττο
1036 5702 1198 5773 figunt
1243 5704 1438 5762 diciiur
1488 5708 1952 5782 characterismos,

2067 4612 2336 4681 respicere,
2380 4627 2484 4668 non
2534 4616 2770 4685 respicit,
2818 4627 2873 4671 ut
2915 4622 3241 4688 prOSpiciat;
3297 4622 3391 4677 sed
3437 4622 3502 4676 ad
3547 4624 3646 4678 hoc

2067 4702 2313 4767 intendit,
2347 4715 2399 4755 ut
2432 4705 2677 4771 perimat.

2139 4793 2293 4848 Vers.
2326 4794 2415 4848 29.
2458 4793 2745 4851 Insidiatur
2784 4800 2833 4853 in
2862 4804 3079 4868 occulto,
3114 4803 3239 4857 sicut
3272 4805 3352 4858 lco
3395 4807 3446 4859 in
3491 4809 3646 4859 (διὺὲἶί

2066 4902 2176 4940 suo.
2223 4884 2457 4940 Leonem
2490 4890 2540 4941 in
2571 4890 2731 4943 cubili
2763 4906 2858 4945 suo
2887 4894 3180 4949 antelatum
3211 4897 3336 4950 dicit
3367 4898 3641 4952 Antichri-

2059 4986 2223 5043 stum,
2247 4978 2612 5047 quiatrociter
2639 4992 2693 5036 et
2720 4982 2902 5037 dolose
2936 4987 3263 5043 laceraturus
3288 4997 3369 5043 est
3394 4991 3643 5059 populum

2058 5067 2279 5126 Christi.
2305 5071 2445 5126 Inter
2467 5072 2621 5127 initia
2639 5076 2778 5130 enim
2808 5080 3112 5146 persecutio
3134 5079 3392 5137 Ecclesia
3413 5085 3645 5139 vio'enta

2061 5170 2266 5218 tantum
2292 5160 2418 5229 fuit,
2462 5175 2518 5219 ut
2544 5180 2574 5219 a
2603 5169 2843 5238 paganis,
2875 5171 3376 5240 proscriptionibus,
3410 5184 3645 5230 tormen-

2040 5259 2151 5325 ‘tis,
2181 5258 2438 5326 omnibus,
2469 5259 2761 5317 Christiani
2792 5263 2861 5318 ad
2897 5264 3165 5319 idolorum
3196 5268 3459 5323 sacrificia
3489 5284 3643 5337 coge.

2060 5360 2263 5405 rentur.
2307 5350 2495 5405 Altera
2527 5351 2884 5422 fraudulenta,
2918 5372 3036 5426 qua:
3070 5372 3210 5413 nunc
3239 5373 3333 5429 per
3358 5360 3649 5415 literetlcos

2060 5450 2115 5495 et
2164 5440 2323 5496 falsos
2371 5442 2545 5513 agitur
2597 5443 2947 5504 Christianos.
3014 5449 3312 5507 Novissima
3369 5467 3641 5522 superest,

2060 5546 2177 5602 qum
2207 5547 2301 5600 per
2331 5534 2713 5591 Antichristum
2742 5538 3045 5606 prtediidtur
3073 5557 3193 5597 esse
3222 5553 3443 5599 ventura
3476 5564 3489 5599 :
3535 5562 3642 5614 qui

2061 5624 2190 5679 nihil
2232 5626 2602 5694 periculosius,
2653 5632 2903 5699 qttoniim
2946 5637 3048 5687 crit
3086 5637 3318 5689 violenta
3366 5639 3524 5692 nimi;
3574 5659 3641 5695 ex

2064 5725 2327 5787 potestate
2377 5721 2523 5790 regni
2557 5723 2856 5794 singularis,
2907 5737 2958 5782 ct
2988 5728 3292 5799 ιΙαεοριιιίνιείι
3330 5733 3633 5791 miraculis;
