4008 6182
202 346 264 401 89
1166 346 1526 403 EXPOSITIO
1567 346 1630 400 lN
1674 346 2127 407 PSALTERIUM.
2172 350 2356 407 PSAL.
2402 350 2495 405 lX.
3412 352 3479 406 το

200 472 272 527 ut,
304 458 442 514 sicut
473 458 728 513 Dominus
750 458 803 512 in
826 457 1113 526 Evangelio
1135 459 1264 513 dicit
1286 499 1302 523 ,
1336 459 1564 524 sedueat,
1594 456 1637 510 si
1667 456 1780 524 fieri
1808 462 1855 518 Α
1959 457 2112 513 Vers.
2145 458 2233 513 54.
2260 459 2481 528 Propter
2509 459 2629 530 quid
2653 459 2871 513 irritavit
2900 459 3088 531 impius
3112 459 3275 515 Deum
3296 462 3476 534 [tnss.,

206 562 384 621 potest,
433 553 588 606 etiam
636 552 822 605 electos
850 549 1067 623 (Matth.
1102 567 1247 619 xxtv,
1276 550 1391 618 24).
1447 550 1677 605 Proinde
1722 548 1786 603 ad

202 650 307 703 vim
333 648 567 718 pertinet
596 645 737 717 quod
766 648 997 715 positum
1028 654 1131 710 est,
1164 646 1243 699 leo
1269 662 1287 710 ;
1329 643 1394 698 ad
1424 644 1598 709 dolos,
1645 643 1788 714 quod

202 742 295 801 ait,
334 742 386 792 in
416 738 571 792 cubili
595 754 711 792 suo.
758 737 850 792 Sic
878 745 1119 804 utratque
1175 736 1481 805 iniquitates
1516 733 1635 804 ejus
1675 733 1786 787 sin-

201 833 330 902 gulis
356 831 702 885 sermonibus
729 830 1062 884 intitnantur.

270 922 424 976 τετε.
458 922 552 974 30.
593 920 884 975 lnsidiatur
927 931 980 974 ut
1024 919 1193 988 rapiat
1224 931 1547 986 pauperem:
1604 930 1787 983 rapere

204 1029 501 1081 pauperem,
534 1013 653 1064 dum
690 1010 902 1064 attrahit
924 1025 1058 1063 eum.
1118 1007 1183 1061 In
1214 1008 1397 1077 laqueo
1426 1023 1518 1059 suo
1544 1004 1790 1058 humilia-

202 1104 269 1155 bit
319 1119 461 1155 eum.
542 1100 757 1154 lteratio
803 1099 1159 1165 insidiarum,
1214 1096 1545 1151 nimietatem
1598 1095 1783 1149 callidi

205 1194 562 1263 persecutoris
608 1190 866 1245 Orletldli.
920 1190 1120 1259 Rapere
1149 1203 1276 1243 vero
1319 1204 1592 1258 pauperem
1624 1185 1788 1253 signi-

202 1288 315 1339 ﬁcat
340 1284 579 1337 subitum
613 1284 907 1351 periculum
942 1282 1155 1345 animm,
1199 1279 1263 1334 ad
1306 1281 1444 1347 quod
1477 1281 1564 1332 ille
1602 1278 1785 1333 nefan-

201 1379 449 1433 diSsitnus
496 1380 710 1431 trahere
744 1376 933 1428 niti;ur
960 1377 1293 1428 innocentes.
1348 1374 1547 1427 Deinde
1592 1375 1655 1426 ad
1688 1388 1785 1426 ex-

206 1472 519 1540 positionem
554 1469 791 1537 priorum
826 1466 1065 1535 sequitur
1093 1464 1285 1519 decora
1317 1466 1565 1530 repetitio
1596 1483 1609 1529 ;
1663 1482 1784 1518 nam

205 1576 260 1619 ut
300 1580 408 1617 non
442 1572 662 1630 putares
710 1575 998 1629 pauperem
1030 1568 1241 1626 raptum
1293 1566 1382 1611 aut
1422 1558 1531 1611 lisci
1582 1556 1783 1621 drbito,

200 1668 286 1711 aut
326 1656 762 1723 interpellatione
809 1668 988 1708 causa:
1027 1650 1223 1719 civilis,
1272 1654 1561 1721 geminavit
1608 1669 1788 1724 rapere

199 1767 511 1823 pauperem;
561 1760 611 1803 et
665 1764 787 1802 mox
838 1762 1052 1802 causam
1105 1746 1495 1815 persecutionis
1522 1746 1781 1810 annectit,

1891 549 2172 603 Dominum
2200 548 2499 621 peccator}?
2562 549 2706 605 Dixit
2754 551 2884 604 enim
2918 552 2971 604 in
3014 555 3165 605 corde
3208 567 3325 617 suo,
3377 569 3479 606 non

1890 643 2130 709 requiret.
2167 642 2220 696 In
2247 643 2347 697 hoc
2377 658 2532 697 versu
2558 644 2782 697 mirabili
2820 643 3082 698 brevitate
3106 652 3158 698 et
3189 643 3478 700 sciscitatio

1891 734 2256 802 przt'n'tittitur,
2302 744 2357 788 et
2384 737 2666 803 responsio
2689 743 2811 804 apta
2836 736 3201 802 consequitur.
3239 736 3474 790 Interro-

1890 824 2064 895 galive
2092 823 2233 877 enim
2269 823 2722 891 ptonuntiandutn
2750 833 2832 878 est
2865 842 2877 876 :
2929 823 3149 893 Propter
3186 825 3315 894 quid,
3359 826 3478 878 irri-

1890 920 2009 971 tavit
2040 920 2228 985 impius
2260 919 2467 972 Deum?
2493 919 2693 973 Deinde
2723 921 3152 988 respondendum
3176 931 3260 975 est
3286 938 3299 974 :
3330 921 3476 975 Dixit

1889 1011 2022 1062 enim
2048 1011 2101 1062 in
2125 1010 2277 1063 corde
2304 1027 2419 1077 suo,
2453 1026 2554 1063 non
2586 1011 2829 1075 requiret.
2856 1008 3074 1063 Constat
3103 1012 3321 1078 quippe,
3355 1009 3475 1065 ideo

1892 1100 2173 1155 Dominum
2208 1100 2491 1163 irritatum,
2537 1101 2789 1171 quoniam
2819 1115 2941 1155 eum
2975 1100 3170 1165 impius
3203 1100 3336 1154 facta
3379 1116 3471 1156 sua

1890 1208 1995 1246 non
2021 1191 2241 1261 putabat
2266 1208 2421 1259 posse
2444 1194 2736 1259 requirere.
2768 1192 2870 1244 Sed
2900 1191 3134 1245 inveniet
3158 1206 3471 1256 memorent,

1890 1300 2047 1354 quem
2078 1286 2328 1353 sperabat
2355 1283 2600 1345 oblitum,
2638 1293 2688 1335 ct
2723 1297 2887 1351 usque
2913 1284 2976 1335 ad
3010 1284 3326 1336 immensum
3352 1298 3474 1335 sen-

1892 1378 1950 1430 tit
1982 1376 2169 1442 recipi,
2214 1392 2330 1444 qua:
2365 1390 2473 1444 prze
2504 1374 2846 1427 multitudine
2876 1373 3188 1428 delictorum
3223 1374 3473 1427 credebat

1889 1466 1940 1521 itt
1975 1466 2225 1519 memoria
2256 1483 2359 1519 non
2396 1468 2584 1519 teneri.

1961 1558 2115 1612 Vers.
2136 1557 2223 1611 55.
2263 1557 2413 1611 Vides
2436 1559 2677 1625 quoniam
2704 1568 2757 1610 tu
2784 1557 3005 1610 laborem
3029 1567 3077 1610 et
3101 1559 3328 1611 dolorem
3352 1574 3475 1611 con-

1886 1652 2104 1715 sitleras,
2127 1662 2178 1703 ut
2207 1652 2380 1704 tradas
2398 1667 2479 1703 eos
2504 1651 2553 1702 in
2579 1667 2764 1703 manus
2789 1662 2922 1704 tuas.
2952 1652 3088 1703 Istud
3109 1650 3475 1721 jant52pr0-

1889 1745 2008 1797 bata
2034 1760 2093 1798 re
2124 1744 2253 1815 [ed.,
2291 1740 2585 1812 probaturi]
2613 1743 2837 1795 Domino
2864 1758 2984 1796 cunt
3013 1744 3365 1807 gratulatione
3394 1742 3476 1796 di-

197 1847 316 1897 dam
342 1842 564 1896 attrahit
595 1856 731 1904 eum,
763 1839 814 1893 id
842 1849 944 1902 est,
995 1838 1119 1891 dum
1169 1836 1317 1890 illum
1349 1852 1377 1889 a
1419 1838 1643 1890 veritate
1669 1836 1784 1889 cnl-
1820 1840 1858 1896 Β
1890 1838 2114 1892 cendum
2148 1849 2227 1891 est
2265 1855 2278 1891 :
2319 1837 2473 1890 Vides
2500 1840 2750 1904 quoniam
2786 1836 2962 1889 nullus
2992 1836 3082 1889 tibi
3114 1837 3318 1891 il7ndet.
3376 1837 3475 1891 Su-

202 1947 334 1989 tura:
358 1934 424 1987 ad
454 1931 691 1986 nominis
717 1931 799 1984 sui
823 1931 1223 1984 venerationem
1251 1927 1471 1981 molitur
1497 1926 1783 1980 adducere.

196 2026 261 2080 Et
291 2041 365 2079 ne
394 2024 572 2077 adhuc
607 2022 768 2085 istud,
795 2022 1007 2074 attrahit
1038 2036 1173 2085 eum,
1202 2018 1421 2073 dubium
1465 2017 1662 2071 habere
1694 2032 1787 2085 po-

196 2132 247 2173 tu
269 2134 412 2184 sses,
440 2116 648 2171 addidit
678 2133 690 2168 ε
741 2115 807 2168 In
852 2116 1031 2183 laqueo
1060 2130 1154 2167 suo
1180 2112 1469 2166 humiliabit
1499 2126 1631 2164 cum.
1685 2109 1788 2162 La-

194 2228 352 2276 queus
393 2210 660 2279 signiﬁcat
709 2207 915 2270 dolum.
968 2221 1074 2275 quo
1112 2206 1436 2273 simplicium
1470 2206 1633 2257 corda
1682 2218 1786 2256 ca-

196 2304 435 2371 piuntur,
479 2310 535 2355 et
563 2300 711 2354 velut
763 2298 909 2353 nodo
951 2297 1325 2368 perversitatis
1373 2295 1789 2350 lamentabiliter

192 2396 501 2463 alfigantur.
540 2390 850 2444 llumiliabit
880 2399 1082 2455 autem,
1114 2389 1255 2443 bene
1280 2387 1477 2442 dictum
1508 2394 1626 2440 est:
1660 2401 1789 2453 quo-

197 2488 341 2540 niam
376 2486 442 2540 de
486 2500 612 2540 vera
666 2484 929 2553 religione
975 2485 1091 2537 sine
1123 2481 1287 2537 dubio
1316 2481 1531 2545 cadunt,
1581 2480 1671 2549 qui
1721 2478 1788 2531 ad

192 2579 388 2632 insana
436 2578 685 2645 dogmata
726 2575 1109 2644 perducuntur.
1274 2562 1279 2569 ’

262 2668 428 2722 \‘ers.
466 2668 559 2720 3i.
603 2666 879 2720 lnclinabit
927 2682 998 2730 se,
1031 2674 1077 2718 et
1112 2664 1257 2718 cadet
1294 2664 1417 2717 dum
1444 2662 1789 2715 dominabitur

192 2774 507 2828 pauperum.
556 2757 653 2813 Hic
679 2757 789 2826 jam
818 2756 886 2811 de
916 2757 1032 2824 ipso
1080 2767 1307 2825 tyranno
1332 2754 1551 2820 dicitur,
1597 2754 1685 2821 qui
1730 2756 1780 2807 in

192 2851 284 2905 Dei
314 2866 508 2905 servos
539 2852 798 2918 permissa
840 2857 1105 2917 potestate
1132 2846 1482 2916 grassabitur.
1547 2844 1784 2899 Inclina-

198 2944 258 2996 bit
289 2960 365 3006 se,
395 2945 452 2996 id
484 2953 588 3007 est,
640 2957 761 2996 cum
795 2942 1032 2995 animum
1060 2956 1215 2995 suum
1247 2941 1407 2994 nimia
1453 2941 1783 3009 perditorum

196 3034 555 3104 acquisitione
584 3032 872 3096 remiserit,
918 3040 973 3086 et
1005 3031 1156 3101 quasi
1182 3030 1444 3084 malorum
1490 3029 1640 3097 copia
1671 3044 1790 3083 cra-

195 3130 434 3196 pulatus,
491 3127 545 3179 in
592 3123 808 3194 aliquod
861 3124 1026 3177 otium
1078 3132 1198 3188 post
1252 3131 1558 3176 sanctorum
1607 3135 1792 3189 pmnas

1897 1930 2073 1997 pet-ins
2102 1929 2245 1983 enim
2278 1929 2485 1982 dixerat
2511 1946 2524 1980 :
2558 1927 2665 1983 Sub
2697 1928 2875 1998 lingua
2902 1928 3013 1998 ejus
3036 1929 3179 1981 labor
3207 1939 3253 1981 et
3285 1928 3475 1993 dolor;

1894 2019 2008 2073 lucc
2036 2035 2173 2073 nunc
2202 2021 2362 2073 verba
2396 2019 2587 2085 repetit
2614 2035 2630 2072 :
2670 2018 2822 2071 Vides
2851 2022 2968 2084 quia
2998 2019 3220 2072 laborem
3250 2031 3299 2072 et
3331 2020 3475 2073 dolo-

1892 2128 1995 2165 rem
2040 2111 2355 2175 consideras,
2398 2125 2514 2179 qua:
2542 2124 2592 2164 et
2624 2109 2712 2163 ille
2750 2110 2983 2178 perﬁdus
3011 2111 3137 2164 dum
3167 2111 3267 2165 sub
3297 2111 3474 2180 lingua

1891 2218 1983 2256 sua
2009 2202 2250 2268 haberet,
2292 2202 2342 2257 id
2375 2212 2460 2257 est
2493 2203 2546 2254 in
2569 2203 2892 2269 cogitatione
2921 2203 3238 2265 revolvi-ret,
3277 2217 3478 2269 cogno-

1893 2295 1966 2347 sci
1996 2295 2204 2361 penitns
2227 2310 2330 2347 non
2346 2293 2619 2348 credebat.
2648 2293 2952 2347 Considera;
2980 2293 3236 2361 profecto,
3260 2296 3475 2364 quando
3560 2338 3567 2345 κ

1894 2387 1943 2437 in
1978 2387 2081 2439 tuis
2111 2384 2377 2448 manibus,
2432 2384 2482 2437 id
2510 2395 2594 2438 est
2619 2384 2820 2454 judicio
2851 2385 3078 2440 traditus
3105 2400 3209 2439 neu
3256 2386 3432 2439 evadit
3458 2403 3474 2452 ;

1892 2475 1984 2528 sed
2014 2476 2170 2544 digna
2196 2474 2348 2528 factis
2390 2474 2597 2542 recipit,
2643 2475 2733 2544 qui
2763 2476 3056 2529 vacandum
3087 2478 3155 2529 ab
3183 2478 3477 2531 sceleribus

1894 2582 1997 2619 non
2048 2566 2269 2635 putavit.
2314 2564 2413 2620 Sic
2460 2566 2638 2620 omnis
2679 2576 2914 2634 pmestas
2960 2581 3124 2636 penes
3155 2567 3323 2621 Deum
3355 2584 3475 2621 esse

1892 2659 2211 2723 declaratur,
2245 2659 2333 2727 qui
2364 2667 2674 2727 pecc..tores
2698 2660 2811 2726 ipse
2831 2660 2931 2714 sibi
2963 2671 3014 2713 et
3042 2660 3201 2714 tradit
3225 2669 3281 2713 et
3306 2661 3472 2727 punit.

1890 2750 2024 2803 Nam
2072 2750 2212 2820 quod
2248 2765 2341 2816 per
2370 2749 2645 2804 ministros
2672 2752 2786 2818 ejus
2813 2751 3032 2818 geritur,
3083 2750 3252 2819 ipsius
3285 2753 3478 2805 virtute

1880 2844 2009 2896 sine
2035 2841 2368 2895 dubitatione
2395 2843 2713 2910 completur.
2767 2843 2883 2908 Quo
2913 2844 3095 2913 fugiat.
3143 2858 3297 2912 quem
3333 2854 3475 2897 tanta

1893 2937 2062 2989 virtus
2081 2932 2378 3002 insequitur
2402 2934 2425 2986 ἲ
2464 2931 2773 3005 Comtttittat
2801 2933 2928 2988 licet
2968 2935 3191 2997 scelera,
3221 2945 3276 2989 et
3302 2934 3477 2988 diver-

1893 3042 2075 3082 sorum
2108 3028 2384 3082 hominum
2419 3025 2771 3081 subversione
2797 3034 3082 3092 pascatur;
3111 3025 3366 3095 quidquid
3396 3029 3474 3079 le—

1894 3119 2031 3172 cerit
2078 3132 2183 3173 non
2211 3120 2314 3173 erit
2340 3112 2684 3187 impunitum,
2738 3132 2861 3172 cum
2888 3130 3087 3171 aeterna
3130 3117 3477 3173 damnatione

194 3220 624 3287 afﬂictionesque
647 3216 972 3283 pervenerit.
1003 3213 1151 3268 Tunc
1172 3229 1300 3283 ergo
1325 3213 1393 3266 de
1415 3228 1508 3266 sua
1534 3227 1792 3282 przesum-
1821 3210 1866 3272 C
1899 3211 2254 3281 torquebitur.

194 3311 377 3379 ptione
430 3308 793 3378 nequissimus
834 3306 1012 3369 cadet,
1057 3304 1273 3373 quando
1320 3305 1399 3358 illi
1426 3319 1547 3358 cum
1571 3304 1682 3358 suis
1712 3318 1797 3359 se-

194 3402 463 3471 quacibus
505 3399 880 3467 supervenerit
923 3398 1236 3466 repentinus
1286 3396 1555 3450 interitus.
1604 3393 1791 3450 Finem

195 3495 395 3562 quippe
423 3488 616 3546 saeculi
648 3490 840 3556 nescit,
883 3489 1133 3559 quoniam
1166 3503 1286 3542 eum
1324 3487 1583 3543 Dominus
1612 3488 1665 3543 in
1697 3502 1797 3542 sua

198 3592 470 3653 potesute
495 3581 790 3636 constituit.

265 3674 431 3729 Vere.
463 3672 551 3727 52.
578 3671 718 3726 Dixit
740 3672 873 3726 enim
896 3672 948 3724 in
975 3671 1125 3723 corde
1152 3686 1243 3723 suo
1264 3686 1280 3722 .'
1302 3669 1499 3723 Oblitus
1520 3677 1592 3723 est
1626 3667 1796 3723 Deus:

198 3768 380 3819 natis
412 3765 604 3834 faciem
632 3780 798 3830 suam,
837 3778 898 3815 ne
926 3761 1095 3815 uideat
1125 3778 1281 3827 usque
1312 3762 1363 3814 in
1391 3761 1566 3830 ﬁnem.
1625 3760 1795 3816 Nimis

204 3857 367 3908 stulta
416 3854 694 3923 cogitatio.
743 3851 1059 3907 Crediturus
1104 3859 1187 3905 est
1218 3850 1380 3904 Deum
1433 3850 1791 3916 dissimulare,

202 3948 283 4001 cui
321 3946 591 3999 honorem
618 3944 911 4012 sacrilegus
932 3952 1159 3996 conatur
1186 3940 1419 4009 eripere,
1451 3951 1644 4010 putans
1672 3957 1793 3995 eunt

199 4040 391 4092 ﬁdeles
423 4051 553 4090 suos
581 4037 724 4090 nolle
751 4038 1042 4104 rcSpicere,
1088 4050 1207 4088 cum
1252 4042 1471 4103 promer
1492 4033 1665 4101 ipsum
1700 4034 1797 4087 do-

200 4142 432 4184 ceantur
476 4130 658 4181 omnia
710 4128 939 4196 pmnalia
971 4126 1257 4180 sustinere.
1307 4126 1527 4196 Ignarus
1557 4127 1795 4179 Veritatis

197 4220 474 4273 contraria
510 4220 814 4287 suspicione
840 4217 1176 4279 movebitur;
1228 4231 1330 4271 nec
1369 4216 1624 4286 intelliget
1654 4216 1795 4285 quod

195 4316 452 4383 sequitur
499 4330 513 4363 :
562 4311 641 4365 Ne
670 4312 985 4364 obliviscaris
1035 4326 1316 4382 pauperum
1357 4310 1408 4362 in
1453 4310 1627 4374 ﬁnem.
1681 4310 1794 4363 Non

195 4406 346 4457 enim
405 4404 541 4456 dicit
588 4403 718 4456 nihil
765 4416 859 4457 eos
895 4416 1017 4456 esse
1045 4416 1315 4470 passuros,
1365 4400 1456 4456 δρᾶ
1496 4401 1796 4457 nullatenus

198 4512 365 4565 usque
398 4497 450 4547 in
482 4494 639 4562 ﬁnem
667 4508 788 4547 esse
818 4492 1161 4547 deserendus.

1972 3302 2125 3356 νει-ι.
2156 3303 2246 3358 36.
2290 3300 2401 3356 Tibi
2436 3284 2570 3355 enim
2601 3302 2872 3357 derelictus
2901 3313 2973 3357 est
3008 3319 3203 3374 pauper
3232 3321 3251 3357 :
3281 3303 3480 3373 pupillo

1896 3406 1950 3447 tu
1996 3394 2097 3446 eris
2142 3393 2371 3463 adjutor.
2418 3394 2473 3447 In
2523 3394 2757 3449 medium
2800 3396 3042 3449 deduCIis
3082 3396 3257 3463 impiis
3316 3407 3478 3465 atque

1896 3484 2181 3548 Cthit'liS,
2212 3485 2350 3538 redit
2390 3484 2455 3537 ad
2484 3483 2703 3554 justus;
2762 3494 2820 3539 ut
2861 3486 3002 3540 sicut
3032 3486 3103 3540 illi
3145 3486 3482 3557 dignaiactis

1897 3576 2185 3646 recipiunt,
2234 3578 2306 3631 ita
2354 3577 2442 3631 isti
2492 3579 2755 3646 promissa
2798 3579 3016 3648 praemia
3058 3592 3477 3650 consequantur.

1898 3665 2029 3720 Nam
2059 3682 2181 3721 cum
2206 3664 2332 3721 dicit
2364 3684 2376 3719 :
2429 3668 2546 3721 Tibi
2569 3667 2840 3723 derelictus
2869 3679 2941 3722 cst
2980 3687 3193 3742 pauper,
3248 3670 3485 3725 ostendit

1897 3758 2152 3826 quoniam
2178 3762 2269 3829 qui
2297 3758 2371 3813 illi
2396 3760 2809 3831 derelinquitur,
2844 3764 2987 3818 nulla
3016 3766 3243 3819 utilitate
3271 3766 3483 3817 frauda-

1900 3856 2019 3915 tur,
2075 3850 2327 3918 quoniam
2360 3851 2460 3905 hoc
2487 3865 2563 3905 est
2596 3853 2685 3922 pio
2714 3854 2935 3923 principi
2969 3855 3187 3919 dimitti,
3216 3857 3355 3922 quod
3388 3856 3485 3910 bo-

1900 3940 1983 3995 nis
2013 3941 2262 3995 omnibus
2286 3942 2447 3996 tradi.
2500 3941 2707 4012 Pauper
2729 3946 2870 3998 enim
2896 3947 3068 4000 dictus
3097 3955 3180 4000 est
3201 3962 3229 3999 a
3266 3949 3480 4016 paultt'o

1900 4028 2031 4083 lare.
2082 4031 2343 4085 Relicmm
2371 4047 2500 4102 ergo
2528 4035 2658 4087 dicit
2702 4050 2988 4103 pauperem
3018 4036 3147 4101 Deo,
3198 4046 3256 4091 ut
3290 4053 3477 4093 omnes

1900 4121 2116 4175 videant
2143 4137 2261 4190 qua:
2305 4122 2442 4176 bona
2476 4128 2679 4192 possint
2715 4125 2783 4177 de
2810 4125 2923 4193 ejus
2954 4135 3231 4193 reportare
3255 4127 3478 4193 judicio.

1901 4210 2166 4280 Pupillum
2200 4229 2327 4267 vero
2353 4215 2502 4281 dicit,
2552 4230 2655 4268 non
2686 4217 2839 4283 cujus
2867 4217 3074 4285 genitor
3119 4218 3347 4272 carnalis
3387 4232 3478 4272 oc.-

1898 4307 2099 4370 cubuit,
2123 4307 2216 4360 sed
2239 4308 2323 4362 cui
2339 4315 2486 4375 pater
2499 4308 2738 4375 sepultus
2758 4319 2840 4362 est
2863 4309 3109 4364 mundus.
3132 4309 3258 4363 Nam
3286 4310 3482 4365 multos

1904 4400 2135 4467 pupillos
2183 4400 2421 4455 invenies
2493 4402 2712 4455 orbatos
2765 4413 2913 4470 patre
2965 4402 3182 4470 visibili,
3240 4414 3294 4456 et
3357 4412 3485 4457 sunt

1905 4491 2221 4562 blasphemi,
2267 4492 2662 4561 abliguritorcs,
2710 4501 2764 4547 et
2790 4495 2929 4563 quod
2958 4494 3008 4547 in
3055 4494 3143 4548 illa
3184 4503 3339 4548 tctate
3366 4509 3485 4549 cic-

273 4588 439 4641 Vers.
475 4584 566 4636 55.
611 4582 867 4656 Exsurge,
919 4583 1137 4638 Domine
1167 4585 1305 4639 Deus
1336 4601 1496 4653 meus,
1528 4596 1571 4639 et
1603 4587 1790 4640 exalte-
1829 4569 1874 4628 ί)
1903 4585 2193 4639 berrimum
2225 4594 2328 4650 est,
2376 4586 2661 4651 luxuriosi,
2698 4596 2753 4641 et
2782 4586 2833 4641 lti
2872 4602 2899 4640 a
2937 4588 3161 4641 Domino
3194 4589 3485 4656 probantur

200 4689 281 4731 tur
322 4693 513 4731 manus
564 4687 653 4728 tua
685 4691 706 4730 :
750 4693 809 4730 ne
854 4676 1160 4730 obliviscaris
1199 4693 1480 4746 pauperum
1520 4677 1571 4730 in
1617 4678 1791 4745 ﬁnem.

202 4770 466 4824 Decursis
496 4778 729 4838 quatuor
759 4768 1014 4835 partibus,
1048 4785 1189 4823 nunc
1220 4769 1503 4825 exaltative
1540 4772 1793 4839 pmplteta

199 4875 257 4914 se
279 4858 557 4914 convertit
580 4857 645 4911 ad
668 4858 906 4927 quintam
934 4875 947 4911 :
978 4859 1283 4928 supplicans
1314 4862 1425 4915 tieri
1450 4862 1589 4929 quod
1618 4871 1791 4915 tamen

196 4950 414 5004 sciebat
444 4963 567 5003 esse
593 4959 894 5001 venturum.
931 4948 1162 5019 Exsurge
1186 4950 1401 5018 dicitur,
1431 4952 1585 5005 citius
1612 4965 1790 5016 Surge,

198 5040 305 5093 hoc
338 5048 425 5093 est
452 5039 696 5093 celeriter
732 5039 873 5094 veni.
924 5039 1194 5095 Hraltetur
1232 5058 1415 5097 manus
1446 5053 1533 5095 tua
1566 5058 1585 5097 :
1614 5060 1793 5097 manus

198 5134 580 5202 operationem
625 5131 887 5203 signiﬁcat
923 5152 934 5185 :
983 5133 1074 5188 sed
1108 5134 1206 5188 ista
1239 5134 1329 5188 Dei
1373 5134 1616 5205 operatio
1653 5135 1793 5202 judi-

196 5229 349 5277 cium
380 5233 485 5287 est,
533 5223 675 5291 quod
716 5237 1091 5294 exspectamus
1134 5240 1253 5279 csse
1296 5234 1603 5280 venturum.
1662 5227 1791 5279 illud

194 5318 354 5369 enim
403 5314 745 5369 desiderabat
793 5316 994 5377 veniae,
1041 5316 1131 5370 ubi
1178 5316 1277 5370 iste
1324 5318 1585 5385 superbus
1614 5328 1795 5386 posset

196 5405 551 5460 occumbere.
610 5403 691 5457 Ne
712 5404 1025 5459 obliriscaris
1054 5422 1333 5475 pauperum
1360 5408 1412 5460 in
1439 5407 1611 5475 ﬁnem.
1656 5407 1795 5460 Con-

200 5512 281 5550 tra-
318 5511 455 5565 quos
487 5497 685 5565 impius
710 5496 925 5551 diccbat
959 5513 973 5549 :
1006 5498 1192 5550 Avertit
1216 5498 1396 5567 faciem
1425 5513 1593 5560 suam,
1638 5513 1698 5551 tte
1726 5499 1799 5551 vi-

200 5600 326 5641 deat
366 5606 519 5657 ungue
547 5590 597 5640 in
625 5588 799 5656 finem.
850 5588 1002 5642 Nunc
1024 5599 1174 5658 rogat
1204 5604 1270 5643 ne
1294 5588 1585 5643 secundum
1620 5598 1795 5641 votum

200 5683 530 5738 Antichristi
556 5682 883 5735 obliviscatur
908 5698 1186 5750 pauperum
1215 5684 1265 5735 in
1293 5683 1444 5751 ﬁnem
1473 5683 1675 5748 satculi,
1710 5683 1795 5737 tibi

202 5782 392 5832 tutum
417 5790 496 5833 cst
527 5779 810 5836 retributio
840 5779 1172 5835 tncritotutn.

1904 4677 2083 4732 alieni.
2115 4676 2220 4732 Sed
2250 4677 2318 4730 ab
2355 4676 2459 4730 illis
2488 4677 2702 4746 pupillis
2725 4678 2885 4731 dividi
2919 4693 3025 4731 non
3061 4687 3235 4746 potest
3273 4679 3483 4748 adjuto-

1904 4772 2041 4821 l'ttllll
2072 4768 2185 4834 Dei,
2217 4784 2443 4836 quorum
2473 4779 2621 4837 pater
2666 4769 2912 4824 diabolus
2951 4772 3001 4823 itt
3046 4772 3257 4825 actioae
3284 4772 3485 4825 facino-

1906 4860 2023 4911 ruui
2051 4860 2306 4928 probatur
2334 4860 2651 4913 exstinctus.
2686 4860 2750 4913 Et
2780 4859 2998 4915 intende
3022 4861 3161 4930 quod
3191 4862 3317 4916 dicit
3348 4878 3362 4913 :
3404 4860 3485 4915 Tu

1904 4952 2001 5003 eris
2030 4954 2271 5022 adjutor;
2307 4960 2361 5003 nt
2381 4967 2503 5004 cum
2533 4952 2821 5005 carnaliter
2851 4950 3012 5022 afﬂigi
3035 4952 3214 5007 videas
3235 4967 3347 5020 eos,
3379 4967 3485 5007 non

1904 5043 2111 5095 dubites
2145 5057 2265 5097 esse
2292 5042 2618 5097 liberandos.

1976 5133 2126 5187 Vers.
2160 5135 2248 5187 5⁸7.
2290 5132 2504 5187 Contcre
2530 5134 2791 5187 brachium
2834 5136 3112 5206 peccatoris
3141 5144 3187 5189 et
3228 5136 3485 5207 maligni;

1904 5228 2185 5294 requiretur
2212 5226 2451 5280 delictum
2480 5231 2611 5301 ejus,
2660 5244 2749 5281 nec
2780 5229 3082 5282 invenietur.
3136 5231 3272 5283 Ante
3299 5232 3484 5283 oculos

1906 5320 2179 5388 pmphctte
2210 5319 2520 5374 Antichristi
2551 5321 2783 5389 nequitia
2814 5322 2954 5375 redit
2984 5339 2997 5386 ;
3045 5330 3098 5376 et
3142 5332 3285 5391 rogat
3320 5336 3386 5374 ne
3410 5320 3484 5374 illi

1905 5411 2148 5465 bacchari
2170 5410 2367 5465 diutius
2392 5411 2546 5466 liceat
2568 5412 2619 5465 in
2645 5413 2902 5484 sanguine
2930 5415 3222 5469 beatorum.
3249 5410 3481 5478 Contere,

1903 5505 1952 5558 id
1981 5515 2058 5559 est
2088 5505 2153 5559 ad
2186 5504 2408 5559 nihilum
2439 5505 2643 5577 redige.
2692 5504 2968 5559 Brarltium
2998 5505 3112 5573 ejus
3141 5504 3269 5557 dicit
3303 5518 3347 5572 ps
3372 5513 3484 5557 ten-

1904 5596 2029 5648 liam
2058 5610 2157 5663 qua
2193 5606 2504 5663 peccatores
2538 5595 2677 5650 male
2710 5596 3029 5649 utebantur:
3061 5596 3179 5661 quia
3211 5594 3485 5661 insigniter

1905 5690 2070 5759 impia
2130 5688 2401 5751 faciebat;
2457 5698 2509 5743 et
2560 5688 2662 5743 hoc
2708 5687 3012 5741 nomcn'ab
3041 5702 3104 5741 eo
3149 5688 3486 5755 singulariter

1911 5781 2129 5847 meruit,
2160 5780 2413 5851 quoniam
2445 5781 2496 5835 in
2530 5777 2822 5835 sccletibns
2847 5778 3077 5833 similem
3108 5794 3213 5832 non
3246 5778 3481 5834 habebit.
