  <div class='ocr_page' id='page_1' title='image "/cluster/home/n/w/nwhite01/storage/ocr_20150623/70/hvd.32044054758735/051.png"; bbox 0 0 4008 6182; ppageno 0'>
   <div class='ocr_carea' id='block_1_1' title="bbox 574 314 632 370">
    <p class='ocr_par' dir='ltr' id='par_1_1' title="bbox 574 314 632 370">
     <span class='ocr_line' id='line_1_1' title="bbox 574 314 632 370; baseline -0.017 0"><span class='ocrx_word' id='word_1_1' title='bbox 574 314 632 370; x_wconf 74' lang='grc' dir='ltr'><strong>ει</strong></span> 
     </span>
    </p>
   </div>
   <div class='ocr_carea' id='block_1_2' title="bbox 576 420 2228 500">
    <p class='ocr_par' dir='ltr' id='par_1_2' title="bbox 576 420 2228 500">
     <span class='ocr_line' id='line_1_2' title="bbox 576 420 2228 500; baseline -0.004 -20"><span class='ocrx_word' id='word_1_2' title='bbox 576 425 857 500; x_wconf 76' lang='lat' dir='ltr'><strong>Malignus,</strong></span> <span class='ocrx_word' id='word_1_3' title='bbox 891 426 1013 495; x_wconf 83' lang='lat' dir='ltr'><strong>quia</strong></span> <span class='ocrx_word' id='word_1_4' title='bbox 1047 425 1257 494; x_wconf 86' lang='lat' dir='ltr'><strong>iniquus</strong></span> <span class='ocrx_word' id='word_1_5' title='bbox 1288 423 1563 476; x_wconf 84' lang='lat' dir='ltr'><strong>dissuasor</strong></span> <span class='ocrx_word' id='word_1_6' title='bbox 1600 420 1738 486; x_wconf 85' lang='lat' dir='ltr'><strong>erit;</strong></span> <span class='ocrx_word' id='word_1_7' title='bbox 1781 433 1835 474; x_wconf 89' lang='lat' dir='ltr'><strong>ttt</strong></span> <span class='ocrx_word' id='word_1_8' title='bbox 1876 435 2008 485; x_wconf 81' lang='lat' dir='ltr'><strong>quns</strong></span> <span class='ocrx_word' id='word_1_9' title='bbox 2049 430 2150 473; x_wconf 69' lang='grc' dir='ltr'><strong>ωτι</strong></span> <span class='ocrx_word' id='word_1_10' title='bbox 2183 423 2228 482; x_wconf 82' lang='grc' dir='ltr'>Α</span> 
     </span>
    </p>
   </div>
   <div class='ocr_carea' id='block_1_3' title="bbox 581 513 2152 584">
    <p class='ocr_par' dir='ltr' id='par_1_3' title="bbox 581 513 2152 584">
     <span class='ocr_line' id='line_1_3' title="bbox 581 513 2152 584; baseline -0.009 -14"><span class='ocrx_word' id='word_1_11' title='bbox 581 533 702 570; x_wconf 88' lang='lat' dir='ltr'><strong>rore</strong></span> <span class='ocrx_word' id='word_1_12' title='bbox 733 532 834 569; x_wconf 86' lang='lat' dir='ltr'><strong>non</strong></span> <span class='ocrx_word' id='word_1_13' title='bbox 866 523 1039 584; x_wconf 84' lang='lat' dir='ltr'><strong>potest</strong></span> <span class='ocrx_word' id='word_1_14' title='bbox 1071 524 1397 583; x_wconf 72' lang='lat' dir='ltr'><strong>pervertere,</strong></span> <span class='ocrx_word' id='word_1_15' title='bbox 1447 529 1484 566; x_wconf 89' lang='lat' dir='ltr'><strong>s.</strong></span> <span class='ocrx_word' id='word_1_16' title='bbox 1511 513 1633 565; x_wconf 85' lang='lat' dir='ltr'><strong>item</strong></span> <span class='ocrx_word' id='word_1_17' title='bbox 1665 523 1888 565; x_wconf 86' lang='lat' dir='ltr'><strong>conetur</strong></span> <span class='ocrx_word' id='word_1_18' title='bbox 1931 525 2024 579; x_wconf 60' lang='lat' dir='ltr'><strong>pu-r</strong></span> <span class='ocrx_word' id='word_1_19' title='bbox 2055 527 2152 561; x_wconf 84' lang='lat' dir='ltr'><strong>no-</strong></span> 
     </span>
    </p>
   </div>
   <div class='ocr_carea' id='block_1_4' title="bbox 578 600 2152 674">
    <p class='ocr_par' dir='ltr' id='par_1_4' title="bbox 578 600 2152 674">
     <span class='ocr_line' id='line_1_4' title="bbox 578 600 2152 674; baseline -0.006 -15"><span class='ocrx_word' id='word_1_20' title='bbox 578 608 665 660; x_wconf 73' lang='lat' dir='ltr'><strong>xia</strong></span> <span class='ocrx_word' id='word_1_21' title='bbox 709 620 868 674; x_wconf 64' lang='lat' dir='ltr'><strong>praem</strong></span> <span class='ocrx_word' id='word_1_22' title='bbox 897 619 925 656; x_wconf 92' lang='lat' dir='ltr'><strong>a</strong></span> <span class='ocrx_word' id='word_1_23' title='bbox 970 604 1256 657; x_wconf 77' lang='lat' dir='ltr'><strong>declinare.</strong></span> <span class='ocrx_word' id='word_1_24' title='bbox 1316 600 1563 654; x_wconf 81' lang='lat' dir='ltr'><strong>Delictum</strong></span> <span class='ocrx_word' id='word_1_25' title='bbox 1605 611 1778 654; x_wconf 85' lang='lat' dir='ltr'><strong>autem</strong></span> <span class='ocrx_word' id='word_1_26' title='bbox 1827 601 1957 670; x_wconf 80' lang='lat' dir='ltr'><strong>ejus,</strong></span> <span class='ocrx_word' id='word_1_27' title='bbox 2022 600 2152 652; x_wconf 90' lang='lat' dir='ltr'><strong>dict</strong></span> 
     </span>
    </p>
   </div>
   <div class='ocr_carea' id='block_1_5' title="bbox 581 692 2150 773">
    <p class='ocr_par' dir='ltr' id='par_1_5' title="bbox 581 692 2150 773">
     <span class='ocr_line' id='line_1_5' title="bbox 581 692 2150 773; baseline -0.006 -22"><span class='ocrx_word' id='word_1_28' title='bbox 581 700 862 752; x_wconf 76' lang='lat' dir='ltr'><strong>Commi-sa</strong></span> <span class='ocrx_word' id='word_1_29' title='bbox 911 711 1225 764; x_wconf 76' lang='lat' dir='ltr'><strong>perperam;</strong></span> <span class='ocrx_word' id='word_1_30' title='bbox 1287 695 1433 773; x_wconf 72' lang='lat' dir='ltr'><strong>quod</strong></span> <span class='ocrx_word' id='word_1_31' title='bbox 1471 696 1592 747; x_wconf 87' lang='lat' dir='ltr'><strong>licet</strong></span> <span class='ocrx_word' id='word_1_32' title='bbox 1633 692 1974 756; x_wconf 68' lang='lat' dir='ltr'><strong>singulariter</strong></span> <span class='ocrx_word' id='word_1_33' title='bbox 2026 705 2150 758; x_wconf 80' lang='lat' dir='ltr'><strong>pr-i-</strong></span> 
     </span>
    </p>
   </div>
   <div class='ocr_carea' id='block_1_6' title="bbox 588 781 2151 850">
    <p class='ocr_par' dir='ltr' id='par_1_6' title="bbox 588 781 2151 850">
     <span class='ocr_line' id='line_1_6' title="bbox 588 781 2151 850; baseline -0.006 -9"><span class='ocrx_word' id='word_1_34' title='bbox 588 792 884 842; x_wconf 84' lang='lat' dir='ltr'><strong>nuntiatum</strong></span> <span class='ocrx_word' id='word_1_35' title='bbox 917 787 1002 850; x_wconf 86' lang='lat' dir='ltr'><strong>sit,</strong></span> <span class='ocrx_word' id='word_1_36' title='bbox 1051 786 1453 840; x_wconf 68' lang='lat' dir='ltr'><strong>innumerabilia</strong></span> <span class='ocrx_word' id='word_1_37' title='bbox 1499 793 1673 835; x_wconf 87' lang='lat' dir='ltr'><strong>tamen</strong></span> <span class='ocrx_word' id='word_1_38' title='bbox 1704 781 1820 850; x_wconf 83' lang='lat' dir='ltr'><strong>ejus</strong></span> <span class='ocrx_word' id='word_1_39' title='bbox 1867 782 2151 835; x_wconf 71' lang='lat' dir='ltr'><strong>exstabunt</strong></span> 
     </span>
    </p>
   </div>
   <div class='ocr_carea' id='block_1_7' title="bbox 584 870 2152 944">
    <p class='ocr_par' dir='ltr' id='par_1_7' title="bbox 584 870 2152 944">
     <span class='ocr_line' id='line_1_7' title="bbox 584 870 2152 944; baseline -0.004 -14"><span class='ocrx_word' id='word_1_40' title='bbox 584 882 698 931; x_wconf 90' lang='lat' dir='ltr'><strong>sine</strong></span> <span class='ocrx_word' id='word_1_41' title='bbox 756 877 1088 932; x_wconf 65' lang='lat' dir='ltr'><strong>dubitatione</strong></span> <span class='ocrx_word' id='word_1_42' title='bbox 1144 886 1380 944; x_wconf 80' lang='lat' dir='ltr'><strong>peccata.</strong></span> <span class='ocrx_word' id='word_1_43' title='bbox 1456 874 1645 928; x_wconf 81' lang='lat' dir='ltr'><strong>Omnia</strong></span> <span class='ocrx_word' id='word_1_44' title='bbox 1705 872 1967 941; x_wconf 62' lang='lat' dir='ltr'><strong>siquidem</strong></span> <span class='ocrx_word' id='word_1_45' title='bbox 2017 870 2152 923; x_wconf 80' lang='lat' dir='ltr'><strong>facta</strong></span> 
     </span>
    </p>
   </div>
   <div class='ocr_carea' id='block_1_8' title="bbox 588 962 2158 1036">
    <p class='ocr_par' dir='ltr' id='par_1_8' title="bbox 588 962 2158 1036">
     <span class='ocr_line' id='line_1_8' title="bbox 588 962 2158 1036; baseline -0.005 -14"><span class='ocrx_word' id='word_1_46' title='bbox 588 970 754 1035; x_wconf 66' lang='lat' dir='ltr'><strong>ipsius</strong></span> <span class='ocrx_word' id='word_1_47' title='bbox 808 984 868 1023; x_wconf 90' lang='lat' dir='ltr'><strong>ac</strong></span> <span class='ocrx_word' id='word_1_48' title='bbox 908 969 1046 1021; x_wconf 80' lang='lat' dir='ltr'><strong>dicta</strong></span> <span class='ocrx_word' id='word_1_49' title='bbox 1088 977 1298 1036; x_wconf 64' lang='lat' dir='ltr'><strong>peciata</strong></span> <span class='ocrx_word' id='word_1_50' title='bbox 1347 977 1502 1032; x_wconf 88' lang='lat' dir='ltr'><strong>sunt,</strong></span> <span class='ocrx_word' id='word_1_51' title='bbox 1557 965 1708 1032; x_wconf 71' lang='lat' dir='ltr'><strong>cuius</strong></span> <span class='ocrx_word' id='word_1_52' title='bbox 1758 963 2005 1017; x_wconf 81' lang='lat' dir='ltr'><strong>universa</strong></span> <span class='ocrx_word' id='word_1_53' title='bbox 2043 962 2158 1015; x_wconf 79' lang='lat' dir='ltr'><strong>vita</strong></span> 
     </span>
    </p>
   </div>
   <div class='ocr_carea' id='block_1_9' title="bbox 586 1054 2154 1122">
    <p class='ocr_par' dir='ltr' id='par_1_9' title="bbox 586 1054 2154 1122">
     <span class='ocr_line' id='line_1_9' title="bbox 586 1054 2154 1122; baseline -0.005 -9"><span class='ocrx_word' id='word_1_54' title='bbox 586 1062 834 1113; x_wconf 84' lang='lat' dir='ltr'><strong>delictum</strong></span> <span class='ocrx_word' id='word_1_55' title='bbox 859 1068 1096 1112; x_wconf 87' lang='lat' dir='ltr'><strong>vocatur.</strong></span> <span class='ocrx_word' id='word_1_56' title='bbox 1132 1059 1305 1119; x_wconf 83' lang='lat' dir='ltr'><strong>Addit,</strong></span> <span class='ocrx_word' id='word_1_57' title='bbox 1350 1073 1437 1111; x_wconf 81' lang='lat' dir='ltr'><strong>nec</strong></span> <span class='ocrx_word' id='word_1_58' title='bbox 1459 1059 1755 1121; x_wconf 77' lang='lat' dir='ltr'><strong>invenietur,</strong></span> <span class='ocrx_word' id='word_1_59' title='bbox 1788 1055 1906 1122; x_wconf 87' lang='lat' dir='ltr'><strong>quia</strong></span> <span class='ocrx_word' id='word_1_60' title='bbox 1934 1054 2154 1107; x_wconf 85' lang='lat' dir='ltr'><strong>dubium</strong></span> 
     </span>
    </p>
   </div>
   <div class='ocr_carea' id='block_1_10' title="bbox 589 1145 2155 1218">
    <p class='ocr_par' dir='ltr' id='par_1_10' title="bbox 589 1145 2155 1218">
     <span class='ocr_line' id='line_1_10' title="bbox 589 1145 2155 1218; baseline -0.002 -17"><span class='ocrx_word' id='word_1_61' title='bbox 589 1166 692 1202; x_wconf 92' lang='lat' dir='ltr'><strong>non</strong></span> <span class='ocrx_word' id='word_1_62' title='bbox 727 1161 805 1202; x_wconf 89' lang='lat' dir='ltr'><strong>est</strong></span> <span class='ocrx_word' id='word_1_63' title='bbox 838 1150 1015 1218; x_wconf 89' lang='lat' dir='ltr'><strong>perire</strong></span> <span class='ocrx_word' id='word_1_64' title='bbox 1037 1151 1318 1202; x_wconf 78' lang='lat' dir='ltr'><strong>scelestam</strong></span> <span class='ocrx_word' id='word_1_65' title='bbox 1349 1156 1683 1215; x_wconf 80' lang='lat' dir='ltr'><strong>potestatem,</strong></span> <span class='ocrx_word' id='word_1_66' title='bbox 1712 1145 1866 1214; x_wconf 83' lang='lat' dir='ltr'><strong>cujus</strong></span> <span class='ocrx_word' id='word_1_67' title='bbox 1897 1145 2155 1198; x_wconf 78' lang='lat' dir='ltr'><strong>damnan-</strong></span> 
     </span>
    </p>
   </div>
   <div class='ocr_carea' id='block_1_11' title="bbox 598 1241 1282 1294">
    <p class='ocr_par' dir='ltr' id='par_1_11' title="bbox 598 1241 1282 1294">
     <span class='ocr_line' id='line_1_11' title="bbox 598 1241 1282 1294; baseline -0.003 -1"><span class='ocrx_word' id='word_1_68' title='bbox 598 1241 722 1294; x_wconf 89' lang='lat' dir='ltr'><strong>dum</strong></span> <span class='ocrx_word' id='word_1_69' title='bbox 755 1248 966 1293; x_wconf 58' lang='lat' dir='ltr'><strong>constat</strong></span> <span class='ocrx_word' id='word_1_70' title='bbox 989 1251 1282 1292; x_wconf 71' lang='lat' dir='ltr'><strong>auctorem.</strong></span> 
     </span>
    </p>
   </div>
   <div class='ocr_carea' id='block_1_12' title="bbox 656 1328 2157 1399">
    <p class='ocr_par' dir='ltr' id='par_1_12' title="bbox 656 1328 2157 1399">
     <span class='ocr_line' id='line_1_12' title="bbox 656 1328 2157 1399; baseline -0.002 -17"><span class='ocrx_word' id='word_1_71' title='bbox 656 1329 913 1384; x_wconf 79' lang='lat' dir='ltr'><strong>Vers.38.</strong></span> <span class='ocrx_word' id='word_1_72' title='bbox 951 1329 1199 1399; x_wconf 81' lang='lat' dir='ltr'><strong>Regnabit</strong></span> <span class='ocrx_word' id='word_1_73' title='bbox 1227 1328 1473 1382; x_wconf 81' lang='lat' dir='ltr'><strong>Dominus</strong></span> <span class='ocrx_word' id='word_1_74' title='bbox 1497 1328 1546 1380; x_wconf 88' lang='lat' dir='ltr'><strong>in</strong></span> <span class='ocrx_word' id='word_1_75' title='bbox 1571 1336 1819 1381; x_wconf 75' lang='lat' dir='ltr'><strong>teternum</strong></span> <span class='ocrx_word' id='word_1_76' title='bbox 1842 1337 1889 1380; x_wconf 84' lang='lat' dir='ltr'><strong>et</strong></span> <span class='ocrx_word' id='word_1_77' title='bbox 1917 1328 1967 1379; x_wconf 88' lang='lat' dir='ltr'><strong>in</strong></span> <span class='ocrx_word' id='word_1_78' title='bbox 1997 1342 2157 1379; x_wconf 67' lang='lat' dir='ltr'><strong>strtu-</strong></span> 
     </span>
    </p>
   </div>
   <div class='ocr_carea' id='block_1_13' title="bbox 591 1417 2154 1489">
    <p class='ocr_par' dir='ltr' id='par_1_13' title="bbox 591 1417 2154 1489">
     <span class='ocr_line' id='line_1_13' title="bbox 591 1417 2154 1489; baseline -0.004 -13"><span class='ocrx_word' id='word_1_79' title='bbox 591 1420 696 1476; x_wconf 76' lang='lat' dir='ltr'><strong>ium</strong></span> <span class='ocrx_word' id='word_1_80' title='bbox 723 1418 898 1473; x_wconf 74' lang='lat' dir='ltr'><strong>saeculi</strong></span> <span class='ocrx_word' id='word_1_81' title='bbox 922 1437 940 1472; x_wconf 90' lang='lat'><strong><em>:</em></strong></span> <span class='ocrx_word' id='word_1_82' title='bbox 969 1419 1209 1485; x_wconf 78' lang='lat' dir='ltr'><strong>peribitis,</strong></span> <span class='ocrx_word' id='word_1_83' title='bbox 1239 1428 1428 1489; x_wconf 70' lang='lat' dir='ltr'><strong>gentes,</strong></span> <span class='ocrx_word' id='word_1_84' title='bbox 1456 1419 1518 1471; x_wconf 80' lang='lat' dir='ltr'><strong>de</strong></span> <span class='ocrx_word' id='word_1_85' title='bbox 1541 1427 1675 1470; x_wconf 85' lang='lat' dir='ltr'><strong>terra</strong></span> <span class='ocrx_word' id='word_1_86' title='bbox 1700 1417 1861 1470; x_wconf 76' lang='lat' dir='ltr'><strong>illius.</strong></span> <span class='ocrx_word' id='word_1_87' title='bbox 1888 1417 2154 1471; x_wconf 73' lang='lat' dir='ltr'><strong>Exsuncta</strong></span> 
     </span>
    </p>
   </div>
   <div class='ocr_carea' id='block_1_14' title="bbox 593 1507 2154 1579">
    <p class='ocr_par' dir='ltr' id='par_1_14' title="bbox 593 1507 2154 1579">
     <span class='ocr_line' id='line_1_14' title="bbox 593 1507 2154 1579; baseline -0.001 -15"><span class='ocrx_word' id='word_1_88' title='bbox 593 1512 746 1565; x_wconf 78' lang='lat' dir='ltr'><strong>clade</strong></span> <span class='ocrx_word' id='word_1_89' title='bbox 769 1510 1021 1579; x_wconf 64' lang='lat' dir='ltr'><strong>generali.</strong></span> <span class='ocrx_word' id='word_1_90' title='bbox 1067 1510 1132 1563; x_wconf 89' lang='lat' dir='ltr'><strong>ad</strong></span> <span class='ocrx_word' id='word_1_91' title='bbox 1158 1508 1452 1562; x_wconf 80' lang='lat' dir='ltr'><strong>futurarum</strong></span> <span class='ocrx_word' id='word_1_92' title='bbox 1484 1524 1660 1562; x_wconf 87' lang='lat' dir='ltr'><strong>rerum</strong></span> <span class='ocrx_word' id='word_1_93' title='bbox 1705 1510 1949 1564; x_wconf 81' lang='lat' dir='ltr'><strong>ordinem</strong></span> <span class='ocrx_word' id='word_1_94' title='bbox 1978 1507 2154 1562; x_wconf 85' lang='lat' dir='ltr'><strong>venit:</strong></span> 
     </span>
    </p>
   </div>
   <div class='ocr_carea' id='block_1_15' title="bbox 588 1601 2160 1673">
    <p class='ocr_par' dir='ltr' id='par_1_15' title="bbox 588 1601 2160 1673">
     <span class='ocr_line' id='line_1_15' title="bbox 588 1601 2160 1673; baseline -0.001 -17"><span class='ocrx_word' id='word_1_95' title='bbox 588 1603 837 1670; x_wconf 84' lang='lat' dir='ltr'><strong>quoniam</strong></span> <span class='ocrx_word' id='word_1_96' title='bbox 862 1601 1142 1656; x_wconf 76' lang='lat' dir='ltr'><strong>interiecto</strong></span> <span class='ocrx_word' id='word_1_97' title='bbox 1157 1603 1504 1668; x_wconf 84' lang='lat' dir='ltr'><strong>Anticttristo,</strong></span> <span class='ocrx_word' id='word_1_98' title='bbox 1527 1602 1736 1658; x_wconf 73' lang='lat' dir='ltr'><strong>Dtunini</strong></span> <span class='ocrx_word' id='word_1_99' title='bbox 1758 1618 1977 1673; x_wconf 79' lang='lat' dir='ltr'><strong>regnum</strong></span> <span class='ocrx_word' id='word_1_100' title='bbox 2003 1611 2160 1656; x_wconf 75' lang='lat' dir='ltr'><strong>teter-</strong></span> 
     </span>
    </p>
   </div>
   <div class='ocr_carea' id='block_1_16' title="bbox 595 1688 2160 1762">
    <p class='ocr_par' dir='ltr' id='par_1_16' title="bbox 595 1688 2160 1762">
     <span class='ocr_line' id='line_1_16' title="bbox 595 1688 2160 1762; baseline -0.001 -14"><span class='ocrx_word' id='word_1_101' title='bbox 595 1711 741 1756; x_wconf 87' lang='lat' dir='ltr'><strong>nnm,</strong></span> <span class='ocrx_word' id='word_1_102' title='bbox 786 1696 952 1762; x_wconf 87' lang='lat' dir='ltr'><strong>pium,</strong></span> <span class='ocrx_word' id='word_1_103' title='bbox 987 1693 1397 1762; x_wconf 81' lang='lat' dir='ltr'><strong>muniﬁcumque</strong></span> <span class='ocrx_word' id='word_1_104' title='bbox 1442 1688 1719 1747; x_wconf 86' lang='lat' dir='ltr'><strong>venturuiu</strong></span> <span class='ocrx_word' id='word_1_105' title='bbox 1750 1703 1851 1748; x_wconf 81' lang='lat' dir='ltr'><strong>est.</strong></span> <span class='ocrx_word' id='word_1_106' title='bbox 1898 1693 2160 1748; x_wconf 84' lang='lat' dir='ltr'><strong>Permitti-</strong></span> 
     </span>
    </p>
   </div>
   <div class='ocr_carea' id='block_1_17' title="bbox 590 1784 2231 1852">
    <p class='ocr_par' dir='ltr' id='par_1_17' title="bbox 590 1784 2231 1852">
     <span class='ocr_line' id='line_1_17' title="bbox 590 1784 2231 1852; baseline -0.001 -14"><span class='ocrx_word' id='word_1_107' title='bbox 590 1795 674 1838; x_wconf 61' lang='lat' dir='ltr'><strong>tttr</strong></span> <span class='ocrx_word' id='word_1_108' title='bbox 719 1785 860 1839; x_wconf 89' lang='lat' dir='ltr'><strong>enim</strong></span> <span class='ocrx_word' id='word_1_109' title='bbox 907 1785 1063 1838; x_wconf 90' lang='lat' dir='ltr'><strong>nimis</strong></span> <span class='ocrx_word' id='word_1_110' title='bbox 1110 1799 1439 1852; x_wconf 61' lang='lat' dir='ltr'><strong>praecurrere</strong></span> <span class='ocrx_word' id='word_1_111' title='bbox 1488 1786 1772 1838; x_wconf 74' lang='lat' dir='ltr'><strong>scelestum</strong></span> <span class='ocrx_word' id='word_1_112' title='bbox 1818 1784 2037 1852; x_wconf 80' lang='lat' dir='ltr'><strong>malum,</strong></span> <span class='ocrx_word' id='word_1_113' title='bbox 2095 1791 2154 1836; x_wconf 92' lang='lat' dir='ltr'><strong>ut</strong></span> <span class='ocrx_word' id='word_1_114' title='bbox 2189 1795 2231 1852; x_wconf 76' lang='grc' dir='ltr'>Β</span> 
     </span>
    </p>
   </div>
   <div class='ocr_carea' id='block_1_18' title="bbox 591 1875 2157 1944">
    <p class='ocr_par' dir='ltr' id='par_1_18' title="bbox 591 1875 2157 1944">
     <span class='ocr_line' id='line_1_18' title="bbox 591 1875 2157 1944; baseline 0.002 -18"><span class='ocrx_word' id='word_1_115' title='bbox 591 1878 797 1944; x_wconf 81' lang='lat' dir='ltr'><strong>gratius</strong></span> <span class='ocrx_word' id='word_1_116' title='bbox 837 1891 1054 1944; x_wconf 84' lang='lat' dir='ltr'><strong>regnum</strong></span> <span class='ocrx_word' id='word_1_117' title='bbox 1101 1875 1307 1928; x_wconf 90' lang='lat' dir='ltr'><strong>Domini</strong></span> <span class='ocrx_word' id='word_1_118' title='bbox 1359 1876 1679 1943; x_wconf 79' lang='lat' dir='ltr'><strong>suscipiatur</strong></span> <span class='ocrx_word' id='word_1_119' title='bbox 1729 1883 2013 1941; x_wconf 77' lang='lat' dir='ltr'><strong>optatum:</strong></span> <span class='ocrx_word' id='word_1_120' title='bbox 2068 1876 2157 1929; x_wconf 86' lang='lat' dir='ltr'><strong>ubi</strong></span> 
     </span>
    </p>
   </div>
   <div class='ocr_carea' id='block_1_19' title="bbox 587 1966 2161 2036">
    <p class='ocr_par' dir='ltr' id='par_1_19' title="bbox 587 1966 2161 2036">
     <span class='ocr_line' id='line_1_19' title="bbox 587 1966 2161 2036; baseline 0 -18"><span class='ocrx_word' id='word_1_121' title='bbox 587 1966 696 2036; x_wconf 86' lang='lat' dir='ltr'><strong>jam</strong></span> <span class='ocrx_word' id='word_1_122' title='bbox 738 1968 1012 2021; x_wconf 75' lang='lat' dir='ltr'><strong>beatorum</strong></span> <span class='ocrx_word' id='word_1_123' title='bbox 1047 1969 1233 2035; x_wconf 84' lang='lat' dir='ltr'><strong>adepta</strong></span> <span class='ocrx_word' id='word_1_124' title='bbox 1265 1967 1524 2021; x_wconf 73' lang='lat' dir='ltr'><strong>securitas</strong></span> <span class='ocrx_word' id='word_1_125' title='bbox 1549 1966 1913 2034; x_wconf 69' lang='lat' dir='ltr'><strong>conquiescat.</strong></span> <span class='ocrx_word' id='word_1_126' title='bbox 1947 1985 1978 2019; x_wconf 94' lang='lat' dir='ltr'><strong>n</strong></span> <span class='ocrx_word' id='word_1_127' title='bbox 2016 1982 2046 2020; x_wconf 89' lang='lat' dir='ltr'><strong>c</strong></span> <span class='ocrx_word' id='word_1_128' title='bbox 2078 1967 2161 2019; x_wconf 88' lang='lat' dir='ltr'><strong>ul-</strong></span> 
     </span>
    </p>
   </div>
   <div class='ocr_carea' id='block_1_20' title="bbox 594 2057 2155 2126">
    <p class='ocr_par' dir='ltr' id='par_1_20' title="bbox 594 2057 2155 2126">
     <span class='ocr_line' id='line_1_20' title="bbox 594 2057 2155 2126; baseline -0.001 -14"><span class='ocrx_word' id='word_1_129' title='bbox 594 2060 761 2112; x_wconf 82' lang='lat' dir='ltr'><strong>terius</strong></span> <span class='ocrx_word' id='word_1_130' title='bbox 803 2058 1154 2112; x_wconf 79' lang='lat' dir='ltr'><strong>formidentur</strong></span> <span class='ocrx_word' id='word_1_131' title='bbox 1197 2059 1422 2118; x_wconf 54' lang='lat' dir='ltr'><strong>insidiae,</strong></span> <span class='ocrx_word' id='word_1_132' title='bbox 1469 2071 1601 2126; x_wconf 88' lang='lat' dir='ltr'><strong>quas</strong></span> <span class='ocrx_word' id='word_1_133' title='bbox 1631 2057 1798 2126; x_wconf 82' lang='lat' dir='ltr'><strong>magis</strong></span> <span class='ocrx_word' id='word_1_134' title='bbox 1827 2069 2042 2111; x_wconf 85' lang='lat' dir='ltr'><strong>sanctus</strong></span> <span class='ocrx_word' id='word_1_135' title='bbox 2075 2061 2155 2110; x_wconf 89' lang='lat' dir='ltr'><strong>vir</strong></span> 
     </span>
    </p>
   </div>
   <div class='ocr_carea' id='block_1_21' title="bbox 597 2146 2165 2216">
    <p class='ocr_par' dir='ltr' id='par_1_21' title="bbox 597 2146 2165 2216">
     <span class='ocr_line' id='line_1_21' title="bbox 597 2146 2165 2216; baseline -0.001 -14"><span class='ocrx_word' id='word_1_136' title='bbox 597 2152 647 2202; x_wconf 88' lang='lat' dir='ltr'><strong>in</strong></span> <span class='ocrx_word' id='word_1_137' title='bbox 683 2150 782 2201; x_wconf 82' lang='lat' dir='ltr'><strong>hoc</strong></span> <span class='ocrx_word' id='word_1_138' title='bbox 806 2149 1004 2202; x_wconf 88' lang='lat' dir='ltr'><strong>mundo</strong></span> <span class='ocrx_word' id='word_1_139' title='bbox 1029 2148 1234 2216; x_wconf 78' lang='lat' dir='ltr'><strong>cogitur</strong></span> <span class='ocrx_word' id='word_1_140' title='bbox 1264 2150 1548 2202; x_wconf 81' lang='lat' dir='ltr'><strong>sustinere.</strong></span> <span class='ocrx_word' id='word_1_141' title='bbox 1579 2146 1766 2201; x_wconf 76' lang='lat' dir='ltr'><strong>Gentes</strong></span> <span class='ocrx_word' id='word_1_142' title='bbox 1791 2159 1964 2200; x_wconf 86' lang='lat' dir='ltr'><strong>autem</strong></span> <span class='ocrx_word' id='word_1_143' title='bbox 1993 2149 2165 2216; x_wconf 83' lang='lat' dir='ltr'><strong>posuit</strong></span> 
     </span>
    </p>
   </div>
   <div class='ocr_carea' id='block_1_22' title="bbox 591 2238 2162 2308">
    <p class='ocr_par' dir='ltr' id='par_1_22' title="bbox 591 2238 2162 2308">
     <span class='ocr_line' id='line_1_22' title="bbox 591 2238 2162 2308; baseline -0.001 -17"><span class='ocrx_word' id='word_1_144' title='bbox 591 2250 900 2308; x_wconf 63' lang='lat' dir='ltr'><strong>precatores</strong></span> <span class='ocrx_word' id='word_1_145' title='bbox 929 2249 978 2293; x_wconf 90' lang='lat' dir='ltr'><strong>et</strong></span> <span class='ocrx_word' id='word_1_146' title='bbox 1009 2239 1221 2307; x_wconf 82' lang='lat' dir='ltr'><strong>impios,</strong></span> <span class='ocrx_word' id='word_1_147' title='bbox 1259 2241 1348 2307; x_wconf 78' lang='lat' dir='ltr'><strong>qui</strong></span> <span class='ocrx_word' id='word_1_148' title='bbox 1385 2238 1621 2292; x_wconf 82' lang='lat' dir='ltr'><strong>feraliter</strong></span> <span class='ocrx_word' id='word_1_149' title='bbox 1668 2240 1874 2303; x_wconf 88' lang='lat' dir='ltr'><strong>vivunt,</strong></span> <span class='ocrx_word' id='word_1_150' title='bbox 1926 2255 2025 2293; x_wconf 82' lang='lat' dir='ltr'><strong>nec</strong></span> <span class='ocrx_word' id='word_1_151' title='bbox 2059 2239 2162 2291; x_wconf 85' lang='lat' dir='ltr'><strong>Do-</strong></span> 
     </span>
    </p>
   </div>
   <div class='ocr_carea' id='block_1_23' title="bbox 592 2329 2164 2399">
    <p class='ocr_par' dir='ltr' id='par_1_23' title="bbox 592 2329 2164 2399">
     <span class='ocr_line' id='line_1_23' title="bbox 592 2329 2164 2399; baseline -0.001 -15"><span class='ocrx_word' id='word_1_152' title='bbox 592 2331 725 2384; x_wconf 86' lang='lat' dir='ltr'><strong>mini</strong></span> <span class='ocrx_word' id='word_1_153' title='bbox 763 2331 969 2399; x_wconf 84' lang='lat' dir='ltr'><strong>legibus</strong></span> <span class='ocrx_word' id='word_1_154' title='bbox 1015 2331 1404 2398; x_wconf 85' lang='lat' dir='ltr'><strong>obsequuntur.</strong></span> <span class='ocrx_word' id='word_1_155' title='bbox 1469 2329 1540 2382; x_wconf 84' lang='lat' dir='ltr'><strong>De</strong></span> <span class='ocrx_word' id='word_1_156' title='bbox 1573 2339 1708 2382; x_wconf 81' lang='lat' dir='ltr'><strong>terra</strong></span> <span class='ocrx_word' id='word_1_157' title='bbox 1739 2331 1900 2393; x_wconf 80' lang='lat' dir='ltr'><strong>illius,</strong></span> <span class='ocrx_word' id='word_1_158' title='bbox 1945 2347 2164 2398; x_wconf 81' lang='lat' dir='ltr'><strong>regnum</strong></span> 
     </span>
    </p>
   </div>
   <div class='ocr_carea' id='block_1_24' title="bbox 593 2421 2166 2492">
    <p class='ocr_par' dir='ltr' id='par_1_24' title="bbox 593 2421 2166 2492">
     <span class='ocr_line' id='line_1_24' title="bbox 593 2421 2166 2492; baseline 0.001 -17"><span class='ocrx_word' id='word_1_159' title='bbox 593 2423 856 2492; x_wconf 80' lang='lat' dir='ltr'><strong>signiﬁcat</strong></span> <span class='ocrx_word' id='word_1_160' title='bbox 886 2421 1091 2476; x_wconf 81' lang='lat' dir='ltr'><strong>Dotuini</strong></span> <span class='ocrx_word' id='word_1_161' title='bbox 1115 2422 1431 2488; x_wconf 87' lang='lat' dir='ltr'><strong>Salvatoris,</strong></span> <span class='ocrx_word' id='word_1_162' title='bbox 1467 2438 1572 2490; x_wconf 85' lang='lat' dir='ltr'><strong>quo</strong></span> <span class='ocrx_word' id='word_1_163' title='bbox 1597 2422 1696 2476; x_wconf 81' lang='lat' dir='ltr'><strong>soli</strong></span> <span class='ocrx_word' id='word_1_164' title='bbox 1727 2422 2016 2476; x_wconf 80' lang='lat' dir='ltr'><strong>beatissimi</strong></span> <span class='ocrx_word' id='word_1_165' title='bbox 2049 2439 2166 2491; x_wconf 89' lang='lat' dir='ltr'><strong>per-</strong></span> 
     </span>
    </p>
   </div>
   <div class='ocr_carea' id='block_1_25' title="bbox 600 2515 859 2570">
    <p class='ocr_par' dir='ltr' id='par_1_25' title="bbox 600 2515 859 2570">
     <span class='ocr_line' id='line_1_25' title="bbox 600 2515 859 2570; baseline 0.015 -4"><span class='ocrx_word' id='word_1_166' title='bbox 600 2515 859 2570; x_wconf 82' lang='lat' dir='ltr'><strong>iruuntur.</strong></span> 
     </span>
    </p>
   </div>
   <div class='ocr_carea' id='block_1_26' title="bbox 664 2605 2164 2676">
    <p class='ocr_par' dir='ltr' id='par_1_26' title="bbox 664 2605 2164 2676">
     <span class='ocr_line' id='line_1_26' title="bbox 664 2605 2164 2676; baseline -0.001 -18"><span class='ocrx_word' id='word_1_167' title='bbox 664 2605 817 2660; x_wconf 64' lang='grc' dir='ltr'><strong>νυτς.</strong></span> <span class='ocrx_word' id='word_1_168' title='bbox 835 2606 920 2660; x_wconf 77' lang='grc'><strong>59.</strong></span> <span class='ocrx_word' id='word_1_169' title='bbox 963 2605 1281 2659; x_wconf 69' lang='lat' dir='ltr'><strong>Desideria»:</strong></span> <span class='ocrx_word' id='word_1_170' title='bbox 1309 2623 1590 2676; x_wconf 75' lang='lat' dir='ltr'><strong>pauperum</strong></span> <span class='ocrx_word' id='word_1_171' title='bbox 1615 2608 1872 2661; x_wconf 76' lang='lat' dir='ltr'><strong>exaudiuit</strong></span> <span class='ocrx_word' id='word_1_172' title='bbox 1901 2608 2164 2674; x_wconf 73' lang='lat' dir='ltr'><strong>Dentium,</strong></span> 
     </span>
    </p>
   </div>
   <div class='ocr_carea' id='block_1_27' title="bbox 599 2699 2162 2767">
    <p class='ocr_par' dir='ltr' id='par_1_27' title="bbox 599 2699 2162 2767">
     <span class='ocr_line' id='line_1_27' title="bbox 599 2699 2162 2767; baseline 0.003 -19"><span class='ocrx_word' id='word_1_173' title='bbox 599 2699 1056 2767; x_wconf 70' lang='lat' dir='ltr'><strong>concupiscentiam</strong></span> <span class='ocrx_word' id='word_1_174' title='bbox 1112 2699 1279 2750; x_wconf 76' lang='lat' dir='ltr'><strong>cordis</strong></span> <span class='ocrx_word' id='word_1_175' title='bbox 1333 2715 1502 2750; x_wconf 81' lang='lat' dir='ltr'><strong>eorum</strong></span> <span class='ocrx_word' id='word_1_176' title='bbox 1549 2700 1809 2752; x_wconf 68' lang='lat' dir='ltr'><strong>exaudivit</strong></span> <span class='ocrx_word' id='word_1_177' title='bbox 1865 2703 2006 2751; x_wconf 76' lang='lat' dir='ltr'><strong>auris</strong></span> <span class='ocrx_word' id='word_1_178' title='bbox 2059 2711 2162 2754; x_wconf 85' lang='lat' dir='ltr'><strong>tuo.</strong></span> 
     </span>
    </p>
   </div>
   <div class='ocr_carea' id='block_1_28' title="bbox 600 2789 2162 2859">
    <p class='ocr_par' dir='ltr' id='par_1_28' title="bbox 600 2789 2162 2859">
     <span class='ocr_line' id='line_1_28' title="bbox 600 2789 2162 2859; baseline 0.002 -17"><span class='ocrx_word' id='word_1_179' title='bbox 600 2789 744 2844; x_wconf 87' lang='lat' dir='ltr'><strong>Bene</strong></span> <span class='ocrx_word' id='word_1_180' title='bbox 783 2797 906 2844; x_wconf 85' lang='lat' dir='ltr'><strong>vota</strong></span> <span class='ocrx_word' id='word_1_181' title='bbox 949 2792 1210 2859; x_wconf 90' lang='lat' dir='ltr'><strong>justorum</strong></span> <span class='ocrx_word' id='word_1_182' title='bbox 1256 2791 1433 2844; x_wconf 86' lang='lat' dir='ltr'><strong>verbis</strong></span> <span class='ocrx_word' id='word_1_183' title='bbox 1474 2791 1722 2859; x_wconf 80' lang='lat' dir='ltr'><strong>congruis</strong></span> <span class='ocrx_word' id='word_1_184' title='bbox 1773 2795 2162 2858; x_wconf 79' lang='lat' dir='ltr'><strong>ettpriuumtur.</strong></span> 
     </span>
    </p>
   </div>
   <div class='ocr_carea' id='block_1_29' title="bbox 598 2882 2170 2954">
    <p class='ocr_par' dir='ltr' id='par_1_29' title="bbox 598 2882 2170 2954">
     <span class='ocr_line' id='line_1_29' title="bbox 598 2882 2170 2954; baseline 0.003 -19"><span class='ocrx_word' id='word_1_185' title='bbox 598 2882 734 2936; x_wconf 87' lang='lat' dir='ltr'><strong>Dicit</strong></span> <span class='ocrx_word' id='word_1_186' title='bbox 772 2883 941 2947; x_wconf 92' lang='lat' dir='ltr'><strong>enim,</strong></span> <span class='ocrx_word' id='word_1_187' title='bbox 973 2882 1280 2936; x_wconf 73' lang='lat' dir='ltr'><strong>desiderium</strong></span> <span class='ocrx_word' id='word_1_188' title='bbox 1309 2900 1614 2953; x_wconf 76' lang='lat' dir='ltr'><strong>pauperum,</strong></span> <span class='ocrx_word' id='word_1_189' title='bbox 1665 2887 1805 2954; x_wconf 83' lang='lat' dir='ltr'><strong>quod</strong></span> <span class='ocrx_word' id='word_1_190' title='bbox 1857 2891 1914 2938; x_wconf 87' lang='lat' dir='ltr'><strong>tit</strong></span> <span class='ocrx_word' id='word_1_191' title='bbox 1959 2901 2170 2952; x_wconf 85' lang='lat' dir='ltr'><strong>semper</strong></span> 
     </span>
    </p>
   </div>
   <div class='ocr_carea' id='block_1_30' title="bbox 596 2973 2170 3041">
    <p class='ocr_par' dir='ltr' id='par_1_30' title="bbox 596 2973 2170 3041">
     <span class='ocr_line' id='line_1_30' title="bbox 596 2973 2170 3041; baseline 0.003 -18"><span class='ocrx_word' id='word_1_192' title='bbox 596 2987 780 3026; x_wconf 87' lang='lat' dir='ltr'><strong>amore</strong></span> <span class='ocrx_word' id='word_1_193' title='bbox 811 2973 1107 3041; x_wconf 65' lang='lat' dir='ltr'><strong>praemisso,</strong></span> <span class='ocrx_word' id='word_1_194' title='bbox 1155 2982 1215 3026; x_wconf 87' lang='lat' dir='ltr'><strong>ut</strong></span> <span class='ocrx_word' id='word_1_195' title='bbox 1245 2973 1352 3027; x_wconf 87' lang='lat' dir='ltr'><strong>illic</strong></span> <span class='ocrx_word' id='word_1_196' title='bbox 1380 2990 1446 3027; x_wconf 89' lang='lat' dir='ltr'><strong>en</strong></span> <span class='ocrx_word' id='word_1_197' title='bbox 1471 2996 1496 3023; x_wconf 91' lang='lat' dir='ltr'><strong>n</strong></span> <span class='ocrx_word' id='word_1_198' title='bbox 1528 2975 1804 3029; x_wconf 80' lang='lat' dir='ltr'><strong>evidenter</strong></span> <span class='ocrx_word' id='word_1_199' title='bbox 1847 2976 2030 3029; x_wconf 86' lang='lat' dir='ltr'><strong>videre</strong></span> <span class='ocrx_word' id='word_1_200' title='bbox 2073 2993 2170 3028; x_wconf 86' lang='lat' dir='ltr'><strong>cu-</strong></span> 
     </span>
    </p>
   </div>
   <div class='ocr_carea' id='block_1_31' title="bbox 595 3062 2164 3129">
    <p class='ocr_par' dir='ltr' id='par_1_31' title="bbox 595 3062 2164 3129">
     <span class='ocr_line' id='line_1_31' title="bbox 595 3062 2164 3129; baseline 0.004 -18"><span class='ocrx_word' id='word_1_201' title='bbox 595 3064 764 3129; x_wconf 71' lang='lat' dir='ltr'><strong>piunt,</strong></span> <span class='ocrx_word' id='word_1_202' title='bbox 813 3062 901 3116; x_wconf 89' lang='lat' dir='ltr'><strong>ubi</strong></span> <span class='ocrx_word' id='word_1_203' title='bbox 932 3077 1075 3116; x_wconf 87' lang='lat' dir='ltr'><strong>nunc</strong></span> <span class='ocrx_word' id='word_1_204' title='bbox 1103 3064 1262 3116; x_wconf 84' lang='lat' dir='ltr'><strong>etiam</strong></span> <span class='ocrx_word' id='word_1_205' title='bbox 1294 3065 1487 3117; x_wconf 87' lang='lat' dir='ltr'><strong>mentis</strong></span> <span class='ocrx_word' id='word_1_206' title='bbox 1519 3065 1719 3118; x_wconf 87' lang='lat' dir='ltr'><strong>lumine</strong></span> <span class='ocrx_word' id='word_1_207' title='bbox 1750 3065 2164 3118; x_wconf 76' lang='lat' dir='ltr'><strong>transferuntur.</strong></span> 
     </span>
    </p>
   </div>
   <div class='ocr_carea' id='block_1_32' title="bbox 597 3150 2238 3221">
    <p class='ocr_par' dir='ltr' id='par_1_32' title="bbox 597 3150 2238 3221">
     <span class='ocr_line' id='line_1_32' title="bbox 597 3150 2238 3221; baseline 0.002 -16"><span class='ocrx_word' id='word_1_208' title='bbox 597 3150 867 3216; x_wconf 75' lang='lat' dir='ltr'><strong>Sequitur,</strong></span> <span class='ocrx_word' id='word_1_209' title='bbox 897 3153 1357 3221; x_wconf 51' lang='lat' dir='ltr'><strong>concupii-centiam</strong></span> <span class='ocrx_word' id='word_1_210' title='bbox 1384 3153 1550 3205; x_wconf 79' lang='lat' dir='ltr'><strong>cordis</strong></span> <span class='ocrx_word' id='word_1_211' title='bbox 1580 3171 1779 3208; x_wconf 80' lang='lat' dir='ltr'><strong>eorum.</strong></span> <span class='ocrx_word' id='word_1_212' title='bbox 1811 3155 1920 3209; x_wconf 81' lang='lat' dir='ltr'><strong>i—loc</strong></span> <span class='ocrx_word' id='word_1_213' title='bbox 1947 3156 2162 3209; x_wconf 78' lang='lat' dir='ltr'><strong>verbum</strong></span> <span class='ocrx_word' id='word_1_214' title='bbox 2193 3160 2238 3218; x_wconf 85' lang='lat' dir='ltr'>C</span> 
     </span>
    </p>
   </div>
   <div class='ocr_carea' id='block_1_33' title="bbox 596 3242 2172 3307">
    <p class='ocr_par' dir='ltr' id='par_1_33' title="bbox 596 3242 2172 3307">
     <span class='ocr_line' id='line_1_33' title="bbox 596 3242 2172 3307; baseline 0.006 -15"><span class='ocrx_word' id='word_1_215' title='bbox 596 3249 809 3294; x_wconf 83' lang='lat' dir='ltr'><strong>constat</strong></span> <span class='ocrx_word' id='word_1_216' title='bbox 839 3256 959 3296; x_wconf 83' lang='lat' dir='ltr'><strong>esse</strong></span> <span class='ocrx_word' id='word_1_217' title='bbox 997 3242 1300 3295; x_wconf 85' lang='lat' dir='ltr'><strong>violentius.</strong></span> <span class='ocrx_word' id='word_1_218' title='bbox 1347 3242 1768 3307; x_wconf 81' lang='lat' dir='ltr'><strong>Concupiscentia</strong></span> <span class='ocrx_word' id='word_1_219' title='bbox 1791 3247 1932 3299; x_wconf 87' lang='lat' dir='ltr'><strong>enim</strong></span> <span class='ocrx_word' id='word_1_220' title='bbox 1979 3249 2049 3300; x_wconf 76' lang='lat' dir='ltr'><strong>ibi</strong></span> <span class='ocrx_word' id='word_1_221' title='bbox 2091 3249 2172 3301; x_wconf 80' lang='lat' dir='ltr'><strong>di-</strong></span> 
     </span>
    </p>
   </div>
   <div class='ocr_carea' id='block_1_34' title="bbox 595 3331 2171 3402">
    <p class='ocr_par' dir='ltr' id='par_1_34' title="bbox 595 3331 2171 3402">
     <span class='ocr_line' id='line_1_34' title="bbox 595 3331 2171 3402; baseline 0.008 -20"><span class='ocrx_word' id='word_1_222' title='bbox 595 3331 756 3391; x_wconf 88' lang='lat' dir='ltr'><strong>citur,</strong></span> <span class='ocrx_word' id='word_1_223' title='bbox 805 3331 891 3384; x_wconf 89' lang='lat' dir='ltr'><strong>ubi</strong></span> <span class='ocrx_word' id='word_1_224' title='bbox 937 3333 1228 3400; x_wconf 79' lang='lat' dir='ltr'><strong>cettjuratis</strong></span> <span class='ocrx_word' id='word_1_225' title='bbox 1274 3335 1666 3402; x_wconf 80' lang='lat' dir='ltr'><strong>quodammodo</strong></span> <span class='ocrx_word' id='word_1_226' title='bbox 1717 3339 1911 3392; x_wconf 71' lang='lat' dir='ltr'><strong>anima:</strong></span> <span class='ocrx_word' id='word_1_227' title='bbox 1971 3341 2171 3394; x_wconf 79' lang='lat' dir='ltr'><strong>viribus</strong></span> 
     </span>
    </p>
   </div>
   <div class='ocr_carea' id='block_1_35' title="bbox 596 3417 2169 3493">
    <p class='ocr_par' dir='ltr' id='par_1_35' title="bbox 596 3417 2169 3493">
     <span class='ocr_line' id='line_1_35' title="bbox 596 3417 2169 3493; baseline 0.009 -23"><span class='ocrx_word' id='word_1_228' title='bbox 596 3417 794 3485; x_wconf 88' lang='lat' dir='ltr'><strong>aliquid</strong></span> <span class='ocrx_word' id='word_1_229' title='bbox 817 3420 1007 3474; x_wconf 88' lang='lat' dir='ltr'><strong>ardore</strong></span> <span class='ocrx_word' id='word_1_230' title='bbox 1032 3422 1224 3473; x_wconf 87' lang='lat' dir='ltr'><strong>mentis</strong></span> <span class='ocrx_word' id='word_1_231' title='bbox 1254 3425 1542 3491; x_wconf 83' lang='lat' dir='ltr'><strong>appetitur.</strong></span> <span class='ocrx_word' id='word_1_232' title='bbox 1596 3425 1866 3493; x_wconf 73' lang='lat' dir='ltr'><strong>Sequitur,</strong></span> <span class='ocrx_word' id='word_1_233' title='bbox 1911 3430 2169 3484; x_wconf 66' lang='lat' dir='ltr'><strong>exaudivit</strong></span> 
     </span>
    </p>
   </div>
   <div class='ocr_carea' id='block_1_36' title="bbox 596 3508 2168 3587">
    <p class='ocr_par' dir='ltr' id='par_1_36' title="bbox 596 3508 2168 3587">
     <span class='ocr_line' id='line_1_36' title="bbox 596 3508 2168 3587; baseline 0.01 -29"><span class='ocrx_word' id='word_1_234' title='bbox 596 3508 737 3561; x_wconf 78' lang='lat' dir='ltr'><strong>auris</strong></span> <span class='ocrx_word' id='word_1_235' title='bbox 766 3519 877 3562; x_wconf 81' lang='lat' dir='ltr'><strong>tua.</strong></span> <span class='ocrx_word' id='word_1_236' title='bbox 909 3510 1061 3576; x_wconf 83' lang='lat' dir='ltr'><strong>Quod</strong></span> <span class='ocrx_word' id='word_1_237' title='bbox 1087 3511 1399 3587; x_wconf 76' lang='lat' dir='ltr'><strong>regula-riter</strong></span> <span class='ocrx_word' id='word_1_238' title='bbox 1420 3512 1676 3568; x_wconf 85' lang='lat' dir='ltr'><strong>debemus</strong></span> <span class='ocrx_word' id='word_1_239' title='bbox 1700 3515 2001 3586; x_wconf 85' lang='lat' dir='ltr'><strong>advertere,</strong></span> <span class='ocrx_word' id='word_1_240' title='bbox 2035 3522 2168 3575; x_wconf 82' lang='lat' dir='ltr'><strong>nihil</strong></span> 
     </span>
    </p>
   </div>
   <div class='ocr_carea' id='block_1_37' title="bbox 599 3600 2170 3674">
    <p class='ocr_par' dir='ltr' id='par_1_37' title="bbox 599 3600 2170 3674">
     <span class='ocr_line' id='line_1_37' title="bbox 599 3600 2170 3674; baseline 0.011 -22"><span class='ocrx_word' id='word_1_241' title='bbox 599 3600 651 3652; x_wconf 90' lang='lat' dir='ltr'><strong>in</strong></span> <span class='ocrx_word' id='word_1_242' title='bbox 685 3602 792 3655; x_wconf 85' lang='lat' dir='ltr'><strong>Deo</strong></span> <span class='ocrx_word' id='word_1_243' title='bbox 831 3604 1185 3669; x_wconf 86' lang='lat' dir='ltr'><strong>corporalium</strong></span> <span class='ocrx_word' id='word_1_244' title='bbox 1229 3621 1348 3662; x_wconf 87' lang='lat' dir='ltr'><strong>esse</strong></span> <span class='ocrx_word' id='word_1_245' title='bbox 1380 3611 1766 3674; x_wconf 83' lang='lat' dir='ltr'><strong>membrorum,</strong></span> <span class='ocrx_word' id='word_1_246' title='bbox 1820 3615 1914 3667; x_wconf 83' lang='lat' dir='ltr'><strong>sed</strong></span> <span class='ocrx_word' id='word_1_247' title='bbox 1957 3615 2170 3669; x_wconf 80' lang='lat' dir='ltr'><strong>virtutis</strong></span> 
     </span>
    </p>
   </div>
   <div class='ocr_carea' id='block_1_38' title="bbox 600 3689 2166 3771">
    <p class='ocr_par' dir='ltr' id='par_1_38' title="bbox 600 3689 2166 3771">
     <span class='ocr_line' id='line_1_38' title="bbox 600 3689 2166 3771; baseline 0.009 -28"><span class='ocrx_word' id='word_1_248' title='bbox 600 3689 716 3758; x_wconf 82' lang='lat' dir='ltr'><strong>ejus</strong></span> <span class='ocrx_word' id='word_1_249' title='bbox 746 3691 985 3762; x_wconf 59' lang='lat' dir='ltr'><strong>euectus,</strong></span> <span class='ocrx_word' id='word_1_250' title='bbox 1033 3710 1134 3764; x_wconf 81' lang='lat' dir='ltr'><strong>qua</strong></span> <span class='ocrx_word' id='word_1_251' title='bbox 1168 3697 1336 3763; x_wconf 87' lang='lat' dir='ltr'><strong>audit,</strong></span> <span class='ocrx_word' id='word_1_252' title='bbox 1387 3701 1528 3752; x_wconf 85' lang='lat' dir='ltr'><strong>auris</strong></span> <span class='ocrx_word' id='word_1_253' title='bbox 1559 3713 1816 3767; x_wconf 84' lang='lat' dir='ltr'><strong>vocatur;</strong></span> <span class='ocrx_word' id='word_1_254' title='bbox 1871 3720 1974 3771; x_wconf 80' lang='lat' dir='ltr'><strong>qua</strong></span> <span class='ocrx_word' id='word_1_255' title='bbox 2006 3706 2166 3769; x_wconf 85' lang='lat' dir='ltr'><strong>videt,</strong></span> 
     </span>
    </p>
   </div>
   <div class='ocr_carea' id='block_1_39' title="bbox 605 3784 2168 3855">
    <p class='ocr_par' dir='ltr' id='par_1_39' title="bbox 605 3784 2168 3855">
     <span class='ocr_line' id='line_1_39' title="bbox 605 3784 2168 3855; baseline 0.011 -21"><span class='ocrx_word' id='word_1_256' title='bbox 605 3784 849 3849; x_wconf 89' lang='lat' dir='ltr'><strong>oculus;</strong></span> <span class='ocrx_word' id='word_1_257' title='bbox 907 3801 1009 3852; x_wconf 89' lang='lat' dir='ltr'><strong>qua</strong></span> <span class='ocrx_word' id='word_1_258' title='bbox 1058 3790 1283 3855; x_wconf 78' lang='lat' dir='ltr'><strong>perlicit.</strong></span> <span class='ocrx_word' id='word_1_259' title='bbox 1338 3806 1542 3846; x_wconf 79' lang='lat' dir='ltr'><strong>manus.</strong></span> <span class='ocrx_word' id='word_1_260' title='bbox 1613 3794 1806 3848; x_wconf 86' lang='lat' dir='ltr'><strong>Verum</strong></span> <span class='ocrx_word' id='word_1_261' title='bbox 1866 3796 1980 3852; x_wconf 67' lang='lat' dir='ltr'><strong>hate</strong></span> <span class='ocrx_word' id='word_1_262' title='bbox 2030 3798 2168 3851; x_wconf 86' lang='lat' dir='ltr'><strong>dicta</strong></span> 
     </span>
    </p>
   </div>
   <div class='ocr_carea' id='block_1_40' title="bbox 601 3873 2167 3956">
    <p class='ocr_par' dir='ltr' id='par_1_40' title="bbox 601 3873 2167 3956">
     <span class='ocr_line' id='line_1_40' title="bbox 601 3873 2167 3956; baseline 0.013 -32"><span class='ocrx_word' id='word_1_263' title='bbox 601 3873 896 3928; x_wconf 76' lang='lat' dir='ltr'><strong>cond-antur</strong></span> <span class='ocrx_word' id='word_1_264' title='bbox 923 3878 1214 3946; x_wconf 60' lang='lat' dir='ltr'><strong>memoriae,</strong></span> <span class='ocrx_word' id='word_1_265' title='bbox 1246 3897 1334 3949; x_wconf 90' lang='lat' dir='ltr'><strong>ne,</strong></span> <span class='ocrx_word' id='word_1_266' title='bbox 1364 3884 1482 3949; x_wconf 82' lang='lat' dir='ltr'><strong>quia</strong></span> <span class='ocrx_word' id='word_1_267' title='bbox 1506 3885 1697 3938; x_wconf 83' lang='lat' dir='ltr'><strong>crebro</strong></span> <span class='ocrx_word' id='word_1_268' title='bbox 1718 3888 2000 3954; x_wconf 85' lang='lat' dir='ltr'><strong>repetenda</strong></span> <span class='ocrx_word' id='word_1_269' title='bbox 2023 3898 2167 3956; x_wconf 88' lang='lat' dir='ltr'><strong>sunt,</strong></span> 
     </span>
    </p>
   </div>
   <div class='ocr_carea' id='block_1_41' title="bbox 608 3967 2063 4039">
    <p class='ocr_par' dir='ltr' id='par_1_41' title="bbox 608 3967 2063 4039">
     <span class='ocr_line' id='line_1_41' title="bbox 608 3967 2063 4039; baseline 0.012 -22"><span class='ocrx_word' id='word_1_270' title='bbox 608 3979 706 4018; x_wconf 66' lang='lat' dir='ltr'><strong>nos</strong></span> <span class='ocrx_word' id='word_1_271' title='bbox 753 3967 864 4035; x_wconf 88' lang='lat' dir='ltr'><strong>ipsa</strong></span> <span class='ocrx_word' id='word_1_272' title='bbox 909 3971 1199 4039; x_wconf 74' lang='lat' dir='ltr'><strong>repetendo</strong></span> <span class='ocrx_word' id='word_1_273' title='bbox 1247 3971 1516 4028; x_wconf 80' lang='lat' dir='ltr'><strong>fastidium</strong></span> <span class='ocrx_word' id='word_1_274' title='bbox 1559 3974 1732 4031; x_wconf 82' lang='lat' dir='ltr'><strong>facere</strong></span> <span class='ocrx_word' id='word_1_275' title='bbox 1772 3979 2063 4034; x_wconf 79' lang='lat' dir='ltr'><strong>videamur.</strong></span> 
     </span>
    </p>
   </div>
   <div class='ocr_carea' id='block_1_42' title="bbox 694 4055 2170 4141">
    <p class='ocr_par' dir='ltr' id='par_1_42' title="bbox 694 4055 2170 4141">
     <span class='ocr_line' id='line_1_42' title="bbox 694 4055 2170 4141; baseline 0.009 -32"><span class='ocrx_word' id='word_1_276' title='bbox 694 4055 841 4110; x_wconf 80' lang='lat' dir='ltr'><strong>V-ers.</strong></span> <span class='ocrx_word' id='word_1_277' title='bbox 871 4058 958 4113; x_wconf 68' lang='lat'><strong>£0.</strong></span> <span class='ocrx_word' id='word_1_278' title='bbox 1000 4058 1243 4116; x_wconf 80' lang='lat' dir='ltr'><strong>Judicare</strong></span> <span class='ocrx_word' id='word_1_279' title='bbox 1267 4065 1463 4134; x_wconf 87' lang='lat' dir='ltr'><strong>pupillo</strong></span> <span class='ocrx_word' id='word_1_280' title='bbox 1487 4077 1531 4118; x_wconf 84' lang='lat' dir='ltr'><strong>et</strong></span> <span class='ocrx_word' id='word_1_281' title='bbox 1571 4068 1772 4134; x_wconf 78' lang='lat' dir='ltr'><strong>humili,</strong></span> <span class='ocrx_word' id='word_1_282' title='bbox 1804 4080 1975 4124; x_wconf 83' lang='lat' dir='ltr'><strong>utnon</strong></span> <span class='ocrx_word' id='word_1_283' title='bbox 2009 4089 2170 4141; x_wconf 70' lang='lat' dir='ltr'><strong>appo-</strong></span> 
     </span>
    </p>
   </div>
   <div class='ocr_carea' id='block_1_43' title="bbox 602 4149 2170 4229">
    <p class='ocr_par' dir='ltr' id='par_1_43' title="bbox 602 4149 2170 4229">
     <span class='ocr_line' id='line_1_43' title="bbox 602 4149 2170 4229; baseline 0.011 -28"><span class='ocrx_word' id='word_1_284' title='bbox 602 4157 693 4201; x_wconf 85' lang='lat' dir='ltr'><strong>nat</strong></span> <span class='ocrx_word' id='word_1_285' title='bbox 745 4149 880 4201; x_wconf 77' lang='lat' dir='ltr'><strong>ultra</strong></span> <span class='ocrx_word' id='word_1_286' title='bbox 926 4153 1256 4220; x_wconf 80' lang='lat' dir='ltr'><strong>magniﬁcare</strong></span> <span class='ocrx_word' id='word_1_287' title='bbox 1300 4172 1355 4208; x_wconf 74' lang='lat' dir='ltr'><strong>se</strong></span> <span class='ocrx_word' id='word_1_288' title='bbox 1383 4157 1532 4210; x_wconf 76' lang='lat' dir='ltr'><strong>homo</strong></span> <span class='ocrx_word' id='word_1_289' title='bbox 1576 4175 1726 4229; x_wconf 79' lang='lat' dir='ltr'><strong>super</strong></span> <span class='ocrx_word' id='word_1_290' title='bbox 1780 4171 1983 4216; x_wconf 80' lang='lat' dir='ltr'><strong>terram.</strong></span> <span class='ocrx_word' id='word_1_291' title='bbox 2036 4166 2170 4218; x_wconf 76' lang='lat' dir='ltr'><strong>Ecce</strong></span> 
     </span>
    </p>
   </div>
   <div class='ocr_carea' id='block_1_44' title="bbox 601 4241 2166 4319">
    <p class='ocr_par' dir='ltr' id='par_1_44' title="bbox 601 4241 2166 4319">
     <span class='ocr_line' id='line_1_44' title="bbox 601 4241 2166 4319; baseline 0.012 -29"><span class='ocrx_word' id='word_1_292' title='bbox 601 4241 916 4295; x_wconf 82' lang='lat' dir='ltr'><strong>auctoritate</strong></span> <span class='ocrx_word' id='word_1_293' title='bbox 969 4243 1278 4311; x_wconf 72' lang='lat' dir='ltr'><strong>prophetica</strong></span> <span class='ocrx_word' id='word_1_294' title='bbox 1327 4262 1769 4319; x_wconf 85' lang='lat' dir='ltr'><strong>commonentur,</strong></span> <span class='ocrx_word' id='word_1_295' title='bbox 1842 4269 1946 4307; x_wconf 87' lang='lat' dir='ltr'><strong>non</strong></span> <span class='ocrx_word' id='word_1_296' title='bbox 1995 4257 2166 4309; x_wconf 88' lang='lat' dir='ltr'><strong>solmn</strong></span> 
     </span>
    </p>
   </div>
   <div class='ocr_carea' id='block_1_45' title="bbox 603 4333 2171 4408">
    <p class='ocr_par' dir='ltr' id='par_1_45' title="bbox 603 4333 2171 4408">
     <span class='ocr_line' id='line_1_45' title="bbox 603 4333 2171 4408; baseline 0.012 -27"><span class='ocrx_word' id='word_1_297' title='bbox 603 4333 895 4399; x_wconf 80' lang='lat' dir='ltr'><strong>quemeet</strong></span> <span class='ocrx_word' id='word_1_298' title='bbox 941 4338 1212 4405; x_wconf 72' lang='lat' dir='ltr'><strong>pupillum,</strong></span> <span class='ocrx_word' id='word_1_299' title='bbox 1259 4338 1350 4390; x_wconf 90' lang='lat' dir='ltr'><strong>sed</strong></span> <span class='ocrx_word' id='word_1_300' title='bbox 1406 4341 1657 4408; x_wconf 79' lang='lat' dir='ltr'><strong>pupillum</strong></span> <span class='ocrx_word' id='word_1_301' title='bbox 1695 4355 1741 4396; x_wconf 84' lang='lat' dir='ltr'><strong>et</strong></span> <span class='ocrx_word' id='word_1_302' title='bbox 1791 4346 2029 4399; x_wconf 82' lang='lat' dir='ltr'><strong>humilem</strong></span> <span class='ocrx_word' id='word_1_303' title='bbox 2061 4348 2171 4402; x_wconf 88' lang='lat' dir='ltr'><strong>Deo</strong></span> 
     </span>
    </p>
   </div>
   <div class='ocr_carea' id='block_1_46' title="bbox 605 4424 2170 4509">
    <p class='ocr_par' dir='ltr' id='par_1_46' title="bbox 605 4424 2170 4509">
     <span class='ocr_line' id='line_1_46' title="bbox 605 4424 2170 4509; baseline 0.012 -34"><span class='ocrx_word' id='word_1_304' title='bbox 605 4437 725 4476; x_wconf 81' lang='lat' dir='ltr'><strong>es-e</strong></span> <span class='ocrx_word' id='word_1_305' title='bbox 751 4424 1131 4491; x_wconf 77' lang='lat' dir='ltr'><strong>gratissimum.</strong></span> <span class='ocrx_word' id='word_1_306' title='bbox 1186 4427 1312 4481; x_wconf 82' lang='lat' dir='ltr'><strong>Nam</strong></span> <span class='ocrx_word' id='word_1_307' title='bbox 1344 4446 1463 4484; x_wconf 88' lang='lat' dir='ltr'><strong>eum</strong></span> <span class='ocrx_word' id='word_1_308' title='bbox 1494 4431 1617 4485; x_wconf 87' lang='lat' dir='ltr'><strong>dicit</strong></span> <span class='ocrx_word' id='word_1_309' title='bbox 1644 4451 1656 4486; x_wconf 89' lang='lat'>:</span> <span class='ocrx_word' id='word_1_310' title='bbox 1687 4433 1933 4491; x_wconf 81' lang='lat' dir='ltr'><strong>Judicare</strong></span> <span class='ocrx_word' id='word_1_311' title='bbox 1973 4440 2170 4509; x_wconf 75' lang='lat' dir='ltr'><strong>pupillo</strong></span> 
     </span>
    </p>
   </div>
   <div class='ocr_carea' id='block_1_47' title="bbox 609 4513 2256 4600">
    <p class='ocr_par' dir='ltr' id='par_1_47' title="bbox 609 4513 2256 4600">
     <span class='ocr_line' id='line_1_47' title="bbox 609 4513 2256 4600; baseline 0.014 -36"><span class='ocrx_word' id='word_1_312' title='bbox 609 4524 655 4564; x_wconf 82' lang='lat' dir='ltr'><strong>et</strong></span> <span class='ocrx_word' id='word_1_313' title='bbox 687 4513 890 4578; x_wconf 80' lang='lat' dir='ltr'><strong>humili,</strong></span> <span class='ocrx_word' id='word_1_314' title='bbox 931 4517 1191 4585; x_wconf 78' lang='lat' dir='ltr'><strong>signiﬁcat</strong></span> <span class='ocrx_word' id='word_1_315' title='bbox 1223 4534 1314 4586; x_wconf 89' lang='lat' dir='ltr'><strong>pro</strong></span> <span class='ocrx_word' id='word_1_316' title='bbox 1346 4521 1459 4589; x_wconf 85' lang='lat' dir='ltr'><strong>ipso</strong></span> <span class='ocrx_word' id='word_1_317' title='bbox 1487 4522 1609 4576; x_wconf 77' lang='lat' dir='ltr'><strong>ferri</strong></span> <span class='ocrx_word' id='word_1_318' title='bbox 1645 4541 1800 4593; x_wconf 83' lang='lat' dir='ltr'><strong>posse</strong></span> <span class='ocrx_word' id='word_1_319' title='bbox 1830 4531 2169 4586; x_wconf 84' lang='lat' dir='ltr'><strong>sententiam.</strong></span> <span class='ocrx_word' id='word_1_320' title='bbox 2202 4541 2256 4600; x_wconf 83' lang='lat'><strong>1)</strong></span> 
     </span>
    </p>
   </div>
   <div class='ocr_carea' id='block_1_48' title="bbox 605 4603 2168 4686">
    <p class='ocr_par' dir='ltr' id='par_1_48' title="bbox 605 4603 2168 4686">
     <span class='ocr_line' id='line_1_48' title="bbox 605 4603 2168 4686; baseline 0.012 -28"><span class='ocrx_word' id='word_1_321' title='bbox 605 4603 708 4658; x_wconf 85' lang='lat' dir='ltr'><strong>Sed</strong></span> <span class='ocrx_word' id='word_1_322' title='bbox 759 4620 876 4659; x_wconf 89' lang='lat' dir='ltr'><strong>cum</strong></span> <span class='ocrx_word' id='word_1_323' title='bbox 929 4605 1139 4662; x_wconf 79' lang='lat' dir='ltr'><strong>Itunu&#39;lis</strong></span> <span class='ocrx_word' id='word_1_324' title='bbox 1188 4609 1402 4676; x_wconf 87' lang='lat' dir='ltr'><strong>dicitur,</strong></span> <span class='ocrx_word' id='word_1_325' title='bbox 1460 4613 1786 4682; x_wconf 89' lang='lat' dir='ltr'><strong>justissimus</strong></span> <span class='ocrx_word' id='word_1_326' title='bbox 1831 4621 2168 4686; x_wconf 76' lang='lat' dir='ltr'><strong>approbatur.</strong></span> 
     </span>
    </p>
   </div>
   <div class='ocr_carea' id='block_1_49' title="bbox 605 4697 2172 4781">
    <p class='ocr_par' dir='ltr' id='par_1_49' title="bbox 605 4697 2172 4781">
     <span class='ocr_line' id='line_1_49' title="bbox 605 4697 2172 4781; baseline 0.013 -33"><span class='ocrx_word' id='word_1_327' title='bbox 605 4697 854 4765; x_wconf 85' lang='lat' dir='ltr'><strong>Sequitur</strong></span> <span class='ocrx_word' id='word_1_328' title='bbox 883 4713 1096 4768; x_wconf 88' lang='lat' dir='ltr'><strong>quoque</strong></span> <span class='ocrx_word' id='word_1_329' title='bbox 1123 4699 1397 4756; x_wconf 74' lang='lat' dir='ltr'><strong>deﬁnitiva</strong></span> <span class='ocrx_word' id='word_1_330' title='bbox 1424 4705 1723 4772; x_wconf 87' lang='lat' dir='ltr'><strong>promissio,</strong></span> <span class='ocrx_word' id='word_1_331' title='bbox 1780 4710 1900 4763; x_wconf 88' lang='lat' dir='ltr'><strong>ideo</strong></span> <span class='ocrx_word' id='word_1_332' title='bbox 1931 4710 2015 4763; x_wconf 88' lang='lat' dir='ltr'><strong>illa</strong></span> <span class='ocrx_word' id='word_1_333' title='bbox 2053 4729 2172 4781; x_wconf 79' lang='lat' dir='ltr'><strong>quae</strong></span> 
     </span>
    </p>
   </div>
   <div class='ocr_carea' id='block_1_50' title="bbox 609 4789 2173 4870">
    <p class='ocr_par' dir='ltr' id='par_1_50' title="bbox 609 4789 2173 4870">
     <span class='ocr_line' id='line_1_50' title="bbox 609 4789 2173 4870; baseline 0.011 -28"><span class='ocrx_word' id='word_1_334' title='bbox 609 4789 745 4842; x_wconf 84' lang='lat' dir='ltr'><strong>dicta</strong></span> <span class='ocrx_word' id='word_1_335' title='bbox 778 4799 902 4844; x_wconf 86' lang='lat' dir='ltr'><strong>sunt</strong></span> <span class='ocrx_word' id='word_1_336' title='bbox 931 4791 1064 4855; x_wconf 75' lang='lat' dir='ltr'><strong>ﬁeri,</strong></span> <span class='ocrx_word' id='word_1_337' title='bbox 1093 4802 1150 4846; x_wconf 89' lang='lat' dir='ltr'><strong>ttt</strong></span> <span class='ocrx_word' id='word_1_338' title='bbox 1177 4794 1394 4848; x_wconf 86' lang='lat' dir='ltr'><strong>ulterius</strong></span> <span class='ocrx_word' id='word_1_339' title='bbox 1419 4812 1448 4848; x_wconf 87' lang='lat' dir='ltr'><strong>a</strong></span> <span class='ocrx_word' id='word_1_340' title='bbox 1478 4796 1624 4852; x_wconf 87' lang='lat' dir='ltr'><strong>nullo</strong></span> <span class='ocrx_word' id='word_1_341' title='bbox 1653 4800 1925 4856; x_wconf 85' lang='lat' dir='ltr'><strong>hominum</strong></span> <span class='ocrx_word' id='word_1_342' title='bbox 1957 4808 2173 4870; x_wconf 82' lang='lat' dir='ltr'><strong>pennit-</strong></span> 
     </span>
    </p>
   </div>
   <div class='ocr_carea' id='block_1_51' title="bbox 607 4881 2170 4954">
    <p class='ocr_par' dir='ltr' id='par_1_51' title="bbox 607 4881 2170 4954">
     <span class='ocr_line' id='line_1_51' title="bbox 607 4881 2170 4954; baseline 0.012 -22"><span class='ocrx_word' id='word_1_343' title='bbox 607 4887 752 4932; x_wconf 88' lang='lat' dir='ltr'><strong>tatnr</strong></span> <span class='ocrx_word' id='word_1_344' title='bbox 799 4882 1007 4935; x_wconf 79' lang='lat' dir='ltr'><strong>excedi.</strong></span> <span class='ocrx_word' id='word_1_345' title='bbox 1064 4881 1212 4938; x_wconf 88' lang='lat' dir='ltr'><strong>Tunc</strong></span> <span class='ocrx_word' id='word_1_346' title='bbox 1259 4885 1517 4954; x_wconf 90' lang='lat' dir='ltr'><strong>siquidem</strong></span> <span class='ocrx_word' id='word_1_347' title='bbox 1548 4890 1724 4944; x_wconf 89' lang='lat' dir='ltr'><strong>omnia</strong></span> <span class='ocrx_word' id='word_1_348' title='bbox 1769 4893 1900 4944; x_wconf 80' lang='lat' dir='ltr'><strong>mala</strong></span> <span class='ocrx_word' id='word_1_349' title='bbox 1946 4894 2170 4950; x_wconf 79' lang='lat' dir='ltr'><strong>ﬁnienda</strong></span> 
     </span>
    </p>
   </div>
   <div class='ocr_carea' id='block_1_52' title="bbox 608 4973 2196 5047">
    <p class='ocr_par' dir='ltr' id='par_1_52' title="bbox 608 4973 2196 5047">
     <span class='ocr_line' id='line_1_52' title="bbox 608 4973 2196 5047; baseline 0.013 -27"><span class='ocrx_word' id='word_1_350' title='bbox 608 4980 750 5036; x_wconf 87' lang='lat' dir='ltr'><strong>sunt,</strong></span> <span class='ocrx_word' id='word_1_351' title='bbox 801 4973 1010 5038; x_wconf 89' lang='lat' dir='ltr'><strong>quando</strong></span> <span class='ocrx_word' id='word_1_352' title='bbox 1054 4985 1238 5028; x_wconf 90' lang='lat' dir='ltr'><strong>auctor</strong></span> <span class='ocrx_word' id='word_1_353' title='bbox 1265 4978 1502 5031; x_wconf 89' lang='lat' dir='ltr'><strong>omnium</strong></span> <span class='ocrx_word' id='word_1_354' title='bbox 1549 4995 1882 5047; x_wconf 70' lang='lat' dir='ltr'><strong>peccatorum</strong></span> <span class='ocrx_word' id='word_1_355' title='bbox 1930 5001 2050 5039; x_wconf 90' lang='lat' dir='ltr'><strong>cum</strong></span> <span class='ocrx_word' id='word_1_356' title='bbox 2079 5000 2196 5040; x_wconf 82' lang='lat' dir='ltr'><strong>sua‘</strong></span> 
     </span>
    </p>
   </div>
   <div class='ocr_carea' id='block_1_53' title="bbox 611 5062 2173 5145">
    <p class='ocr_par' dir='ltr' id='par_1_53' title="bbox 611 5062 2173 5145">
     <span class='ocr_line' id='line_1_53' title="bbox 611 5062 2173 5145; baseline 0.012 -31"><span class='ocrx_word' id='word_1_357' title='bbox 611 5062 764 5127; x_wconf 71' lang='lat' dir='ltr'><strong>plebe</strong></span> <span class='ocrx_word' id='word_1_358' title='bbox 786 5063 1141 5119; x_wconf 76' lang='lat' dir='ltr'><strong>damnabitur.</strong></span> <span class='ocrx_word' id='word_1_359' title='bbox 1177 5067 1302 5122; x_wconf 66' lang='lat' dir='ltr'><strong>Haec</strong></span> <span class='ocrx_word' id='word_1_360' title='bbox 1327 5080 1450 5124; x_wconf 88' lang='lat' dir='ltr'><strong>sunt</strong></span> <span class='ocrx_word' id='word_1_361' title='bbox 1477 5074 1674 5126; x_wconf 81' lang='lat' dir='ltr'><strong>occulta</strong></span> <span class='ocrx_word' id='word_1_362' title='bbox 1698 5073 1816 5142; x_wconf 79' lang='lat' dir='ltr'><strong>ﬁlii.</strong></span> <span class='ocrx_word' id='word_1_363' title='bbox 1841 5091 1960 5143; x_wconf 67' lang='lat' dir='ltr'><strong>qua:</strong></span> <span class='ocrx_word' id='word_1_364' title='bbox 1989 5078 2173 5145; x_wconf 85' lang='lat' dir='ltr'><strong>psalmi</strong></span> 
     </span>
    </p>
   </div>
   <div class='ocr_carea' id='block_1_54' title="bbox 609 5149 2172 5230">
    <p class='ocr_par' dir='ltr' id='par_1_54' title="bbox 609 5149 2172 5230">
     <span class='ocr_line' id='line_1_54' title="bbox 609 5149 2172 5230; baseline 0.011 -28"><span class='ocrx_word' id='word_1_365' title='bbox 609 5149 766 5218; x_wconf 85' lang='lat' dir='ltr'><strong>hujus</strong></span> <span class='ocrx_word' id='word_1_366' title='bbox 815 5152 997 5206; x_wconf 88' lang='lat' dir='ltr'><strong>titulus</strong></span> <span class='ocrx_word' id='word_1_367' title='bbox 1026 5156 1188 5209; x_wconf 87' lang='lat' dir='ltr'><strong>cauit.</strong></span> <span class='ocrx_word' id='word_1_368' title='bbox 1243 5157 1373 5211; x_wconf 77' lang='lat' dir='ltr'><strong>Nam</strong></span> <span class='ocrx_word' id='word_1_369' title='bbox 1409 5159 1534 5213; x_wconf 77' lang='lat' dir='ltr'><strong>licet</strong></span> <span class='ocrx_word' id='word_1_370' title='bbox 1565 5176 1658 5227; x_wconf 84' lang='lat' dir='ltr'><strong>per</strong></span> <span class='ocrx_word' id='word_1_371' title='bbox 1695 5163 1938 5230; x_wconf 79' lang='lat' dir='ltr'><strong>quaedam</strong></span> <span class='ocrx_word' id='word_1_372' title='bbox 1983 5167 2172 5219; x_wconf 85' lang='lat' dir='ltr'><strong>indicia</strong></span> 
     </span>
    </p>
   </div>
   <div class='ocr_carea' id='block_1_55' title="bbox 609 5238 2174 5319">
    <p class='ocr_par' dir='ltr' id='par_1_55' title="bbox 609 5238 2174 5319">
     <span class='ocr_line' id='line_1_55' title="bbox 609 5238 2174 5319; baseline 0.01 -27"><span class='ocrx_word' id='word_1_373' title='bbox 609 5238 917 5308; x_wconf 80' lang='lat' dir='ltr'><strong>frequenter</strong></span> <span class='ocrx_word' id='word_1_374' title='bbox 947 5242 1227 5298; x_wconf 85' lang='lat' dir='ltr'><strong>videantur</strong></span> <span class='ocrx_word' id='word_1_375' title='bbox 1257 5247 1452 5311; x_wconf 87' lang='lat' dir='ltr'><strong>edit-tn,</strong></span> <span class='ocrx_word' id='word_1_376' title='bbox 1495 5251 1708 5316; x_wconf 85' lang='lat' dir='ltr'><strong>quando</strong></span> <span class='ocrx_word' id='word_1_377' title='bbox 1734 5261 1906 5306; x_wconf 79' lang='lat' dir='ltr'><strong>tamen</strong></span> <span class='ocrx_word' id='word_1_378' title='bbox 1939 5256 2174 5319; x_wconf 81' lang='lat' dir='ltr'><strong>veniant,</strong></span> 
     </span>
    </p>
   </div>
   <div class='ocr_carea' id='block_1_56' title="bbox 613 5330 2178 5405">
    <p class='ocr_par' dir='ltr' id='par_1_56' title="bbox 613 5330 2178 5405">
     <span class='ocr_line' id='line_1_56' title="bbox 613 5330 2178 5405; baseline 0.011 -25"><span class='ocrx_word' id='word_1_379' title='bbox 613 5330 920 5386; x_wconf 81' lang='lat' dir='ltr'><strong>hominibus</strong></span> <span class='ocrx_word' id='word_1_380' title='bbox 967 5334 1230 5403; x_wconf 79' lang='lat' dir='ltr'><strong>incognita</strong></span> <span class='ocrx_word' id='word_1_381' title='bbox 1286 5337 1567 5391; x_wconf 76' lang='lat' dir='ltr'><strong>habentur.</strong></span> <span class='ocrx_word' id='word_1_382' title='bbox 1632 5339 1706 5392; x_wconf 88' lang='lat' dir='ltr'><strong>De</strong></span> <span class='ocrx_word' id='word_1_383' title='bbox 1747 5340 1862 5405; x_wconf 82' lang='lat' dir='ltr'><strong>ipso</strong></span> <span class='ocrx_word' id='word_1_384' title='bbox 1903 5345 2042 5394; x_wconf 89' lang='lat' dir='ltr'><strong>enim</strong></span> <span class='ocrx_word' id='word_1_385' title='bbox 2092 5345 2178 5399; x_wconf 89' lang='lat' dir='ltr'><strong>die</strong></span> 
     </span>
    </p>
   </div>
   <div class='ocr_carea' id='block_1_57' title="bbox 608 5420 2206 5494">
    <p class='ocr_par' dir='ltr' id='par_1_57' title="bbox 608 5420 2206 5494">
     <span class='ocr_line' id='line_1_57' title="bbox 608 5420 2206 5494; baseline 0.007 -22"><span class='ocrx_word' id='word_1_386' title='bbox 608 5420 864 5476; x_wconf 82' lang='lat' dir='ltr'><strong>Dominus</strong></span> <span class='ocrx_word' id='word_1_387' title='bbox 903 5424 955 5478; x_wconf 89' lang='lat' dir='ltr'><strong>in</strong></span> <span class='ocrx_word' id='word_1_388' title='bbox 991 5426 1277 5494; x_wconf 73' lang='lat' dir='ltr'><strong>Evangelio</strong></span> <span class='ocrx_word' id='word_1_389' title='bbox 1321 5428 1450 5482; x_wconf 79' lang='lat' dir='ltr'><strong>dicit</strong></span> <span class='ocrx_word' id='word_1_390' title='bbox 1481 5447 1492 5480; x_wconf 94' lang='lat'>:</span> <span class='ocrx_word' id='word_1_391' title='bbox 1545 5428 1622 5482; x_wconf 75' lang='lat' dir='ltr'><strong>De</strong></span> <span class='ocrx_word' id='word_1_392' title='bbox 1647 5432 1726 5483; x_wconf 76' lang='lat' dir='ltr'><strong>die</strong></span> <span class='ocrx_word' id='word_1_393' title='bbox 1763 5442 1932 5485; x_wconf 76' lang='lat' dir='ltr'><strong>autem</strong></span> <span class='ocrx_word' id='word_1_394' title='bbox 1982 5435 2070 5486; x_wconf 59' lang='lat' dir='ltr'><strong>illa</strong></span> <span class='ocrx_word' id='word_1_395' title='bbox 2125 5446 2172 5487; x_wconf 88' lang='lat' dir='ltr'><strong>et</strong></span> <span class='ocrx_word' id='word_1_396' title='bbox 2204 5481 2206 5483; x_wconf 92' lang='lat'><em>_</em></span> 
     </span>
    </p>
   </div>
   <div class='ocr_carea' id='block_1_58' title="bbox 615 5515 2166 5590">
    <p class='ocr_par' dir='ltr' id='par_1_58' title="bbox 615 5515 2166 5590">
     <span class='ocr_line' id='line_1_58' title="bbox 615 5515 2166 5590; baseline 0.008 -25"><span class='ocrx_word' id='word_1_397' title='bbox 615 5515 738 5565; x_wconf 81' lang='lat' dir='ltr'><strong>hora</strong></span> <span class='ocrx_word' id='word_1_398' title='bbox 769 5531 914 5570; x_wconf 77' lang='lat' dir='ltr'><strong>nemo</strong></span> <span class='ocrx_word' id='word_1_399' title='bbox 943 5518 1057 5586; x_wconf 74' lang='lat' dir='ltr'><strong>scit,</strong></span> <span class='ocrx_word' id='word_1_400' title='bbox 1101 5535 1257 5586; x_wconf 80' lang='lat' dir='ltr'><strong>neque</strong></span> <span class='ocrx_word' id='word_1_401' title='bbox 1281 5522 1452 5590; x_wconf 77' lang='lat' dir='ltr'><strong>angeli</strong></span> <span class='ocrx_word' id='word_1_402' title='bbox 1492 5523 1749 5585; x_wconf 72' lang='lat' dir='ltr'><strong>caelorum,</strong></span> <span class='ocrx_word' id='word_1_403' title='bbox 1793 5542 1948 5590; x_wconf 79' lang='lat' dir='ltr'><strong>neque</strong></span> <span class='ocrx_word' id='word_1_404' title='bbox 1979 5525 2166 5590; x_wconf 67' lang='lat' dir='ltr'><strong>Filius,</strong></span> 
     </span>
    </p>
   </div>
   <div class='ocr_carea' id='block_1_59' title="bbox 616 5603 2175 5683">
    <p class='ocr_par' dir='ltr' id='par_1_59' title="bbox 616 5603 2175 5683">
     <span class='ocr_line' id='line_1_59' title="bbox 616 5603 2175 5683; baseline 0.009 -27"><span class='ocrx_word' id='word_1_405' title='bbox 616 5604 714 5657; x_wconf 75' lang='lat' dir='ltr'><strong>nisi</strong></span> <span class='ocrx_word' id='word_1_406' title='bbox 741 5603 898 5658; x_wconf 72' lang='lat' dir='ltr'><strong>Pater</strong></span> <span class='ocrx_word' id='word_1_407' title='bbox 928 5607 1066 5662; x_wconf 74' lang='lat' dir='ltr'><strong>solus</strong></span> <span class='ocrx_word' id='word_1_408' title='bbox 1098 5607 1286 5677; x_wconf 78' lang='lat' dir='ltr'><strong>(Marc.</strong></span> <span class='ocrx_word' id='word_1_409' title='bbox 1324 5625 1434 5673; x_wconf 74' lang='lat' dir='ltr'><strong>xm,</strong></span> <span class='ocrx_word' id='word_1_410' title='bbox 1467 5611 1581 5666; x_wconf 64' lang='lat'><strong>25&#39;2&quot;.</strong></span> <span class='ocrx_word' id='word_1_411' title='bbox 1643 5613 1717 5669; x_wconf 88' lang='lat' dir='ltr'><strong>De</strong></span> <span class='ocrx_word' id='word_1_412' title='bbox 1741 5630 1853 5683; x_wconf 65' lang='lat' dir='ltr'><strong>quo</strong></span> <span class='ocrx_word' id='word_1_413' title='bbox 1896 5617 2010 5670; x_wconf 86' lang='lat' dir='ltr'><strong>loco</strong></span> <span class='ocrx_word' id='word_1_414' title='bbox 2055 5619 2175 5672; x_wconf 87' lang='lat' dir='ltr'><strong>bea-</strong></span> 
     </span>
    </p>
   </div>
   <div class='ocr_carea' id='block_1_60' title="bbox 615 5698 2172 5774">
    <p class='ocr_par' dir='ltr' id='par_1_60' title="bbox 615 5698 2172 5774">
     <span class='ocr_line' id='line_1_60' title="bbox 615 5698 2172 5774; baseline 0.012 -26"><span class='ocrx_word' id='word_1_415' title='bbox 615 5698 804 5750; x_wconf 73' lang='lat' dir='ltr'><strong>tissimi</strong></span> <span class='ocrx_word' id='word_1_416' title='bbox 835 5698 1017 5755; x_wconf 79' lang='lat' dir='ltr'><strong>Patres</strong></span> <span class='ocrx_word' id='word_1_417' title='bbox 1049 5701 1278 5756; x_wconf 76' lang='lat' dir='ltr'><strong>Hilarius</strong></span> <span class='ocrx_word' id='word_1_418' title='bbox 1325 5714 1374 5758; x_wconf 82' lang='lat' dir='ltr'><strong>et</strong></span> <span class='ocrx_word' id='word_1_419' title='bbox 1407 5707 1727 5774; x_wconf 74' lang='lat' dir='ltr'><strong>.~\ngn5tiuus</strong></span> <span class='ocrx_word' id='word_1_420' title='bbox 1760 5709 2006 5764; x_wconf 69' lang='lat' dir='ltr'><strong>Ecc&#39;esie</strong></span> <span class='ocrx_word' id='word_1_421' title='bbox 2054 5727 2172 5765; x_wconf 77' lang='lat' dir='ltr'><strong>S.’tll&#39;</strong></span> 
     </span>
    </p>
   </div>
   <div class='ocr_carea' id='block_1_61' title="bbox 1800 305 2621 363">
    <p class='ocr_par' dir='ltr' id='par_1_61' title="bbox 1800 305 2621 363">
     <span class='ocr_line' id='line_1_61' title="bbox 1800 305 2621 363; baseline -0.004 -1"><span class='ocrx_word' id='word_1_422' title='bbox 1800 309 1868 363; x_wconf 80' lang='grc' dir='ltr'><strong>Μ.</strong></span> <span class='ocrx_word' id='word_1_423' title='bbox 1913 306 1994 362; x_wconf 80' lang='lat' dir='ltr'><strong>AL</strong></span> <span class='ocrx_word' id='word_1_424' title='bbox 2008 305 2073 360; x_wconf 71' lang='lat' dir='ltr'><strong>ni</strong></span> <span class='ocrx_word' id='word_1_425' title='bbox 2088 306 2184 362; x_wconf 79' lang='lat' dir='ltr'><strong>Lii</strong></span> <span class='ocrx_word' id='word_1_426' title='bbox 2223 305 2621 362; x_wconf 75' lang='lat' dir='ltr'><strong>CASSIODORI</strong></span> 
     </span>
    </p>
   </div>
   <div class='ocr_carea' id='block_1_62' title="bbox 3776 331 3800 354">
    <p class='ocr_par' dir='ltr' id='par_1_62' title="bbox 3776 331 3800 354">
     <span class='ocr_line' id='line_1_62' title="bbox 3776 331 3800 354; baseline 0 0"><span class='ocrx_word' id='word_1_427' title='bbox 3776 331 3800 354; x_wconf 64' lang='grc' dir='ltr'><strong>ὁ</strong></span> 
     </span>
    </p>
   </div>
   <div class='ocr_carea' id='block_1_63' title="bbox 2259 413 3803 486">
    <p class='ocr_par' dir='ltr' id='par_1_63' title="bbox 2259 413 3803 486">
     <span class='ocr_line' id='line_1_63' title="bbox 2259 413 3803 486; baseline 0.001 -15"><span class='ocrx_word' id='word_1_428' title='bbox 2259 428 2340 471; x_wconf 88' lang='lat' dir='ltr'><strong>cta</strong></span> <span class='ocrx_word' id='word_1_429' title='bbox 2385 419 2603 481; x_wconf 84' lang='lat' dir='ltr'><strong>lomim,</strong></span> <span class='ocrx_word' id='word_1_430' title='bbox 2653 419 2876 486; x_wconf 67' lang='lat' dir='ltr'><strong>plurima</strong></span> <span class='ocrx_word' id='word_1_431' title='bbox 2900 424 2956 472; x_wconf 91' lang='lat' dir='ltr'><strong>et</strong></span> <span class='ocrx_word' id='word_1_432' title='bbox 2975 416 3237 473; x_wconf 84' lang='lat' dir='ltr'><strong>luculenta</strong></span> <span class='ocrx_word' id='word_1_433' title='bbox 3258 415 3508 473; x_wconf 76' lang='lat' dir='ltr'><strong>dixerunt</strong></span> <span class='ocrx_word' id='word_1_434' title='bbox 3537 432 3551 472; x_wconf 74' lang='grc' dir='ltr'><strong>ε</strong></span> <span class='ocrx_word' id='word_1_435' title='bbox 3581 413 3803 486; x_wconf 78' lang='lat' dir='ltr'><strong>judican-</strong></span> 
     </span>
    </p>
   </div>
   <div class='ocr_carea' id='block_1_64' title="bbox 2257 508 3802 578">
    <p class='ocr_par' dir='ltr' id='par_1_64' title="bbox 2257 508 3802 578">
     <span class='ocr_line' id='line_1_64' title="bbox 2257 508 3802 578; baseline 0.001 -16"><span class='ocrx_word' id='word_1_436' title='bbox 2257 523 2334 562; x_wconf 81' lang='lat' dir='ltr'><strong>tes</strong></span> <span class='ocrx_word' id='word_1_437' title='bbox 2380 525 2498 563; x_wconf 83' lang='lat' dir='ltr'><strong>esse</strong></span> <span class='ocrx_word' id='word_1_438' title='bbox 2534 509 2819 572; x_wconf 78' lang='lat' dir='ltr'><strong>nefarium,</strong></span> <span class='ocrx_word' id='word_1_439' title='bbox 2860 509 2908 563; x_wconf 95' lang='lat' dir='ltr'><strong>si</strong></span> <span class='ocrx_word' id='word_1_440' title='bbox 2937 508 3022 562; x_wconf 89' lang='lat' dir='ltr'><strong>illa</strong></span> <span class='ocrx_word' id='word_1_441' title='bbox 3059 508 3404 578; x_wconf 82' lang='lat' dir='ltr'><strong>omnipotens</strong></span> <span class='ocrx_word' id='word_1_442' title='bbox 3433 508 3590 564; x_wconf 83' lang='lat' dir='ltr'><strong>Verbi</strong></span> <span class='ocrx_word' id='word_1_443' title='bbox 3630 508 3802 564; x_wconf 71' lang='lat' dir='ltr'><strong>buma-</strong></span> 
     </span>
    </p>
   </div>
   <div class='ocr_carea' id='block_1_65' title="bbox 2255 598 3799 669">
    <p class='ocr_par' dir='ltr' id='par_1_65' title="bbox 2255 598 3799 669">
     <span class='ocr_line' id='line_1_65' title="bbox 2255 598 3799 669; baseline 0.002 -17"><span class='ocrx_word' id='word_1_444' title='bbox 2255 601 2402 652; x_wconf 79' lang='lat' dir='ltr'><strong>ttntio</strong></span> <span class='ocrx_word' id='word_1_445' title='bbox 2427 600 2639 666; x_wconf 76' lang='lat' dir='ltr'><strong>aliqtmd</strong></span> <span class='ocrx_word' id='word_1_446' title='bbox 2680 599 2747 653; x_wconf 86' lang='lat' dir='ltr'><strong>de</strong></span> <span class='ocrx_word' id='word_1_447' title='bbox 2777 598 2966 653; x_wconf 81' lang='lat' dir='ltr'><strong>tuturis</strong></span> <span class='ocrx_word' id='word_1_448' title='bbox 2999 598 3276 667; x_wconf 75' lang='lat' dir='ltr'><strong>ignorasse</strong></span> <span class='ocrx_word' id='word_1_449' title='bbox 3323 609 3622 668; x_wconf 80' lang='lat' dir='ltr'><strong>putaretur,</strong></span> <span class='ocrx_word' id='word_1_450' title='bbox 3677 602 3799 669; x_wconf 83' lang='lat' dir='ltr'><strong>quod</strong></span> 
     </span>
    </p>
   </div>
   <div class='ocr_carea' id='block_1_66' title="bbox 2256 687 3807 756">
    <p class='ocr_par' dir='ltr' id='par_1_66' title="bbox 2256 687 3807 756">
     <span class='ocr_line' id='line_1_66' title="bbox 2256 687 3807 756; baseline 0.003 -15"><span class='ocrx_word' id='word_1_451' title='bbox 2256 689 2467 742; x_wconf 79' lang='lat' dir='ltr'><strong>Patrem</strong></span> <span class='ocrx_word' id='word_1_452' title='bbox 2507 688 2645 742; x_wconf 87' lang='lat' dir='ltr'><strong>seire</strong></span> <span class='ocrx_word' id='word_1_453' title='bbox 2669 687 3001 756; x_wconf 61' lang='lat' dir='ltr'><strong>pradicavit.</strong></span> <span class='ocrx_word' id='word_1_454' title='bbox 3043 688 3174 744; x_wconf 80' lang='lat' dir='ltr'><strong>Nam</strong></span> <span class='ocrx_word' id='word_1_455' title='bbox 3205 704 3327 744; x_wconf 85' lang='lat' dir='ltr'><strong>cum</strong></span> <span class='ocrx_word' id='word_1_456' title='bbox 3351 691 3541 748; x_wconf 79' lang='lat' dir='ltr'><strong>Petrus</strong></span> <span class='ocrx_word' id='word_1_457' title='bbox 3567 689 3623 745; x_wconf 92' lang='lat' dir='ltr'><strong>in</strong></span> <span class='ocrx_word' id='word_1_458' title='bbox 3649 690 3807 746; x_wconf 59' lang='lat' dir='ltr'><strong>Evan.</strong></span> 
     </span>
    </p>
   </div>
   <div class='ocr_carea' id='block_1_67' title="bbox 2253 778 3810 853">
    <p class='ocr_par' dir='ltr' id='par_1_67' title="bbox 2253 778 3810 853">
     <span class='ocr_line' id='line_1_67' title="bbox 2253 778 3810 853; baseline 0.003 -21"><span class='ocrx_word' id='word_1_459' title='bbox 2253 779 2393 848; x_wconf 76' lang='lat' dir='ltr'><strong>gelio</strong></span> <span class='ocrx_word' id='word_1_460' title='bbox 2435 779 2573 833; x_wconf 89' lang='lat' dir='ltr'><strong>dicat</strong></span> <span class='ocrx_word' id='word_1_461' title='bbox 2615 796 2628 832; x_wconf 89' lang='lat'><strong>:</strong></span> <span class='ocrx_word' id='word_1_462' title='bbox 2681 778 2914 844; x_wconf 80' lang='lat' dir='ltr'><strong>Domine,</strong></span> <span class='ocrx_word' id='word_1_463' title='bbox 2965 789 3021 833; x_wconf 86' lang='lat' dir='ltr'><strong>tu</strong></span> <span class='ocrx_word' id='word_1_464' title='bbox 3065 782 3236 836; x_wconf 83' lang='lat' dir='ltr'><strong>omnia</strong></span> <span class='ocrx_word' id='word_1_465' title='bbox 3282 783 3436 847; x_wconf 73' lang='lat' dir='ltr'><strong>nosti,</strong></span> <span class='ocrx_word' id='word_1_466' title='bbox 3488 793 3542 836; x_wconf 86' lang='lat' dir='ltr'><strong>tu</strong></span> <span class='ocrx_word' id='word_1_467' title='bbox 3575 785 3668 837; x_wconf 73' lang='lat' dir='ltr'><strong>rcis</strong></span> <span class='ocrx_word' id='word_1_468' title='bbox 3701 786 3810 853; x_wconf 76' lang='lat' dir='ltr'><strong>quia</strong></span> 
     </span>
    </p>
   </div>
   <div class='ocr_carea' id='block_1_68' title="bbox 2254 867 3807 939">
    <p class='ocr_par' dir='ltr' id='par_1_68' title="bbox 2254 867 3807 939">
     <span class='ocr_line' id='line_1_68' title="bbox 2254 867 3807 939; baseline 0.005 -18"><span class='ocrx_word' id='word_1_469' title='bbox 2254 885 2370 921; x_wconf 83' lang='lat' dir='ltr'><strong>amo</strong></span> <span class='ocrx_word' id='word_1_470' title='bbox 2399 879 2446 921; x_wconf 76' lang='lat' dir='ltr'><strong>te</strong></span> <span class='ocrx_word' id='word_1_471' title='bbox 2487 867 2665 938; x_wconf 77' lang='lat' dir='ltr'><strong>(Joan.</strong></span> <span class='ocrx_word' id='word_1_472' title='bbox 2699 884 2815 933; x_wconf 75' lang='lat' dir='ltr'><strong>nt,</strong></span> <span class='ocrx_word' id='word_1_473' title='bbox 2847 867 2938 939; x_wconf 80' lang='grc'><strong>17)</strong></span> <span class='ocrx_word' id='word_1_474' title='bbox 2978 887 2990 921; x_wconf 91' lang='lat'>:</span> <span class='ocrx_word' id='word_1_475' title='bbox 3051 870 3180 925; x_wconf 88' lang='lat' dir='ltr'><strong>item</strong></span> <span class='ocrx_word' id='word_1_476' title='bbox 3211 871 3324 939; x_wconf 87' lang='lat' dir='ltr'><strong>ipse</strong></span> <span class='ocrx_word' id='word_1_477' title='bbox 3361 871 3618 928; x_wconf 86' lang='lat' dir='ltr'><strong>Dominus</strong></span> <span class='ocrx_word' id='word_1_478' title='bbox 3647 872 3764 928; x_wconf 80' lang='lat' dir='ltr'><strong>dicit</strong></span> <span class='ocrx_word' id='word_1_479' title='bbox 3792 890 3807 929; x_wconf 88' lang='lat'>:</span> 
     </span>
    </p>
   </div>
   <div class='ocr_carea' id='block_1_69' title="bbox 2259 957 3808 1034">
    <p class='ocr_par' dir='ltr' id='par_1_69' title="bbox 2259 957 3808 1034">
     <span class='ocr_line' id='line_1_69' title="bbox 2259 957 3808 1034; baseline 0.003 -22"><span class='ocrx_word' id='word_1_480' title='bbox 2259 959 2446 1012; x_wconf 77' lang='lat' dir='ltr'><strong>Omnia</strong></span> <span class='ocrx_word' id='word_1_481' title='bbox 2479 974 2592 1029; x_wconf 72' lang='lat' dir='ltr'><strong>qum</strong></span> <span class='ocrx_word' id='word_1_482' title='bbox 2621 959 2765 1013; x_wconf 73' lang='lat' dir='ltr'><strong>habet</strong></span> <span class='ocrx_word' id='word_1_483' title='bbox 2803 957 2979 1026; x_wconf 82' lang='lat' dir='ltr'><strong>Pater,</strong></span> <span class='ocrx_word' id='word_1_484' title='bbox 3019 975 3131 1014; x_wconf 68' lang='lat' dir='ltr'><strong>mea</strong></span> <span class='ocrx_word' id='word_1_485' title='bbox 3171 972 3292 1016; x_wconf 75' lang='lat' dir='ltr'><strong>sunt</strong></span> <span class='ocrx_word' id='word_1_486' title='bbox 3337 960 3515 1031; x_wconf 82' lang='lat' dir='ltr'><strong>(Joan.</strong></span> <span class='ocrx_word' id='word_1_487' title='bbox 3549 979 3657 1029; x_wconf 80' lang='lat' dir='ltr'><strong>xvi,</strong></span> <span class='ocrx_word' id='word_1_488' title='bbox 3689 963 3765 1034; x_wconf 78' lang='grc'><strong>15)</strong></span> <span class='ocrx_word' id='word_1_489' title='bbox 3793 981 3808 1029; x_wconf 87' lang='grc'>;</span> 
     </span>
    </p>
   </div>
   <div class='ocr_carea' id='block_1_70' title="bbox 2259 1050 3802 1120">
    <p class='ocr_par' dir='ltr' id='par_1_70' title="bbox 2259 1050 3802 1120">
     <span class='ocr_line' id='line_1_70' title="bbox 2259 1050 3802 1120; baseline 0.002 -16"><span class='ocrx_word' id='word_1_490' title='bbox 2259 1050 2441 1119; x_wconf 84' lang='lat' dir='ltr'><strong>utique</strong></span> <span class='ocrx_word' id='word_1_491' title='bbox 2465 1050 2640 1104; x_wconf 80' lang='lat' dir='ltr'><strong>Patris</strong></span> <span class='ocrx_word' id='word_1_492' title='bbox 2659 1050 2837 1113; x_wconf 78' lang='lat' dir='ltr'><strong>omnia</strong></span> <span class='ocrx_word' id='word_1_493' title='bbox 2867 1063 2971 1104; x_wconf 90' lang='lat' dir='ltr'><strong>non</strong></span> <span class='ocrx_word' id='word_1_494' title='bbox 3004 1051 3245 1117; x_wconf 83' lang='lat' dir='ltr'><strong>haberet,</strong></span> <span class='ocrx_word' id='word_1_495' title='bbox 3273 1051 3319 1106; x_wconf 85' lang='lat' dir='ltr'><strong>si</strong></span> <span class='ocrx_word' id='word_1_496' title='bbox 3345 1052 3484 1120; x_wconf 86' lang='lat' dir='ltr'><strong>quod</strong></span> <span class='ocrx_word' id='word_1_497' title='bbox 3514 1053 3669 1108; x_wconf 83' lang='lat' dir='ltr'><strong>Pater</strong></span> <span class='ocrx_word' id='word_1_498' title='bbox 3692 1069 3802 1108; x_wconf 85' lang='lat' dir='ltr'><strong>nos-</strong></span> 
     </span>
    </p>
   </div>
   <div class='ocr_carea' id='block_1_71' title="bbox 2259 1142 3813 1208">
    <p class='ocr_par' dir='ltr' id='par_1_71' title="bbox 2259 1142 3813 1208">
     <span class='ocr_line' id='line_1_71' title="bbox 2259 1142 3813 1208; baseline 0.005 -13"><span class='ocrx_word' id='word_1_499' title='bbox 2259 1151 2364 1208; x_wconf 88' lang='lat' dir='ltr'><strong>set,</strong></span> <span class='ocrx_word' id='word_1_500' title='bbox 2417 1142 2505 1197; x_wconf 87' lang='lat' dir='ltr'><strong>ille</strong></span> <span class='ocrx_word' id='word_1_501' title='bbox 2559 1143 2811 1198; x_wconf 85' lang='lat' dir='ltr'><strong>nesciret.</strong></span> <span class='ocrx_word' id='word_1_502' title='bbox 2863 1142 2969 1197; x_wconf 88' lang='lat' dir='ltr'><strong>Sed</strong></span> <span class='ocrx_word' id='word_1_503' title='bbox 3012 1145 3081 1197; x_wconf 85' lang='lat' dir='ltr'><strong>ita</strong></span> <span class='ocrx_word' id='word_1_504' title='bbox 3127 1144 3431 1201; x_wconf 87' lang='lat' dir='ltr'><strong>salutariter</strong></span> <span class='ocrx_word' id='word_1_505' title='bbox 3474 1162 3538 1202; x_wconf 89' lang='lat' dir='ltr'><strong>ac</strong></span> <span class='ocrx_word' id='word_1_506' title='bbox 3567 1149 3813 1204; x_wconf 82' lang='lat' dir='ltr'><strong>veraciter</strong></span> 
     </span>
    </p>
   </div>
   <div class='ocr_carea' id='block_1_72' title="bbox 2257 1233 3812 1308">
    <p class='ocr_par' dir='ltr' id='par_1_72' title="bbox 2257 1233 3812 1308">
     <span class='ocr_line' id='line_1_72' title="bbox 2257 1233 3812 1308; baseline 0.003 -20"><span class='ocrx_word' id='word_1_507' title='bbox 2257 1233 2579 1288; x_wconf 83' lang='lat' dir='ltr'><strong>credendum</strong></span> <span class='ocrx_word' id='word_1_508' title='bbox 2629 1249 2748 1290; x_wconf 86' lang='lat' dir='ltr'><strong>esse</strong></span> <span class='ocrx_word' id='word_1_509' title='bbox 2791 1235 3106 1297; x_wconf 88' lang='lat' dir='ltr'><strong>docuerunt,</strong></span> <span class='ocrx_word' id='word_1_510' title='bbox 3168 1246 3224 1290; x_wconf 88' lang='lat' dir='ltr'><strong>ut</strong></span> <span class='ocrx_word' id='word_1_511' title='bbox 3268 1252 3360 1304; x_wconf 84' lang='lat' dir='ltr'><strong>per</strong></span> <span class='ocrx_word' id='word_1_512' title='bbox 3399 1237 3618 1308; x_wconf 79' lang='lat' dir='ltr'><strong>ﬁguram</strong></span> <span class='ocrx_word' id='word_1_513' title='bbox 3657 1249 3812 1294; x_wconf 86' lang='lat' dir='ltr'><strong>meto-</strong></span> 
     </span>
    </p>
   </div>
   <div class='ocr_carea' id='block_1_73' title="bbox 2258 1325 3818 1399">
    <p class='ocr_par' dir='ltr' id='par_1_73' title="bbox 2258 1325 3818 1399">
     <span class='ocr_line' id='line_1_73' title="bbox 2258 1325 3818 1399; baseline 0.005 -21"><span class='ocrx_word' id='word_1_514' title='bbox 2258 1326 2514 1394; x_wconf 78' lang='lat' dir='ltr'><strong>uymiam,</strong></span> <span class='ocrx_word' id='word_1_515' title='bbox 2569 1325 2620 1378; x_wconf 91' lang='lat' dir='ltr'><strong>id</strong></span> <span class='ocrx_word' id='word_1_516' title='bbox 2669 1335 2752 1380; x_wconf 84' lang='lat' dir='ltr'><strong>est</strong></span> <span class='ocrx_word' id='word_1_517' title='bbox 2796 1327 3388 1392; x_wconf 87' lang='lat' dir='ltr'><strong>transnominationem,</strong></span> <span class='ocrx_word' id='word_1_518' title='bbox 3441 1344 3557 1399; x_wconf 65' lang='lat' dir='ltr'><strong>qua</strong></span> <span class='ocrx_word' id='word_1_519' title='bbox 3604 1331 3657 1384; x_wconf 89' lang='lat' dir='ltr'><strong>in</strong></span> <span class='ocrx_word' id='word_1_520' title='bbox 3685 1331 3818 1387; x_wconf 87' lang='lat' dir='ltr'><strong>Scri-</strong></span> 
     </span>
    </p>
   </div>
   <div class='ocr_carea' id='block_1_74' title="bbox 2259 1416 3815 1490">
    <p class='ocr_par' dir='ltr' id='par_1_74' title="bbox 2259 1416 3815 1490">
     <span class='ocr_line' id='line_1_74' title="bbox 2259 1416 3815 1490; baseline 0.006 -24"><span class='ocrx_word' id='word_1_521' title='bbox 2259 1417 2427 1484; x_wconf 80' lang='lat' dir='ltr'><strong>pturis</strong></span> <span class='ocrx_word' id='word_1_522' title='bbox 2455 1418 2624 1470; x_wconf 79' lang='lat' dir='ltr'><strong>Sacris</strong></span> <span class='ocrx_word' id='word_1_523' title='bbox 2648 1416 2843 1485; x_wconf 76' lang='lat' dir='ltr'><strong>saepius</strong></span> <span class='ocrx_word' id='word_1_524' title='bbox 2866 1417 3155 1480; x_wconf 83' lang='lat' dir='ltr'><strong>invenitur,</strong></span> <span class='ocrx_word' id='word_1_525' title='bbox 3190 1418 3384 1474; x_wconf 61' lang='lat' dir='ltr'><strong>debeat</strong></span> <span class='ocrx_word' id='word_1_526' title='bbox 3410 1421 3649 1489; x_wconf 75' lang='lat' dir='ltr'><strong>intelligi,</strong></span> <span class='ocrx_word' id='word_1_527' title='bbox 3689 1423 3815 1490; x_wconf 87' lang='lat' dir='ltr'><strong>quod</strong></span> 
     </span>
    </p>
   </div>
   <div class='ocr_carea' id='block_1_75' title="bbox 2262 1506 3818 1577">
    <p class='ocr_par' dir='ltr' id='par_1_75' title="bbox 2262 1506 3818 1577">
     <span class='ocr_line' id='line_1_75' title="bbox 2262 1506 3818 1577; baseline 0.004 -17"><span class='ocrx_word' id='word_1_528' title='bbox 2262 1507 2461 1561; x_wconf 90' lang='lat' dir='ltr'><strong>utiliter</strong></span> <span class='ocrx_word' id='word_1_529' title='bbox 2483 1521 2608 1561; x_wconf 79' lang='lat' dir='ltr'><strong>suos</strong></span> <span class='ocrx_word' id='word_1_530' title='bbox 2644 1506 2800 1560; x_wconf 76' lang='lat' dir='ltr'><strong>faciat</strong></span> <span class='ocrx_word' id='word_1_531' title='bbox 2830 1509 3044 1562; x_wconf 82' lang='lat' dir='ltr'><strong>nescire</strong></span> <span class='ocrx_word' id='word_1_532' title='bbox 3070 1507 3362 1577; x_wconf 85' lang='lat' dir='ltr'><strong>subjectos.</strong></span> <span class='ocrx_word' id='word_1_533' title='bbox 3401 1509 3533 1563; x_wconf 82' lang='lat' dir='ltr'><strong>Nam</strong></span> <span class='ocrx_word' id='word_1_534' title='bbox 3558 1511 3609 1563; x_wconf 91' lang='lat' dir='ltr'><strong>iu</strong></span> <span class='ocrx_word' id='word_1_535' title='bbox 3637 1511 3818 1567; x_wconf 83' lang='lat' dir='ltr'><strong>Genesi</strong></span> 
     </span>
    </p>
   </div>
   <div class='ocr_carea' id='block_1_76' title="bbox 2261 1599 3818 1672">
    <p class='ocr_par' dir='ltr' id='par_1_76' title="bbox 2261 1599 3818 1672">
     <span class='ocr_line' id='line_1_76' title="bbox 2261 1599 3818 1672; baseline 0.001 -18"><span class='ocrx_word' id='word_1_536' title='bbox 2261 1601 2528 1655; x_wconf 78' lang='lat' dir='ltr'><strong>Abt-altam</strong></span> <span class='ocrx_word' id='word_1_537' title='bbox 2560 1599 2701 1655; x_wconf 77' lang='lat' dir='ltr'><strong>Deus</strong></span> <span class='ocrx_word' id='word_1_538' title='bbox 2739 1600 2869 1655; x_wconf 87' lang='lat' dir='ltr'><strong>dicit</strong></span> <span class='ocrx_word' id='word_1_539' title='bbox 2910 1618 2923 1653; x_wconf 89' lang='lat'><strong>:</strong></span> <span class='ocrx_word' id='word_1_540' title='bbox 2962 1600 3114 1654; x_wconf 84' lang='lat' dir='ltr'><strong>Nunc</strong></span> <span class='ocrx_word' id='word_1_541' title='bbox 3155 1602 3366 1672; x_wconf 83' lang='lat' dir='ltr'><strong>cognoui</strong></span> <span class='ocrx_word' id='word_1_542' title='bbox 3401 1603 3643 1671; x_wconf 78' lang='lat' dir='ltr'><strong>quoniam</strong></span> <span class='ocrx_word' id='word_1_543' title='bbox 3685 1603 3818 1655; x_wconf 77' lang='lat' dir='ltr'><strong>times</strong></span> 
     </span>
    </p>
   </div>
   <div class='ocr_carea' id='block_1_77' title="bbox 2265 1692 3824 1763">
    <p class='ocr_par' dir='ltr' id='par_1_77' title="bbox 2265 1692 3824 1763">
     <span class='ocr_line' id='line_1_77' title="bbox 2265 1692 3824 1763; baseline 0.003 -17"><span class='ocrx_word' id='word_1_544' title='bbox 2265 1693 2534 1746; x_wconf 81' lang='lat' dir='ltr'><strong>Dominum</strong></span> <span class='ocrx_word' id='word_1_545' title='bbox 2569 1693 2731 1747; x_wconf 79' lang='lat' dir='ltr'><strong>Deum</strong></span> <span class='ocrx_word' id='word_1_546' title='bbox 2753 1704 2896 1762; x_wconf 75' lang='lat' dir='ltr'><strong>tuum</strong></span> <span class='ocrx_word' id='word_1_547' title='bbox 2918 1692 3074 1762; x_wconf 79' lang='lat' dir='ltr'><strong>(Gen.</strong></span> <span class='ocrx_word' id='word_1_548' title='bbox 3109 1710 3238 1760; x_wconf 77' lang='lat' dir='ltr'><strong>xxii,</strong></span> <span class='ocrx_word' id='word_1_549' title='bbox 3272 1694 3380 1763; x_wconf 73' lang='lat'><strong>12),</strong></span> <span class='ocrx_word' id='word_1_550' title='bbox 3431 1695 3480 1749; x_wconf 92' lang='lat' dir='ltr'><strong>id</strong></span> <span class='ocrx_word' id='word_1_551' title='bbox 3506 1705 3591 1750; x_wconf 58' lang='grc' dir='ltr'><strong>εει</strong></span> <span class='ocrx_word' id='word_1_552' title='bbox 3624 1711 3753 1750; x_wconf 82' lang='lat' dir='ltr'><strong>nunc</strong></span> <span class='ocrx_word' id='word_1_553' title='bbox 3775 1706 3824 1751; x_wconf 84' lang='lat' dir='ltr'><strong>te</strong></span> 
     </span>
    </p>
   </div>
   <div class='ocr_carea' id='block_1_78' title="bbox 2265 1785 3826 1853">
    <p class='ocr_par' dir='ltr' id='par_1_78' title="bbox 2265 1785 3826 1853">
     <span class='ocr_line' id='line_1_78' title="bbox 2265 1785 3826 1853; baseline 0.003 -15"><span class='ocrx_word' id='word_1_554' title='bbox 2265 1799 2590 1852; x_wconf 57' lang='lat' dir='ltr'><strong>cogv&#39;oseere</strong></span> <span class='ocrx_word' id='word_1_555' title='bbox 2616 1785 2736 1840; x_wconf 76' lang='lat' dir='ltr'><strong>ieci.</strong></span> <span class='ocrx_word' id='word_1_556' title='bbox 2765 1786 2852 1842; x_wconf 89' lang='lat' dir='ltr'><strong>Sic</strong></span> <span class='ocrx_word' id='word_1_557' title='bbox 2880 1794 2933 1838; x_wconf 60' lang='lat' dir='ltr'><strong>et</strong></span> <span class='ocrx_word' id='word_1_558' title='bbox 2963 1785 3050 1838; x_wconf 78' lang='lat' dir='ltr'><strong>hic</strong></span> <span class='ocrx_word' id='word_1_559' title='bbox 3078 1787 3304 1853; x_wconf 88' lang='lat' dir='ltr'><strong>positum</strong></span> <span class='ocrx_word' id='word_1_560' title='bbox 3328 1797 3433 1850; x_wconf 88' lang='lat' dir='ltr'><strong>est,</strong></span> <span class='ocrx_word' id='word_1_561' title='bbox 3458 1789 3650 1853; x_wconf 76' lang='lat' dir='ltr'><strong>nescio,</strong></span> <span class='ocrx_word' id='word_1_562' title='bbox 3680 1787 3725 1840; x_wconf 95' lang='lat' dir='ltr'><strong>id</strong></span> <span class='ocrx_word' id='word_1_563' title='bbox 3747 1799 3826 1843; x_wconf 90' lang='lat' dir='ltr'><strong>est</strong></span> 
     </span>
    </p>
   </div>
   <div class='ocr_carea' id='block_1_79' title="bbox 2262 1874 3826 1943">
    <p class='ocr_par' dir='ltr' id='par_1_79' title="bbox 2262 1874 3826 1943">
     <span class='ocr_line' id='line_1_79' title="bbox 2262 1874 3826 1943; baseline 0.003 -15"><span class='ocrx_word' id='word_1_564' title='bbox 2262 1876 2475 1929; x_wconf 84' lang='lat' dir='ltr'><strong>nescire</strong></span> <span class='ocrx_word' id='word_1_565' title='bbox 2517 1889 2609 1927; x_wconf 84' lang='lat' dir='ltr'><strong>vos</strong></span> <span class='ocrx_word' id='word_1_566' title='bbox 2639 1874 2792 1929; x_wconf 64' lang='lat' dir='ltr'><strong>facio.</strong></span> <span class='ocrx_word' id='word_1_567' title='bbox 2849 1875 2979 1928; x_wconf 79' lang='lat' dir='ltr'><strong>Nam</strong></span> <span class='ocrx_word' id='word_1_568' title='bbox 3019 1879 3128 1943; x_wconf 68' lang='lat' dir='ltr'><strong>ipse</strong></span> <span class='ocrx_word' id='word_1_569' title='bbox 3161 1877 3413 1930; x_wconf 76' lang='lat' dir='ltr'><strong>Dominus</strong></span> <span class='ocrx_word' id='word_1_570' title='bbox 3442 1878 3566 1930; x_wconf 88' lang='lat' dir='ltr'><strong>alibi</strong></span> <span class='ocrx_word' id='word_1_571' title='bbox 3596 1878 3826 1933; x_wconf 87' lang='lat' dir='ltr'><strong>similiter</strong></span> 
     </span>
    </p>
   </div>
   <div class='ocr_carea' id='block_1_80' title="bbox 2265 1965 3828 2040">
    <p class='ocr_par' dir='ltr' id='par_1_80' title="bbox 2265 1965 3828 2040">
     <span class='ocr_line' id='line_1_80' title="bbox 2265 1965 3828 2040; baseline 0.006 -24"><span class='ocrx_word' id='word_1_572' title='bbox 2265 1966 2396 2018; x_wconf 86' lang='lat' dir='ltr'><strong>dicit</strong></span> <span class='ocrx_word' id='word_1_573' title='bbox 2427 1983 2439 2017; x_wconf 93' lang='lat'>:</span> <span class='ocrx_word' id='word_1_574' title='bbox 2474 1965 2661 2020; x_wconf 75' lang='lat' dir='ltr'><strong>Nescio</strong></span> <span class='ocrx_word' id='word_1_575' title='bbox 2686 1982 2769 2020; x_wconf 82' lang='lat' dir='ltr'><strong>vos</strong></span> <span class='ocrx_word' id='word_1_576' title='bbox 2793 1966 3006 2038; x_wconf 79' lang='lat' dir='ltr'><strong>(Matth.</strong></span> <span class='ocrx_word' id='word_1_577' title='bbox 3039 1984 3166 2032; x_wconf 72' lang='lat' dir='ltr'><strong>xxv,</strong></span> <span class='ocrx_word' id='word_1_578' title='bbox 3192 1968 3280 2037; x_wconf 74' lang='grc'><strong>12)</strong></span> <span class='ocrx_word' id='word_1_579' title='bbox 3307 1986 3320 2032; x_wconf 92' lang='grc'><strong>;</strong></span> <span class='ocrx_word' id='word_1_580' title='bbox 3351 1985 3469 2023; x_wconf 91' lang='lat' dir='ltr'><strong>cum</strong></span> <span class='ocrx_word' id='word_1_581' title='bbox 3499 1971 3679 2040; x_wconf 82' lang='lat' dir='ltr'><strong>utique</strong></span> <span class='ocrx_word' id='word_1_582' title='bbox 3703 1987 3828 2039; x_wconf 83' lang='lat' dir='ltr'><strong>quos</strong></span> 
     </span>
    </p>
   </div>
   <div class='ocr_carea' id='block_1_81' title="bbox 2265 2056 3830 2131">
    <p class='ocr_par' dir='ltr' id='par_1_81' title="bbox 2265 2056 3830 2131">
     <span class='ocr_line' id='line_1_81' title="bbox 2265 2056 3830 2131; baseline 0.004 -23"><span class='ocrx_word' id='word_1_583' title='bbox 2265 2057 2549 2108; x_wconf 87' lang='lat' dir='ltr'><strong>damnabat</strong></span> <span class='ocrx_word' id='word_1_584' title='bbox 2586 2056 2831 2124; x_wconf 78' lang='lat' dir='ltr'><strong>ignorare</strong></span> <span class='ocrx_word' id='word_1_585' title='bbox 2874 2074 2976 2111; x_wconf 89' lang='lat' dir='ltr'><strong>non</strong></span> <span class='ocrx_word' id='word_1_586' title='bbox 3012 2069 3236 2126; x_wconf 81' lang='lat' dir='ltr'><strong>potetat.</strong></span> <span class='ocrx_word' id='word_1_587' title='bbox 3285 2060 3521 2129; x_wconf 90' lang='lat' dir='ltr'><strong>Denique</strong></span> <span class='ocrx_word' id='word_1_588' title='bbox 3547 2063 3830 2131; x_wconf 79' lang='lat' dir='ltr'><strong>interroga-</strong></span> 
     </span>
    </p>
   </div>
   <div class='ocr_carea' id='block_1_82' title="bbox 2268 2149 3829 2216">
    <p class='ocr_par' dir='ltr' id='par_1_82' title="bbox 2268 2149 3829 2216">
     <span class='ocr_line' id='line_1_82' title="bbox 2268 2149 3829 2216; baseline 0.004 -16"><span class='ocrx_word' id='word_1_589' title='bbox 2268 2159 2351 2200; x_wconf 82' lang='lat' dir='ltr'><strong>tus</strong></span> <span class='ocrx_word' id='word_1_590' title='bbox 2375 2150 2440 2202; x_wconf 77' lang='lat' dir='ltr'><strong>tle</strong></span> <span class='ocrx_word' id='word_1_591' title='bbox 2469 2149 2582 2216; x_wconf 82' lang='lat' dir='ltr'><strong>ipso</strong></span> <span class='ocrx_word' id='word_1_592' title='bbox 2609 2149 2834 2202; x_wconf 67' lang='lat' dir='ltr'><strong>articulo</strong></span> <span class='ocrx_word' id='word_1_593' title='bbox 2863 2150 2989 2203; x_wconf 88' lang='lat' dir='ltr'><strong>dicit</strong></span> <span class='ocrx_word' id='word_1_594' title='bbox 3022 2169 3036 2203; x_wconf 90' lang='lat'><strong>:</strong></span> <span class='ocrx_word' id='word_1_595' title='bbox 3073 2150 3192 2204; x_wconf 84' lang='lat' dir='ltr'><strong>Non</strong></span> <span class='ocrx_word' id='word_1_596' title='bbox 3221 2160 3294 2205; x_wconf 79' lang='lat' dir='ltr'><strong>est</strong></span> <span class='ocrx_word' id='word_1_597' title='bbox 3321 2162 3536 2206; x_wconf 80' lang='lat' dir='ltr'><strong>vestrum</strong></span> <span class='ocrx_word' id='word_1_598' title='bbox 3565 2155 3688 2206; x_wconf 75' lang='lat' dir='ltr'><strong>scire</strong></span> <span class='ocrx_word' id='word_1_599' title='bbox 3713 2164 3829 2207; x_wconf 83' lang='lat' dir='ltr'><strong>tem-</strong></span> 
     </span>
    </p>
   </div>
   <div class='ocr_carea' id='block_1_83' title="bbox 2267 2241 3831 2311">
    <p class='ocr_par' dir='ltr' id='par_1_83' title="bbox 2267 2241 3831 2311">
     <span class='ocr_line' id='line_1_83' title="bbox 2267 2241 3831 2311; baseline 0.004 -19"><span class='ocrx_word' id='word_1_600' title='bbox 2267 2258 2394 2310; x_wconf 75' lang='lat' dir='ltr'><strong>pora</strong></span> <span class='ocrx_word' id='word_1_601' title='bbox 2437 2244 2508 2293; x_wconf 74' lang='lat' dir='ltr'><strong>uel</strong></span> <span class='ocrx_word' id='word_1_602' title='bbox 2534 2251 2790 2293; x_wconf 76' lang='lat' dir='ltr'><strong>momenta</strong></span> <span class='ocrx_word' id='word_1_603' title='bbox 2824 2241 2958 2311; x_wconf 82' lang='lat' dir='ltr'><strong>(Act.</strong></span> <span class='ocrx_word' id='word_1_604' title='bbox 2997 2258 3033 2305; x_wconf 83' lang='lat' dir='ltr'><strong>t,</strong></span> <span class='ocrx_word' id='word_1_605' title='bbox 3076 2242 3164 2309; x_wconf 82' lang='lat'><strong>7):</strong></span> <span class='ocrx_word' id='word_1_606' title='bbox 3216 2258 3319 2295; x_wconf 88' lang='lat' dir='ltr'><strong>non</strong></span> <span class='ocrx_word' id='word_1_607' title='bbox 3353 2245 3492 2296; x_wconf 87' lang='lat' dir='ltr'><strong>enim</strong></span> <span class='ocrx_word' id='word_1_608' title='bbox 3539 2243 3688 2305; x_wconf 75' lang='lat' dir='ltr'><strong>dixit,</strong></span> <span class='ocrx_word' id='word_1_609' title='bbox 3729 2260 3831 2298; x_wconf 81' lang='lat' dir='ltr'><strong>non</strong></span> 
     </span>
    </p>
   </div>
   <div class='ocr_carea' id='block_1_84' title="bbox 2267 2332 3833 2398">
    <p class='ocr_par' dir='ltr' id='par_1_84' title="bbox 2267 2332 3833 2398">
     <span class='ocr_line' id='line_1_84' title="bbox 2267 2332 3833 2398; baseline 0.001 -14"><span class='ocrx_word' id='word_1_610' title='bbox 2267 2341 2348 2384; x_wconf 75' lang='lat' dir='ltr'><strong>est</strong></span> <span class='ocrx_word' id='word_1_611' title='bbox 2399 2345 2597 2390; x_wconf 86' lang='lat' dir='ltr'><strong>meum,</strong></span> <span class='ocrx_word' id='word_1_612' title='bbox 2646 2332 2728 2384; x_wconf 81' lang='lat' dir='ltr'><strong>vel</strong></span> <span class='ocrx_word' id='word_1_613' title='bbox 2770 2345 2872 2384; x_wconf 88' lang='lat' dir='ltr'><strong>non</strong></span> <span class='ocrx_word' id='word_1_614' title='bbox 2914 2341 2997 2386; x_wconf 68' lang='lat' dir='ltr'><strong>est</strong></span> <span class='ocrx_word' id='word_1_615' title='bbox 3039 2342 3300 2398; x_wconf 85' lang='lat' dir='ltr'><strong>nostrum,</strong></span> <span class='ocrx_word' id='word_1_616' title='bbox 3332 2333 3425 2388; x_wconf 77' lang='lat' dir='ltr'><strong>sed</strong></span> <span class='ocrx_word' id='word_1_617' title='bbox 3464 2335 3580 2388; x_wconf 81' lang='lat' dir='ltr'><strong>ait:</strong></span> <span class='ocrx_word' id='word_1_618' title='bbox 3627 2333 3833 2389; x_wconf 78' lang='lat' dir='ltr'><strong>Nouest</strong></span> 
     </span>
    </p>
   </div>
   <div class='ocr_carea' id='block_1_85' title="bbox 2267 2423 3834 2491">
    <p class='ocr_par' dir='ltr' id='par_1_85' title="bbox 2267 2423 3834 2491">
     <span class='ocr_line' id='line_1_85' title="bbox 2267 2423 3834 2491; baseline 0.004 -16"><span class='ocrx_word' id='word_1_619' title='bbox 2267 2435 2365 2476; x_wconf 74' lang='lat' dir='ltr'><strong>vest</strong></span> <span class='ocrx_word' id='word_1_620' title='bbox 2399 2439 2480 2474; x_wconf 87' lang='lat' dir='ltr'><strong>um</strong></span> <span class='ocrx_word' id='word_1_621' title='bbox 2512 2423 2657 2476; x_wconf 78' lang='lat' dir='ltr'><strong>scire.</strong></span> <span class='ocrx_word' id='word_1_622' title='bbox 2710 2424 2796 2478; x_wconf 89' lang='lat' dir='ltr'><strong>Sic</strong></span> <span class='ocrx_word' id='word_1_623' title='bbox 2833 2435 3114 2491; x_wconf 88' lang='lat' dir='ltr'><strong>utrumque</strong></span> <span class='ocrx_word' id='word_1_624' title='bbox 3146 2435 3413 2479; x_wconf 84' lang='lat' dir='ltr'><strong>servatum</strong></span> <span class='ocrx_word' id='word_1_625' title='bbox 3451 2437 3552 2490; x_wconf 80' lang='lat' dir='ltr'><strong>est,</strong></span> <span class='ocrx_word' id='word_1_626' title='bbox 3584 2441 3637 2481; x_wconf 93' lang='lat' dir='ltr'><strong>ut</strong></span> <span class='ocrx_word' id='word_1_627' title='bbox 3667 2436 3718 2482; x_wconf 83' lang='lat' dir='ltr'><strong>et</strong></span> <span class='ocrx_word' id='word_1_628' title='bbox 3743 2430 3834 2481; x_wconf 84' lang='lat' dir='ltr'><strong>bo-</strong></span> 
     </span>
    </p>
   </div>
   <div class='ocr_carea' id='block_1_86' title="bbox 2269 2514 3836 2585">
    <p class='ocr_par' dir='ltr' id='par_1_86' title="bbox 2269 2514 3836 2585">
     <span class='ocr_line' id='line_1_86' title="bbox 2269 2514 3836 2585; baseline 0.005 -21"><span class='ocrx_word' id='word_1_629' title='bbox 2269 2515 2438 2566; x_wconf 88' lang='lat' dir='ltr'><strong>tuiues</strong></span> <span class='ocrx_word' id='word_1_630' title='bbox 2483 2514 2786 2581; x_wconf 81' lang='lat' dir='ltr'><strong>ignorarent</strong></span> <span class='ocrx_word' id='word_1_631' title='bbox 2815 2531 2930 2582; x_wconf 74' lang='lat' dir='ltr'><strong>qua:</strong></span> <span class='ocrx_word' id='word_1_632' title='bbox 2963 2515 3066 2584; x_wconf 64' lang='grc'><strong>43</strong></span> <span class='ocrx_word' id='word_1_633' title='bbox 3100 2515 3218 2570; x_wconf 87' lang='lat' dir='ltr'><strong>illos</strong></span> <span class='ocrx_word' id='word_1_634' title='bbox 3244 2532 3347 2571; x_wconf 90' lang='lat' dir='ltr'><strong>non</strong></span> <span class='ocrx_word' id='word_1_635' title='bbox 3380 2518 3655 2584; x_wconf 85' lang='lat' dir='ltr'><strong>oportebat</strong></span> <span class='ocrx_word' id='word_1_636' title='bbox 3678 2535 3836 2585; x_wconf 51' lang='lat' dir='ltr'><strong>agno.</strong></span> 
     </span>
    </p>
   </div>
   <div class='ocr_carea' id='block_1_87' title="bbox 2270 2604 3834 2675">
    <p class='ocr_par' dir='ltr' id='par_1_87' title="bbox 2270 2604 3834 2675">
     <span class='ocr_line' id='line_1_87' title="bbox 2270 2604 3834 2675; baseline 0.003 -20"><span class='ocrx_word' id='word_1_637' title='bbox 2270 2617 2442 2669; x_wconf 79' lang='lat' dir='ltr'><strong>scere,</strong></span> <span class='ocrx_word' id='word_1_638' title='bbox 2494 2613 2550 2658; x_wconf 89' lang='lat' dir='ltr'><strong>et</strong></span> <span class='ocrx_word' id='word_1_639' title='bbox 2592 2607 2689 2656; x_wconf 82' lang='lat' dir='ltr'><strong>hoc</strong></span> <span class='ocrx_word' id='word_1_640' title='bbox 2721 2604 2812 2658; x_wconf 91' lang='lat' dir='ltr'><strong>Dei</strong></span> <span class='ocrx_word' id='word_1_641' title='bbox 2845 2605 3006 2657; x_wconf 62' lang='lat' dir='ltr'><strong>lt‘tlius</strong></span> <span class='ocrx_word' id='word_1_642' title='bbox 3039 2622 3365 2675; x_wconf 81' lang='lat' dir='ltr'><strong>nequaquam</strong></span> <span class='ocrx_word' id='word_1_643' title='bbox 3397 2610 3572 2662; x_wconf 89' lang='lat' dir='ltr'><strong>carnis</strong></span> <span class='ocrx_word' id='word_1_644' title='bbox 3615 2607 3834 2661; x_wconf 75' lang='lat' dir='ltr'><strong>infirmi-</strong></span> 
     </span>
    </p>
   </div>
   <div class='ocr_carea' id='block_1_88' title="bbox 2271 2696 3842 2765">
    <p class='ocr_par' dir='ltr' id='par_1_88' title="bbox 2271 2696 3842 2765">
     <span class='ocr_line' id='line_1_88' title="bbox 2271 2696 3842 2765; baseline 0.004 -17"><span class='ocrx_word' id='word_1_645' title='bbox 2271 2706 2376 2750; x_wconf 86' lang='lat' dir='ltr'><strong>tate</strong></span> <span class='ocrx_word' id='word_1_646' title='bbox 2400 2696 2647 2749; x_wconf 79' lang='lat' dir='ltr'><strong>nesciret.</strong></span> <span class='ocrx_word' id='word_1_647' title='bbox 2671 2697 2822 2762; x_wconf 85' lang='lat' dir='ltr'><strong>Quod</strong></span> <span class='ocrx_word' id='word_1_648' title='bbox 2845 2698 2888 2750; x_wconf 90' lang='lat' dir='ltr'><strong>si</strong></span> <span class='ocrx_word' id='word_1_649' title='bbox 2919 2697 3243 2765; x_wconf 53' lang='lat' dir='ltr'><strong>maiestatem</strong></span> <span class='ocrx_word' id='word_1_650' title='bbox 3269 2699 3430 2762; x_wconf 81' lang='lat' dir='ltr'><strong>illam,</strong></span> <span class='ocrx_word' id='word_1_651' title='bbox 3459 2699 3594 2762; x_wconf 84' lang='lat' dir='ltr'><strong>quod</strong></span> <span class='ocrx_word' id='word_1_652' title='bbox 3623 2698 3722 2754; x_wconf 87' lang='lat' dir='ltr'><strong>diei</strong></span> <span class='ocrx_word' id='word_1_653' title='bbox 3754 2713 3842 2754; x_wconf 80' lang='lat' dir='ltr'><strong>no-</strong></span> 
     </span>
    </p>
   </div>
   <div class='ocr_carea' id='block_1_89' title="bbox 2270 2785 3840 2858">
    <p class='ocr_par' dir='ltr' id='par_1_89' title="bbox 2270 2785 3840 2858">
     <span class='ocr_line' id='line_1_89' title="bbox 2270 2785 3840 2858; baseline 0.003 -19"><span class='ocrx_word' id='word_1_654' title='bbox 2270 2785 2348 2840; x_wconf 78' lang='lat' dir='ltr'><strong>fas</strong></span> <span class='ocrx_word' id='word_1_655' title='bbox 2368 2796 2470 2849; x_wconf 87' lang='lat' dir='ltr'><strong>est,</strong></span> <span class='ocrx_word' id='word_1_656' title='bbox 2486 2787 3042 2856; x_wconf 65' lang='lat' dir='ltr'><strong>texisseignorautiam</strong></span> <span class='ocrx_word' id='word_1_657' title='bbox 3068 2789 3419 2857; x_wconf 66' lang='lat' dir='ltr'><strong>suspicemur,</strong></span> <span class='ocrx_word' id='word_1_658' title='bbox 3455 2791 3640 2845; x_wconf 78' lang='lat' dir='ltr'><strong>fortior</strong></span> <span class='ocrx_word' id='word_1_659' title='bbox 3661 2790 3840 2858; x_wconf 82' lang='lat' dir='ltr'><strong>utique</strong></span> 
     </span>
    </p>
   </div>
   <div class='ocr_carea' id='block_1_90' title="bbox 2276 2878 3840 2948">
    <p class='ocr_par' dir='ltr' id='par_1_90' title="bbox 2276 2878 3840 2948">
     <span class='ocr_line' id='line_1_90' title="bbox 2276 2878 3840 2948; baseline 0.003 -18"><span class='ocrx_word' id='word_1_660' title='bbox 2276 2878 2605 2932; x_wconf 80' lang='lat' dir='ltr'><strong>inveniretur</strong></span> <span class='ocrx_word' id='word_1_661' title='bbox 2636 2880 2931 2947; x_wconf 73' lang='lat' dir='ltr'><strong>ignorantia</strong></span> <span class='ocrx_word' id='word_1_662' title='bbox 2957 2896 3112 2946; x_wconf 86' lang='lat' dir='ltr'><strong>quam</strong></span> <span class='ocrx_word' id='word_1_663' title='bbox 3145 2880 3320 2934; x_wconf 88' lang='lat' dir='ltr'><strong>divina</strong></span> <span class='ocrx_word' id='word_1_664' title='bbox 3353 2891 3559 2946; x_wconf 77' lang='lat' dir='ltr'><strong>natura,</strong></span> <span class='ocrx_word' id='word_1_665' title='bbox 3601 2895 3737 2948; x_wconf 68' lang='lat' dir='ltr'><strong>qum,</strong></span> <span class='ocrx_word' id='word_1_666' title='bbox 3781 2892 3840 2934; x_wconf 89' lang='lat' dir='ltr'><strong>ut</strong></span> 
     </span>
    </p>
   </div>
   <div class='ocr_carea' id='block_1_91' title="bbox 2269 2968 3844 3038">
    <p class='ocr_par' dir='ltr' id='par_1_91' title="bbox 2269 2968 3844 3038">
     <span class='ocr_line' id='line_1_91' title="bbox 2269 2968 3844 3038; baseline 0 -16"><span class='ocrx_word' id='word_1_667' title='bbox 2269 2969 2430 3022; x_wconf 87' lang='lat' dir='ltr'><strong>stulte</strong></span> <span class='ocrx_word' id='word_1_668' title='bbox 2473 2968 2668 3036; x_wconf 83' lang='lat' dir='ltr'><strong>dicam,</strong></span> <span class='ocrx_word' id='word_1_669' title='bbox 2722 2969 3024 3038; x_wconf 82' lang='lat' dir='ltr'><strong>opprimere</strong></span> <span class='ocrx_word' id='word_1_670' title='bbox 3075 2969 3238 3022; x_wconf 87' lang='lat' dir='ltr'><strong>valuit</strong></span> <span class='ocrx_word' id='word_1_671' title='bbox 3295 2970 3696 3036; x_wconf 65' lang='lat' dir='ltr'><strong>providentiam,</strong></span> <span class='ocrx_word' id='word_1_672' title='bbox 3746 2985 3844 3036; x_wconf 81' lang='lat' dir='ltr'><strong>per</strong></span> 
     </span>
    </p>
   </div>
   <div class='ocr_carea' id='block_1_92' title="bbox 2271 3058 3840 3127">
    <p class='ocr_par' dir='ltr' id='par_1_92' title="bbox 2271 3058 3840 3127">
     <span class='ocr_line' id='line_1_92' title="bbox 2271 3058 3840 3127; baseline 0.001 -17"><span class='ocrx_word' id='word_1_673' title='bbox 2271 3074 2427 3127; x_wconf 87' lang='lat' dir='ltr'><strong>quam</strong></span> <span class='ocrx_word' id='word_1_674' title='bbox 2456 3059 2634 3120; x_wconf 79' lang='lat' dir='ltr'><strong>omnia</strong></span> <span class='ocrx_word' id='word_1_675' title='bbox 2654 3067 2776 3112; x_wconf 88' lang='lat' dir='ltr'><strong>sunt</strong></span> <span class='ocrx_word' id='word_1_676' title='bbox 2799 3067 2998 3113; x_wconf 68' lang='lat' dir='ltr'><strong>creata.</strong></span> <span class='ocrx_word' id='word_1_677' title='bbox 3026 3058 3128 3112; x_wconf 83' lang='lat' dir='ltr'><strong>Sed</strong></span> <span class='ocrx_word' id='word_1_678' title='bbox 3159 3073 3277 3112; x_wconf 89' lang='lat' dir='ltr'><strong>cum</strong></span> <span class='ocrx_word' id='word_1_679' title='bbox 3306 3064 3416 3112; x_wconf 62' lang='lat' dir='ltr'><strong>Iza&#39;c</strong></span> <span class='ocrx_word' id='word_1_680' title='bbox 3439 3060 3590 3111; x_wconf 82' lang='lat' dir='ltr'><strong>nimis</strong></span> <span class='ocrx_word' id='word_1_681' title='bbox 3609 3060 3840 3111; x_wconf 71' lang='lat' dir='ltr'><strong>docean-</strong></span> 
     </span>
    </p>
   </div>
   <div class='ocr_carea' id='block_1_93' title="bbox 2273 3149 3837 3216">
    <p class='ocr_par' dir='ltr' id='par_1_93' title="bbox 2273 3149 3837 3216">
     <span class='ocr_line' id='line_1_93' title="bbox 2273 3149 3837 3216; baseline -0.002 -15"><span class='ocrx_word' id='word_1_682' title='bbox 2273 3161 2354 3203; x_wconf 90' lang='lat' dir='ltr'><strong>tur</strong></span> <span class='ocrx_word' id='word_1_683' title='bbox 2379 3149 2635 3215; x_wconf 79' lang='lat' dir='ltr'><strong>absurda,</strong></span> <span class='ocrx_word' id='word_1_684' title='bbox 2679 3149 2900 3203; x_wconf 90' lang='lat' dir='ltr'><strong>credere</strong></span> <span class='ocrx_word' id='word_1_685' title='bbox 2928 3150 3141 3216; x_wconf 59' lang='lat' dir='ltr'><strong>dignum</strong></span> <span class='ocrx_word' id='word_1_686' title='bbox 3175 3161 3256 3203; x_wconf 87' lang='lat' dir='ltr'><strong>est</strong></span> <span class='ocrx_word' id='word_1_687' title='bbox 3299 3158 3463 3202; x_wconf 88' lang='lat' dir='ltr'><strong>totam</strong></span> <span class='ocrx_word' id='word_1_688' title='bbox 3495 3149 3837 3211; x_wconf 82' lang='lat' dir='ltr'><strong>Trinitatem,</strong></span> 
     </span>
    </p>
   </div>
   <div class='ocr_carea' id='block_1_94' title="bbox 2271 3241 3846 3308">
    <p class='ocr_par' dir='ltr' id='par_1_94' title="bbox 2271 3241 3846 3308">
     <span class='ocr_line' id='line_1_94' title="bbox 2271 3241 3846 3308; baseline 0 -15"><span class='ocrx_word' id='word_1_689' title='bbox 2271 3241 2354 3293; x_wconf 87' lang='lat' dir='ltr'><strong>eui</strong></span> <span class='ocrx_word' id='word_1_690' title='bbox 2387 3255 2489 3292; x_wconf 89' lang='lat' dir='ltr'><strong>una</strong></span> <span class='ocrx_word' id='word_1_691' title='bbox 2513 3248 2671 3307; x_wconf 72' lang='lat' dir='ltr'><strong>atque</strong></span> <span class='ocrx_word' id='word_1_692' title='bbox 2691 3242 3028 3308; x_wconf 87' lang='lat' dir='ltr'><strong>omnipotens</strong></span> <span class='ocrx_word' id='word_1_693' title='bbox 3052 3251 3235 3293; x_wconf 86' lang='lat' dir='ltr'><strong>natura</strong></span> <span class='ocrx_word' id='word_1_694' title='bbox 3267 3250 3366 3305; x_wconf 77' lang='lat' dir='ltr'><strong>est,</strong></span> <span class='ocrx_word' id='word_1_695' title='bbox 3393 3242 3626 3293; x_wconf 87' lang='lat' dir='ltr'><strong>omnium</strong></span> <span class='ocrx_word' id='word_1_696' title='bbox 3660 3255 3846 3294; x_wconf 76' lang='lat' dir='ltr'><strong>rerum</strong></span> 
     </span>
    </p>
   </div>
   <div class='ocr_carea' id='block_1_95' title="bbox 2274 3316 3650 3398">
    <p class='ocr_par' dir='ltr' id='par_1_95' title="bbox 2274 3316 3650 3398">
     <span class='ocr_line' id='line_1_95' title="bbox 2274 3316 3650 3398; baseline -0.003 -15"><span class='ocrx_word' id='word_1_697' title='bbox 2274 3330 2592 3384; x_wconf 80' lang='lat' dir='ltr'><strong>indefectatn</strong></span> <span class='ocrx_word' id='word_1_698' title='bbox 2617 3345 2828 3398; x_wconf 87' lang='lat' dir='ltr'><strong>semper</strong></span> <span class='ocrx_word' id='word_1_699' title='bbox 2857 3330 3049 3383; x_wconf 79' lang='lat' dir='ltr'><strong>habere</strong></span> <span class='ocrx_word' id='word_1_700' title='bbox 3082 3331 3342 3382; x_wconf 86' lang='lat' dir='ltr'><strong>notitiam.</strong></span> <span class='ocrx_word' id='word_1_701' title='bbox 3647 3316 3650 3317; x_wconf 38' lang='grc'><strong><em>⁷</em></strong></span> 
     </span>
    </p>
   </div>
   <div class='ocr_carea' id='block_1_96' title="bbox 2800 3467 3301 3539">
    <p class='ocr_par' dir='ltr' id='par_1_96' title="bbox 2800 3467 3301 3539">
     <span class='ocr_line' id='line_1_96' title="bbox 2800 3467 3301 3539; baseline -0.006 -16"><span class='ocrx_word' id='word_1_702' title='bbox 2800 3467 3066 3523; x_wconf 84' lang='lat' dir='ltr'><strong>Conc!nsio</strong></span> <span class='ocrx_word' id='word_1_703' title='bbox 3099 3470 3301 3539; x_wconf 83' lang='lat' dir='ltr'><strong>psalmi.</strong></span> 
     </span>
    </p>
   </div>
   <div class='ocr_carea' id='block_1_97' title="bbox 2342 3581 3850 3654">
    <p class='ocr_par' dir='ltr' id='par_1_97' title="bbox 2342 3581 3850 3654">
     <span class='ocr_line' id='line_1_97' title="bbox 2342 3581 3850 3654; baseline -0.004 -16"><span class='ocrx_word' id='word_1_704' title='bbox 2342 3582 2613 3651; x_wconf 78' lang='lat' dir='ltr'><strong>Completa</strong></span> <span class='ocrx_word' id='word_1_705' title='bbox 2645 3592 2724 3636; x_wconf 87' lang='lat' dir='ltr'><strong>est</strong></span> <span class='ocrx_word' id='word_1_706' title='bbox 2763 3583 3150 3654; x_wconf 79' lang='lat' dir='ltr'><strong>psaltungraphi</strong></span> <span class='ocrx_word' id='word_1_707' title='bbox 3185 3581 3494 3635; x_wconf 78' lang='lat' dir='ltr'><strong>denuntiata</strong></span> <span class='ocrx_word' id='word_1_708' title='bbox 3531 3583 3850 3650; x_wconf 77' lang='lat' dir='ltr'><strong>promissio,</strong></span> 
     </span>
    </p>
   </div>
   <div class='ocr_carea' id='block_1_98' title="bbox 2273 3673 3868 3743">
    <p class='ocr_par' dir='ltr' id='par_1_98' title="bbox 2273 3673 3868 3743">
     <span class='ocr_line' id='line_1_98' title="bbox 2273 3673 3868 3743; baseline 0.001 -16"><span class='ocrx_word' id='word_1_709' title='bbox 2273 3690 2504 3729; x_wconf 79' lang='lat' dir='ltr'><strong>reserata</strong></span> <span class='ocrx_word' id='word_1_710' title='bbox 2535 3683 2656 3727; x_wconf 88' lang='lat' dir='ltr'><strong>sunt</strong></span> <span class='ocrx_word' id='word_1_711' title='bbox 2689 3673 2811 3726; x_wconf 76' lang='lat' dir='ltr'><strong>Filii</strong></span> <span class='ocrx_word' id='word_1_712' title='bbox 2841 3674 3038 3728; x_wconf 84' lang='lat' dir='ltr'><strong>occulta</strong></span> <span class='ocrx_word' id='word_1_713' title='bbox 3085 3674 3356 3728; x_wconf 87' lang='lat' dir='ltr'><strong>miracula.</strong></span> <span class='ocrx_word' id='word_1_714' title='bbox 3422 3674 3465 3726; x_wconf 89' lang='grc'>0</span> <span class='ocrx_word' id='word_1_715' title='bbox 3509 3679 3747 3743; x_wconf 75' lang='lat' dir='ltr'><strong>ingentes</strong></span> <span class='ocrx_word' id='word_1_716' title='bbox 3795 3685 3868 3729; x_wconf 69' lang='lat' dir='ltr'><strong>et</strong></span> 
     </span>
    </p>
   </div>
   <div class='ocr_carea' id='block_1_99' title="bbox 2273 3765 3864 3834">
    <p class='ocr_par' dir='ltr' id='par_1_99' title="bbox 2273 3765 3864 3834">
     <span class='ocr_line' id='line_1_99' title="bbox 2273 3765 3864 3834; baseline 0.001 -16"><span class='ocrx_word' id='word_1_717' title='bbox 2273 3765 2611 3818; x_wconf 84' lang='lat' dir='ltr'><strong>admirabiles</strong></span> <span class='ocrx_word' id='word_1_718' title='bbox 2639 3780 2832 3830; x_wconf 58' lang='lat' dir='ltr'><strong>causai,</strong></span> <span class='ocrx_word' id='word_1_719' title='bbox 2859 3780 2976 3834; x_wconf 70' lang='lat' dir='ltr'><strong>quae</strong></span> <span class='ocrx_word' id='word_1_720' title='bbox 3003 3766 3240 3832; x_wconf 60' lang='lat' dir='ltr'><strong>quamvis</strong></span> <span class='ocrx_word' id='word_1_721' title='bbox 3265 3765 3517 3833; x_wconf 67' lang='lat' dir='ltr'><strong>etposita:</strong></span> <span class='ocrx_word' id='word_1_722' title='bbox 3540 3767 3864 3833; x_wconf 85' lang='lat' dir='ltr'><strong>videantur,</strong></span> 
     </span>
    </p>
   </div>
   <div class='ocr_carea' id='block_1_100' title="bbox 2273 3856 3870 3912">
    <p class='ocr_par' dir='ltr' id='par_1_100' title="bbox 2273 3856 3870 3912">
     <span class='ocr_line' id='line_1_100' title="bbox 2273 3856 3870 3912; baseline 0.002 -4"><span class='ocrx_word' id='word_1_723' title='bbox 2273 3857 2444 3910; x_wconf 77' lang='lat' dir='ltr'><strong>adhuc</strong></span> <span class='ocrx_word' id='word_1_724' title='bbox 2475 3867 2647 3910; x_wconf 88' lang='lat' dir='ltr'><strong>tamen</strong></span> <span class='ocrx_word' id='word_1_725' title='bbox 2700 3857 2813 3910; x_wconf 56' lang='lat' dir='ltr'><strong>sine</strong></span> <span class='ocrx_word' id='word_1_726' title='bbox 2862 3856 3188 3910; x_wconf 65' lang='lat' dir='ltr'><strong>dubitatione</strong></span> <span class='ocrx_word' id='word_1_727' title='bbox 3234 3867 3454 3910; x_wconf 62' lang='lat' dir='ltr'><strong>sectetae</strong></span> <span class='ocrx_word' id='word_1_728' title='bbox 3508 3859 3669 3910; x_wconf 83' lang='lat' dir='ltr'><strong>sunt!</strong></span> <span class='ocrx_word' id='word_1_729' title='bbox 3713 3857 3870 3912; x_wconf 84' lang='lat' dir='ltr'><strong>Nam</strong></span> 
     </span>
    </p>
   </div>
   <div class='ocr_carea' id='block_1_101' title="bbox 2273 3946 3874 4017">
    <p class='ocr_par' dir='ltr' id='par_1_101' title="bbox 2273 3946 3874 4017">
     <span class='ocr_line' id='line_1_101' title="bbox 2273 3946 3874 4017; baseline 0.001 -17"><span class='ocrx_word' id='word_1_730' title='bbox 2273 3965 2392 4001; x_wconf 85' lang='lat' dir='ltr'><strong>cum</strong></span> <span class='ocrx_word' id='word_1_731' title='bbox 2447 3947 2831 4017; x_wconf 67' lang='lat' dir='ltr'><strong>praedicuntur,</strong></span> <span class='ocrx_word' id='word_1_732' title='bbox 2871 3962 2974 4000; x_wconf 90' lang='lat' dir='ltr'><strong>non</strong></span> <span class='ocrx_word' id='word_1_733' title='bbox 3025 3946 3288 4001; x_wconf 72' lang='lat' dir='ltr'><strong>habeatur</strong></span> <span class='ocrx_word' id='word_1_734' title='bbox 3336 3947 3655 4017; x_wconf 61' lang='lat' dir='ltr'><strong>incognitas;</strong></span> <span class='ocrx_word' id='word_1_735' title='bbox 3719 3947 3874 4002; x_wconf 85' lang='lat' dir='ltr'><strong>dum</strong></span> 
     </span>
    </p>
   </div>
   <div class='ocr_carea' id='block_1_102' title="bbox 2274 4042 3879 4113">
    <p class='ocr_par' dir='ltr' id='par_1_102' title="bbox 2274 4042 3879 4113">
     <span class='ocr_line' id='line_1_102' title="bbox 2274 4042 3879 4113; baseline -0.002 -16"><span class='ocrx_word' id='word_1_736' title='bbox 2274 4045 2602 4113; x_wconf 87' lang='lat' dir='ltr'><strong>ignorantur,</strong></span> <span class='ocrx_word' id='word_1_737' title='bbox 2633 4044 2845 4112; x_wconf 77' lang='lat' dir='ltr'><strong>quando</strong></span> <span class='ocrx_word' id='word_1_738' title='bbox 2895 4043 3129 4107; x_wconf 76' lang='lat' dir='ltr'><strong>veniant,</strong></span> <span class='ocrx_word' id='word_1_739' title='bbox 3183 4042 3356 4096; x_wconf 57' lang='lat' dir='ltr'><strong>adhuc</strong></span> <span class='ocrx_word' id='word_1_740' title='bbox 3415 4047 3676 4096; x_wconf 62' lang='lat' dir='ltr'><strong>obstrusae</strong></span> <span class='ocrx_word' id='word_1_741' title='bbox 3723 4059 3879 4100; x_wconf 84' lang='lat' dir='ltr'><strong>esse</strong></span> 
     </span>
    </p>
   </div>
   <div class='ocr_carea' id='block_1_103' title="bbox 2275 4134 3880 4202">
    <p class='ocr_par' dir='ltr' id='par_1_103' title="bbox 2275 4134 3880 4202">
     <span class='ocr_line' id='line_1_103' title="bbox 2275 4134 3880 4202; baseline 0.001 -14"><span class='ocrx_word' id='word_1_742' title='bbox 2275 4144 2651 4188; x_wconf 87' lang='lat' dir='ltr'><strong>monstrantur.</strong></span> <span class='ocrx_word' id='word_1_743' title='bbox 2707 4134 2796 4190; x_wconf 87' lang='lat' dir='ltr'><strong>Sic</strong></span> <span class='ocrx_word' id='word_1_744' title='bbox 2837 4144 2892 4190; x_wconf 86' lang='lat' dir='ltr'><strong>et</strong></span> <span class='ocrx_word' id='word_1_745' title='bbox 2945 4144 3205 4188; x_wconf 80' lang='lat' dir='ltr'><strong>secretum</strong></span> <span class='ocrx_word' id='word_1_746' title='bbox 3252 4146 3329 4188; x_wconf 85' lang='lat' dir='ltr'><strong>est</strong></span> <span class='ocrx_word' id='word_1_747' title='bbox 3376 4135 3513 4202; x_wconf 89' lang='lat' dir='ltr'><strong>quod</strong></span> <span class='ocrx_word' id='word_1_748' title='bbox 3546 4135 3763 4197; x_wconf 86' lang='lat' dir='ltr'><strong>dicitur,</strong></span> <span class='ocrx_word' id='word_1_749' title='bbox 3797 4149 3880 4190; x_wconf 84' lang='lat' dir='ltr'><strong>et.</strong></span> 
     </span>
    </p>
   </div>
   <div class='ocr_carea' id='block_1_104' title="bbox 2274 4224 3880 4293">
    <p class='ocr_par' dir='ltr' id='par_1_104' title="bbox 2274 4224 3880 4293">
     <span class='ocr_line' id='line_1_104' title="bbox 2274 4224 3880 4293; baseline 0.001 -17"><span class='ocrx_word' id='word_1_750' title='bbox 2274 4225 2629 4293; x_wconf 71' lang='lat' dir='ltr'><strong>qttarrentibus</strong></span> <span class='ocrx_word' id='word_1_751' title='bbox 2662 4240 2763 4278; x_wconf 88' lang='lat' dir='ltr'><strong>non</strong></span> <span class='ocrx_word' id='word_1_752' title='bbox 2799 4235 3022 4278; x_wconf 86' lang='lat' dir='ltr'><strong>tacetur.</strong></span> <span class='ocrx_word' id='word_1_753' title='bbox 3052 4227 3382 4292; x_wconf 71' lang='lat' dir='ltr'><strong>Quapropter</strong></span> <span class='ocrx_word' id='word_1_754' title='bbox 3414 4226 3630 4278; x_wconf 84' lang='lat' dir='ltr'><strong>ell&#39;usius</strong></span> <span class='ocrx_word' id='word_1_755' title='bbox 3662 4224 3880 4279; x_wconf 83' lang='lat' dir='ltr'><strong>Domi—</strong></span> 
     </span>
    </p>
   </div>
   <div class='ocr_carea' id='block_1_105' title="bbox 2277 4314 3892 4383">
    <p class='ocr_par' dir='ltr' id='par_1_105' title="bbox 2277 4314 3892 4383">
     <span class='ocr_line' id='line_1_105' title="bbox 2277 4314 3892 4383; baseline 0.002 -17"><span class='ocrx_word' id='word_1_756' title='bbox 2277 4331 2345 4367; x_wconf 87' lang='lat' dir='ltr'><strong>no</strong></span> <span class='ocrx_word' id='word_1_757' title='bbox 2375 4315 2754 4383; x_wconf 68' lang='lat' dir='ltr'><strong>sultpltcemus,</strong></span> <span class='ocrx_word' id='word_1_758' title='bbox 2789 4323 2842 4366; x_wconf 87' lang='lat' dir='ltr'><strong>ttt</strong></span> <span class='ocrx_word' id='word_1_759' title='bbox 2885 4314 3035 4368; x_wconf 86' lang='lat' dir='ltr'><strong>nobis</strong></span> <span class='ocrx_word' id='word_1_760' title='bbox 3081 4315 3507 4368; x_wconf 83' lang='lat' dir='ltr'><strong>emendationem</strong></span> <span class='ocrx_word' id='word_1_761' title='bbox 3557 4315 3892 4369; x_wconf 70' lang='lat' dir='ltr'><strong>saluberri-</strong></span> 
     </span>
    </p>
   </div>
   <div class='ocr_carea' id='block_1_106' title="bbox 2275 4402 3885 4472">
    <p class='ocr_par' dir='ltr' id='par_1_106' title="bbox 2275 4402 3885 4472">
     <span class='ocr_line' id='line_1_106' title="bbox 2275 4402 3885 4472; baseline 0.002 -17"><span class='ocrx_word' id='word_1_762' title='bbox 2275 4420 2412 4455; x_wconf 78' lang='lat' dir='ltr'><strong>mum</strong></span> <span class='ocrx_word' id='word_1_763' title='bbox 2443 4405 2683 4456; x_wconf 78' lang='lat' dir='ltr'><strong>Conferre</strong></span> <span class='ocrx_word' id='word_1_764' title='bbox 2725 4403 3002 4471; x_wconf 87' lang='lat' dir='ltr'><strong>dignetur;</strong></span> <span class='ocrx_word' id='word_1_765' title='bbox 3036 4403 3153 4469; x_wconf 74' lang='lat' dir='ltr'><strong>quia</strong></span> <span class='ocrx_word' id='word_1_766' title='bbox 3193 4402 3308 4456; x_wconf 88' lang='lat' dir='ltr'><strong>sine</strong></span> <span class='ocrx_word' id='word_1_767' title='bbox 3337 4405 3684 4457; x_wconf 70' lang='lat' dir='ltr'><strong>excusatione</strong></span> <span class='ocrx_word' id='word_1_768' title='bbox 3722 4420 3885 4472; x_wconf 70' lang='lat' dir='ltr'><strong>pec-</strong></span> 
     </span>
    </p>
   </div>
   <div class='ocr_carea' id='block_1_107' title="bbox 2282 4494 3878 4563">
    <p class='ocr_par' dir='ltr' id='par_1_107' title="bbox 2282 4494 3878 4563">
     <span class='ocr_line' id='line_1_107' title="bbox 2282 4494 3878 4563; baseline 0.001 -17"><span class='ocrx_word' id='word_1_769' title='bbox 2282 4506 2387 4558; x_wconf 89' lang='lat' dir='ltr'><strong>cat,</strong></span> <span class='ocrx_word' id='word_1_770' title='bbox 2416 4498 2496 4547; x_wconf 86' lang='lat' dir='ltr'><strong>cui</strong></span> <span class='ocrx_word' id='word_1_771' title='bbox 2527 4494 2800 4547; x_wconf 88' lang='lat' dir='ltr'><strong>retributio</strong></span> <span class='ocrx_word' id='word_1_772' title='bbox 2835 4503 3173 4561; x_wconf 75' lang='lat' dir='ltr'><strong>peccatorum</strong></span> <span class='ocrx_word' id='word_1_773' title='bbox 3218 4495 3521 4563; x_wconf 65' lang='lat' dir='ltr'><strong>prtedicitur</strong></span> <span class='ocrx_word' id='word_1_774' title='bbox 3560 4507 3679 4547; x_wconf 88' lang='lat' dir='ltr'><strong>esse</strong></span> <span class='ocrx_word' id='word_1_775' title='bbox 3717 4510 3878 4548; x_wconf 81' lang='lat' dir='ltr'><strong>ven-</strong></span> 
     </span>
    </p>
   </div>
   <div class='ocr_carea' id='block_1_108' title="bbox 2281 4588 3888 4656">
    <p class='ocr_par' dir='ltr' id='par_1_108' title="bbox 2281 4588 3888 4656">
     <span class='ocr_line' id='line_1_108' title="bbox 2281 4588 3888 4656; baseline 0.003 -16"><span class='ocrx_word' id='word_1_776' title='bbox 2281 4596 2417 4640; x_wconf 88' lang='lat' dir='ltr'><strong>tura.</strong></span> <span class='ocrx_word' id='word_1_777' title='bbox 2446 4589 2617 4642; x_wconf 78' lang='lat' dir='ltr'><strong>Mente</strong></span> <span class='ocrx_word' id='word_1_778' title='bbox 2645 4603 2852 4656; x_wconf 88' lang='lat' dir='ltr'><strong>quoque</strong></span> <span class='ocrx_word' id='word_1_779' title='bbox 2874 4588 3209 4641; x_wconf 86' lang='lat' dir='ltr'><strong>retinendum</strong></span> <span class='ocrx_word' id='word_1_780' title='bbox 3255 4599 3358 4654; x_wconf 87' lang='lat' dir='ltr'><strong>est,</strong></span> <span class='ocrx_word' id='word_1_781' title='bbox 3391 4589 3529 4642; x_wconf 87' lang='lat' dir='ltr'><strong>hunc</strong></span> <span class='ocrx_word' id='word_1_782' title='bbox 3580 4589 3888 4656; x_wconf 75' lang='lat' dir='ltr'><strong>psnltnutu</strong></span> 
     </span>
    </p>
   </div>
   <div class='ocr_carea' id='block_1_109' title="bbox 2278 4681 3905 4751">
    <p class='ocr_par' dir='ltr' id='par_1_109' title="bbox 2278 4681 3905 4751">
     <span class='ocr_line' id='line_1_109' title="bbox 2278 4681 3905 4751; baseline 0 -15"><span class='ocrx_word' id='word_1_783' title='bbox 2278 4697 2398 4737; x_wconf 56' lang='lat' dir='ltr'><strong>esse</strong></span> <span class='ocrx_word' id='word_1_784' title='bbox 2431 4681 2652 4751; x_wconf 91' lang='lat' dir='ltr'><strong>primum</strong></span> <span class='ocrx_word' id='word_1_785' title='bbox 2682 4683 2734 4735; x_wconf 90' lang='lat' dir='ltr'><strong>in</strong></span> <span class='ocrx_word' id='word_1_786' title='bbox 2781 4699 2884 4750; x_wconf 91' lang='lat' dir='ltr'><strong>quo</strong></span> <span class='ocrx_word' id='word_1_787' title='bbox 2912 4681 3173 4735; x_wconf 86' lang='lat' dir='ltr'><strong>adventus</strong></span> <span class='ocrx_word' id='word_1_788' title='bbox 3208 4681 3554 4749; x_wconf 80' lang='lat' dir='ltr'><strong>propltetatur</strong></span> <span class='ocrx_word' id='word_1_789' title='bbox 3577 4681 3905 4736; x_wconf 79' lang='lat' dir='ltr'><strong>Antichri-</strong></span> 
     </span>
    </p>
   </div>
   <div class='ocr_carea' id='block_1_110' title="bbox 2278 4772 3920 4843">
    <p class='ocr_par' dir='ltr' id='par_1_110' title="bbox 2278 4772 3920 4843">
     <span class='ocr_line' id='line_1_110' title="bbox 2278 4772 3920 4843; baseline -0.001 -15"><span class='ocrx_word' id='word_1_790' title='bbox 2278 4777 2365 4829; x_wconf 88' lang='lat' dir='ltr'><strong>sti.</strong></span> <span class='ocrx_word' id='word_1_791' title='bbox 2401 4775 2657 4828; x_wconf 81' lang='lat' dir='ltr'><strong>Numerus</strong></span> <span class='ocrx_word' id='word_1_792' title='bbox 2688 4791 2897 4843; x_wconf 83' lang='lat' dir='ltr'><strong>quoque</strong></span> <span class='ocrx_word' id='word_1_793' title='bbox 2923 4789 3158 4841; x_wconf 72' lang='lat' dir='ltr'><strong>pneseus</strong></span> <span class='ocrx_word' id='word_1_794' title='bbox 3185 4784 3237 4826; x_wconf 72' lang='grc' dir='ltr'><strong>(ιι</strong></span> <span class='ocrx_word' id='word_1_795' title='bbox 3275 4772 3400 4826; x_wconf 91' lang='lat' dir='ltr'><strong>illud</strong></span> <span class='ocrx_word' id='word_1_796' title='bbox 3435 4773 3701 4827; x_wconf 84' lang='lat' dir='ltr'><strong>occoltutn</strong></span> <span class='ocrx_word' id='word_1_797' title='bbox 3735 4788 3920 4840; x_wconf 74' lang='lat' dir='ltr'><strong>pro-</strong></span> 
     </span>
    </p>
   </div>
   <div class='ocr_carea' id='block_1_111' title="bbox 2281 4864 3914 4935">
    <p class='ocr_par' dir='ltr' id='par_1_111' title="bbox 2281 4864 3914 4935">
     <span class='ocr_line' id='line_1_111' title="bbox 2281 4864 3914 4935; baseline 0 -16"><span class='ocrx_word' id='word_1_798' title='bbox 2281 4870 2432 4919; x_wconf 87' lang='lat' dir='ltr'><strong>batur</strong></span> <span class='ocrx_word' id='word_1_799' title='bbox 2463 4867 2692 4933; x_wconf 58' lang='lat' dir='ltr'><strong>:iperit&#39;e,</strong></span> <span class='ocrx_word' id='word_1_800' title='bbox 2725 4867 2862 4935; x_wconf 80' lang='lat' dir='ltr'><strong>quod</strong></span> <span class='ocrx_word' id='word_1_801' title='bbox 2893 4867 3018 4918; x_wconf 76' lang='lat' dir='ltr'><strong>liora</strong></span> <span class='ocrx_word' id='word_1_802' title='bbox 3054 4880 3188 4917; x_wconf 87' lang='lat' dir='ltr'><strong>nona</strong></span> <span class='ocrx_word' id='word_1_803' title='bbox 3220 4864 3473 4917; x_wconf 84' lang='lat' dir='ltr'><strong>Dominus</strong></span> <span class='ocrx_word' id='word_1_804' title='bbox 3515 4864 3693 4916; x_wconf 70' lang='lat' dir='ltr'><strong>emisit</strong></span> <span class='ocrx_word' id='word_1_805' title='bbox 3748 4866 3914 4930; x_wconf 78' lang='lat' dir='ltr'><strong>Spi-</strong></span> 
     </span>
    </p>
   </div>
   <div class='ocr_carea' id='block_1_112' title="bbox 2278 4954 3910 5022">
    <p class='ocr_par' dir='ltr' id='par_1_112' title="bbox 2278 4954 3910 5022">
     <span class='ocr_line' id='line_1_112' title="bbox 2278 4954 3910 5022; baseline -0.001 -13"><span class='ocrx_word' id='word_1_806' title='bbox 2278 4957 2458 5009; x_wconf 81' lang='lat' dir='ltr'><strong>ritum.</strong></span> <span class='ocrx_word' id='word_1_807' title='bbox 2517 4955 2643 5008; x_wconf 81' lang='lat' dir='ltr'><strong>Natn</strong></span> <span class='ocrx_word' id='word_1_808' title='bbox 2687 4973 2804 5009; x_wconf 87' lang='lat' dir='ltr'><strong>cum</strong></span> <span class='ocrx_word' id='word_1_809' title='bbox 2839 4957 2976 5011; x_wconf 84' lang='lat' dir='ltr'><strong>inter</strong></span> <span class='ocrx_word' id='word_1_810' title='bbox 3028 4957 3127 5008; x_wconf 85' lang='lat' dir='ltr'><strong>alia</strong></span> <span class='ocrx_word' id='word_1_811' title='bbox 3169 4965 3223 5008; x_wconf 85' lang='lat' dir='ltr'><strong>et</strong></span> <span class='ocrx_word' id='word_1_812' title='bbox 3270 4956 3333 5009; x_wconf 86' lang='lat' dir='ltr'><strong>de</strong></span> <span class='ocrx_word' id='word_1_813' title='bbox 3379 4954 3624 5022; x_wconf 60' lang='lat' dir='ltr'><strong>passione</strong></span> <span class='ocrx_word' id='word_1_814' title='bbox 3674 4954 3910 5020; x_wconf 74' lang='lat' dir='ltr'><strong>ipsius</strong></span> 
     </span>
    </p>
   </div>
   <div class='ocr_carea' id='block_1_113' title="bbox 2279 5045 3930 5115">
    <p class='ocr_par' dir='ltr' id='par_1_113' title="bbox 2279 5045 3930 5115">
     <span class='ocr_line' id='line_1_113' title="bbox 2279 5045 3930 5115; baseline 0.002 -17"><span class='ocrx_word' id='word_1_815' title='bbox 2279 5048 2512 5115; x_wconf 70' lang='lat' dir='ltr'><strong>psalmus</strong></span> <span class='ocrx_word' id='word_1_816' title='bbox 2564 5051 2659 5101; x_wconf 87' lang='lat' dir='ltr'><strong>iste</strong></span> <span class='ocrx_word' id='word_1_817' title='bbox 2713 5047 2915 5100; x_wconf 80' lang='lat' dir='ltr'><strong>loeutus</strong></span> <span class='ocrx_word' id='word_1_818' title='bbox 2969 5048 3056 5112; x_wconf 83' lang='lat' dir='ltr'><strong>sit,</strong></span> <span class='ocrx_word' id='word_1_819' title='bbox 3103 5048 3333 5110; x_wconf 73' lang='lat' dir='ltr'><strong>turrito,</strong></span> <span class='ocrx_word' id='word_1_820' title='bbox 3385 5056 3437 5100; x_wconf 80' lang='lat' dir='ltr'><strong>et</strong></span> <span class='ocrx_word' id='word_1_821' title='bbox 3477 5062 3567 5114; x_wconf 72' lang='lat' dir='ltr'><strong>per</strong></span> <span class='ocrx_word' id='word_1_822' title='bbox 3593 5045 3930 5105; x_wconf 65' lang='lat' dir='ltr'><strong>ettlcttittxn</strong></span> 
     </span>
    </p>
   </div>
   <div class='ocr_carea' id='block_1_114' title="bbox 2277 5134 3938 5204">
    <p class='ocr_par' dir='ltr' id='par_1_114' title="bbox 2277 5134 3938 5204">
     <span class='ocr_line' id='line_1_114' title="bbox 2277 5134 3938 5204; baseline 0 -14"><span class='ocrx_word' id='word_1_823' title='bbox 2277 5153 2428 5191; x_wconf 86' lang='lat' dir='ltr'><strong>suum</strong></span> <span class='ocrx_word' id='word_1_824' title='bbox 2461 5140 2712 5191; x_wconf 76' lang='lat' dir='ltr'><strong>transitus</strong></span> <span class='ocrx_word' id='word_1_825' title='bbox 2735 5137 2848 5204; x_wconf 84' lang='lat' dir='ltr'><strong>ejus</strong></span> <span class='ocrx_word' id='word_1_826' title='bbox 2875 5137 3058 5190; x_wconf 81' lang='lat' dir='ltr'><strong>horam</strong></span> <span class='ocrx_word' id='word_1_827' title='bbox 3101 5137 3317 5190; x_wconf 83' lang='lat' dir='ltr'><strong>annttuti</strong></span> <span class='ocrx_word' id='word_1_828' title='bbox 3339 5148 3372 5187; x_wconf 74' lang='lat' dir='ltr'><strong>tt</strong></span> <span class='ocrx_word' id='word_1_829' title='bbox 3403 5175 3419 5200; x_wconf 93' lang='lat'><strong>,</strong></span> <span class='ocrx_word' id='word_1_830' title='bbox 3455 5135 3664 5200; x_wconf 87' lang='lat' dir='ltr'><strong>quando</strong></span> <span class='ocrx_word' id='word_1_831' title='bbox 3697 5134 3820 5188; x_wconf 73' lang='lat' dir='ltr'><strong>etin</strong></span> <span class='ocrx_word' id='word_1_832' title='bbox 3837 5155 3938 5195; x_wconf 81' lang='grc' dir='ltr'><strong>ιιι</strong></span> 
     </span>
    </p>
   </div>
   <div class='ocr_carea' id='block_1_115' title="bbox 2278 5226 3494 5298">
    <p class='ocr_par' dir='ltr' id='par_1_115' title="bbox 2278 5226 3494 5298">
     <span class='ocr_line' id='line_1_115' title="bbox 2278 5226 3494 5298; baseline 0 -18"><span class='ocrx_word' id='word_1_833' title='bbox 2278 5226 2449 5280; x_wconf 83' lang='lat' dir='ltr'><strong>crucis</strong></span> <span class='ocrx_word' id='word_1_834' title='bbox 2478 5227 2642 5295; x_wconf 73' lang='lat' dir='ltr'><strong>ipsius</strong></span> <span class='ocrx_word' id='word_1_835' title='bbox 2673 5227 2909 5280; x_wconf 56' lang='lat' dir='ltr'><strong>noscitur</strong></span> <span class='ocrx_word' id='word_1_836' title='bbox 2941 5241 3185 5281; x_wconf 73' lang='lat' dir='ltr'><strong>narrasse</strong></span> <span class='ocrx_word' id='word_1_837' title='bbox 3218 5228 3494 5298; x_wconf 69' lang='lat' dir='ltr'><strong>mysteria.</strong></span> 
     </span>
    </p>
   </div>
   <div class='ocr_carea' id='block_1_116' title="bbox 2603 5365 3547 5424">
    <p class='ocr_par' dir='ltr' id='par_1_116' title="bbox 2603 5365 3547 5424">
     <span class='ocr_line' id='line_1_116' title="bbox 2603 5365 3547 5424; baseline 0.001 -5"><span class='ocrx_word' id='word_1_838' title='bbox 2603 5365 2958 5419; x_wconf 73' lang='lat' dir='ltr'><strong>EXPOSIHU</strong></span> <span class='ocrx_word' id='word_1_839' title='bbox 2999 5365 3064 5418; x_wconf 69' lang='lat' dir='ltr'><strong>IN</strong></span> <span class='ocrx_word' id='word_1_840' title='bbox 3107 5365 3434 5424; x_wconf 74' lang='lat' dir='ltr'><strong>PSALMUM</strong></span> <span class='ocrx_word' id='word_1_841' title='bbox 3481 5366 3547 5422; x_wconf 78' lang='grc' dir='ltr'><strong>Χ.</strong></span> 
     </span>
    </p>
   </div>
   <div class='ocr_carea' id='block_1_117' title="bbox 2703 5475 3422 5548">
    <p class='ocr_par' dir='ltr' id='par_1_117' title="bbox 2703 5475 3422 5548">
     <span class='ocr_line' id='line_1_117' title="bbox 2703 5475 3422 5548; baseline 0.006 -19"><span class='ocrx_word' id='word_1_842' title='bbox 2703 5475 2771 5530; x_wconf 80' lang='lat' dir='ltr'><strong>In</strong></span> <span class='ocrx_word' id='word_1_843' title='bbox 2798 5477 2950 5546; x_wconf 79' lang='lat' dir='ltr'><strong>ﬁnem</strong></span> <span class='ocrx_word' id='word_1_844' title='bbox 2980 5479 3208 5548; x_wconf 80' lang='lat' dir='ltr'><strong>psalmus</strong></span> <span class='ocrx_word' id='word_1_845' title='bbox 3243 5481 3422 5534; x_wconf 82' lang='lat' dir='ltr'><strong>David.</strong></span> 
     </span>
    </p>
   </div>
   <div class='ocr_carea' id='block_1_118' title="bbox 2352 5617 3966 5688">
    <p class='ocr_par' dir='ltr' id='par_1_118' title="bbox 2352 5617 3966 5688">
     <span class='ocr_line' id='line_1_118' title="bbox 2352 5617 3966 5688; baseline 0.001 -16"><span class='ocrx_word' id='word_1_846' title='bbox 2352 5617 2486 5672; x_wconf 87' lang='lat' dir='ltr'><strong>Cum</strong></span> <span class='ocrx_word' id='word_1_847' title='bbox 2529 5618 2829 5688; x_wconf 77' lang='lat' dir='ltr'><strong>frequenter</strong></span> <span class='ocrx_word' id='word_1_848' title='bbox 2858 5618 2910 5673; x_wconf 89' lang='lat' dir='ltr'><strong>in</strong></span> <span class='ocrx_word' id='word_1_849' title='bbox 2943 5619 3109 5675; x_wconf 78' lang='lat' dir='ltr'><strong>titulis</strong></span> <span class='ocrx_word' id='word_1_850' title='bbox 3137 5621 3359 5688; x_wconf 60' lang='lat' dir='ltr'><strong>tio-itum</strong></span> <span class='ocrx_word' id='word_1_851' title='bbox 3396 5620 3648 5681; x_wconf 70' lang='lat' dir='ltr'><strong>videatur,</strong></span> <span class='ocrx_word' id='word_1_852' title='bbox 3705 5620 3772 5674; x_wconf 79' lang='lat' dir='ltr'><strong>Io</strong></span> <span class='ocrx_word' id='word_1_853' title='bbox 3833 5629 3900 5684; x_wconf 76' lang='lat' dir='ltr'><em>ﬁ</em></span> <span class='ocrx_word' id='word_1_854' title='bbox 3931 5662 3966 5672; x_wconf 85' lang='lat'><strong>-</strong></span> 
     </span>
    </p>
   </div>
   <div class='ocr_carea' id='block_1_119' title="bbox 2282 5713 3966 5783">
    <p class='ocr_par' dir='ltr' id='par_1_119' title="bbox 2282 5713 3966 5783">
     <span class='ocr_line' id='line_1_119' title="bbox 2282 5713 3966 5783; baseline 0.002 -21"><span class='ocrx_word' id='word_1_855' title='bbox 2282 5730 2412 5775; x_wconf 65' lang='grc' dir='ltr'><strong>πείνη,</strong></span> <span class='ocrx_word' id='word_1_856' title='bbox 2457 5724 2505 5768; x_wconf 86' lang='lat' dir='ltr'><strong>et</strong></span> <span class='ocrx_word' id='word_1_857' title='bbox 2550 5713 2892 5766; x_wconf 75' lang='lat' dir='ltr'><strong>intentionem</strong></span> <span class='ocrx_word' id='word_1_858' title='bbox 2927 5724 3116 5768; x_wconf 62' lang='lat' dir='ltr'><strong>ments</strong></span> <span class='ocrx_word' id='word_1_859' title='bbox 3146 5730 3334 5765; x_wconf 53' lang='lat' dir='ltr'><strong>nos&#39;rn‘</strong></span> <span class='ocrx_word' id='word_1_860' title='bbox 3369 5714 3519 5767; x_wconf 69' lang='lat' dir='ltr'><strong>ducat</strong></span> <span class='ocrx_word' id='word_1_861' title='bbox 3556 5730 3610 5767; x_wconf 78' lang='lat' dir='ltr'><strong>se</strong></span> <span class='ocrx_word' id='word_1_862' title='bbox 3640 5743 3647 5760; x_wconf 75' lang='grc' dir='ltr'><strong><em>ο</em></strong></span> <span class='ocrx_word' id='word_1_863' title='bbox 3679 5733 3732 5783; x_wconf 65' lang='grc' dir='ltr'>μ</span> <span class='ocrx_word' id='word_1_864' title='bbox 3763 5735 3774 5766; x_wconf 80' lang='grc' dir='ltr'>ι</span> <span class='ocrx_word' id='word_1_865' title='bbox 3837 5737 3890 5771; x_wconf 56' lang='grc' dir='ltr'><strong>ιι</strong></span> <span class='ocrx_word' id='word_1_866' title='bbox 3947 5727 3966 5780; x_wconf 76' lang='grc'><strong>1</strong></span> 
     </span>
    </p>
   </div>
   <div class='ocr_carea' id='block_1_120' title="bbox 2309 5810 2343 5824">
    <p class='ocr_par' dir='ltr' id='par_1_120' title="bbox 2309 5810 2343 5824">
     <span class='ocr_line' id='line_1_120' title="bbox 2309 5810 2343 5824; baseline 0 0"><span class='ocrx_word' id='word_1_867' title='bbox 2309 5810 2343 5824; x_wconf 57' lang='grc' dir='ltr'><strong><em>ρ</em></strong></span> 
     </span>
    </p>
   </div>
  </div>
