4008 6182
229 342 296 397 5.3
1214 326 1574 384 EXPOSITIO
1613 323 1678 378 ΙΝ
1719 320 2176 379 PSALTEREUM.
2221 319 2408 375 Ρδλῐη
2459 319 2520 374 Χ,
3427 313 3496 368 94

231 453 511 509 Dominum
541 447 830 504 Chrismm.
857 454 1034 498 tamen
1064 452 1282 512 propter
1303 440 1508 495 diversa
1544 436 1800 492 miracula
1840 441 1888 498 Α
1918 437 2042 489 Aliis
2069 437 2272 502 quidem
2298 450 2477 486 sumus
2497 435 2561 484 od
2597 449 2620 484 r
2653 432 2826 484 martis
2864 431 2914 484 in
2943 437 3174 498 mortem,
3220 428 3336 481 aliis
3368 429 3496 482 odor

232 545 462 616 positum
491 556 616 596 esse
645 554 747 593 non
799 537 1016 591 dubium
1061 545 1161 589 est.
1217 531 1370 587 Modo
1421 532 1561 585 enim
1619 529 1818 582 indicat

238 634 674 708 gloriosissimam
728 632 1027 700 passionem
1060 667 1076 692 ,
1132 625 1289 680 modo
1345 622 1716 692 triumphalem
1765 627 1820 675 et

241 727 605 782 admirabilem
637 725 845 779 cunctis
875 721 1122 793 gentibus
1147 719 1600 774 resurrectionem
1627 731 1641 768 :
1680 728 1823 768 nunc

240 832 411 875 autem
437 829 680 873 sanctam
699 817 855 870 (idem
878 815 1137 876 declarat,
1166 812 1220 864 in
1245 825 1346 880 qua
1381 806 1612 863 hatretici
1656 806 1823 878 digla-

243 915 455 965 diautnr
491 907 1049 966 centralidelissitnus
1080 903 1447 964 Christianus;
1515 899 1584 952 ita
1635 899 1716 960 lit,
1771 905 1827 949 ut

239 1006 434 1074 jngiter
465 1002 648 1057 tendat
677 1000 741 1054 ad
785 999 944 1053 Chris
969 1013 1081 1061 um,
1119 996 1362 1064 quamvis
1390 991 1616 1046 diversis
1665 989 1828 1058 signi-

246 1093 587 1150 ﬁcationibus
613 1092 914 1152 inveniatur
945 1098 1205 1153 aptatum.
1247 1085 1398 1152 Quod
1427 1083 1586 1136 etiam
1622 1081 1671 1134 in
1705 1080 1830 1133 reli-

243 1187 362 1252 quis
384 1182 622 1249 psalmis,
667 1181 710 1234 si
763 1178 932 1232 aciem
991 1179 1184 1232 tuentis
1235 1172 1506 1238 intendas,
1550 1169 1829 1235 COgttOSCiS

247 1291 366 1330 esse
397 1274 721 1328 faciundum.
759 1271 831 1324 De
859 1268 1070 1322 Ρδαιιηο
1101 1275 1277 1320 autem
1308 1273 1364 1319 et
1407 1262 1570 1316 David
1599 1261 1686 1314 illa
1722 1275 1831 1313 me-

247 1367 470 1418 niinisse
497 1362 751 1426 sufﬁciat,
781 1374 904 1429 qua:
933 1359 1173 1423 superius
1206 1356 1408 1408 dixisse
1432 1355 1828 1422 cognoscimur.

250 1456 540 1514 Sciendum
577 1464 758 1507 tamen
804 1452 943 1505 hunc
984 1452 1242 1520 psalmum
1292 1449 1552 1515 prolatum
1596 1460 1714 1499 t'SSC
1766 1444 1831 1496 ad

255 1547 542 1600 haereticos
567 1541 944 1598 destruendos.

826 1676 1022 1731 Divisio
1068 1673 1272 1743 psalmi.

1922 529 2036 583 vita:
2055 530 2106 581 in
2133 530 2282 580 vitam
2310 525 2393 596 (ΙΙ
2420 526 2541 580 Cor.
2571 543 2630 589 tt,
2666 527 2768 586 lli).

1999 619 2146 673 Vere.
2181 619 2232 673 5.
2274 617 2586 670 Paraverunt
2615 619 2823 685 sagittas
2873 631 2989 668 suas
3028 616 3080 668 in
3124 615 3253 684 phar
3289 625 3387 680 tra,
3439 622 3496 666 ut

1922 712 2158 780 sagittent
2181 709 2232 762 in
2259 708 2469 761 obscuro
2498 715 2659 759 rectos
2690 706 2860 758 corde.
2896 704 3179 758 Permanet
3213 704 3263 756 in
3289 717 3503 769 compa-
3537 707 3542 712 '

1926 799 2134 852 ratione
2172 795 2464 864 sagittarii;
2498 810 2617 846 nam
2662 795 2796 846 sicut
2845 793 2945 846 iste
2998 792 3154 845 habet
3198 793 3410 860 sagittas
3447 792 3501 843 in

1927 889 2184 958 pharetra,
2219 888 2288 942 ita
2323 888 2408 940 ille
2438 896 2605 954 gestat
2640 886 2689 936 in
2721 883 2879 936 corde
2920 884 3077 936 verba
3108 897 3402 936 venenosa.
3433 880 3502 934 In

1930 986 2142 1032 obscuro
2171 994 2314 1043 vero,
2347 979 2456 1031 sive
2505 993 2624 1029 cum
2657 974 3114 1046 persecutionibus
3164 974 3502 1038 pt-rtnrbatur

1933 1072 2191 1132 Ecc‘csia,
2226 1069 2437 1138 quando
2467 1071 2657 1122 timore
2689 1067 2915 1136 periculi
2960 1065 3205 1121 carnales
3257 1065 3502 1120 homines

1931 1163 2222 1215 creduntur
2251 1160 2455 1214 lucilius
2479 1159 2745 1212 immutari
2772 1173 2787 1210 :
2817 1159 2929 1210 sive
2957 1157 3008 1210 in
3039 1155 3353 1210 abscondito
3380 1169 3508 1210 con-

1935 1257 2020 1310 sili
2046 1276 2079 1318 ν,
2104 1271 2224 1306 cum
2252 1253 2604 1320 Opportttnius
2652 1261 2840 1322 putant
2871 1251 3208 1304 Christianos
3235 1248 3506 1317 decipere,

1936 1346 2250 1412 quanducos
2276 1343 2514 1412 jtltllCIWl,
2541 1359 2632 1396 sua
2656 1341 2876 1394 consilia
2901 1357 3004 1394 non
3031 1341 3234 1394 videre.
3256 1340 3359 1394 Sed
3384 1322 3516 1393 cum

1937 1437 2086 1498 dicit,
2116 1444 2276 1486 rectos
2303 1435 2472 1501 corde,
2506 1433 2724 1486 insidias
2755 1447 2942 1486 eorum
2971 1429 3207 1484 ostendit
3233 1429 3420 1483 inanes
3449 1438 3506 1484 et

1940 1544 2149 1581 vacuas.
2182 1527 2322 1580 Recti
2343 1525 2480 1578 enim
2506 1524 2657 1577 corde
2683 1539 2783 1576 non
2817 1531 2960 1585 sunt,
2989 1521 3088 1576 nisi
3124 1522 3211 1590 qni
3243 1520 3383 1574 nulla
3411 1520 3514 1574 itii-

1940 1637 2038 1689 qua
2072 1619 2241 1682 decipi
2279 1617 2627 1683 persuasione
2660 1622 2967 1681 potuerunt.

2015 1707 2163 1761 V'ers.
2214 1706 2266 1758 4.
2330 1705 2583 1771 Quoniam
2638 1719 2764 1772 qute.
2809 1702 3065 1772 perfecisti
3119 1701 3514 1754 destruxerunt:

330 1819 578 1873 Psalmus
609 1815 696 1868 bic
728 1822 867 1868 totus
897 1812 959 1863 ad
993 1825 1270 1880 personam
1299 1806 1572 1874 prophetve
1605 1802 1840 1858 releren-
1876 1809 1914 1869 Β
1934 1802 2107 1872 justus
2130 1811 2297 1852 autem
2323 1799 2446 1868 quid
2465 1797 2620 1864 fecit?
2649 1796 2792 1850 Idem
2821 1795 2887 1848 de
2915 1794 3043 1862 ipsis
3067 1793 3334 1847 hatreticis
3364 1792 3514 1858 dicit,

258 1914 361 1966 dus
391 1923 492 1964 e-t.
525 1909 704 1964 Primo
726 1906 899 1973 capite
932 1905 1000 1958 de
1038 1901 1443 1955 insidiatoribus
1471 1897 1600 1949 dicit
1631 1894 1846 1947 haereti-

263 2005 364 2065 cis,
399 2002 489 2069 qui
522 2002 764 2052 nituntur
782 1993 1074 2047 catltol.cos
1120 1993 1171 2044 in
1196 2004 1345 2043 suam
1371 1996 1688 2040 convertere
1718 1998 1844 2051 pra-

262 2098 512 2148 vitatem.
563 2088 811 2144 Secundo
843 2086 1049 2140 Domini
1078 2083 1336 2151 judicium
1383 2079 1763 2135 comminatur,
1795 2081 1849 2125 et

270 2187 406 2253 quid
447 2186 499 2238 in
525 2183 612 2236 illa
643 2180 994 2235 retributione
1025 2176 1290 2228 sustinete
1322 2171 1547 2238 possint,
1581 2167 1852 2219 evidenter

266 2276 533 2336 ostendit,
577 2283 632 2325 ut
671 2271 928 2339 justitiam
964 2263 1172 2320 Domini
1209 2272 1504 2315 metuentes
1529 2299 1544 2323 ,
1596 2256 1854 2326 supersti-

271 2369 324 2422 ti:
357 2381 444 2421 sas
472 2364 728 2418 deserant
759 2359 1035 2412 lalsitates.

832 2488 1095 2559 Expositio
1123 2487 1327 2557 psalmi.

360 2636 514 2689 γεγε.
534 2633 582 2684 -l.
614 2631 671 2684 In
701 2629 922 2683 Domi-no
944 2626 1146 2693 conﬁdo
1169 2621 1452 2691 :quomodo
1476 2619 1642 2671 dicétis
1669 2617 1853 2669 anima:

275 2743 441 2782 mw:
459 2725 785 2790 Transmigra
809 2722 858 2772 in
881 2727 1100 2770 montem
1120 2715 1248 2768 sicut
1272 2713 1480 2783 passer?
1510 2710 1621 2764 Hoc
1643 2708 1860 2764 schema

277 2819 488 2873 dicitur
509 2826 848 2876 cognonema,
870 2809 920 2861 id
938 2817 1018 2861 est
1039 2802 1449 2859 communicatio
1465 2799 1671 2854 consiiii
1687 2813 1705 2865 ;
1723 2796 1863 2866 quod

281 2916 337 2966 lit
359 2913 677 2978 frequenter
695 2903 908 2973 quando
927 2911 1016 2954 aut
1037 2914 1159 2953 cum
1181 2895 1516 2959 adversariis,
1532 2900 1622 2946 aut
1639 2907 1760 2946 cum
1778 2889 1868 2944 ad-

279 3001 563 3074 iutoribus
593 2997 719 3069 [σόη
753 2989 1101 3060 auditoribus]
1123 2986 1278 3041 verba
1307 2985 1612 3039 miscemus.
1639 2981 1717 3035 Ad
1749 2995 1863 3050 per-

281 3073 546 3152 suasores
570 3095 765 3160 quippe
815 3083 1098 3140 haereticos
1127 3082 1214 3136 hic
1239 3093 1419 3135 sermo
1467 3075 1740 3144 dirigitur,
1773 3073 1865 3143 qui

1949 1891 2275 1946 destruxissii
2310 1889 2426 1940 illos
2453 1889 2623 1957 legem
2679 1887 2917 1951 Domini,
2949 1900 3068 1939 cum
3122 1885 3519 1952 interpretatio-

1952 1983 2104 2036 nilms
2157 1980 2296 2032 lulsis
2324 1979 2626 2046 Scripturas
2655 1986 2864 2030 sanctas
2909 1976 3142 2029 lacerare
3173 1975 3463 2027 moliuntur
3497 1990 3511 2027 :

1952 2081 2319 2130 cztnt'el'lCllleS
2353 2071 2402 2123 in
2436 2068 2784 2138 quorumdam
2819 2082 3024 2129 necem,
3065 2079 3181 2134 qua!
3232 2082 3256 2116 a
3294 2065 3520 2117 Domino

1953 2180 2016 2232 pr
2038 2163 2267 2232 tphetata
2297 2169 2418 2212 sunt
2448 2159 2510 2212 ad
2542 2158 2788 2212 salutem.
2849 2157 3196 2225 Sulijungitur
3225 2155 3387 2209 etiam
3419 2152 3518 2207 de-

1955 2255 2122 2309 fensio
2157 2251 2360 2304 Domini
2406 2248 2603 2302 Chriin
2635 2265 2648 2300 :
2685 2247 2810 2301 dicit
2838 2246 3005 2310 enim,
3054 2245 3097 2298 si
3132 2245 3374 2298 homines
3421 2256 3520 2294 vo-

1957 2345 2490 2412 lueruntaequitatem
2519 2341 2694 2409 iuiqtta
2721 2340 3160 2408 interpretatione
3189 2337 3522 2400 subvertere,

1959 2451 2054 2489 cur
2081 2443 2334 2489 accusant
2364 2447 2484 2486 eum
2539 2433 2628 2501 qui
2683 2432 2828 2498 jnste
2875 2431 3081 2484 locutus
3134 2429 3268 2482 est?
3309 2427 3530 2481 Errures

1959 2535 2100 2584 enim
2144 2546 2246 2582 non
2290 2529 2355 2581 de
2387 2538 2652 2597 prmccpto
2683 2527 2922 2589 trahunt,
2967 2526 3067 2582 sed
3109 2526 3175 2581 de
3205 2525 3527 2596 nequissima

1962 2637 2055 2673 sua
2084 2620 2356 2673 voluntate
2381 2618 2705 2686 ccticipiuut.

2039 2711 2190 2764 \‘ers.
2224 2711 2275 2763 5.
2311 2709 2560 2762 Dominus
2587 2709 2640 2759 in
2687 2706 2874 2776 templo
2915 2717 3091 2761 sancto
3122 2722 3250 2771 suo;
3285 2705 3534 2758 Dominus

1963 2805 2017 2857 in
2047 2801 2154 2873 44
2174 2802 2298 2854 caelo
2325 2801 2465 2853 sedes
2495 2801 2624 2870 ejus.
2655 2799 2997 2868 Exprobratis
3021 2799 3102 2852 his
3134 2800 3220 2868 qui
3253 2798 3380 2853 falsa
3411 2813 3537 2852 sen-

1967 2894 2100 2946 tiunt
2125 2892 2190 2945 de
2215 2890 2470 2959 rrligiune
2502 2889 2796 2947 t'et'issittta,
2827 2889 2891 2938 ad
2919 2888 3206 2941 secundum
3234 2896 3391 2953 caput
3415 2902 3538 2955 pro-

1970 2986 2126 3054 pheta
2162 2983 2422 3053 pervenit,
2455 2982 2505 3034 in
2530 2995 2633 3050 quo
2659 2979 2768 3050 jam
2801 2980 2998 3045 judicia
3033 2979 3238 3032 Domini
3269 2979 3393 3032 dicit
3419 2993 3538 3031 esse

1969 3085 2226 3138 ventura;
2272 3083 2328 3127 ut
2357 3072 2582 3124 humana
2609 3071 2929 3139 perversitas
2959 3069 3146 3121 saltem
3196 3083 3256 3123 se
3294 3067 3539 3120 conside-

283 3191 483 3240 vnlnnt
510 3159 653 3252 loqui
685 3159 824 3249 quod
847 3178 1065 3241 impium
1089 3183 1188 3235 est,
1222 3182 1278 3225 ut
1303 3165 1731 3224 contentionibus
1749 3177 1864 3232 pra-
1895 3179 1940 3242 ρ
1973 3178 2084 3220 rata
2112 3165 2320 3218 Domini
2368 3163 2702 3236 districtione
2750 3161 3062 3230 recorrigat.
3105 3159 3169 3212 Et
3198 3167 3253 3211 ut
3284 3159 3538 3212 innocen-

289 3282 378 3333 vis
410 3277 672 3331 sedttcant
701 3273 906 3324 animas
944 3270 1271 3320 innocentes.
1317 3261 1410 3315 llis
1439 3273 1568 3328 ergo
1594 3255 1672 3310 vir
1701 3255 1871 3309 lidelis

290 3371 463 3425 dicit:
499 3367 633 3421 Dum
675 3379 773 3433 ego
801 3362 901 3415 sim
925 3361 976 3414 in
1002 3355 1273 3426 religionis
1305 3357 1410 3408 tixo
1438 3351 1717 3406 cacumine
1745 3362 1873 3402 con-

295 3462 542 3518 stitutus,
574 3450 1016 3525 quemadmodum
1046 3447 1173 3501 mihi
1213 3445 1448 3500 suadetis
1471 3484 1486 3507 ,
1546 3439 1874 3510 Transmigra

295 3552 348 3600 in
379 3557 627 3606 utentem,
675 3543 723 3596 id
755 3551 835 3595 est
885 3538 950 3592 ad
988 3535 1288 3590 hmreticam
1335 3534 1644 3600 pravitatem
1679 3543 1872 3584 :meu-

296 3649 500 3693 ttentes
528 3635 597 3689 ibi
627 3648 744 3686 che
774 3630 1064 3694 Christum,
1095 3627 1180 3680 ubi
1225 3625 1422 3678 veritas
1444 3621 1646 3676 nullum
1687 3620 1879 3688 proba-

291 3741 382 3784 tur
413 3727 613 3780 hubere
631 3722 932 3789 vestigium.
959 3717 1108 3771 Mons
1135 3715 1274 3770 enim
1297 3712 1347 3766 itt
1373 3711 1660 3780 Scripturis
1681 3709 1875 3763 diviti-is

291 3819 606 3888 :rquivocns
635 3822 738 3876 est,
769 3809 909 3880 quod
961 3805 1308 3862 dissimilibus
1357 3802 1516 3855 rebus
1567 3815 1663 3870 pro
1693 3799 1872 3868 aliqua

293 3906 704 3976 comparatione
755 3902 1058 3970 deputatur.
1133 3897 1464 3964 Frequenter
1519 3892 1658 3946 enim
1717 3901 1768 3943 et
1819 3890 1870 3943 in

293 4004 464 4064 bono,
498 4007 555 4052 et
583 3999 634 4049 in
664 3995 802 4049 malo
831 3991 1080 4061 ponitur;
1111 4001 1229 4039 nam
1261 4000 1380 4041 cum
1440 3984 1492 4038 in
1538 3983 1678 4036 bono
1730 3995 1875 4033 mons

294 4093 524 4155 dicitur,
559 4088 777 4140 firmitas
810 4085 927 4150 ejus
969 4079 1364 4140 consideratur,
1434 4082 1488 4128 et
1545 4069 1876 4126 honorabilis

296 4181 561 4241 altitudo;
583 4192 702 4230 cum
736 4177 786 4227 in
821 4173 982 4233 malo,
1012 4178 1195 4235 stupor
1225 4165 1441 4228 mentis,
1475 4172 1528 4218 et
1549 4162 1756 4217 elevata
1789 4173 1882 4212 su-

298 4272 512 4342 perbia.
545 4267 633 4322 Sic
657 4281 814 4319 unum
849 4274 1043 4316 nomen
1073 4256 1298 4312 diversis
1319 4256 1498 4319 rebus,
1527 4247 1881 4307 consideratis

299 4360 676 4434 qualitatibus.
699 4365 1055 4425 congruenter
1097 4361 1330 4421 aptatur.
1362 4346 1638 4400 Passerum
1669 4356 1881 4411 quoque

300 4460 463 4526 pira
493 4461 865 4518 suntgem-ra:
897 4447 983 4498 alii
1012 4445 1243 4513 gaudent
1284 4440 1350 4494 ad
1397 4438 1654 4492 foramina
1707 4435 1884 4502 parie-

1977 3269 2081 3312 tem
2126 3256 2298 3324 decipi
2329 3255 2518 3324 aliquis
2565 3269 2668 3308 non
2722 3259 2934 3319 putaret
2987 3254 3225 3318 impune,
3259 3250 3538 3304 Dominum

1975 3351 2102 3404 dicit
2138 3351 2191 3402 in
2243 3363 2560 3416 unoquoque
2609 3345 2858 3414 religioso
2903 3344 3241 3406 consistere;
3285 3341 3419 3394 sicut
3465 3341 3541 3393 ait

1975 3439 2265 3509 Apostolus
2295 3456 2308 3490 :
2345 3438 2404 3493 Si
2432 3439 2544 3507 quis
2582 3437 2826 3506 templum
2856 3433 2952 3488 Dei
2979 3433 3257 3498 violaverit,
3286 3432 3542 3501 disperde:

1975 3535 2121 3588 illum
2150 3531 2306 3585 Deus.
2326 3529 2587 3599 Templum
2617 3530 2749 3582 enim
2770 3527 2862 3581 Dei
2881 3537 3111 3580 sanctum
3141 3535 3232 3589 est,
3263 3526 3399 3594 quod
3423 3524 3544 3576 estis

1947 3633 2064 3679 'vos
2088 3623 2136 3696 (ι
2162 3621 2280 3678 Cor.
2306 3638 2382 3686 ttt,
2411 3621 2519 3689 l7).
2547 3620 2617 3675 Ut
2650 3621 2781 3674 sciat
2815 3620 3094 3690 hmreticucs
3121 3633 3149 3670 a
3179 3617 3289 3670 Deo
3311 3631 3369 3669 se
3390 3628 3546 3684 posse

1978 3715 2234 3783 disperdi,
2276 3729 2303 3766 a
2345 3729 2450 3781 quo
2501 3720 2794 3766 noscuntur
2824 3710 2985 3764 corda
3030 3717 3174 3762 recte
3208 3705 3540 3762 credentium

1981 3805 2258 3877 poSsideri.
2291 3802 2484 3859 Caelum
2506 3804 2647 3857 enim
2684 3810 2896 3855 sanctos
2923 3801 3064 3853 viros
3097 3799 3380 3869 signiﬁcat,
3404 3811 3542 3864 quos

1981 3898 2258 3971 prazsentia
2284 3897 2571 3966 maiestatis
2593 3907 2702 3948 suae
2729 3893 2988 3946 Divinitas
3013 3890 3247 3944 insidere
3276 3888 3543 3958 dignatur.

1979 3992 2024 4045 0
2073 4005 2226 4058 quam
2261 3987 2478 4056 pulchre
2529 3985 2800 4039 suboritur
2847 3983 2962 4036 laus
3010 3996 3071 4036 re
3120 3979 3321 4033 illmsal
3355 3976 3538 4044 Qualis

1981 4084 2122 4137 enim
2154 4081 2344 4142 honor,
2397 4077 2566 4143 qualis
2606 4081 2689 4130 est
2717 4075 2883 4144 gloria
2910 4073 3184 4139 suscipere
3210 4068 3546 4134 Creatorem,

1983 4193 2138 4247 quem
2171 4191 2273 4228 nun
2305 4182 2383 4226 est
2405 4170 2623 4224 dubium
2644 4169 2812 4222 bonos
2837 4178 3049 4230 semper
3069 4162 3296 4216 invisere
3314 4158 3341 4210 ‘t

2058 4267 2209 4322 \‘ers.
2239 4267 2289 4317 (i.
2316 4261 2463 4315 Oculi
2485 4259 2657 4328 rjusin
2675 4272 2945 4328 pauperem
2966 4253 3274 4323 respiciunt;
3299 4248 3562 4320 palpebra!

1985 4362 2092 4428 ejus
2122 4357 2435 4424 interrogant
2461 4351 2595 4418 ﬁlios
2619 4347 2905 4401 hominunt.
2942 4346 3090 4401 Sicut
3112 4342 3352 4397 infelices
3379 4349 3500 4394 sunt
3521 4354 3560 4393 δι

1985 4447 2178 4518 quibus
2205 4443 2491 4503 avertitur,
2543 4439 2616 4493 ita
2645 4436 2786 4493 benti
2825 4428 3142 4498 redduntur,
3170 4431 3235 4485 ad
3263 4445 3396 4500 quos
3428 4443 3552 4498 pro-

302 4563 446 4610 tum,
479 4547 568 4598 alii
600 4543 766 4595 valles
795 4539 1027 4593 roscidas
1061 4535 1356 4604 requirunt,
1389 4529 1623 4583 nonnulii
1672 4533 1862 4580 monte:

1985 4541 2142 4606 pitius
2189 4535 2403 4603 re-‘picit
2431 4531 2572 4587 Deus
2605 4546 2621 4585 :
2658 4528 2820 4597 quoni
2842 4544 2908 4581 -m
2959 4527 3178 4579 intuitus
3209 4523 3325 4593 ejus
3355 4520 3558 4576 benel‘t—

303 4648 570 4707 appetunt
612 4635 930 4701 squalentes.
969 4627 1072 4682 Sed
1097 4641 1236 4679 nunc
1266 4625 1334 4678 de
1384 4623 1486 4675 iliis
1525 4620 1656 4673 dicit
1684 4619 1770 4684 qui
1810 4611 1880 4667 ad

305 4731 574 4782 aitissinia
609 4727 719 4777 loca
753 4735 1008 4775 tertarum
1053 4717 1319 4771 levissima
1353 4716 1622 4767 voluntate
1665 4709 1884 4776 rapiun-

311 4834 436 4876 tur:
470 4829 525 4870 ut
572 4817 653 4870 bis
687 4816 877 4868 merito
925 4812 1126 4865 similes
1179 4811 1529 4864 :cstitneutur.
1563 4803 1652 4871 qui
1683 4801 1746 4852 ad
1786 4815 1882 4851 ue-

307 4908 602 4979 quissiatas
634 4904 1055 4970 praedicationes,
1093 4901 1303 4952 levitate
1334 4894 1684 4949 iueunsmntis
1715 4905 1744 4943 a
1771 4890 1882 4942 .imi

311 5000 731 5054 transferuntur.

394 5091 550 5144 Vera.
577 5087 633 5140 Ξ.
658 5086 919 5154 Quoniam
958 5096 1070 5134 eccs
1106 5090 1396 5150 peccatores
1441 5075 1763 5129 intenderunt
1804 5088 1890 5124 ar-

313 5198 458 5236 cum.
491 5183 706 5240 Arcum,
748 5175 993 5228 mandata
1040 5171 1222 5226 divina
1270 5170 1527 5222 debemus
1583 5166 1889 5225 advertere,

318 5290 440 5345 qua:
474 5272 756 5325 hazreticus
786 5278 1043 5330 tractans,
1071 5275 1126 5319 et
1156 5265 1206 5316 in
1237 5277 1328 5314 sua
1375 5259 1631 5328 pravitate
1672 5271 1891 5325 compo-

324 5382 480 5428 nens,
511 5363 577 5417 ad
609 5363 798 5416 vulnus
825 5361 1013 5414 animm
1043 5357 1206 5411 tendit
1237 5352 1584 5422 cperaudum,
1617 5359 1674 5402 ut
1701 5364 1802 5400 non
1827 5346 1891 5400 ad

327 5469 550 5522 salutem
583 5471 923 5532 compungat,
959 5459 1050 5514 sed
1082 5468 1278 5510 teterna
1329 5461 1500 5504 morte
1552 5444 1888 5500 translodiat.

323 5560 387 5612 lit
417 5560 550 5612 bene
588 5572 739 5609 arcus
784 5554 996 5622 ponitur
1035 5550 1087 5604 in
1135 5541 1506 5602 sacratissimis
1548 5535 1885 5607 Seripturis:

323 5649 439 5708 quia
469 5648 521 5698 in
551 5659 713 5697 unum
744 5644 851 5696 duo
884 5642 1222 5695 Testamenta
1254 5633 1604 5702 coniungens,
1654 5639 1744 5680 aut
1799 5626 1892 5679 de-

330 5738 619 5790 Ιι-ιιέὶοινιπι
649 5735 855 5797 tribuit,
884 5742 972 5787 aut
1004 5732 1390 5794 ruinatu;sicnt
1418 5731 1495 5778 An
1532 5723 1696 5778 stultt-
1724 5717 1852 5775 dicit
1882 5743 1895 5775 :

1988 4631 2126 4682 cium
2156 4635 2258 4689 est,
2293 4625 2414 4693 quia
2445 4629 2782 4692 peccatorum
2807 4619 3041 4673 tenebris
3086 4633 3188 4670 non
3243 4615 3563 4677 oll'unditur,

1989 4721 2074 4786 qui
2102 4728 2243 4770 tanta
2269 4716 2508 4767 claritate
2533 4713 2806 4764 IuStratur.
2828 4708 2956 4762 Nam
2980 4718 3033 4760 et
3057 4708 3232 4775 lapsus
3257 4706 3445 4757 Petrus
3467 4719 3555 4756 re-

1990 4812 2103 4863 dire
2134 4819 2257 4860 tunc
2287 4804 2501 4869 tneruit,
2537 4800 2750 4870 quando
2783 4815 2904 4853 eum
2941 4798 3223 4850 clementia
3261 4793 3566 4847 Divinitatis

1991 4897 2216 4966 aspexit.
2253 4896 2317 4947 Et
2357 4892 2573 4947 intende
2604 4892 2745 4960 quod
2777 4889 2924 4958 prius
2967 4888 3142 4956 posuit
3187 4886 3396 4946 oculos;
3439 4893 3560 4952 post

1992 5006 2117 5043 vero
2141 4987 2425 5055 palpebras.
2485 4983 2753 5050 Palpebrte
2777 4981 2935 5034 dictae
2979 4988 3103 5032 sunt
3148 4995 3178 5031 a
3225 4975 3562 5046 palpitando.

1992 5084 2127 5136 Sunt
2151 5079 2292 5133 enim
2323 5077 2566 5144 qumdam
2600 5073 2856 5128 luminum
2890 5072 3082 5136 thecae,
3114 5082 3171 5126 et
3219 5071 3369 5139 quasi
3408 5067 3566 5122 folles

1993 5173 2290 5233 mulorum,
2325 5183 2456 5236 quos
2475 5164 2769 5219 claudimus
2806 5161 3157 5225 dormientes,
3188 5168 3246 5213 ut
3288 5157 3563 5226 fatigatum

1996 5261 2371 5330 corpusculum
2404 5272 2652 5327 reparare
2695 5257 2977 5326 possimus.
3017 5255 3155 5321 ΕΙ·έο
3185 5252 3306 5318 quia
3352 5252 3406 5302 in
3449 5249 3558 5302 Do-

2003 5352 2520 5410 minotnembrorum
2546 5349 2837 5403 miniateria
2867 5362 2958 5416 per
2982 5345 3286 5414 allegoriam
3312 5340 3564 5408 frequen-

2001 5459 2082 5498 ti-r
2107 5452 2373 5512 aptantur,
2412 5441 2544 5494 dicit
2572 5455 2714 5504 cum,
2747 5453 2850 5492 non
2883 5437 3054 5490 solum
3105 5431 3318 5504 quando
3343 5431 3569 5484 intendit

2002 5536 2191 5595 neniis.
2221 5533 2312 5587 sed
2336 5535 2498 5586 etinnt
2542 5538 2666 5584 tunc
2697 5528 2991 5598 requirere,
3021 5526 3070 5579 id
3098 5534 3181 5580 est
3217 5523 3570 5579 considerare

2005 5629 2141 5683 Illius
2193 5624 2496 5691 hominum,
2528 5637 2648 5677 cum
2693 5635 2758 5676 ea
2789 5619 3057 5689 negligere
3087 5617 3240 5688 quisi
3278 5616 3562 5672 dorm'cus

2006 5730 2320 5776 mutuatur.
