4008 6182
512 383 583 442 95

596 496 746 553 Vers.
769 496 824 550 7.
856 491 1105 547 Dominus
1133 489 1411 560 interrogat
1435 487 1637 557 justum
1668 495 1713 538 et
1740 483 1988 553 impium;
2018 480 2104 548 qui

516 600 685 645 autem
724 586 893 657 diligit
932 584 1253 646 iniquitatem
1284 622 1300 649 ,
1341 580 1446 635 odit
1497 578 1722 631 animam
1762 592 1927 630 suam.
1980 573 2095 628 Non

519 693 602 737 est
634 680 999 751 improborum
1028 674 1302 742 derogatio
1332 672 1635 743 cogitanda,
1667 669 1882 740 quando
1915 668 2098 722 Domi-

523 788 623 827 nus
646 771 850 841 justum
896 766 1118 837 requirit
1139 776 1193 820 et
1222 765 1467 835 impium,
1490 756 1581 834 qui
1611 762 1789 815 omnia
1839 760 1941 814 sub
1966 759 2102 813 veri-

524 873 633 915 tate
656 858 932 914 discernit.
956 855 1105 923 Quod
1150 855 1275 909 ideo
1304 853 1517 916 dicitur,
1552 861 1607 905 ut
1639 852 1912 904 hominum
1961 846 2104 900 desi-

525 953 698 1018 deria,
721 952 1002 1020 opiniones
1031 948 1184 1001 fatua:
1218 963 1321 1000 non
1345 947 1602 999 seducant
1637 960 1650 1008 ;
1693 941 1785 996 sed
1815 939 2107 1007 unusquis-

525 1059 629 1112 quc.
650 1042 1047 1110 circumspiciat
1078 1038 1462 1095 cooscientiant
1511 1051 1687 1100 suam,
1718 1034 1784 1087 de
1824 1028 1927 1102 qua
1954 1033 2107 1083 novit

526 1137 696 1188 solum
728 1134 1010 1186 Dominum
1046 1131 1186 1185 ferre
1228 1128 1509 1198 judicium.
1542 1124 1793 1194 Sequitur
1837 1122 2015 1177 brevis
2054 1130 2107 1173 et

528 1224 812 1277 manifesta
841 1221 1128 1277 sententia.
1181 1219 1316 1288 Quid
1359 1227 1442 1272 est
1492 1218 1704 1286 diligere
1734 1214 2053 1282 iniquitatem
2078 1211 2104 1261 .’

529 1316 698 1367 odisse
724 1315 945 1367 animam
975 1329 1145 1365 suam.
1192 1311 1280 1365 Sic
1306 1310 1448 1363 enim
1498 1323 1557 1362 se
1603 1306 1964 1376 persequitur,
2020 1301 2108 1370 qui

527 1405 795 1458 diabolum
846 1405 1114 1472 sequitur,
1172 1402 1295 1455 dmn
1345 1401 1464 1455 illas
1520 1400 1743 1453 semitas
1792 1408 2108 1448 commeare

525 1498 660 1562 vult,
691 1512 807 1564 que
846 1495 911 1547 ad
948 1510 1220 1561 plenarum
1253 1493 1367 1547 loca
1396 1474 1993 1560 fugiendaperducunt.

608 1588 759 1641 Vers.
795 1588 847 1641 8.
876 1586 1023 1639 Pluit
1052 1602 1204 1654 super
1260 1596 1548 1655 peccatores
1591 1583 1796 1650 laqueos
1830 1595 1847 1632 :
1895 1579 2027 1649 ignis
2064 1587 2115 1631 et

532 1678 749 1748 sulphur
794 1690 840 1732 et
888 1681 1094 1747 spiritus
1144 1677 1489 1749 procellarum
1532 1691 1650 1743 pars
1696 1671 1869 1726 colicis
1911 1686 2107 1725 eorum.

533 1769 700 1832 Pluit,
730 1770 793 1822 ad
824 1770 980 1823 verba
1009 1770 1413 1838 prmdicuntiutn
1436 1767 1617 1820 retulit
1647 1765 1787 1818 coelo
1817 1760 2110 1826 manantia,

532 1877 652 1932 quae
674 1862 935 1930 piissimis
969 1861 1167 1912 imbres
1199 1867 1354 1923 sunt;
1388 1856 1609 1924 perﬁdis
1635 1864 1812 1908 autem
1846 1852 1994 1922 igniti
2028 1853 2101 1906 la-

532 1960 676 2023 quei.
714 1954 791 2008 Illi
832 1955 974 2007 enim
1008 1953 1142 2007 bene
1183 1953 1551 2022 intelligendo,
1595 1952 1716 2004 inde
1746 1947 2106 2006 fructilicant;

538 2046 625 2101 isti
658 2045 795 2099 male
826 2046 1104 2099 tractando
1142 2045 1348 2099 animas
1378 2058 1502 2097 suas
1553 2042 1693 2095 nodo
1746 2038 2109 2108 perversitatis

536 2139 888 2204 stangulant.
922 2134 1065 2204 Ignis
1096 2143 1179 2189 est
1204 2133 1417 2203 quando
1447 2148 1540 2188 eos
1564 2132 1807 2186 ﬂammea
1835 2145 1959 2183 cura
1984 2143 2112 2183 con-

535 2228 733 2293 sumit;
774 2228 1003 2298 sulphur,
1041 2228 1160 2296 quia
1204 2226 1554 2295 cogitationes
1583 2238 1768 2278 eorum
1801 2220 2105 2276 deteSIabili

536 2315 705 2371 fetore
735 2318 1085 2380 eordcscunt;
1114 2314 1239 2389 spiri
1266 2331 1323 2367 us
1353 2314 1715 2381 procellarum,
1749 2313 1873 2365 dum
1924 2326 1986 2366 se
2033 2320 2115 2364 tu-

538 2412 802 2466 multuosa
838 2422 1013 2465 mente
1043 2408 1417 2468 confundunt;
1460 2423 1579 2475 pars
1606 2406 1779 2458 calicis
1824 2421 2020 2469 eorum,
2062 2403 2113 2457 id

538 2513 621 2557 est
677 2517 924 2556 mensura
971 2516 1072 2569 qua
1124 2499 1337 2567 pollutis
1380 2500 1583 2552 actibus
1610 2498 1906 2550 ebriantur.
1958 2494 2109 2548 Calic

540 2602 716 2648 autem
742 2602 797 2647 et
820 2594 869 2645 in
902 2592 1040 2644 bono
1066 2590 1279 2652 dicitur,
1314 2599 1370 2642 ut
1396 2596 1477 2641 est
1504 2606 1515 2641 :
1539 2587 1688 2640 Calia:
1721 2597 1838 2640 tuus
1860 2585 2116 2638 inebrians

540 2702 694 2755 quam
720 2684 996 2754 prazclarus
1036 2691 1109 2736 est
1143 2682 1312 2754 (Psal.
1347 2697 1483 2745 χχιι,
1502 2681 1554 2751 5)
1582 2683 1595 2734 i
1621 2680 1767 2733 Calix
1794 2680 1933 2732 enim
1968 2694 2116 2730 men-

541 2790 667 2830 sura
696 2783 783 2830 est
802 2790 902 2845 qua
937 2783 1184 2842 petantur
1204 2772 1420 2828 animm.
1447 2768 1595 2824 Catia:
1625 2782 1802 2826 autem
1829 2771 2025 2834 dictus,
2054 2783 2118 2822 eo

543 2869 683 2938 quod
733 2867 951 2921 assidue
993 2865 1220 2918 calidam
1274 2864 1446 2918 solt-at
1500 2862 1776 2929 suscipere
1824 2861 2116 2930 potionem.

544 2959 841 3014 Macrobius
866 2973 1076 3028 quoque
1100 2957 1440 3011 Theudosius
1473 2956 1526 3009 in
1560 2958 1787 3022 quodam
1827 2968 1993 3020 opere
2021 2967 2120 3006 suo

543 3061 756 3121 gentem
788 3049 917 3104 dicit
945 3051 1349 3118 Cylicranorum
1399 3048 1563 3102 fuisse
1608 3048 1759 3115 juxta
1808 3046 2117 3101 Heracleam

542 3143 909 3205 constitutam,
933 3138 1233 3207 composito
1260 3153 1452 3191 nomen
1483 3134 1583 3191 ἆπὸ
1607 3144 1695 3191 τοῦ
1719 3136 1956 3206 innexae,
1983 3135 2119 3200 quod

549 3232 725 3299 poculi
772 3246 938 3295 genus
990 3244 1091 3284 una
1149 3230 1320 3283 littera
1366 3230 1639 3281 immutata
1686 3230 1909 3282 calicem
1959 3227 2115 3281 dixit.

549 3321 701 3377 Unde
732 3321 832 3375 hoc
863 3336 1053 3375 nomen
1085 3323 1355 3375 memoriae
1381 3331 1587 3374 constat
1611 3321 1855 3373 inlisum.

620 3414 771 3469 Vers.
804 3414 855 3466 9.
893 3412 1149 3477 Quoniam
1183 3414 1359 3484 justus
1393 3412 1642 3466 Dominus
1679 3422 1728 3466 et
1772 3412 1999 3481 justitias
2039 3411 2119 3463 di-

546 3505 668 3560 lexit
688 3522 706 3559 :
723 3506 1012 3575 aequitatem
1036 3507 1155 3558 vida
1179 3508 1342 3559 vultus
1360 3511 1493 3576 ejus.
1532 3505 1611 3559 Fit
1634 3520 1844 3574 quoque
1874 3505 1941 3558 de
1957 3504 2120 3570 tequi-

546 3608 656 3652 tate
677 3599 859 3651 uterni
889 3596 1047 3665 Regis
1076 3597 1265 3651 decora
1295 3597 1588 3650 c0nclusio.
1620 3594 1827 3649 Iustum
1850 3597 1979 3649 dicit
2009 3594 2119 3648 Da-

546 3692 739 3744 minum
771 3690 1096 3760 atnareju~ti
1125 3689 1252 3753 iam,
1281 3690 1403 3757 quia
1436 3690 1603 3744 nescit
1644 3690 1778 3743 alios
1824 3691 2113 3758 rCSpicere,

547 3783 646 3835 nisi
671 3783 758 3849 qui
789 3782 1271 3835 uoruutcustodire
1294 3781 1575 3850 justitiam.
1625 3780 1861 3847 .Adjecit.
1906 3783 2120 3850 tequita-

542 3884 639 3926 tem
661 3872 781 3923 vidit
807 3872 973 3925 vultus
999 3873 1150 3942 ejus:
1183 3872 1234 3925 ill
1254 3887 1321 3925 tm
1363 3872 1567 3926 scilicot
1610 3873 1912 3941 aequitatem
1946 3887 2111 3940 quam

544 3973 717 4015 tamen
748 3965 1006 4030 propitius
1036 3965 1148 4031 ipse
1195 3964 1457 4020 concedit.
1493 3961 1609 4016 Non
1647 3966 1790 4017 enim
1826 3964 2114 4031 quidquam

544 4067 608 4104 ex
639 4067 697 4106 se
730 4052 879 4119 probi
925 4051 1223 4105 humanitas
1255 4053 1432 4111 habet.
1487 4051 1585 4106 nisi
1637 4054 1776 4121 quod
1811 4068 1838 4105 a
1892 4053 2118 4105 Domino

544 4140 801 4195 bonorum
832 4144 1065 4196 onmiuut
1091 4144 1386 4221 susceperit
1432 4144 1703 4213 largitore.
1762 4143 1943 4198 Vultus
1992 4158 2120 4196 vero

546 4234 631 4287 hic
663 4237 1040 4300 propitatioue
1064 4258 1090 4285 ιι
1125 4236 1335 4290 Domini
1369 4237 1653 4304 siguilimt.
1688 4236 1819 4291 Nam
1855 4246 1908 4290 et
1942 4237 1990 4287 in
2014 4237 2118 4290 alio

545 4325 655 4390 psnl
681 4340 746 4376 no
776 4327 1002 4395 legitur:
1045 4326 1226 4380 Vultus
1251 4341 1419 4379 autem
1463 4327 1667 4380 Domini
1695 4344 1846 4391 super
1877 4330 2119 4398 facientes

545 4416 680 4467 ntala
705 4415 1071 4481 (l’sul.xxxm,
1112 4418 1219 4485 i7).
1254 4420 1356 4471 Sed
1382 4405 1630 4487 quoniam
1663 4420 1746 4473 hic
1776 4421 1929 4480 dixit,
1963 4422 2120 4489 aqui-

545 4516 696 4558 tati-m
742 4509 887 4572 vidit,
937 4525 1030 4577 per
1075 4512 1377 4579 atquitatcm
1417 4511 1637 4580 gratiam
1668 4513 1831 4580 ipsius
1860 4510 1983 4567 fecit
2032 4514 2112 4566 in-

549 4596 733 4665 Ielligi.

1067 4689 1336 4744 Conclusio
1367 4692 1573 4763 psalmi.

613 4799 781 4866 Quam
810 4801 945 4855 bene
972 4805 1234 4858 versutias
1262 4806 1635 4859 It;iereticorttttt
1658 4816 1708 4860 et
1735 4807 2117 4861 retributiones

542 4909 726 4947 eorum
750 4896 981 4960 psalmus
1007 4900 1107 4950 iste
1130 4899 1352 4951 mirabili
1384 4900 1637 4952 brevitate
1666 4902 1978 4967 complexus
2001 4904 2116 4957 e-l!

546 4997 601 5040 ut
653 5004 877 5057 quorum
927 4990 1129 5043 futuras
1162 5008 1339 5057 pinnas
1385 4995 1723 5059 agnoscimus
1752 5032 1765 5054 ,
1820 4995 1886 5044 ab
1932 5009 2119 5047 eorum

546 5079 895 5146 pravitatibus
925 5098 1221 5137 arceantur.
1258 5084 1353 5138 Est
1382 5086 1522 5138 enim
1565 5087 1614 5137 in
1649 5103 1869 5139 munero
1902 5088 2017 5155 ipso
2063 5098 2118 5139 et

541 5174 712 5226 virtus
742 5184 922 5227 sancta
973 5175 1239 5243 Dccalogi,
1287 5178 1401 5244 qui.
1436 5180 1681 5233 bumanze
1722 5184 1842 5233 vine
1877 5188 2117 5249 provenit

541 5263 957 5332 gloriosissimus
1009 5265 1303 5321 institutor.
1352 5267 1482 5322 Nam
1524 5270 1663 5324 sicut
1705 5272 1793 5323 ille
1842 5272 2114 5325 hominum

544 5353 670 5409 vitia
698 5356 1042 5425 condemnat,
1068 5347 1145 5411 sic
1174 5366 1231 5413 et
1268 5359 1368 5413 iste
1395 5373 1616 5414 sensum
1644 5362 1836 5430 iniquae
1866 5364 2117 5430 prmdira-

546 5448 701 5499 tionis
728 5440 1036 5516 impugnat:
1072 5456 1268 5503 tant'ia
1316 5449 1519 5516 majore
1566 5452 1803 5519 periculo
1859 5453 2117 5515 liberans,

544 5547 742 5603 quanto
773 5540 889 5606 plus
919 5551 997 5594 est
1025 5544 1075 5596 in
1105 5542 1207 5596 ﬁde
1233 5542 1568 5614 delinquere.
1616 5562 1773 5614 quam
1805 5549 1983 5601 carnis
2008 5548 2116 5602 fra-

544 5629 738 5695 gilita'c
794 5645 1032 5695 peccare.
1070 5632 1257 5687 Merito
1300 5650 1426 5703 ergo
1480 5648 1532 5690 et
1578 5635 1661 5689 hic
1705 5638 1937 5704 psalmus
1984 5638 2118 5692 hunc

544 5735 821 5773 numerum
880 5733 1051 5788 tenet,
1104 5726 1190 5793 qui
1228 5742 1415 5781 sensus
1471 5739 1683 5782 nostros
1732 5730 1784 5782 in
1825 5730 2119 5784 orthodoxa

545 5814 856 5869 credulitate
886 5818 1269 5885 prrfcctisima
1308 5821 1637 5875 inlilu'innc
1665 5825 1959 5875 (‘oulitmaL
1992 5822 2116 5875 Nam

1777 366 1845 422 Μ.
1890 362 2172 421 AUllELll
2212 356 2609 417 CASSlODORi
2670 354 2673 359 ί

3710 355 3767 406 98

2134 485 2185 545 Α
2211 488 2263 534 et
2296 479 2348 532 in
2408 476 2699 546 Evangelia
2746 473 2897 546 (Luc.
2948 472 3085 541 xui,
3120 474 3289 529 bonus
3334 488 3519 531 servus
3555 472 3768 530 offerent

2208 570 2395 624 decem
2432 568 2626 621 talenta
2654 564 2901 618 laudatus
2922 572 3025 629 est,
3050 574 3103 619 et
3137 574 3450 632 potestatem
3494 578 3652 634 supra
3681 566 3762 617 de-

2203 677 2320 719 cem
2353 660 2600 715 civitates
2643 657 2850 727 accepit
2880 656 2933 710 in
2972 658 3269 725 praemium.
3310 656 3599 725 Apostolus
3646 672 3765 725 quo-

2205 768 2308 821 que
2332 753 2385 806 in
2406 764 2656 821 magnum
2680 757 3093 813 sacramentum,
3122 747 3354 802 Verbum
3374 746 3581 801 Domini
3600 747 3773 801 decent

2206 846 2419 915 scripsit
2448 843 2702 899 Ecelesiis
2728 858 2744 898 :
2774 841 3083 911 significans
3115 854 3282 895 sacrae
3313 841 3576 894 doctrina
3616 840 3777 908 pleni-

2210 936 2473 1004 tudinem,
2508 936 2644 990 hanc
2675 933 2958 1004 complecti
2991 934 3199 988 numeri
3244 934 3776 1001 quantitatem.vl\'am

2211 1037 2265 1084 et
2319 1041 2574 1082 numerus
2626 1027 2739 1095 ipse
2791 1026 2842 1080 in
2885 1039 3128 1093 magnam
3174 1022 3425 1080 virtutem
3466 1023 3779 1090 laudi-mque

2211 1122 2470 1176 collectus
2500 1128 2612 1183 est;
2641 1121 2728 1189 qui
2773 1118 2895 1174 licet
2919 1117 2971 1172 in
3003 1129 3282 1172 extensum
3335 1118 3624 1183 calculum,
3666 1118 3778 1172 inli-

2212 1214 2485 1280 nitumque
2511 1209 2779 1273 tendatur,
2816 1209 2927 1277 ipse
2957 1217 3130 1263 tamen
3163 1210 3213 1262 iu
3253 1209 3548 1276 semetipso
3580 1224 3783 1273 semper

2211 1304 2470 1360 crescenti
2497 1317 2704 1357 summa
2736 1301 3069 1365 revolvitur;
3095 1300 3360 1371 etprohe,
3394 1311 3452 1355 ut
3497 1315 3617 1355 cum
3650 1300 3772 1355 nihil

2213 1398 2433 1466 recipiat
2458 1405 2796 1459 extraneum,
2829 1410 3078 1465 magnum
3109 1394 3176 1449 de
3225 1408 3284 1448 se
3328 1397 3502 1449 facere
3548 1394 3784 1449 videatur

2215 1500 2575 1560 augmentum.
2599 1487 2694 1541 llic
2715 1488 2873 1540 etiam
2902 1488 3092 1541 merito
3110 1486 3301 1541 dicitur
3326 1485 3513 1552 decus,
3541 1485 3782 1555 quoniam

2215 1596 2241 1634 a
2269 1582 2467 1636 decore
2496 1594 2689 1633 nomen
2713 1576 2937 1645 accepit.

2523 1690 2886 1747 EXPOSITIO
2928 1690 2991 1744 ιΝ
3025 1688 3348 1745 PSALMUM
3389 1688 3479 1745 XI.

2430 1786 2498 1839 In
2526 1786 2677 1855 ﬁnem
2710 1800 2802 1853 pro
2824 1794 2998 1838 octava
3022 1785 3106 1837 die
3135 1783 3358 1871 psalmus
3389 1784 3572 1837 David.

2141 1861 2190 1920 Β
2288 1901 2498 1966 Octava,
2549 1911 2606 1955 ut
2652 1901 2705 1956 in
2758 1908 2912 1955 sexto
2966 1899 3177 1968 psalmo
3202 1898 3314 1968 jam
3357 1896 3552 1953 dictum
3576 1906 3681 1963 est,
3722 1896 3785 1953 ad

2214 2006 2469 2051 aeternam
2525 1996 2755 2065 pertinet
2818 1993 3101 2060 requiem;
3157 2007 3278 2046 nam
3334 2000 3582 2045 octavum
3637 1989 3775 2044 diem

2217 2087 2444 2143 mundus
2475 2088 2576 2141 iste
2604 2102 2707 2142 non
2728 2085 2941 2155 recipit,
2974 2084 3067 2138 sed
3093 2083 3242 2138 linito
3302 2084 3529 2150 septimo
3577 2095 3785 2149 semper

2215 2181 2354 2235 redit
2376 2180 2441 2234 ad
2474 2182 2728 2249 primum.
2781 2178 2846 2233 1n
2887 2176 3003 2232 istis
3049 2176 3191 2231 enim
3221 2174 3411 2230 dielms
3459 2174 3677 2244 pluralis
3705 2182 3788 2228 est

2218 2284 2503 2324 numerus:
2532 2270 2621 2325 ille
2648 2279 2826 2323 autem
2872 2268 3157 2339 singularis
3188 2266 3471 2335 accipitur,
3510 2265 3599 2335 qui
3645 2263 3787 2318 nullo

2217 2362 2539 2417 succedente
2570 2370 2823 2416 mutatur.
2858 2359 3195 2429 Quapropter
3244 2356 3470 2412 dicenda
3503 2355 3670 2410 virtus
3710 2366 3793 2410 est

2219 2455 2429 2524 psalmi,
2463 2464 2521 2508 ut
2548 2470 2641 2521 per
2662 2452 2778 2523 ejus
2811 2452 3158 2506 intentionem
3192 2450 3472 2518 inscriptio
3495 2449 3631 2503 tituli
3664 2447 3794 2502 iacio

2220 2548 2322 2603 lius
2344 2547 2512 2616 possit
2533 2545 2776 2614 intelligi.
2806 2544 2945 2600 Petit
2972 2544 3150 2611 itaque
3177 2541 3438 2613 propheta
3467 2542 3797 2609 iniquitatem

2220 2638 2399 2692 mundi
2428 2636 2596 2691 istius
2642 2637 2885 2701 destrui,
2931 2645 2989 2690 ut
3029 2635 3093 2688 ad
3119 2635 3266 2688 illam
3295 2635 3575 2689 veritatem
3597 2631 3786 2687 futuras

2219 2728 2588 2795 promissionis
2609 2726 2802 2780 debeat
2832 2724 3118 2793 perveniri.
3146 2724 3235 2780 Sic
3264 2725 3396 2779 illud
3431 2724 3790 2792 imperturba-

2222 2820 2326 2873 bile
2347 2834 2567 2888 regnum
2591 2819 2945 2887 signiﬁcatur,
2994 2817 3209 2887 quando
3249 2815 3365 2887 ejus
3396 2814 3673 2871 beatitudo
3719 2814 3798 2869 itt-

2222 2912 2531 2966 desinenter
2561 2913 2846 2982 expetitur.
2880 2910 3067 2965 Merito
3120 2911 3229 2984 45
3260 2925 3386 2979 ergo
3428 2910 3550 2965 huic
3594 2910 3798 2979 psalmo

2223 3012 2445 3055 octavus
2486 3002 2603 3055 dies
2629 3009 2839 3070 aptatus
2878 3013 2980 3069 est,
3014 3002 3102 3057 ubi
3154 3002 3335 3057 saeculi
3366 3002 3522 3057 istius
3561 3017 3798 3057 censue.

2230 3092 2359 3146 tudo
2384 3094 2571 3148 vitiosa
2595 3093 2881 3161 deseritur,
2917 3102 2971 3147 ct
2994 3093 3137 3148 illius
3164 3094 3352 3149 venire
3375 3095 3681 3149 innocentia
3708 3109 3801 3162 po-

2226 3184 2475 3238 Stulatttr.
2510 3184 2714 3239 Czetera
2752 3200 2879 3240 vero
2911 3185 3069 3255 hujus
3100 3186 3239 3240 tituli
3289 3187 3449 3241 verba
3493 3186 3800 3256 prrecedi-n-

2226 3275 2366 3329 tibus
2398 3277 2824 3345 expositionibus
2850 3282 3143 3345 preliantur
3171 3294 3288 3332 esse
3323 3278 3617 3333 notissima.

2792 3389 2984 3445 Divisio
3028 3392 3232 3461 psalmi.

2292 3506 2468 3561 Prima
2500 3518 2648 3576 parte
2682 3508 2936 3577 propheta
2970 3524 2997 3562 a
3032 3510 3213 3562 mundi
3244 3509 3395 3563 istius
3444 3511 3800 3577 perversitate

2220 3600 2423 3654 salvum
2455 3615 2513 3655 se
2544 3601 2674 3668 petit
2707 3600 2819 3656 ﬁeri
2843 3645 2857 3669 ,
2891 3602 3137 3670 quoniam
3179 3601 3348 3655 doloai
3395 3611 3555 3671 atque
3586 3606 3800 3671 superbi

2222 3692 2510 3758 potentiam
2547 3692 2755 3746 Domini
2784 3693 3065 3748 sceleratis
3107 3693 3534 3750 oblocutiouibus
3573 3696 3810 3764 abnega-

2223 3783 2368 3836 baut.
2403 3782 2649 3837 Secunda
2680 3783 3091 3849 promissionem
3127 3784 3294 3840 Patris
3342 3800 3435 3855 per
3471 3787 3811 3854 omnipnten-

2223 3884 2334 3929 tem
2364 3874 2553 3929 Filium
2581 3875 2834 3943 przedieat
2853 3890 2974 3930 esse
3000 3876 3296 3931 faciendam
3323 3893 3337 3930 :
3364 3877 3575 3947 eloquia
3601 3878 3814 3933 Domini

2220 3970 2322 4020 sub
2346 3968 2606 4023 brevitate
2626 3967 2960 4034 collaudans,
2982 3968 3119 4023 sicut
3144 3969 3292 4037 prius
3311 3984 3591 4027 sermones
3616 3970 3816 4040 impios

2220 4062 2496 4130 arguchat.

2747 4154 3020 4224 Expositio
3067 4158 3275 4226 psalmi.

2298 4264 2451 4318 Vcrs.
2492 4267 2544 4320 1.
2594 4265 2807 4320 Salvum
2833 4283 2911 4320 me
2938 4271 3056 4337 fac,
3088 4266 3332 4332 Domine,
3358 4267 3601 4335 quoniam
3633 4268 3821 4338 defecit

2226 4366 2429 4408 sanctus
2456 4370 2473 4408 :
2497 4356 2740 4424 quoniam
2767 4357 3031 4411 diminuta:
3055 4367 3172 4412 sunt
3195 4358 3423 4413 veritates
3449 4374 3479 4410 a
3506 4358 3632 4426 [iliis
3651 4356 3829 4411 homi-

2224 4463 2367 4499 num.
2403 4447 2652 4501 Studiose
2681 4447 3028 4501 discutiamus
3073 4447 3172 4503 hoc
3217 4448 3535 4518 principium
3587 4449 3823 4516 psalmi,

2227 4538 2477 4605 quoniam
2502 4553 2811 4608 magnorum
2837 4540 3166 4593 schematum
3190 4538 3383 4593 decore
3396 4541 3684 4593 formatum
3709 4552 3823 4595 esu

2148 4608 2194 4663 υ
2231 4631 2501 4683 Exclamat
2527 4633 2670 4684 enim
2702 4631 2767 4684 ad
2806 4632 3083 4685 Dominum
3116 4632 3295 4686 subito
3327 4632 3584 4702 propheta
3608 4675 3623 4696 ,
3665 4645 3719 4685 ιιι
3756 4635 3832 4687 de

2229 4721 2339 4785 ipsa
2385 4723 2669 4776 formidine
2701 4734 2957 4790 appareat
2992 4723 3214 4791 periculi
3247 4725 3573 4793 magn‘tudo.
3614 4724 3832 4779 Deinde

2231 4824 2325 4877 per
2379 4811 2599 4877 figurant
2647 4813 3118 4882 synathroesmos,
3170 4828 3339 4879 usque
3386 4813 3451 4866 ad
3491 4813 3831 4867 divisioncm

2229 4914 2508 4971 congregat
2558 4906 2750 4964 multa,
2798 4919 2917 4971 qum
2963 4905 3155 4957 titnuit.
3204 4905 3355 4971 Quod
3407 4905 3622 4959 schema
3678 4907 3833 4959 inter

2231 4996 2637 5047 violentissimas
2668 4996 2865 5062 ﬁguras
2897 4997 3174 5063 accipitur,
3207 4999 3420 5066 quando
3452 5000 3699 5067 plurimm
3736 5015 3835 5051 res

2230 5087 2280 5138 iu
2311 5102 2493 5150 unum,
2519 5096 2574 5140 et
2601 5089 2761 5139 multa
2784 5088 3011 5141 crimina
3033 5088 3376 5156 colliguntur.
3402 5091 3533 5144 Nam
3562 5104 3686 5143 cum
3722 5092 3839 5144 hoc

2227 5180 2478 5231 sa-cnlum
2517 5180 2806 5245 restriceret
2834 5182 3039 5233 animas
3071 5180 3469 5236 multiformiter
3498 5182 3795 5251 ingravare
3817 5224 3839 5246 ,

2224 5272 2423 5321 salvum
2445 5284 2503 5322 se
2527 5272 2658 5335 petit
2684 5286 2712 5322 a
2738 5270 2965 5324 Domino
2985 5271 3118 5339 ﬁeri,
3147 5272 3282 5338 apud
3313 5288 3473 5341 quem
3503 5288 3685 5327 verant
3715 5288 3842 5325 mc-

2226 5359 2461 5413 dicinain
2494 5370 2712 5415 noverat
2744 5360 2974 5416 inveniri
3010 5378 3025 5416 :
3060 5375 3297 5416 sanctum
3327 5363 3512 5418 dicens
3538 5365 3738 5418 abesse
3762 5364 3841 5418 de

2231 5452 2450 5516 mundo,
2492 5452 2582 5505 ubi
2626 5460 2768 5505 tanta
2807 5452 3064 5507 malorum
3100 5455 3274 5507 inesse
3303 5459 3651 5524 cognosidtur
3685 5454 3843 5506 mul-

2228 5544 2417 5598 titudo.
2440 5543 2580 5611 Hoc,
2612 5554 2869 5613 quantum
2900 5546 2966 5598 ad
3001 5545 3243 5601 homines
3285 5549 3513 5616 pertinet
3537 5586 3554 5614 ,
3586 5546 3839 5610 dicitur;

2225 5648 2474 5691 (tuleram
2508 5636 2599 5691 ille
2632 5635 2825 5706 ubique
2856 5651 3095 5708 praiscns
3128 5652 3248 5694 esse
3272 5640 3629 5708 cognoscitur.
3662 5639 3735 5695 Et
3766 5657 3847 5697 nc

2227 5729 2507 5783 il'lbel't'lllt‘
2530 5732 2851 5800 ambiguum,
2879 5731 3019 5801 quod
3043 5730 3202 5800 dixit,
3229 5731 3409 5801 defecit
3433 5742 3660 5799 sanctus,
3691 5748 3848 5788 con-

2227 5823 2461 5891 sequitur
2497 5824 2597 5876 dim
2612 5825 2765 5877 'uu'at
2796 5835 2904 5879 esse
2934 5828 3165 5879 t'rr‘tatcs
3195 5843 3221 5873 ο
3250 5823 3373 5895 ﬁliis
3402 5826 3683 5881 hominum.
3720 5829 3848 5882 Ali-
