4008 6182
214 192 270 245 97
1171 186 1530 244 EXPOSITIO
1568 187 1633 243 iN
1674 186 1792 243 PSA

1906 187 2133 243 ειιιωί.
2179 187 2366 244 PSAL.
2417 190 2501 246 XI.
3423 204 3489 256 03

211 318 282 357 ter
307 306 456 359 enim
488 314 690 360 sanctus
718 306 935 375 d.ﬁrera
964 321 1066 360 non
1111 317 1342 376 putarat,
1378 305 1477 360 nisi
1508 305 1689 359 fuisset
1721 306 1796 357 iu-
1832 306 1878 362 Α
1908 314 2074 370 munt,
2106 313 2161 358 et
2190 315 2394 375 ponunt
2436 307 2489 361 in
2531 310 2741 379 prOpria
2775 323 3069 380 potestate,
3118 318 3255 385 quod
3290 336 3345 372 se
3391 320 3487 373 de-

208 408 279 447 trr
331 396 581 448 homines
626 397 826 449 veritas
874 394 1176 451 imminuta.
1224 397 1376 462 Quod
1422 405 1791 464 argumentum

209 488 396 539 dii-itur
423 502 453 540 a
485 487 954 554 consequentibus,
984 488 1200 557 quando
1230 487 1357 542 illud
1389 489 1528 558 quod
1565 488 1798 555 praemit-

210 574 350 639 titur,
394 578 637 646 sequenti
670 577 903 632 dietione
935 579 1195 631 tinuatur.
1235 578 1426 632 Verum
1462 594 1580 631 cum
1624 578 1749 631 dicit
1780 620 1791 639 ,

168 674 173 677 '
209 669 520 731 diminutas,
551 670 839 738 depravata
893 670 983 745 Dei
1034 685 1256 723 munera
1300 672 1470 739 culpis
1517 669 1793 723 hominum

209 762 483 815 evidenter
510 763 767 825 ostendit,
799 764 886 833 qui
917 763 1105 815 collata
1151 762 1252 816 sibi
1294 762 1547 816 beneﬁcia
1586 764 1796 829 propria

211 853 557 918 perversitate
601 854 1014 905 commaculant.
1062 852 1123 905 Et
1165 852 1479 905 intuendum
1511 851 1649 917 quod
1682 851 1799 917 plu-

208 940 293 993 rali
324 956 561 993 numero
590 950 716 994 sunt
750 943 933 1005 positas
964 945 1227 1005 veritates,
1256 957 1378 995 cum
1413 955 1513 994 una
1548 943 1615 994 sit
1655 940 1795 994 veri-

208 1044 298 1082 tas.
323 1032 433 1085 Sed
461 1049 583 1085 cum
612 1033 775 1084 virtus
800 1031 917 1101 ejus
943 1050 1036 1100 pvr
1061 1048 1495 1102 unumquemque
1525 1032 1794 1084 hominem

207 1124 409 1176 rtelesti
435 1122 839 1189 dispensatione
866 1124 1136 1187 tribuitur,
1158 1125 1347 1176 multas
1369 1137 1489 1177 esse
1513 1132 1791 1175 testamur.

209 1214 265 1268 ιιι
294 1216 485 1269 direre
513 1216 751 1267 solemus
782 1216 1055 1281 praphetia
1100 1214 1261 1269 David
1281 1256 1295 1278 ,
1330 1214 1607 1283 prophetia
1639 1214 1792 1268 .lere-

208 1309 343 1368 mie,
375 1307 723 1376 Evangelium
752 1307 1009 1371 Matthxi,
1036 1309 1381 1376 Evangelium
1413 1307 1632 1362 Joannis
1652 1348 1667 1372 ,
1694 1322 1799 1360 ca:-

209 1408 477 1466 tcrosque,
511 1399 600 1466 qui
632 1400 791 1467 hujus
816 1401 891 1453 rci
925 1400 1127 1453 honore
1150 1400 1443 1453 ﬂoruerunt
1476 1417 1489 1451 :
1525 1398 1596 1452 ita
1624 1406 1675 1452 et
1704 1414 1795 1451 ve-

209 1490 387 1543 ritates
434 1491 810 1553 euuntiamus,
861 1490 1072 1559 quando
1119 1491 1349 1559 qua?itas
1389 1488 1505 1558 ejus
1537 1506 1631 1559 per
1660 1490 1798 1544 indi-

210 1580 394 1635 viduas
446 1592 629 1650 partes
677 1583 926 1636 hominis
976 1583 1249 1637 mentibus
1297 1582 1519 1636 Domini;
1550 1584 1795 1651 largitate

1906 409 2109 453 mentes
2132 416 2160 453 a
2187 402 2294 457 Deo
2317 417 2419 457 non
2447 404 2741 477 intelligunt
2770 408 3058 476 accepisse.
3090 410 3195 465 llos
3219 414 3486 480 paulisper

1903 491 2190 561 interrogo,
2224 510 2385 562 quare
2416 513 2518 549 non
2550 508 2673 551 sunt
2702 500 2920 566 garruli.
2954 518 3073 555 cum
3100 507 3481 572 supervenien-

1902 581 2041 635 tibus
2070 584 2212 638 curis
2241 586 2447 652 stupida
2484 589 2843 641 taciturnitate
2871 593 3146 645 constricti
3180 599 3343 646 sint“!
3379 596 3483 649 De-

1904 673 2123 744 ﬁgentes
2150 679 2291 732 enim
2325 680 2500 733 vultus
2533 681 2584 733 in
2614 690 2835 744 terram,
2868 682 3119 736 claudunt
3148 687 3277 739 osia
3314 687 3485 741 libio-

1904 783 2048 834 rum;
2082 781 2132 823 et
2165 780 2414 840 tanquam
2450 772 2681 842 linguam
2718 775 3073 839 perdiderint,
3123 778 3198 832 sic
3243 781 3484 835 contusis

1903 859 2166 913 mentibus
2223 863 2616 918 obmutescunt.
2674 866 2820 918 Adle
2879 868 3249 935 argritudiuum
3310 875 3487 924 varios

1900 964 2085 1015 casus;
2133 959 2187 1003 ut
2232 949 2538 1019 frequenter
2584 969 2684 1006 non
2732 954 2800 1007 sit
2852 956 3071 1009 idooeus
3114 958 3290 1012 cibum
3332 971 3483 1026 pete-

1899 1054 1995 1103 re,
2053 1038 2142 1106 qui
2195 1041 2476 1094 videbatur
2528 1042 2595 1095 de
2652 1044 2915 1098 labiorum
2973 1062 3033 1101 se
3088 1060 3349 1114 potestate
3396 1051 3483 1118 ja-

1903 1140 2069 1185 ctare.
2105 1131 2251 1184 Tunc
2281 1132 2407 1197 ipsi,
2442 1136 2485 1186 si
2522 1148 2773 1201 possunt,
2806 1138 2981 1192 dicant
3019 1157 3031 1191 :
3069 1139 3225 1192 Labia
3256 1153 3425 1193 nostra
3456 1161 3488 1195 (ι

1901 1220 2043 1273 nobis
2072 1231 2191 1273 sunt
2224 1237 2241 1274 :
2276 1221 2398 1285 Quis
2431 1237 2600 1277 noster
2644 1236 2714 1278 est
2760 1226 3052 1282 Dominus?
3083 1231 3222 1283 Istud
3272 1243 3445 1285 autem
3467 1272 3483 1298 ,

1905 1310 2027 1376 Quis
2077 1322 2246 1364 noster
2286 1324 2355 1365 est
2390 1313 2678 1368 Dominzu?
2706 1318 3095 1386 Sacrilegorum
3140 1322 3298 1375 verba
3333 1338 3489 1389 repe-

1906 1409 2109 1455 tuntur.
2144 1404 2272 1469 Quae
2304 1405 2469 1473 ﬁgura
2509 1405 2703 1460 dit-itur
2732 1407 3061 1479 antisagoge,
3090 1411 3138 1463 id
3165 1421 3247 1466 est
3276 1422 3489 1467 contra-

1904 1491 2090 1547 dictio.

1979 1583 2123 1639 Vers.
2168 1586 2218 1639 5.
2271 1583 2487 1656 PrOpler
2536 1588 2795 1642 miseriam
2841 1592 3087 1657 inopum,
3143 1602 3191 1647 et
3243 1597 3488 1664 gemitum

209 1684 507 1736 prematur.
533 1672 720 1726 Potest
742 1673 901 1726 etiam
927 1684 979 1727 et
1002 1674 1069 1728 ad
1097 1673 1339 1727 .ludazum
1369 1676 1618 1743 populum
1648 1689 1793 1728 com-
1827 1675 1874 1733 Β
1901 1692 2198 1746 pauperum,
2233 1693 2366 1730 nunc
2386 1695 2674 1748 exsurgam,
2704 1681 2826 1734 dicit
2861 1682 3129 1739 Dominus.
3162 1686 3215 1739 lu
3251 1687 3331 1741 his
3358 1689 3429 1742 du
3453 1709 3492 1738 l-

206 1774 451 1830 petenter
489 1764 693 1833 aptari,
734 1764 825 1835 qui
862 1766 1016 1820 donis
1042 1766 1356 1820 caelesdbus
1385 1780 1643 1820 vacuatus
1673 1781 1794 1819 cre-

206 1855 335 1909 dere
382 1870 492 1909 noa
544 1857 732 1923 voluit,
780 1871 937 1926 quem
986 1866 1253 1911 tantorum
1304 1855 1596 1910 videntium
1645 1858 1795 1909 turba

206 1947 565 2015 prophetarit.

272 2039 430 2092 \‘ers.
474 2039 530 2091 ἲ.
587 2036 728 2091 Vana
771 2038 927 2092 locuti
957 2049 1072 2092 sunt
1118 2039 1464 2109 unusquisque
1509 2038 1575 2091 ad
1619 2037 1792 2107 proxi-

205 2146 340 2182 Ilum
366 2148 516 2184 suum
548 2146 567 2184 :
598 2132 733 2184 labia
763 2133 941 2184 dolosa
968 2132 1019 2185 in
1044 2133 1215 2190 corde.
1248 2139 1295 2184 et
1325 2132 1478 2183 corde
1498 2130 1654 2181 locuti
1678 2137 1796 2181 sunt

215 2225 370 2275 uiola.
405 2221 579 2287 Vana,
602 2223 731 2275 falsa
757 2221 1206 2291 signiﬁcat,juxta
1232 2221 1358 2276 illud
1385 2220 1526 2289 quod
1553 2222 1796 2286 superius

211 2313 365 2378 dixit,
392 2316 663 2367 diminuta
682 2324 798 2367 sunt
822 2316 1053 2381 veritates
1079 2329 1111 2365 a
1133 2313 1256 2379 [iliis
1276 2313 1560 2377 hominum,
1584 2310 1797 2379 quando

219 2422 405 2463 contra
445 2410 725 2475 Dominum
757 2408 1029 2463 Christum
1060 2408 1361 2461 testimonia
1388 2406 1717 2483 querebant,
1748 2414 1797 2457 ct

212 2501 536 2569 semctipsos
563 2502 738 2569 pravis
770 2500 1223 2554 susurrationibus
1250 2499 1574 2552 excitabant.
1612 2496 1795 2549 Proxi-

206 2613 313 2648 mos
350 2607 535 2649 autem
586 2595 883 2664 signiﬁcat,
918 2610 1021 2647 nun
1072 2607 1177 2647 tam
1220 2594 1539 2663 cnguatione
1585 2594 1796 2663 generis

205 2702 356 2751 quiin
384 2686 612 2740 sceleris
657 2686 1064 2753 participatione
1092 2686 1349 2739 sociatos.
1375 2684 1504 2738 Nam
1535 2683 1675 2750 quod
1717 2684 1797 2737 di-

208 2788 292 2841 cit,
326 2780 379 2829 in
414 2776 571 2829 corde
592 2819 605 2841 ,
635 2786 681 2829 et
708 2777 862 2829 corde
889 2792 906 2828 :
940 2777 1150 2843 quoties
1184 2772 1426 2829 volumus
1455 2775 1675 2829 dolosos
1702 2790 1797 2827 ex-

215 2871 357 2938 prim!
386 2883 481 2931 re,
530 2868 766 2937 duplicia
808 2884 991 2921 eorum
1038 2868 1197 2921 corda
1241 2868 1605 2931 declaramus;
1661 2868 1797 2921 sicut

208 2958 433 3015 Iacobus
460 2959 595 3013 dicit
644 2977 656 3011 :
701 2948 793 3012 Vir
837 2959 1029 3028 duplex
1076 2961 1245 3011 animo
1291 2961 1585 3012 inconstans
1628 2968 1699 3010 est
1740 2960 1792 3011 in

1902 1767 1999 1820 bus
2046 1767 2287 1821 versibus
2336 1769 2601 1823 subtiliter
2651 1770 2821 1825 Patris
2870 1784 2923 1827 et
2972 1774 3090 1827 Filii
3141 1776 3483 1839 ios;-iciend.e

1909 1875 2151 1927 persona:
2180 1869 2326 1923 sunt,
2361 1872 2418 1913 ut
2450 1861 2602 1915 nobis
2646 1864 3008 1934 intelligentia:
3038 1866 3281 1920 cool'usio
3325 1884 3419 1937 pos
3452 1872 3492 1923 it

1900 1950 2117 2003 auferri.
2160 1949 2291 2003 Nam
2341 1962 2619 2020 postquam
2674 1962 2846 2021 arguit
2892 1971 2985 2008 eos
3032 1958 3118 2024 qui
3170 1959 3234 2010 de
3278 1960 3488 2014 ltoinini

1902 2041 2174 2095 fumleudo
2204 2042 2460 2110 sanguine
2493 2053 2876 2107 tractaverunt.
2913 2048 3056 2101 venit
3097 2048 3161 2101 ad
3195 2050 3485 2105 secundam

1906 2140 2109 2199 partem
2130 2173 2141 2192 ,
2174 2131 2221 2181 in
2253 2146 2356 2200 qua
2387 2135 2641 2199 propheta
2675 2148 2806 2188 voce
2840 2136 3008 2188 l’attis
3041 2142 3484 2195 re~urrectionem

1912 2224 2172 2291 promittit
2205 2223 2412 2276 Domini
2461 2224 2770 2279 Salvatoris.
2810 2228 2994 2280 Aliena
3032 2232 3176 2283 enim
3209 2232 3368 2284 Verba
3402 2248 3487 2286 re-

1902 2314 2042 2369 ferre
2066 2331 2370 2384 possumus,
2394 2331 2514 2371 cum
2542 2329 2715 2372 tamen
2743 2335 2984 2387 personre
3009 2333 3205 2376 nostra:
3229 2340 3333 2377 non
3365 2341 3482 2378 mll-

1910 2418 2083 2461 tatnus
2126 2407 2420 2477 eloquium.
2470 2408 2836 2482 Intelligatuus
2882 2422 3058 2465 autem
3110 2430 3227 2482 qua:
3279 2416 3349 2468 sit
3403 2418 3489 2471 hic

1912 2498 2083 2565 pietas
2112 2496 2402 2561 Creatoris,
2430 2501 2643 2567 quando
2674 2511 2883 2571 propter
2911 2506 3163 2557 miseriam
3185 2507 3412 2571 inopum,
3439 2518 3491 2563 et

1903 2589 2141 2656 gemitum
2166 2605 2450 2659 pauperum
2473 2590 2793 2643 clartﬁeatus
2815 2606 2894 2646 est
2920 2594 3176 2648 Dominus
3196 2594 3441 2649 Christus
3469 2614 3482 2649 :

1900 2695 1966 2733 ne
1997 2680 2113 2747 ejus
2144 2680 2330 2735 ﬁdeles
2362 2680 2561 2734 diutina
2595 2683 2933 2738 tribulatione
2973 2680 3355 2755 gravarentur.
3379 2686 3487 2740 Er-

1898 2787 2137 2841 surgam,
2190 2770 2555 2839 metaphorice
2609 2773 2806 2827 dictum
2860 2785 2942 2829 est
2994 2777 3140 2830 illum
3196 2794 3487 2847 exsurgere

1899 2861 1989 2930 qui
2016 2862 2187 2914 nescit
2216 2860 2445 2914 humana
2480 2860 2843 2916 imbecillitate
2866 2865 3142 2919 recubare.
3170 2865 3272 2919 Sed
3300 2881 3486 2921 exaur-

1897 2966 2015 3021 gam
2047 2952 2196 3013 dicit,
2240 2954 2532 3021 apparebo,
2581 2961 2635 3005 et
2678 2953 3062 3008 mauilestabor
3095 2956 3146 3009 in
3182 2956 3335 3010 Filio.
3365 2957 3481 3011 Uni

208 3051 438 3102 omnibus
457 3051 553 3102 riis
573 3048 680 3101 suis
708 3047 853 3115 (Jac.
884 3064 922 3113 ι,
952 3047 1035 3117 8).
1068 3048 1290 3115 Quando
1314 3056 1492 3101 autem
1525 3048 1795 3114 simplices
1823 3044 1870 3109 C
1902 3046 2041 3099 enim
2092 3044 2295 3108 virtus,
2347 3053 2403 3098 et
2454 3043 2741 3098 indiscreta
2792 3045 3042 3113 maje~tas
3093 3056 3193 3101 est.
3250 3053 3483 3118 Apparet

208 3145 451 3207 cupimus
498 3141 771 3206 indicare,
825 3156 985 3194 umuu
1029 3155 1123 3195 eor
1160 3141 1210 3193 in
1250 3140 1328 3195 eis
1359 3156 1478 3195 esse
1510 3149 1785 3205 testamur,

207 3233 334 3286 sicut
366 3234 421 3285 in
468 3231 689 3285 Actibus
727 3246 794 3300 ap
815 3232 1090 3284 istolorum
1136 3231 1329 3301 legitur
1376 3248 1387 3281 :
1436 3228 1782 3282 Multitudinis

208 3336 372 3378 autem
402 3325 718 3376 credentium
759 3334 869 3376 erat
911 3340 999 3376 cor
1029 3339 1185 3375 unum
1215 3333 1261 3374 et
1290 3322 1461 3373 anima
1505 3337 1607 3373 una
1636 3320 1784 3391 (Act.

215 3432 281 3481 tv,
306 3415 379 3470 52
402 3415 444 3483 ).
475 3417 565 3468 Sic
592 3424 647 3468 et
674 3413 939 3481 bilingues
968 3412 1217 3477 dicimus,
1242 3413 1329 3479 qui
1359 3413 1414 3465 in
1445 3427 1546 3465 una
1576 3419 1789 3465 senten-

213 3508 279 3558 tia
309 3507 533 3559 minime
562 3515 931 3573 perseverant.
979 3504 1043 3557 Et
1087 3503 1294 3571 respice
1344 3502 1627 3572 praedictas
1671 3518 1785 3568 res,

213 3597 378 3665 qualis
409 3595 567 3649 fuerit
592 3610 773 3649 secuta
801 3594 1061 3650 sententia
1094 3610 1108 3646 :
1139 3592 1320 3645 Locuti
1348 3600 1466 3646 sunt
1498 3591 1790 3646 mata..Ne-

213 3704 359 3742 cessa
411 3699 496 3742 est
543 3690 684 3740 enim
732 3700 788 3741 ut
830 3686 965 3740 mala
1012 3685 1378 3755 loquerentur,
1427 3683 1515 3752 qui
1562 3683 1789 3752 duplicia

211 3786 368 3834 corda
401 3782 696 3850 gestabant.

282 3868 531 3929 νει-ἱνὸ.
576 3870 845 3943 Dirperdat
881 3869 1131 3923 Dominus
1159 3873 1389 3935 universa
1415 3870 1550 3923 labia
1578 3868 1754 3924 dolosa
1772 3911 1785 3935 ,

211 3978 252 4019 et
281 3968 513 4036 linguam
552 3966 954 4035 magniloquam.
988 3964 1242 4032 Sequitur
1274 3967 1536 4019 sententia
1568 3978 1790 4033 genera-

212 4063 301 4124 ls;
330 4063 469 4113 sicut
509 4059 647 4113 solet
686 4060 800 4127 lege
832 4058 1057 4121 sanciri,
1089 4058 1299 4126 quando
1331 4072 1467 4110 unus
1500 4064 1705 4125 peccat,
1737 4065 1792 4109 et

207 4151 514 4205 universale
556 4151 751 4204 malum
785 4150 1043 4203 severitas
1090 4150 1416 4217 promulgata
1448 4150 1788 4203 condemnat.

208 4242 484 4314 Diipadat
511 4283 526 4305 ,
570 4251 753 4297 contra
784 4241 1160 4296 adunationem
1210 4241 1407 4294 dicitur
1451 4240 1787 4304 .ludzeorum;

208 4344 263 4387 ut
313 4335 515 4403 passim
565 4344 804 4401 pereant,
849 4332 938 4401 qui
972 4332 1023 4387 iu
1054 4346 1156 4385 una
1183 4326 1245 4385 'se
1274 4332 1533 4400 pravitate
1564 4333 1790 4401 college-

1900 3135 2041 3189 euitu
2094 3144 2147 3188 et
2194 3135 2563 3207 manifestatur
2610 3135 2766 3188 Pater
2812 3137 2863 3191 in
2906 3137 3062 3203 Filio,
3107 3140 3242 3192 sicut
3289 3145 3400 3207 ipse
3431 3142 3481 3195 iu

1891 3225 2000 3296 [ιε
2049 3225 2335 3294 Evangelio
2365 3224 2487 3279 dicit
2524 3243 2534 3277 :
2591 3225 2692 3292 Qui
2730 3244 2807 3280 me
2838 3228 2987 3292 videt,
3020 3232 3150 3282 videt
3183 3240 3229 3282 et
3270 3229 3481 3285 Patrum

1893 3314 2083 3386 (Joon.
2118 3332 2223 3382 λιν,
2258 3318 2288 3369 9

1966 3405 2119 3458 Vers.
2161 3405 2213 3459 6.
2257 3404 2461 3457 Ponam
2508 3422 2659 3476 super
2702 3407 2921 3460 salutari
2972 3425 3080 3461 meo
3123 3424 3143 3463 :
3176 3411 3485 3477 [idttrinliter

1893 3511 2041 3562 agam
2073 3495 2122 3547 in
2150 3510 2228 3547 eo.
2263 3493 2502 3549 Salutare
2530 3512 2687 3549 suum
2718 3497 2844 3549 dicit
2868 3496 3025 3551 Pater
3053 3497 3281 3568 Verbum
3307 3515 3481 3567 suum,

1894 3588 2033 3658 quod
2059 3597 2139 3641 est
2160 3602 2287 3641 caro
2313 3588 2530 3652 factum,
2559 3604 2650 3655 per
2673 3589 2811 3655 quod
2840 3590 2941 3640 vita
2970 3592 3287 3644 mortalibus
3310 3594 3476 3656 venit,

1895 3680 2019 3732 dum
2051 3682 2225 3733 omnis
2254 3680 2479 3733 credens
2510 3681 2734 3734 salutem
2765 3681 2982 3749 copiosa
3018 3682 3258 3753 largirale
3288 3699 3483 3740 conse-

1895 3773 2091 3841 quitur.
2127 3773 2189 3826 Et
2216 3772 2342 3841 quld
2374 3787 2535 3842 super
2561 3789 2681 3827 eum
2714 3774 2900 3842 ponit?
2921 3774 3354 3832 Consolationem
3381 3780 3485 3832 sci-

1898 3861 2040 3926 licet,
2062 3879 2217 3931 quam
2243 3865 2488 3930 superius
2508 3864 2641 3916 dixit
2664 3864 2878 3933 inopum
2904 3876 2953 3918 et
2980 3880 3117 3934 paup
3140 3883 3268 3919 1'qu
3296 3886 3308 3920 :
3338 3869 3480 3936 quod

1898 3954 2120 4007 Domino
2185 3953 2471 4009 Salvatore
2507 3968 2837 4023 resurgente,
2896 3955 3137 4010 ﬁdelibus
3171 3963 3481 4024 provenisse

1896 4045 2233 4099 manifeStum
2265 4054 2363 4098 est.
2401 4043 2736 4097 Fiducialiter
2765 4062 2913 4116 agam
2938 4061 2956 4098 :
2978 4030 3211 4113 potestas
3239 4050 3482 4114 omnipo-

1896 4138 2076 4191 tentiae
2107 4147 2340 4204 paterna:
2371 4135 2701 4200 declaratur,
2745 4138 2865 4204 quia
2908 4151 3092 4190 revera
3138 4137 3224 4190 ille
3265 4138 3486 4205 ﬁducia-

1898 4234 2017 4286 titrr
2043 4234 2170 4303 agit.
2198 4232 2348 4297 enjus
2375 4230 2633 4283 voluntati
2664 4232 2839 4283 nullus
2865 4232 3113 4297 praevalet
3135 4231 3369 4285 obviare.
3397 4231 3489 4285 Sic

1898 4333 1953 4379 et
1983 4324 2048 4378 de
2092 4324 2305 4377 Christo
2338 4325 2387 4376 iu
2433 4324 2716 4384 Evangelio
2763 4324 2963 4377 dictum
3010 4332 3090 4379 est
3133 4342 3146 4379 :
3198 4322 3322 4377 Erat
3349 4324 3486 4378 enim

206 4438 347 4479 nm.
404 4424 605 4492 Lingua
639 4438 765 4477 vero
796 4423 1122 4493 magniloquo
1166 4431 1246 4475 est
1286 4438 1402 4489 qua:
1452 4423 1551 4476 sibi
1592 4422 1790 4489 aliquid
1828 4433 1876 4491 ι)
1902 4418 2085 4470 docens
2115 4432 2200 4470 eos
2233 4427 2470 4481 tanquam
2504 4425 2802 4467 potestatem
2832 4414 3019 4468 habens
3040 4454 3055 4478 ,
3104 4432 3206 4469 non
3236 4426 3479 4486 tanquam

206 4530 414 4585 magna:
444 4513 726 4582 potestatis
760 4514 1011 4578 assumit;
1056 4527 1155 4567 nec
1193 4513 1438 4582 intelligit
1471 4530 1499 4565 ει
1541 4514 1795 4567 Crantore

209 4614 417 4672 datum.
444 4610 571 4662 dum
597 4616 824 4661 eventus
847 4622 1023 4660 rerum
1047 4606 1145 4660 sibi
1170 4615 1317 4675 putat
1345 4621 1463 4661 esse
1488 4606 1790 4673 subjectos;

206 4704 346 4755 sicut
374 4700 723 4769 Apocalypsis
756 4698 821 4751 de
859 4698 1185 4752 Auticbristo
1212 4697 1335 4751 dicit
1363 4713 1378 4751 :
1416 4696 1536 4750 Vidi
1562 4699 1613 4749 in
1637 4713 1796 4749 cornu

204 4793 297 4843 illa
326 4792 464 4860 quod
493 4798 602 4842 erat
632 4805 705 4841 ex.
724 4790 899 4852 alsius,
931 4804 988 4842 os
1008 4788 1215 4856 loquens
1237 4804 1423 4857 magna
1451 4788 1468 4856 (
1494 4788 1653 4843 Aoor.
1688 4803 1758 4842 xu
1778 4831 1792 4854 ,

204 4882 239 4933 5
268 4886 309 4947 ).
342 4892 444 4933 etc.
486 4880 548 4933 Et
578 4894 644 4933 ne
676 4882 727 4932 in
758 4878 900 4932 bono
931 4879 1160 4949 linguam
1191 4879 1568 4949 magniloquam
1594 4880 1797 4946 potuis-

205 4990 297 5025 ses
326 4976 593 5042 accipere,
628 4971 916 5036 prmmisit,
949 4972 1081 5024 labia
1111 4971 1311 5027 dolosa.
1345 4970 1635 5025 Cotisidera
1668 4986 1795 5023 vero

205 5066 462 5130 pietatrm
512 5062 769 5127 dicentis,
802 5062 943 5129 quod
977 5078 1082 5115 non
1117 5061 1453 5123 hominibus,
1485 5062 1607 5128 quia
1641 5061 1792 5116 multi

201 5170 270 5208 ex
322 5156 449 5220 ipsis
490 5152 837 5208 convertendi
878 5162 1063 5217 erant,
1109 5152 1204 5206 sed
1250 5152 1378 5220 ipsis
1422 5152 1562 5206 vitiis
1594 5153 1792 5221 impre-

200 5261 261 5295 ca
271 5254 378 5295 tur.

282 5332 429 5386 Vera.
473 5333 526 5386 ι.
573 5331 678 5396 Qui
720 5332 994 5386 dixerunt:
1032 5331 1280 5402 Linguam
1310 5341 1533 5385 nostram
1559 5332 1797 5400 magni/i-

200 5428 453 5490 mbutus,
483 5426 619 5475 tibia
647 5432 824 5475 nostra
849 5440 881 5475 α
918 5432 1059 5477 nobis
1083 5434 1201 5477 sunt
1232 5440 1249 5476 :
1279 5425 1387 5489 quis
1418 5432 1587 5477 noster
1621 5422 1797 5477 Damt-

202 5535 307 5567 ιιτοε
348 5519 457 5569 est?
500 5517 623 5570 ll!os
655 5516 872 5583 exponit
904 5516 991 5585 qui
1028 5518 1077 5569 in
1111 5518 1383 5585 prmperis
1426 5516 1585 5571 rebus
1632 5516 1788 5569 nimii

208 5610 257 5657 ι.
304 5610 523 5661 usitate
556 5619 855 5671 turgentes,
888 5608 1109 5676 gloriam
1143 5621 1292 5660 suam
1328 5607 1567 5660 exaltare
1600 5622 1798 5677 praesu-

1903 4502 2079 4559 scriba:
2108 4522 2280 4558 eorum
2325 4514 2369 4556 et
2416 4506 2654 4573 ρΙιανὲδιΡί
2687 4507 2703 4574 (
2732 4503 2919 4557 .llatzlt.
2953 4520 3055 4572 vn,
3092 4504 3160 4558 29
3185 4504 3225 4571 ).
3257 4505 3361 4561 Sed
3396 4522 3490 4576 po-

1906 4604 2070 4649 testas
2105 4596 2312 4658 Patris,
2364 4595 2479 4649 Filii
2514 4595 2700 4648 liducii
2751 4604 2872 4660 est;
2919 4596 3053 4649 sicut
3100 4594 3217 4649 Filii
3265 4596 3493 4663 ﬁducia,

1906 4694 2141 4754 potestas
2190 4696 2272 4739 est
2324 4685 2526 4749 Patris;
2571 4685 2710 4753 quod
2754 4688 2848 4738 toti
2880 4685 3127 4740 Trinitati
3162 4702 3257 4755 pro
3289 4688 3494 4743 unitate

1909 4789 2115 4831 naturm
2140 4790 2343 4830 certum
2379 4788 2455 4829 cst
2487 4778 2797 4831 con~euire.

1980 4869 2130 4923 Vers.
2174 4870 2225 4921 '7.
2266 4866 2483 4935 Eloquia
2518 4868 2719 4922 Domini
2750 4869 2949 4938 eloquia
2988 4880 3148 4925 casta.
3196 4870 3481 4940 Postquam

1916 4960 2052 5015 dixit
2082 4959 2241 5013 verba
2272 4959 2465 5025 Patris,
2497 4961 2681 5014 eadem
2715 4960 2824 5030 ipsa
2870 4959 3132 5015 laudando
3174 4961 3496 5025 conﬁrmat;

1909 5067 2033 5107 nam
2061 5052 2140 5106 sic
2165 5052 2341 5104 omnia
2367 5052 2726 5119 contigerunt,
2750 5051 3196 5121 quemadmodum
3231 5054 3491 5123 promissa

1910 5155 2225 5201 noscuntur.
2259 5145 2394 5213 Quid
2425 5145 2528 5200 siut
2553 5160 2679 5213 ergo
2705 5145 2907 5216 eloquia
2938 5147 3165 5218 Domini,
3193 5150 3293 5205 sub
3318 5148 3494 5203 brevi-

1914 5248 2022 5293 tate
2052 5238 2302 5291 deﬁuitur
2323 5283 2335 5299 ,
2370 5238 2421 5291 id
2448 5248 2529 5293 est
2552 5239 2754 5307 eloquia
2784 5251 2941 5301 casta,
2972 5241 3216 5295 videlicet
3246 5240 3493 5311 virginali

1914 5332 2219 5402 integritate
2261 5331 2541 5399 purissima
2565 5372 2578 5394 ,
2608 5347 2727 5401 quae
2771 5333 2971 5386 nullum
3007 5333 3340 5387 mendacium
3373 5347 3495 5386 cor-

1914 5432 2143 5492 rumpat,
2191 5424 2332 5476 nulla
2385 5424 2587 5477 macula
2632 5425 2875 5478 falsitatis
2918 5425 3135 5481 inliciat.
3180 5425 3309 5479 Nam
3357 5428 3497 5480 sicut

1914 5515 2132 5569 castitas
2178 5514 2385 5583 ignorat
2428 5516 2805 5585 pollutionem.
2842 5517 2906 5569 ita
2942 5517 3139 5584 eloquia
3174 5518 3375 5570 Domini
3408 5536 3499 5572 ne-

1916 5608 2081 5663 sciunt
2114 5620 2233 5659 cum
2265 5606 2442 5676 al'qua
2472 5606 2629 5661 sorde
2664 5607 2896 5662 misceri.
2928 5607 3033 5665 Sed
3068 5610 3166 5664 hoc
3194 5624 3297 5663 nou
3330 5611 3504 5667 otiose
