4008 6182
580 269 646 324 99
1806 261 1874 315 3i.
1924 256 2200 314 AUl‘tELll
2247 255 2646 312 CASSIODOlll
3733 247 3812 298 lii)

578 384 808 455 accipias
829 427 843 452 ,
893 386 1010 456 quia
1045 394 1228 439 contra
1259 382 1390 437 illud
1440 381 1687 449 ponitur,
1735 379 1875 449 quod
1921 379 2167 446 superius
2201 376 2251 434 Λ
2277 374 2504 429 dicimus
2530 373 2668 443 quod
2693 369 3144 442 comprehendere
3166 382 3270 420 non
3295 363 3552 418 valemus.
3580 359 3680 419 Sub
3700 379 3815 416 men-

581 476 779 531 dietutn
813 489 894 531 est
933 477 998 531 de
1028 470 1219 545 iniquis
1264 493 1278 528 :
1323 474 1462 528 Vana
1495 475 1650 527 locuti
1681 484 1798 526 sunt
1830 477 2170 543 unusquisque

581 572 649 620 at
699 571 982 622 proximum
1013 585 1198 631 suum,
1232 578 1287 620 ut
1335 567 1574 634 inspecta
1621 580 1796 619 rerum
1844 565 2076 618 varietas
2104 567 2171 620 ab

587 659 761 726 iniqua
813 673 907 711 nos
958 659 1346 710 consuetuline
1395 665 1714 710 retttoveret.
1761 656 1910 721 Quod
1953 657 2171 712 schema

587 751 774 802 Cra-ce
819 751 1133 818 symlesmos
1182 750 1393 810 dicitttr,
1447 747 1631 801 Latine
1676 747 1914 813 collatio,
1958 749 2172 816 quando

585 841 717 900 sibi,
751 849 843 890 aut
872 856 1131 907 person.e,
1166 849 1253 891 aut
1281 855 1474 902 causae,
1505 839 1616 892 sive
1643 854 1708 892 ex
1741 841 2032 904 contrario,
2063 844 2172 893 sive

587 949 655 987 ex
687 933 845 986 simili
874 947 1268 999 Cttttlptt‘anlttl‘.
1307 931 1401 984 llic
1433 931 1572 983 enim
1614 931 1813 998 eloquio
1852 931 2030 983 divina
2063 933 2174 984 lau-

589 1025 783 1077 dantur
816 1042 827 1076 :
861 1026 1103 1091 superius
1137 1038 1260 1074 vero
1289 1036 1468 1074 sermo
1500 1021 1764 1074 humanus
1795 1021 2053 1088 arguitur.

665 1113 814 1166 Vers.
857 1112 910 1167 8.
955 1111 1227 1182 Argentum
1260 1112 1376 1181 igne
1407 1111 1770 1171 exmniuatum,
1803 1118 1952 1162 terra?
1983 1126 2176 1175 puri/a-

591 1215 695 1256 tunt
723 1206 1038 1272 ‘septuptum.
1072 1202 1258 1255 Adhuc
1288 1201 1471 1254 delinit
1508 1217 1599 1267 per
1637 1199 2038 1252 similitudinem
2070 1217 2179 1252 tne-

593 1293 702 1347 talti
744 1292 952 1345 eamlnlt
991 1291 1113 1356 quid
1158 1292 1265 1344 sint
1298 1291 1496 1355 eloquia
1536 1304 1698 1342 cas'a.
1731 1291 2005 1357 Argentum
2037 1298 2181 1340 terra:

598 1385 716 1451 igne
743 1385 1111 1443 examinatum,
1145 1381 1282 1448 quod
1307 1397 1344 1435 si
1371 1382 1439 1434 let
1473 1397 1590 1434 esse
1623 1380 1984 1448 purissimum,
2016 1395 2182 1448 quan-

601 1473 669 1526 di
707 1473 962 1539 frequenti
1009 1471 1166 1524 fuerit
1195 1473 1504 1523 decor-tione
1536 1469 1865 1521 ntundatum.
1905 1467 2182 1522 Examina-

599 1575 705 1617 tum
733 1563 929 1634 quippe
965 1565 1044 1616 vel
1077 1572 1371 1632 purgatum,
1402 1571 1585 1614 contra
1620 1558 1744 1613 illud
1778 1560 2010 1628 ponitur,
2041 1561 2183 1630 quod

600 1656 668 1710 de
700 1655 1070 1724 peccatoribus
1112 1654 1182 1704 ait
1228 1672 1239 1704 :
1284 1652 1440 1704 Labia
1469 1650 1643 1703 dolosa
1671 1651 1720 1702 in
1753 1652 1904 1704 corde
1934 1660 1980 1702 et
2011 1655 2182 1706 corde.

599 1747 666 1800 Et
710 1755 763 1798 ut
811 1743 1264 1814 quamplurimum
1307 1742 1532 1795 distaret
1562 1756 1911 1809 agnosceres,
1955 1742 2182 1802 addidit,
2222 1747 2263 1804 Β

602 1846 874 1906 purgatum
913 1837 1221 1902 septuptum.
1275 1837 1370 1897 Qui
1420 1849 1673 1886 numerus
1723 1833 1787 1886 ad
1820 1833 2189 1901 septiformeut

600 1929 854 1996 Sp'rituut
881 1928 1088 1980 videtur
1113 1941 1268 1994 posse
1293 1925 1584 1992 respicere,
1609 1925 1780 1990 idest,
1805 1927 2049 1996 timorem
2074 1925 2190 1990 Dei,

601 2019 876 2088 pietatem,
901 2015 1207 2080 scientiam,
1241 2015 1631 2073 fortitudinem.
1660 2014 1970 2079 consilium,
1999 2015 2194 2069 intelli-

607 2108 866 2177 gentiam,
900 2108 1246 2175 sapientiam;
1281 2123 1371 2174 per
1395 2123 1513 2176 qua:
1549 2106 1782 2161 Verbum
1815 2108 2049 2161 divinum
2078 2118 2193 2162 tan-

604 2214 759 2270 quam
795 2200 845 2252 in
876 2200 1150 2252 succensis
1172 2197 1476 2251 fornacibus
1503 2213 1744 2262 mancus,
1769 2197 2014 2253 velitatis
2037 2199 2191 2254 rutila

601 2291 967 2346 coruscatione
999 2290 1324 2356 reSplendet.

676 2383 825 2438 Vers.
865 2383 922 2437 9.
967 2382 1061 2445 Tu,
1096 2383 1330 2443 Domine,
1357 2382 1582 2436 servabis
1612 2398 1724 2444 nos,
1749 2392 1794 2434 et
1821 2384 2072 2436 custodias
2101 2400 2193 2436 nos

601 2493 633 2529 a
662 2476 985 2545 generatione
1014 2474 1110 2525 hac
1150 2474 1200 2526 in
1231 2484 1498 2527 (eternum.
1529 2474 1678 2527 Sicut
1719 2474 1967 2540 superius
2010 2474 2143 2527 dixit
2175 2492 2190 2529 :

605 2566 875 2638 Disperdat
909 2565 1160 2618 Dominus
1189 2565 1422 2617 universa
1445 2564 1580 2617 labia
1606 2565 1804 2630 dolosa,
1859 2565 1928 2617 ita
1965 2566 2048 2618 hic
2068 2581 2196 2618 con-

604 2667 940 2712 servaturum
995 2656 1277 2709 Domimnn
1333 2657 1613 2723 promittit,
1663 2657 1752 2724 qui
1796 2655 2026 2721 elontiis
2074 2657 2190 2719 eius

609 2767 734 2822 pura
765 2759 941 2802 mente
967 2747 1330 2802 Crediderunt.
1361 2748 1423 2801 Et
1452 2747 1589 2814 vide,
1616 2756 1812 2801 saneta:
1844 2748 2061 2816 regula),
2089 2761 2192 2815 qua

608 2839 976 2894 moderatione
1008 2839 1233 2891 servatae
1278 2847 1422 2891 sunt.
1461 2839 1590 2891 Dum
1623 2836 1783 2901 dicit,
1815 2846 1866 2890 tu
1898 2854 1988 2890 nos
2019 2849 2190 2890 custo-

607 2933 749 2992 dias,
785 2928 1256 2998 prmsumptionem
1287 2929 1502 2981 caduca:
1545 2927 1889 2982 ltumanitatis
1935 2927 2190 2993 abscidit;

609 3037 675 3075 ne
705 3021 820 3090 quis
852 3019 918 3073 de
949 3034 1008 3073 se
1050 3017 1423 3073 confidendum
1475 3019 1738 3072 ullatenus
1791 3017 2103 3072 aestimaret.
2153 3019 2193 3071 Α

608 3112 928 3180 generatione
968 3109 1064 3162 hac
1109 3126 1126 3162 :
1156 3110 1267 3163 sive
1299 3107 1514 3164 Juda'os
1534 3151 1548 3172 ,
1583 3110 1695 3163 sive
1727 3110 1911 3163 mundi
1939 3110 2093 3164 istius
2124 3110 2194 3164 si-
2225 3112 2269 3175 C

607 3204 824 3272 gniﬁcat
851 3212 1182 3272 peccatores,
1213 3217 1241 3254 a
1272 3202 1462 3270 quibus
1488 3213 1670 3255 noSIra
1700 3204 1897 3256 virtute
1929 3218 2032 3256 non
2064 3218 2190 3272 pos-

611 3312 800 3350 sumus
835 3295 1113 3360 custodiri,
1146 3295 1241 3348 nisi
1281 3295 1422 3348 illius
1452 3295 1794 3349 miseratione
1824 3305 2191 3364 protegamur.

610 3387 831 3443 Addidit
854 3387 1038 3450 etiam,
1069 3389 1120 3439 in
1147 3373 1412 3450 (etet-num;
1439 3387 1560 3456 quia
1589 3386 1674 3440 hic
1699 3401 1795 3442 nos
1821 3386 1872 3440 in
1900 3386 2197 3441 tribulatio-

611 3481 766 3534 nibus
792 3479 1123 3544 consolatur,
1157 3478 1224 3531 ibi
1257 3481 1305 3530 in
1331 3490 1527 3532 arterna
1550 3481 1841 3534 st-curitate
1875 3480 2194 3546 constituit;

613 3571 698 3625 hic
729 3571 966 3638 adjuvat,
998 3570 1104 3624 illic
1137 3567 1398 3638 gloriﬁcat
1424 3577 1480 3624 et
1510 3582 1755 3625 coronat.
1787 3571 1863 3624 lia
1893 3586 1991 3624 nos
2022 3571 2198 3640 piissi-

613 3677 730 3716 mus
778 3662 1000 3716 Creator
1029 3672 1080 3714 et
1114 3660 1197 3714 hic
1245 3670 1546 3725 conservat,
1600 3677 1666 3716 nc
1698 3677 2010 3729 pereamus;
2039 3672 2092 3717 et
2125 3661 2197 3719 ibi

612 3753 895 3818 bealiiieat,
927 3761 984 3806 ut
1012 3751 1314 3804 nullatenus
1344 3753 1522 3805 miseri
1548 3768 1666 3806 esse
1693 3754 1980 3821 possimus.

687 3843 837 3899 Vers.
869 3841 954 3896 10.
986 3842 1050 3895 In
1081 3843 1290 3895 circuitu
1317 3842 1458 3912 impii
1485 3843 1748 3896 ambulant
1777 3859 1796 3898 :
1821 3843 2098 3896 secundant
2121 3843 2200 3896 al-

613 3934 877 3986 titudinem
899 3944 1035 3985 tuam
1058 3934 1412 4001 multiplicasti
1434 3933 1570 4000 ﬁlios
1592 3935 1878 3989 hominum.
1910 3933 2198 4005 Postquam

612 4038 884 4078 sermones
915 4023 1198 4089 impiorum
1230 4024 1283 4076 in
1315 4018 1479 4093 prima
1511 4034 1658 4092 parte
1685 4028 2010 4094 competenti
2043 4042 2197 4082 exse-

613 4115 851 4169 Cl'3ll0tle
882 4115 1174 4183 redarguit,
1211 4125 1263 4168 et
1294 4115 1346 4168 in
1380 4113 1612 4169 secunda
1652 4124 1800 4186 parte
1853 4118 2060 4187 eloquia
2093 4118 2196 4172 Do~

616 4204 746 4260 mini
778 4204 1008 4259 mirabili
1035 4206 1414 4273 pradicatione
1440 4205 1687 4271 laudavit,
1723 4210 1866 4262 venit
1891 4210 1954 4260 ad
1981 4209 2198 4263 conclu-

612 4297 818 4348 sionem
843 4293 1052 4364 psalmi,
1079 4295 1134 4348 in
1157 4311 1260 4366 qua
1281 4297 1501 4366 singulis
1527 4297 1762 4366 partibus
1786 4299 1886 4353 sub
1907 4315 2014 4353 uno
2039 4315 2195 4354 versu

613 4384 768 4454 digna
792 4387 1044 4440 restituit.
1076 4387 1212 4442 Dicit
1241 4389 1382 4443 enim
1413 4389 1514 4445 sub
1542 4390 1856 4445 brevissima
1887 4393 2150 4447 sententia
2180 4410 2194 4447 :

2272 482 2394 522 sura
2439 467 2582 522 enim
2616 468 2837 518 (rt-ator
2871 478 2975 517 non
3021 470 3102 516 est
3145 473 3263 526 qua:
3307 454 3568 510 creaturis
3608 456 3819 510 omnibus

2273 559 2395 610 data
2427 567 2537 619 est;
2572 569 2669 608 nec
2701 553 2874 623 aliqua
2909 553 2958 606 in
3001 567 3064 605 eo
3113 558 3287 618 potest
3329 563 3450 602 esse
3497 546 3756 611 dimensio,
3794 563 3819 599 a

2274 665 2378 718 quo
2424 649 2586 703 rebus
2629 647 2880 701 omnibus
2924 659 3204 707 numerus,
3239 639 3464 710 pondus,
3501 653 3820 708 mensuraque

2276 749 2582 809 prmsmtur.
2618 736 2983 806 Multiplicasti
3033 743 3206 786 autem
3259 733 3393 800 ﬁlius
3447 731 3722 789 hominum,
3768 730 3824 782 ad

2276 832 2419 885 illam
2455 830 2862 898 promissionem
2911 825 3127 893 reSpicit
3172 821 3397 876 Abralne
3445 820 3496 873 in
3548 835 3644 886 qua
3675 819 3824 873 dicit:

2279 923 2636 992 Multiplicans
2661 918 3010 989 multiplicabo
3033 935 3198 971 semen
3226 926 3368 968 tuum
3399 913 3529 966 sicut
3551 911 3710 966 stellas
3733 911 3828 965 (teli

2280 1013 2452 1085 (Gen.
2484 1029 2604 1078 xvi,
2635 1015 2697 1068 lt)
2724 1013 2761 1082 ).
2787 1012 2937 1078 Quod
2966 1026 3084 1063 cum
3117 1009 3167 1062 in
3200 1008 3398 1062 sanctis
3424 1005 3536 1060 suis
3560 1018 3610 1060 et
3644 1004 3825 1067 fecisse,

2279 1120 2330 1163 et
2363 1106 2596 1177 quotidie
2624 1093 2797 1160 facere
2827 1101 3163 1157 manifestum
3194 1109 3294 1154 cst.

2823 1215 3092 1271 Conclusio
3121 1215 3324 1286 psalmi.

2353 1328 2767 1384 Consideremus
2816 1328 2957 1382 hunc
3011 1328 3272 1395 psalmum
3322 1325 3662 1380 nimisutilia
3701 1320 3836 1376 nobis

2283 1429 2624 1475 sacramenta
2651 1419 2975 1473 declarasse.
3001 1417 3148 1472 Dixit
3169 1417 3311 1470 enim
3335 1432 3491 1484 quam
3523 1414 3669 1468 vanis
3688 1425 3734 1467 et
3760 1429 3839 1465 su-

2290 1513 2510 1581 prrllnis
2559 1507 2803 1565 homines
2851 1508 3208 1565 locationibus
3250 1518 3609 1578 occUpen'ur;
3653 1515 3705 1559 ut
3745 1520 3836 1558 uno

2290 1605 2571 1659 veritatem
2617 1619 2720 1670 qua
2765 1604 2974 1664 vivant,
3023 1601 3118 1654 sed
3164 1615 3270 1669 quo
3319 1601 3646 1664 morittntur,
3693 1595 3845 1650 velint

2291 1697 2545 1750 affectare
2576 1696 2930 1750 mendacium.
2963 1693 3166 1747 Deinde
3189 1691 3346 1762 quale
3369 1692 3437 1744 sit
3465 1689 3722 1758 eloquium
3751 1687 3843 1740 Do-

2294 1791 2422 1844 mini
2453 1798 2847 1858 Consequenter
2871 1786 3114 1853 exposuit
3138 1802 3153 1850 ;
3179 1793 3236 1838 ut
3255 1784 3562 1838 salutariter
3587 1780 3748 1834 unicui
3771 1795 3846 1845 gae

2294 1898 2388 1935 sua
2421 1882 2706 1944 sordeant,
2752 1880 2797 1933 si
2844 1887 3096 1949 quantum
3131 1876 3238 1930 sint
3269 1875 3610 1928 mundissima
3657 1871 3847 1924 Domini

2298 1974 2453 2028 verba
2487 1981 2830 2041 cognoscant.
2861 1970 3064 2036 Quibus
3103 1967 3263 2021 rebus
3296 1965 3420 2021 illud
3456 1963 3736 2019 remedium
3766 1965 3851 2015 da-

2298 2075 2404 2130 tur,
2458 2064 2706 2134 quoniam
2735 2061 3029 2116 secundum
3061 2059 3348 2128 potentiam
3380 2057 3583 2110 Dnntini
3613 2056 3738 2108 lilios
3765 2054 3854 2106 lto-

2299 2162 2495 2211 n»i:tum
2527 2165 2738 2209 constat
2770 2169 2926 2222 posse
2965 2153 3198 2206 liberari.
3235 2151 3300 2204 Et
3323 2149 3443 2219 quia
3472 2147 3726 2202 undecimi
3759 2161 3854 2198 uu-

2298 2249 2429 2302 meri
2477 2249 2681 2313 virtus,
2729 2245 2786 2298 in
2835 2259 2940 2313 quo
2981 2242 3071 2297 hic
3115 2243 3349 2312 psalmus
3397 2248 3480 2294 est
3519 2245 3856 2301 consrtntus,

2295 2336 2660 2403 evangeliequ
2692 2334 2848 2388 nobis
2877 2334 3214 2401 cognoscitur
3252 2330 3487 2384 indicare
3525 2327 3858 2397 mysterium;

2299 2427 2673 2482 Ρηιτίΐςιιηὶιίθε
2687 2424 3079 2494 supplicemus,
3109 2432 3165 2478 ut
3187 2424 3237 2476 in
3267 2423 3474 2476 vineam
3503 2433 3648 2474 suam
3679 2418 3861 2472 saltem

2298 2523 2378 2574 vel
2425 2519 2704 2573 undecima
2746 2533 2845 2571 nos
2877 2519 3005 2572 hora
3037 2515 3486 2572 clementissimus
3517 2514 3864 2576 intromittat;

2299 2621 2565 2680 quatenus
2596 2609 2898 2663 mercedem
2930 2607 3184 2678 aperibus
3225 2621 3329 2660 non
3358 2605 3590 2659 debitam
3610 2645 3624 2668 ,
3655 2604 3742 2658 sed
3786 2603 3872 2656 dt-

2297 2711 2490 2770 guetur
2533 2699 2737 2752 donare
2765 2697 3072 2766 gratuitam.
3107 2695 3238 2750 Nam
3269 2705 3322 2750 et
3357 2697 3544 2749 beatus
3571 2694 3793 2761 Prosper
3817 2691 3872 2745 in

2298 2791 2531 2846 secunda
2563 2797 2715 2860 parte
2744 2791 2860 2844 libri
2891 2790 2980 2858 qtti
3013 2788 3341 2852 inscribitur,
3376 2791 3512 2841 Ante
3542 2785 3739 2854 legem,
3775 2785 3876 2838 sub

2303 2884 2447 2951 lege,
2477 2893 2528 2937 et
2568 2886 2665 2937 sub
2695 2883 2898 2953 gratia;
2945 2882 3013 2936 de
3059 2881 3342 2936 undecimo
3384 2879 3588 2934 calculo
3631 2877 3709 2932 sic
3752 2876 3825 2929 ait
3859 2893 3874 2927 :

2299 2973 2480 3040 Neque
2521 2973 2637 3027 sine
2668 2973 2769 3028 hoc
2809 2973 3068 3042 mysterio
3101 2972 3344 3026 undecim
3390 2970 3520 3024 velis
3549 2967 3770 3023 cilicinis
3800 2977 3880 3019 la-

2302 3068 2650 3146 bernaculum
2701 3068 2930 3136 desuper
2981 3066 3356 3136 operiebatur,
3401 3077 3508 3133 quo
3556 3076 3701 3116 reum
3755 3074 3878 3114 esse

2300 3162 2550 3216 ostendat
2578 3171 2744 3215 totum
2783 3158 3037 3214 mundum
3074 3158 3201 3222 Deo,
3236 3171 3297 3211 ac
3323 3155 3424 3209 sub
3451 3152 3758 3222 paenitentia
3787 3151 3881 3205 de-

2295 3269 2443 3323 gere.
2473 3255 2642 3323 lpsius
2665 3252 2806 3307 enim
2834 3251 3042 3305 numeri
3069 3250 3303 3319 psalmus
3329 3249 3489 3302 habet
3515 3247 3832 3315 principium
3865 3263 3879 3296 :

2297 3346 2508 3401 Saluum
2557 3362 2636 3399 me
2684 3349 2798 3413 fac,
2847 3343 3085 3406 Domine,
3131 3342 3372 3408 quoniam
3421 3340 3602 3408 defecit
3643 3348 3882 3400 sanctas,

2293 3440 2534 3509 quoniam
2565 3439 2828 3490 diminuta:
2857 3445 2974 3488 sunt
3004 3436 3240 3489 reritates
3270 3449 3300 3485 α
3329 3433 3450 3500 ﬁliis
3481 3431 3762 3485 hominum.
3801 3445 3814 3450 ’

2441 3561 2444 3564 '
2507 3550 2610 3622 [‘7
2654 3549 3012 3604 EXPOSITIO
3064 3547 3129 3601 IN
3172 3545 3498 3601 PSALMUM
3552 3544 3669 3598 Xll.

2711 3641 2778 3694 In
2817 3642 2967 3711 finem
3005 3641 3232 3710 psalmus
3274 3638 3458 3692 David.

2367 3756 2496 3812 Cum
2529 3755 2663 3809 tituli
2693 3753 2846 3822 hujus
2881 3752 3044 3807 verba
3069 3751 3385 3820 praecedenti
3412 3749 3748 3820 expositione
3775 3749 3793 3816 j
3817 3765 3893 3802 tm

2299 3857 2420 3900 nota
2447 3846 2574 3911 sint,
2622 3846 2872 3899 convenit
2915 3853 2971 3897 ut
3000 3843 3067 3898 de
3096 3843 3420 3898 continentia
3473 3841 3643 3909 magis
3691 3840 3900 3911 psalmi

2298 3936 2493 4006 aliquid
2537 3936 2716 3990 dicere
2763 3935 3074 3990 debeamus.
3125 3933 3291 3988 Tutus
3331 3933 3470 3987 enim
3501 3932 3568 3985 de
3616 3931 3896 3985 charitate

2301 4028 2533 4098 loquitur
2560 4027 2766 4082 Domini
2799 4025 3016 4089 Cbr’sti,
3050 4025 3100 4079 in
3140 4041 3242 4094 qua
3289 4033 3370 4077 est
3412 4023 3573 4076 tozius
3603 4022 3744 4087 legis
3793 4021 3905 4073 sita

2303 4119 2574 4186 perfectio,
2617 4133 2775 4188 quam
2815 4118 2856 4171 si
2903 4119 3020 4187 quis
3066 4115 3244 4178 habet,
3287 4116 3463 4167 omnia
3515 4112 3701 4166 mundi
3739 4111 3910 4165 istius

2301 4210 2660 4264 blandimenta
2698 4209 3004 4279 postponit;
3040 4224 3159 4262 nam
3210 4207 3333 4260 dum
3367 4207 3476 4276 ipsa
3508 4206 3620 4261 Sola
3667 4220 3735 4260 ex
3786 4213 3910 4258 toto

2300 4303 2462 4356 corde
2504 4301 2816 4370 requiritur,
2845 4301 2963 4368 ejus
2998 4292 3323 4353 contrarium
3353 4314 3456 4352 non
3489 4309 3722 4352 amatur.
3759 4295 3914 4351 Cha-

2301 4392 2434 4446 ritas
2463 4391 2604 4444 enim
2639 4391 2728 4444 Dei
2760 4390 3004 4459 quzedant
3034 4389 3268 4444 vernalis
3301 4399 3382 4443 est
3413 4389 3583 4458 pluvia
3602 4388 3915 4451 virtutum,

615 4476 681 4532 In
709 4479 927 4532 circuitu
956 4479 1138 4547 impios
1166 4481 1463 4547 ambulare;
1495 4494 1550 4537 ut
1578 4500 1844 4554 nunquam
1885 4485 1949 4539 ad
1994 4497 2194 4540 rectam
2229 4477 2276 4536 Ι)
2301 4484 2400 4538 sub
2427 4497 2529 4554 qua
2554 4491 2608 4536 et
2638 4482 2792 4536 beata
2823 4483 3071 4535 voluntas
3101 4481 3388 4549 germinat,
3419 4491 3472 4535 et
3501 4480 3753 4545 Operatio
3777 4494 3919 4532 san-

618 4568 824 4636 possint
869 4569 1116 4624 semitam
1165 4575 1464 4640 pervenire.
1495 4573 1772 4630 Tortuosa:
1804 4578 2065 4645 siquidem
2093 4579 2195 4631 vim

617 4658 772 4712 malis
800 4673 1016 4729 semper
1041 4661 1277 4715 moribus
1304 4663 1657 4732 applicantur,
1681 4667 1816 4719 sicut
1843 4666 2094 4720 Salomon
2124 4667 2192 4722 de

616 4748 794 4817 impiis
829 4748 957 4803 dicit
999 4765 1013 4802 :
1059 4749 1450 4818 Dereliquerunt
1481 4753 1585 4806 vias
1625 4762 1824 4820 rectas,
1870 4763 1921 4807 ut
1957 4755 2192 4809 ambula-

614 4849 723 4892 rent
752 4839 802 4892 in
832 4839 938 4904 vias
967 4855 1152 4911 pravas
1185 4839 1381 4912 (Prov.
1415 4857 1486 4910 tt,
1522 4841 1643 4913 l3).
1678 4845 1740 4899 lit
1768 4845 1886 4899 ideo
1918 4847 2194 4914 pervenire

617 4930 682 4982 ad
711 4930 947 4999 requiem
975 4940 1176 4986 octavae
1204 4932 1310 4986 diei
1339 4940 1628 5003 nequeunt,
1659 4935 1745 5004 qui
1778 4945 2014 4990 rotarum
2046 4953 2195 4994 more

621 5023 672 5076 in
707 5035 801 5074 sua
832 5033 1045 5090 semper
1073 5031 1217 5089 te-ga
1261 5031 1564 5078 vertuntur.
1609 5023 1878 5093 Sequitur,
1917 5026 2196 5079 secundum

618 5112 938 5166 altitudinem
968 5123 1131 5177 tuam,
1166 5113 1522 5183 multiplicasti
1568 5114 1705 5182 ﬁlios
1752 5115 2033 5170 hominum.
2085 5117 2195 5172 lloc

619 5205 685 5258 ad
715 5205 833 5259 illus
863 5205 1095 5272 pertinet
1123 5207 1213 5274 qui
1257 5205 1466 5262 sincere
1509 5205 1735 5277 eloquiis
1779 5207 1989 5263 Domini
2030 5211 2196 5265 castis

620 5299 1022 5368 purissimisque
1064 5299 1431 5355 crediderunt.
1479 5301 1545 5355 Et
1575 5302 1692 5357 vide
1721 5313 1973 5372 quantum
2011 5305 2116 5360 illis
2143 5306 2196 5362 in

621 5389 721 5442 isto
750 5391 912 5444 verbo
954 5389 1306 5459 promittitur;
1338 5389 1468 5444 dicit
1499 5392 1636 5446 enim
1661 5433 1674 5458 ,
1707 5396 1984 5448 secundum
2015 5397 2196 5450 altitu-

620 5480 788 5532 dinem
828 5488 963 5533 tuam
995 5479 1346 5548 multiplicasti
1379 5482 1514 5548 ﬁlios
1543 5481 1838 5548 hominum;
1868 5501 1971 5540 non
2005 5501 2198 5542 secun-

621 5570 747 5622 dum
770 5571 1014 5623 meritum
1039 5584 1214 5634 suum,
1241 5570 1334 5626 sed
1361 5572 1652 5628 secundum
1680 5573 1807 5628 illud
1840 5576 1980 5645 quod
2008 5578 2166 5632 humi

623 5671 718 5715 Las
763 5661 934 5717 nescit
981 5664 1248 5731 angustias
1292 5663 1576 5718 sustinere.
1629 5663 1802 5719 Altum
1856 5666 1996 5720 enim
2045 5681 2190 5737 saepe

2304 4587 2388 4630 cta
2423 4573 2741 4629 lructilicat:
2776 4573 2980 4642 patiens
3008 4572 3095 4626 hic
3135 4571 3186 4625 in
3217 4572 3472 4635 adversis,
3507 4580 3820 4635 temperata
3858 4571 3918 4622 in

2306 4665 2594 4737 prosperis,
2649 4663 2950 4716 humilitate
2987 4671 3209 4729 potens,
3261 4663 3547 4716 afﬂictione
3588 4661 3921 4724 laetissima,

2304 4757 2537 4811 inimicis
2560 4753 2836 4818 benevola,
2867 4753 3020 4806 bonis
3045 4754 3152 4808 suis
3179 4767 3437 4822 superans
3461 4753 3649 4806 malos.
3689 4751 3772 4804 De
3803 4766 3927 4820 qua

2301 4851 2461 4906 etiam
2522 4861 2770 4917 supernae
2818 4854 3079 4900 creaturae
3145 4861 3356 4915 semper
3410 4860 3652 4901 accensa:
3713 4853 3860 4897 sunt
3910 4860 3928 4896 :

2305 4942 2517 4996 finitima
2551 4939 2819 5004 reiicit-ns,
2871 4939 3196 4993 desiderium
3246 4938 3551 4992 salutariter
3594 4952 3932 5001 crescens;

2302 5043 2356 5089 et
2392 5043 2447 5086 ut
2485 5030 2714 5101 apostoli
2761 5045 2891 5085 voce
2938 5041 3125 5084 cuncta
3166 5031 3537 5098 complectar:
3587 5027 3742 5082 Deus
3797 5029 3940 5097 ipse

2303 5123 2524 5175 cltarilas
2553 5130 2623 5176 est
2665 5117 2719 5190 (1
2743 5118 2902 5172 Joan.
2947 5134 3018 5183 tv,
3056 5119 3164 5188 l6).
3211 5119 3546 5188 Quapropter
3586 5118 3777 5187 ipsam
3819 5132 3940 5172 nos

2305 5213 2458 5267 decet
2497 5221 2767 5281 expetere,
2810 5213 2977 5279 ipsam
3015 5211 3131 5264 sine
3160 5210 3264 5263 line
3303 5209 3652 5275 desiderare;
3688 5219 3756 5265 ut
3791 5211 3940 5279 quia

2306 5301 2391 5356 hic
2421 5301 2544 5356 inde
2570 5300 2772 5370 expleri
2798 5315 2903 5354 non
2945 5313 3248 5368 possumus,
3285 5301 3470 5355 saltem
3508 5315 3572 5355 ex
3600 5315 3672 5354 ea
3726 5301 3791 5354 in
3848 5299 3944 5353 fu-

2303 5403 2418 5450 tura
2443 5394 2794 5449 retributione
2814 5392 3092 5456 satiemur,
3118 5391 3258 5448 sicut
3284 5391 3336 5446 in
3358 5392 3656 5447 centesimo
3689 5393 3944 5446 decimo

2302 5496 2490 5539 octavo
2522 5483 2727 5554 psalmo
2753 5483 2979 5552 tegitur:
3018 5481 3208 5551 υεῙιτῑι
3237 5485 3289 5534 in
3337 5481 3554 5535 salutari
3594 5490 3692 5534 tuo
3735 5483 3944 5534 animo

2302 5593 2410 5628 mea
2437 5572 2604 5650 (Psal.
2631 5589 2822 5641 cxvttt,
2855 5575 2970 5644 81).
3015 5573 3154 5630 Istud
3177 5573 3320 5632 enim
3349 5573 3602 5642 deiicere,
3646 5575 3814 5632 felici
3854 5588 3944 5632 est

2300 5669 2630 5741 pert-unitate
2663 5676 2932 5722 constare.
