4008 6182
223 272 318 325 ίωι

799 381 992 436 Divisio
1042 400 1131 452 μα
1145 383 1245 436 'mi.

291 496 428 548 Cum
481 495 774 564 respiceret
825 494 1086 564 propheta
1151 496 1392 565 proxima
1447 505 1599 562 parte
1647 506 1813 561 genus

231 589 528 641 butttanum
577 587 869 641 mortileris
915 586 1380 656 superstitionibus
1413 583 1684 651 occupari,
1718 595 1815 635 nec

223 681 290 733 ad
323 679 588 732 culturam
637 678 1007 734 veri'Dontini
1059 679 1207 748 puris
1245 677 1490 731 sensibus
1537 673 1812 735 festinare,

227 775 605 828 creduldatem
679 788 832 828 suam
904 773 1133 828 adventu
1181 783 1380 826 sancta:
1433 769 1815 825 incarnationis

225 881 419 933 magno
473 864 746 918 desiderio
792 865 1112 934 deprecatur
1157 863 1388 932 expleri;
1443 871 1500 914 ut
1555 859 1636 912 vel
1691 866 1814 910 tunc

219 955 446 1007 confusa
489 954 757 1023 gentilitas
804 955 1112 1008 salutariter
1139 954 1322 1007 devios
1367 965 1577 1005 errores
1608 950 1808 1015 abiitc-

219 1055 328 1099 ret.
366 1044 622 1098 Secundo
649 1049 911 1107 membro,
951 1046 1015 1098 ad
1066 1054 1274 1097 nostras
1317 1043 1599 1111 petitiones
1630 1039 1809 1091 efﬁca-

223 1137 358 1189 citer
394 1135 740 1188 instruendus
773 1135 1059 1188 iiluminari
1091 1133 1246 1188 ﬁdem
1279 1148 1426 1186 suam
1468 1137 1812 1184 vehementer

222 1227 570 1293 expostulat:
619 1241 686 1278 ne
735 1226 937 1278 inimici
970 1225 1144 1293 aliqua
1190 1224 1370 1278 fraude
1412 1225 1805 1278 succumberet,

223 1318 312 1383 qui
341 1331 564 1384 semper
586 1332 643 1370 se
685 1317 737 1369 in
771 1315 820 1384 ej
861 1332 888 1370 s
925 1316 1054 1369 dicit
1098 1315 1462 1368 tttiserirordiu
1497 1313 1658 1365 luisse
1685 1325 1813 1362 conv

225 1411 404 1464 limite.

763 1542 1030 1612 Exposita
1071 1542 1279 1612 psalmi.

299 1653 457 1709 Vens.
509 1655 558 1709 t.
604 1653 897 1724 Usquequo,
932 1652 1182 1718 Domine,
1215 1650 1522 1704 ob'ivtsceris
1554 1665 1630 1701 me
1671 1648 1719 1698 in
1748 1647 1806 1714 ﬁ»

1201 269 1556 328 EXI‘OSITIO
1598 267 1658 322 ιΝ
1695 265 2162 322 PSALTERHLM.
2208 264 2398 318 l‘S.tL.
2447 264 2558 318 ΧΗ.

1847 385 1890 439 Α
1922 377 2178 430 excitatus
2221 376 2375 429 dolor
2422 377 2682 430 maximus
2711 376 3004 440 sentiatur;
3052 376 3192 446 quod
3237 377 3415 444 ut'que
3445 377 3500 428 tit

3404 259 3504 314 £02

1921 468 2130 532 quando
2158 482 2280 534 spes
2330 468 2479 535 longa
2529 468 2877 535 protrahitur.
2915 467 3156 521 Inimicus
3203 481 3388 520 utaut:
3432 465 3500 518 de

1916 557 2129 610 diabolo
2159 557 2306 619 dicit,
2359 559 2445 624 qui
2488 569 2610 609 ante
2664 556 2946 610 adventum
2983 557 3192 610 Domini
3231 556 3499 610 exaltatus

1919 646 2144 700 humana
2172 647 2477 712 captivitate
2519 648 2801 715 gaudebat.
2838 625 3005 716 super
3032 663 3131 705 me.
3164 651 3263 700 huc
3291 656 3376 700 est
3402 661 3492 699 su-

1913 739 2014 805 per
2043 735 2411 791 credulitatem
2457 753 2628 790 meam
2662 781 2675 804 ,
2726 725 2844 803 quia
2892 737 2982 790 ille
3029 746 3138 789 toto
3176 739 3308 790 orbe
3337 737 3496 790 cole-

1921 827 2070 880 batur
2093 829 2372 894 instanter,
2407 843 2528 882 cutn
2567 825 2906 881 devotionem
2955 827 3074 880 ﬁdei
3103 827 3281 881 divina
3310 827 3496 896 religio

1918 934 2021 970 non
2057 919 2296 970 haberet.

1991 1008 2136 1059 Vers.
2313 1007 2524 1074 Respice
2571 1017 2616 1059 et
2668 1007 2853 1058 errandi
2906 1023 3011 1066 me,
3077 1005 3288 1058 Domine
3355 1003 3494 1057 Deus

1916 1116 2072 1153 incus.
2112 1097 2356 1152 “Iuntina
2378 1098 2550 1149 or‘ulos
2579 1114 2734 1164 meos,
2769 1115 2799 1150 η
2819 1116 2827 1146 ε
2850 1115 3070 1166 unquam
3102 1097 3414 1149 obdormiens
3440 1101 3494 1147 in

1923 1204 2099 1244 morte.
2125 1191 2284 1243 Venit
2323 1190 2386 1243 ad
2436 1190 2723 1242 secundum
2768 1190 3064 1242 membrum
3104 1188 3496 1255 deprecationis

1912 1298 2042 1338 δίκε.
2072 1283 2174 1337 δρα
2199 1298 2329 1353 quas
2360 1282 2444 1335 liic
2473 1284 2720 1348 p’etatem
2754 1283 2868 1346 ejus
2903 1281 3162 1349 lacrymas
3193 1281 3495 1352 profudisse

1913 1377 2191 1429 credamus
2214 1417 2228 1439 ,
2259 1391 2324 1428 ne
2358 1373 2614 1426 dilatione
2637 1373 2837 1424 diu'iua
2870 1378 3010 1424 totus
3045 1373 3270 1426 mundus
3309 1379 3496 1438 captus

1912 1466 2184 1520 erroribus
2219 1463 2499 1517 interiret?
2552 1463 2635 1515 ille
2677 1463 2816 1515 enim
2867 1476 2989 1514 cum
3031 1448 3187 1526 dicit,
3231 1475 3336 1513 non
3382 1460 3489 1514 sibi

1911 1547 2112 1613 tantum
2141 1558 2480 1625 siugulnriter
2511 1559 2658 1624 petit,
2694 1569 2751 1607 se
2774 1557 2784 1606 l
2810 1555 3069 1607 ttui'crsis
3093 1554 3339 1607 ﬁdelibus
3368 1566 3491 1620 sup-

1913 1654 2079 1720 plicat
2106 1651 2392 1707 subveniri.
2438 1663 2664 1717 quorum
2706 1648 2843 1700 dilec
2873 1647 2995 1700 ione
3023 1648 3310 1700 remedium
3341 1659 3503 1713 gene-

227 1746 375 1797 urm?
403 1743 601 1797 Plenus
633 1744 912 1811 propheta,
941 1753 994 1794 ιιι
1035 1742 1229 1794 dictum
1263 1751 1362 1802 est,
1395 1739 1600 1791 Dum'ni
1632 1738 1804 1788 t‘ltat'i-

1926 1746 2025 1797 z'ale
2048 1743 2340 1812 petebatur.
2378 1741 2605 1807 Respice,
2637 1740 2700 1792 ad
2732 1738 2856 1792 illud
2896 1738 3227 1792 referendum
3252 1745 3331 1791 est
3351 1739 3495 1807 quod

229 1847 334 1889 tate
368 1837 614 1904 copiosa,
654 1851 756 1904 qua
797 1835 910 1902 ejus
941 1834 1369 1888 ltuma;.ati0tteut
1402 1829 1559 1881 avide
1593 1829 1814 1880 sust‘ne-

235 1931 346 1992 bat,
382 1929 722 1982 conﬁdenter
767 1938 1015 1981 eructans
1045 1927 1173 1978 d:cit
1204 1921 1405 1976 dilierri
1442 1936 1500 1974 se
1527 1920 1718 1972 diutius
1749 1917 1813 1971 ab

224 2019 633 2087 exspectatione
678 2033 772 2070 sua
802 2035 815 2068 :
845 2017 1050 2085 quando
1101 2015 1242 2068 omni
1295 2012 1620 2068 desideranti
1663 2009 1815 2063 valde

225 2111 456 2163 mole-ta
489 2109 674 2160 dilatio
723 2117 822 2160 est.
864 2108 1031 2174 Quem
1086 2105 1208 2158 licet
1257 2102 1640 2156 illumiuatione
1694 2099 1812 2152 ﬁdei

225 2201 488 2255 credebat
542 2215 664 2254 esse
704 2209 1007 2261 venturum,
1057 2196 1125 2251 de
1174 2196 1288 2265 ejus
1347 2204 1518 2248 tamen
1573 2205 1588 2246 t
1628 2193 1817 2246 rd‘tate

228 2293 601 2360 conqueritur,
634 2291 783 2359 cujus
815 2289 988 2343 adhuc
1013 2298 1282 2355 sin-ratum
1313 2301 1532 2340 cernere
1569 2301 1672 2337 non
1703 2300 1814 2335 me-

232 2384 460 2437 rebatur
489 2384 798 2434 adventum.
830 2379 944 2433 Non
977 2381 1120 2431 enim
1161 2377 1489 2431 obliviScitur
1518 2374 1678 2440 Deus,
1724 2372 1817 2427 sed

229 2478 298 2530 ab
317 2491 388 2529 eo
417 2475 508 2544 qui
534 2474 824 2538 desiderat,
849 2471 1172 2525 oblitine-1n
1198 2469 1341 2522 credi
1371 2484 1432 2520 ur
1457 2467 1582 2535 pati,
1609 2464 1818 2534 quando

227 2569 413 2622 diﬁ‘ert
453 2569 658 2620 donare
687 2566 824 2633 quod
877 2567 1084 2625 petitur.
1152 2561 1216 2615 In
1255 2562 1433 2630 ﬁnem,
1481 2561 1565 2613 hic
1614 2571 1820 2627 tempus

227 2661 496 2728 signiﬁcat
530 2674 636 2727 quo
666 2655 925 2711 incantati
953 2670 1083 2709 diem
1116 2654 1322 2707 Domini
1351 2651 1672 2721 praevidebat
1699 2666 1820 2704 esse

233 2765 544 2804 venturam.
578 2745 724 2802 Talis
752 2747 892 2800 enim
923 2746 1139 2814 querela
1185 2743 1598 2797 ﬁdelesani'uas
1630 2742 1818 2809 pulsat,

229 2853 284 2895 ut
327 2853 387 2895 et
433 2841 552 2893 sine
583 2842 685 2892 line
714 2836 951 2892 caelesda
991 2836 1230 2903 Ctlpi'dlll,
1262 2846 1312 2889 et
1343 2834 1407 2887 de
1437 2832 1648 2887 Dotoini
1685 2849 1822 2884 scm-

235 2950 327 3000 per
375 2930 739 3000 promissione
767 2928 1054 2983 conﬁdant.
1098 2927 1158 2978 Et
1192 2923 1529 2990 infucndum,
1559 2924 1696 2991 quod
1733 2938 1826 2990 per

230 3025 331 3078 hos
367 3034 606 3092 quatuor
637 3035 821 3074 versus
851 3019 1047 3086 ubique
1077 3018 1236 3070 verba
1268 3014 1713 3070 Constantissinaze
1737 3029 1820 3081 pa-

1918 1838 2158 1905 superitts
2201 1835 2305 1887 ait:
2353 1832 2619 1902 Usquequo
2675 1833 2854 1883 avertis
2905 1830 3084 1899 facicm
3127 1839 3264 1882 tuam
3307 1845 3339 1880 a
3382 1827 3507 1880 me!

1918 1928 2102 1981 exaudi
2133 1943 2286 1988 vero,
2324 1925 2386 1976 ad
2417 1925 2540 1976 illttd
2587 1923 2725 1991 quod
2771 1921 2901 1974 dicit
2946 1923 2996 1972 itt
3043 1921 3217 1984 capite
3267 1920 3495 1985 psalmi:

1915 2017 2208 2085 'anuequo,
2258 2015 2489 2075 Domine,
2534 2010 2837 2064 obliviscaris
2866 2025 2944 2062 me
2981 2011 3033 2061 in
3077 2009 3276 2076 ﬁnem?
3314 2009 3503 2058 (Paulos

1915 2119 2092 2162 autent
2124 2107 2299 2159 cordis
2333 2106 2419 2158 bic
2449 2105 2704 2158 debemus
2735 2103 3042 2167 advertere,
3073 2102 3160 2168 qui
3193 2100 3246 2153 in
3272 2109 3498 2152 mortem

1914 2199 2277 2259 obdormiunt,
2319 2195 2532 2263 quando
2589 2195 2708 2248 ﬁdei
2758 2193 2958 2248 lumine
3008 2192 3243 2260 sepulto,
3296 2192 3500 2246 carnali

1921 2293 2270 2346 delectatione
2313 2288 2652 2343 clauduntur.
2697 2288 2816 2356 Ipse
2851 2295 2932 2340 est
2975 2285 3115 2339 enim
3157 2300 3379 2338 somnus
3423 2285 3490 2336 de

1925 2397 2030 2452 quo
2063 2383 2271 2434 Its-tatur
2298 2380 2568 2432 inimicus.

1942 2518 1953 2527 .
2000 2474 2146 2527 \‘crs.
2194 2475 2248 2524 li.
2295 2472 2578 2539 Nequando
2609 2471 2744 2523 dicat
2783 2469 3022 2522 inimicus
3063 2482 3219 2531 mars,
3262 2467 3505 2523 rrrevalui

1923 2568 2163 2620 adversus
2190 2581 2320 2617 rum.
2363 2563 2464 2628 Qui
2496 2561 2735 2614 tribulam
2779 2577 2873 2623 me,
2917 2559 3237 2612 exsultabant
3268 2558 3312 2610 si
3334 2568 3501 2610 motus

1923 2659 2086 2726 fuero.
2119 2655 2225 2706 lloe
2257 2653 2321 2706 de
2349 2652 2562 2706 diabolo
2593 2662 2642 2702 et
2691 2649 2895 2718 angelis
2944 2648 3062 2716 ejus
3111 2647 3258 2711 dicit,
3305 2647 3501 2714 quibus

1926 2747 2049 2799 talis
2099 2743 2428 2797 consuetudo
2463 2750 2564 2806 est,
2614 2739 2873 2793 insultare
2903 2738 3025 2790 dum
3059 2736 3294 2804 capiunt,
3333 2737 3504 2788 victo-

1926 2839 2035 2891 rias
2086 2851 2209 2888 suris
2255 2843 2498 2902 putantes
2539 2845 2597 2886 se
2620 2831 2850 2895 maciam
2891 2830 3090 2880 ruinas.
3127 2828 3263 2880 Dicit
3313 2827 3496 2878 enim:

1927 2930 1969 2981 si
1999 2928 2201 2981 divisus
2224 2941 2250 2977 a
2287 2935 2337 2977 te
2365 2924 2535 2983 luero,
2578 2922 2681 2975 illis
2706 2919 2954 2988 gaudium
3004 2917 3140 2970 dabo
3161 2916 3246 2985 qui
3272 2915 3508 2969 detesta-

1931 3020 2019 3072 bi'i
2049 3016 2436 3071 consuetudine
2485 3023 2611 3067 tunc
2653 3011 2954 3065 efﬁciuntur
2986 3008 3114 3072 lazti,
3155 3007 3368 3075 quando
3405 3008 3504 3062 de-

229 3118 436 3171 tir-ntiz
461 3115 645 3183 ponit;
667 3111 792 3165 dicit
818 3109 958 3165 enim
992 3128 1003 3162 :
1039 3108 1329 3176 Unquequo,
1360 3122 1637 3176 quousque,
1664 3121 1820 3171 quan-
1849 3107 1895 3168 (ζ
1929 3118 2112 3177 ceptus
2142 3124 2168 3159 a
2199 3121 2257 3161 se
2285 3105 2636 3174 cognoverint
2682 3100 2963 3168 possideri.
2998 3098 3128 3152 Nam
3175 3097 3314 3167 quod
3352 3098 3504 3162 dicit,

229 3211 343 3275 diu,
399 3217 651 3274 repetens
697 3205 856 3257 etiam
910 3216 1184 3268 usquequo.
1245 3200 1373 3266 Quae
1421 3198 1584 3263 ﬁgura
1631 3195 1825 3248 dicitur

240 3301 528 3367 epimone,
554 3295 766 3366 quando
789 3292 982 3347 sintzlia
1014 3293 1152 3345 dicta
1175 3291 1359 3343 crebra
1388 3285 1702 3357 repetitione
1729 3301 1820 3354 ge-

236 3395 540 3443 minantur.

311 3479 469 3532 Vers.
502 3479 558 3530 ‘2.
605 3476 876 3544 Quousque
905 3475 1084 3526 avertis
1113 3474 1294 3542 {aciem
1321 3478 1460 3523 tuam
1500 3486 1530 3521 a
1565 3470 1683 3522 me?
1714 3470 1821 3536 Ap-

243 3571 574 3638 paritionem
629 3572 863 3638 posmiat
906 3563 1126 3625 Christi,
1169 3577 1329 3632 quam
1375 3561 1426 3614 in
1476 3560 1669 3627 Spiritu
1713 3557 1820 3626 jmt

239 3661 592 3730 praesidebat.
643 3661 759 3726 Ipsa
789 3668 869 3711 est
900 3656 1038 3710 enim
1075 3657 1225 3723 facies
1271 3655 1407 3719 ejus,
1447 3665 1564 3719 quae
1594 3649 1819 3702 carnali.

239 3756 336 3808 bus
378 3752 553 3806 oculis
597 3749 766 3819 potuit
813 3761 1106 3815 apparere:
1159 3760 1190 3813 q
1232 3759 1316 3796 am
1361 3741 1447 3794 ille
1489 3739 1566 3792 vir
1609 3746 1823 3792 Sanctus

238 3850 437 3901 atl‘ectu
483 3842 845 3915 generalitatis
903 3840 1097 3894 merito
1135 3837 1383 3901 cupiebat
1413 3835 1672 3901 aspicere,
1707 3845 1823 3894 que

239 3940 507 3993 ιιιιι.ιι1υιιι
537 3939 745 4004 dignata
767 3944 846 3988 est
890 3931 1090 3986 cmlesd
1134 3927 1435 3983 visitatione
1481 3926 1707 3976 salvere.
1737 3923 1824 3975 δερ

238 4043 292 4086 ct
314 4029 644 4084 desiderium
675 4023 841 4080 divini
869 4024 1068 4076 amoris
1096 4031 1366 4074 ostensum
1409 4025 1509 4078 est,
1540 4022 1594 4066 et
1635 4013 1822 4077 imple-

241 4137 352 4176 tam
380 4124 698 4176 charitatcm
727 4127 930 4174 constat
968 4115 1018 4168 in
1054 4111 1311 4182 proximis
1339 4126 1353 4163 :
1386 4108 1600 4177 quando
1621 4105 1824 4175 jugiter

237 4213 537 4282 expetebat
608 4210 744 4280 quod
822 4207 1070 4263 clunibus
1151 4203 1405 4272 prodesse
1483 4210 1820 4268 cognoverat.

243 4308 549 4374 l'trumque
575 4305 713 4358 enim
736 4303 1095 4368 cottjuncmm,
1127 4309 1410 4365 utrumque
1434 4295 1729 4356 sociatum;
1767 4299 1825 4343 ut

241 4413 346 4452 nec
382 4397 526 4450 Deus
567 4395 684 4448 sine
733 4392 973 4461 proximo
1005 4397 1236 4452 ametur,
1269 4401 1364 4440 nec
1393 4382 1665 4454 proximus
1709 4383 1825 4435 sine

245 4487 540 4545 Divinitate
567 4484 839 4552 diligatur.

323 4578 488 4634 νοτε.
517 4575 569 4628 5.
618 4573 858 4641 Quandiu
897 4587 1083 4640 ponam
1111 4567 1382 4622 consilium
1423 4565 1476 4618 in
1504 4563 1674 4617 anima
1698 4578 1825 4613 utea.

251 4670 353 4724 llic
393 4668 560 4720 ardor
615 4664 878 4717 maximus
924 4659 1236 4715 sustinentis
1299 4655 1635 4725 eXprimitur.
1694 4652 1831 4705 Dicit

251 4762 353 4814 sibi
394 4758 592 4812 deesse
615 4754 916 4818 consilium,
949 4763 1000 4806 ut
1033 4749 1243 4805 videndi
1273 4749 1440 4818 possit
1473 4747 1716 4815 mitigare
1756 4743 1831 4796 al-

252 4851 457 4903 [περιθείη
490 4864 506 4900 :
532 4845 742 4916 quando
776 4843 1160 4898 inaestimabilis
1189 4841 1432 4895 anxietas
1463 4847 1544 4893 est
1569 4836 1823 4906 concupi-

249 4956 404 4996 scere
429 4940 654 5004 bonum,
677 4947 729 4992 et
755 4936 952 4990 diutius
984 4935 1250 4988 sustinere
1279 4943 1580 4984 venturum.

329 5031 486 5086 Yers.
519 5030 570 5083 ι.
613 5028 852 5082 Dolorem
878 5027 930 5080 in
957 5025 1110 5078 corde
1142 5039 1252 5077 meo
1273 5039 1362 5092 per
1383 5022 1536 5075 diem.
1566 5020 1766 5087 Caprea
1804 5036 1832 5073 ο

252 5121 570 5176 excitabitur
590 5121 821 5173 inimicus
845 5133 984 5169 meus
1005 5130 1159 5181 super
1195 5115 1316 5166 me?
1343 5111 1526 5165 Adhuc
1550 5125 1708 5178 super
1735 5111 1835 5178 piis

254 5210 735 5268 conuuesniouibus
785 5215 1112 5276 perseverat.
1185 5202 1508 5256 Subauditur
1570 5201 1710 5254 enim
1768 5199 1837 5253 de

260 5319 415 5358 *περ
445 5301 727 5370 superiore
777 5314 986 5367 ponam,
1031 5307 1088 5350 ut
1116 5295 1183 5349 sit
1211 5293 1363 5362 plena
1392 5291 1652 5345 sententia
1682 5307 1695 5342 :
1734 5288 1837 5342 Do-

259 5396 416 5446 lorem
441 5395 491 5444 in
519 5390 676 5445 corde
693 5405 804 5443 meo
840 5404 1023 5458 ponant
1052 5401 1142 5457 per
1170 5383 1324 5448 diem,
1351 5381 1399 5436 id
1428 5392 1509 5436 est
1535 5395 1627 5449 per
1651 5380 1835 5450 singu-

263 5487 341 5537 los
363 5485 498 5547 dis-s,
533 5491 590 5536 ut
619 5481 860 5536 absolute
888 5475 1219 5532 continuatio
1251 5474 1506 5542 temporis
1539 5473 1707 5539 possit
1751 5472 1836 5524 in-

264 5577 443 5644 telligi.
477 5573 542 5628 Et
581 5571 787 5638 resisice
814 5584 998 5624 versus
1040 5567 1192 5620 istius
1227 5565 1452 5634 primum
1485 5563 1731 5626 verbum,
1784 5567 1842 5619 ut

260 5667 368 5734 jam
409 5682 512 5719 non
557 5660 901 5726 desiderium,
933 5659 1026 5714 sed
1067 5659 1262 5712 dcettro
1305 5665 1582 5710 crescente
1636 5653 1840 5708 ambitu

1927 3203 1971 3254 si
1999 3209 2159 3253 motus
2191 3200 2354 3270 fuero,
2384 3197 2649 3265 signiﬁcat
2690 3192 2918 3270 inﬁdelis
2959 3192 3152 3245 animte
3183 3189 3507 3243 mutabilita-

1931 3301 2032 3344 tem
2070 3307 2081 3342 :
2111 3291 2230 3357 quia
2262 3303 2477 3342 necesse
2500 3295 2581 3340 est
2612 3294 2668 3338 ut
2715 3287 2766 3336 in
2797 3286 2843 3338 la
2865 3299 2914 3351 tu
2938 3300 3040 3336 ~unt
3084 3282 3282 3334 diaboli
3313 3282 3506 3348 pedem

1928 3383 2120 3443 mittit,
2153 3379 2196 3431 si
2229 3393 2288 3432 se
2316 3376 2576 3446 qoiSpiam
2607 3377 2829 3444 vestigio
2876 3373 3069 3426 mentis
3100 3386 3129 3424 a
3163 3371 3367 3424 Domini
3413 3369 3508 3423 ﬁr-

1929 3472 2111 3525 mitate
2142 3468 2420 3524 subducat.

2002 3564 2149 3615 Vors.
2187 3563 2237 3612 7.
2283 3561 2392 3630 Ego
2414 3567 2578 3610 autem
2607 3557 2656 3610 in
2679 3555 3025 3609 misericordia
3049 3561 3134 3605 tua
3151 3551 3366 3622 speravi.
3398 3547 3510 3603 Ea:-

1926 3656 2025 3710 sul:
2063 3656 2128 3705 bit
2178 3669 2262 3704 cor
2292 3666 2455 3704 meum
2486 3652 2536 3702 in
2565 3648 2781 3700 salutari
2830 3657 2934 3699 tuo.
2987 3643 3238 3709 Quamvis
3285 3641 3496 3695 deside-

1928 3748 2004 3799 rio
2041 3745 2150 3815 43
2175 3758 2364 3809 magno
2395 3750 2693 3809 raperetur,
2729 3738 2998 3806 patientia:
3027 3750 3135 3789 sua:
3173 3745 3345 3787 tamen
3380 3750 3497 3784 mo-

1929 3847 2102 3892 tnenta
2136 3833 2427 3887 declaravit
2465 3830 2650 3884 dicens
2684 3846 2696 3882 :
2731 3827 2851 3898 quia
2883 3827 2983 3881 etsi
3015 3827 3190 3878 adhuc
3230 3823 3510 3892 contingat

1930 3928 2139 3996 pmpria
2178 3933 2297 3975 vota
2356 3920 2584 3986 diﬁ'erri,
2634 3921 2745 3986 ipse
2791 3927 2990 3982 tamen,
3037 3931 3264 3984 Superna
3298 3915 3511 3968 miseri-

1927 4017 2107 4072 eordia
2134 4013 2476 4083 sitﬁ‘ragante,
2520 4017 2571 4066 in
2603 4025 2697 4078 spe
2727 4010 2840 4078 ejus
2868 4007 3033 4078 pos-it
3065 4006 3399 4060 ﬁrmissimus
3432 4005 3513 4057 in-

1930 4108 2118 4171 veniri,
2154 4108 2294 4158 sicut
2335 4104 2624 4172 Apostolus
2664 4102 2833 4155 dicit:
2880 4100 3010 4166 Spes
3050 4109 3219 4150 autem
3256 4112 3354 4149 non
3385 4112 3512 4150 con-

1928 4197 2094 4266 fundit
2140 4194 2315 4266 (Rom.
2345 4209 2398 4258 v,
2427 4191 2503 4262 5).
2542 4189 2607 4243 In
2648 4203 2736 4243 tua
2773 4189 2916 4243 enim
2966 4185 3312 4240 misericordia
3351 4184 3509 4249 dicit,

1929 4287 2176 4358 quoniam
2208 4285 2299 4354 qui
2343 4284 2498 4338 aliter
2539 4289 2708 4352 putat,
2731 4294 2941 4333 omnem
2969 4291 3116 4345 spem
3141 4289 3251 4329 sua:
3279 4273 3514 4328 creduli-

1929 4387 2050 4430 tatis
2067 4383 2307 4429 evacuat.
2341 4372 2384 4427 0
2410 4374 2573 4426 virtus
2591 4369 2736 4436 ﬁdei,
2758 4378 2812 4424 et
2833 4368 3054 4422 ﬁrmitas
3077 4381 3263 4436 magna
3289 4365 3516 4419 creden-

1855 4475 1908 4535 D
1937 4471 2032 4522 tis!
2067 4466 2341 4520 Gaudebat
2373 4464 2439 4518 ad
2483 4463 2760 4534 praesentis
2810 4462 3132 4523 absentiam,
3188 4471 3242 4515 et
3289 4459 3513 4514 interior

1938 4563 2098 4614 homo
2130 4559 2223 4614 Dei
2247 4559 2478 4613 Salutare
2503 4557 2608 4626 jam
2636 4563 3009 4624 conspexerat,
3038 4569 3195 4622 quem
3226 4553 3403 4608 adhuc
3427 4568 3518 4608 ex-

1940 4654 2103 4706 terior
2132 4649 2437 4702 carnalibus
2467 4648 2637 4702 oculis
2669 4661 2895 4700 cernere
2923 4643 3190 4712 cupiebat.

2014 4741 2164 4795 Vera.
2199 4740 2252 4794 8.
2287 4737 2512 4792 Carttubo
2545 4735 2780 4800 Domino,
2809 4735 2897 4805 qui
2941 4733 3072 4787 bona
3112 4727 3290 4785 tribuit
3341 4731 3466 4783 mihi
3491 4747 3510 4784 :

1940 4841 1989 4886 et
2021 4832 2236 4901 psallam
2269 4829 2461 4882 nomini
2488 4826 2694 4881 Domini
2715 4827 2968 4880 altissimi.
2993 4825 3128 4880 Cum
3159 4839 3216 4878 se
3243 4823 3291 4876 itt
3317 4820 3519 4891 princi-

1945 4925 2046 4995 piis
2073 4923 2258 4978 crebra
2289 4919 2672 4990 conquesdone
2712 4934 2740 4972 a
2777 4917 3043 4972 desiderio
3082 4930 3181 4970 suo
3219 4914 3360 4970 dicat
3399 4928 3520 4968 esse

1942 5017 2186 5073 dilatum.
2222 5013 2308 5068 ltic
2333 5012 2430 5066 sibi
2464 5010 2719 5065 beneﬁcia
2767 5007 2976 5063 Domini
2999 5008 3107 5077 jam
3140 5007 3288 5060 laetus
3324 5003 3520 5059 asserit

1941 5104 2243 5158 cortttibuta
2273 5118 2288 5166 ;
2334 5101 2447 5155 sive
2471 5101 2592 5168 quia
2622 5113 2716 5168 per
2746 5097 3039 5166 prepltetia:
3081 5096 3330 5149 virtutem
3369 5107 3520 5147 acce-

1946 5197 2085 5264 pisse
2115 5209 2174 5247 se
2214 5193 2362 5259 dicit,
2409 5190 2551 5259 quod
2597 5189 2880 5244 manifeste
2929 5197 3152 5241 noverat
3182 5201 3302 5242 esse
3332 5193 3522 5238 ventu-

1947 5301 2094 5350 rum;
2128 5286 2240 5340 sive
2265 5284 2391 5352 quia
2424 5284 2526 5338 hoc
2551 5282 2722 5351 ipsum
2763 5267 3059 5335 credidisse
3091 5279 3197 5348 jam
3241 5277 3523 5346 premium

1946 5390 2081 5443 erat,
2113 5379 2247 5433 sicut
2286 5377 2517 5447 legitur:
2547 5374 2772 5430 Credidit
2807 5373 3064 5426 Abraham
3097 5369 3222 5435 Deo,
3251 5378 3296 5420 cl
3321 5376 3524 5434 reputa-

1940 5481 2048 5525 tum
2090 5483 2164 5524 est
2197 5469 2277 5524 illi
2323 5470 2391 5522 ad
2431 5468 2690 5540 justitiam
2717 5465 2870 5538 (Gen.
2925 5481 3015 5529 XV,
3046 5461 3122 5531 6).
3171 5460 3356 5516 Met-ito
3401 5477 3526 5529 ergo

1944 5565 2222 5632 accepisse
2249 5579 2306 5616 se
2334 5563 2482 5626 dicit,
2508 5562 2590 5614 cui
2623 5570 2766 5614 tanta
2800 5558 2920 5612 ﬁdei
2950 5557 3122 5611 fuerat
3149 5553 3373 5607 ﬁrmitas
3399 5567 3514 5606 con-

1947 5652 2162 5708 tributa.
2192 5653 2253 5706 Et
2283 5651 2497 5706 intende
2529 5650 2667 5718 quod
2697 5649 2840 5717 prius
2867 5648 3021 5716 dixit,
3045 5650 3298 5712 cantabo;
3329 5646 3526 5702 deinde
