4008 6182
550 273 651 327 VS

586 314 592 321 ‘
620 311 635 327 ι

586 314 592 321 ‘
620 311 635 329 ι

1807 276 1875 330 Μ.
1923 275 2203 331 Αυιιειιι
2241 274 2646 337 CASSIODORI

3718 296 3809 350 «Ιοί

545 387 795 456 psallam;
823 388 1040 441 cantabo
1065 388 1248 455 corde,
1284 388 1369 442 ubi
1418 388 1580 443 nimia
1614 388 1797 443 iustitia
1824 388 2129 457 compleba-
2160 392 2209 449 Α
2241 389 2435 444 Videns
2488 394 2710 461 populus
2750 393 3057 451 JUdtﬁlll‘um
3112 398 3387 456 Christum
3444 402 3713 461 humiliter
3761 410 3805 463 in

545 490 629 532 tur
648 479 763 553 [ms.
784 478 871 545 6.,
897 478 1407 549 contemplabatur];
1431 480 1646 551 psallam
1664 480 1919 549 operibus
1947 481 2123 545 bonis,

543 572 682 639 quod
716 572 941 623 maxime
982 570 1239 625 Dii-initas
1268 572 1493 638 querit;
1533 584 1588 626 ut
1620 575 1834 626 cantabo
1862 576 2128 640 pertineat

544 662 607 713 ad
640 661 1127 728 contemplativmt,
1177 662 1397 733 psallam
1441 663 1506 716 ad
1539 666 1824 719 actualem.
1860 664 1990 730 Qua:
2020 664 2127 719 (Ιιιηι

547 761 791 819 tanquam
837 752 1031 820 gemini
1061 754 1200 804 oculi
1239 754 1592 821 pulcherrime
1625 755 1849 818 sociata,
1887 746 2127 807 reddunt

545 843 1050 897 illontinatissiutum
1097 845 1479 898 Chrstianum.

1083 954 1352 1009 Conclusio
1394 958 1596 1024 psalmi.

618 1064 982 1131 Respiciamus
1021 1066 1331 1133 prophetam
1382 1068 1432 1118 in
1478 1068 1933 1136 contemplatione
1978 1067 2128 1123 beata

547 1165 796 1222 posnum,
830 1168 1026 1223 quanto
1055 1155 1325 1209 desiderio
1372 1158 1660 1225 gloriosam
1704 1158 2128 1212 incarnationem

548 1247 751 1299 Domini
775 1249 1099 1310 sustinebat;
1124 1260 1174 1300 et
1204 1248 1326 1301 hinc
1368 1250 1707 1303 advertamus
1737 1251 1897 1318 quale
1934 1268 2129 1304 munus

547 1338 669 1392 inde
697 1342 1050 1406 suscepimus,
1081 1342 1221 1410 quod
1257 1356 1433 1408 regem
1467 1352 1759 1409 potentem,
1789 1352 1844 1396 et
1886 1353 2127 1397 sanctum

548 1432 855 1497 prophetam
884 1442 1027 1483 tanto
1050 1431 1226 1484 studio
1257 1433 1569 1499 conspicere
1593 1432 1823 1487 VUIDiSse
1846 1435 2128 1488 sentimus.

547 1522 650 1575 Sed
686 1522 907 1577 Domino
931 1524 1333 1590 supplicandum
1357 1536 1455 1589 est,
1491 1541 1558 1579 ue
1589 1525 1803 1579 diabolo
1831 1529 2004 1580 tradat
2032 1531 2131 1582 sub

546 1611 849 1667 desertione
874 1616 1172 1679 teutaudos,
1207 1626 1260 1670 et
1295 1616 1384 1668 tali
1414 1616 1673 1670 beuelicio
1705 1634 1802 1672 nos
1838 1619 2026 1673 reddat
2052 1620 2131 1674 iu-

544 1708 768 1778 diguos;
802 1718 857 1760 ut
882 1708 966 1761 cui
999 1709 1086 1761 ille
1114 1708 1285 1760 adhuc
1308 1718 1530 1762 venturo
1559 1710 1910 1766 devttliSsllne
1950 1711 2124 1767 lamu-

548 1798 774 1861 laliatur,
822 1813 919 1851 nos
970 1803 1040 1867 ei,
1072 1802 1159 1868 qui
1186 1798 1298 1869 jam
1336 1802 1500 1868 venit,
1536 1801 1766 1856 lideliter
1802 1804 2122 1861 serviamus.

549 1889 816 1942 Admonet
863 1891 1021 1944 etiam
1072 1891 1432 1946 duodenarius
1472 1909 1724 1948 numerus
1764 1898 2125 1963 apostolorum

546 1994 644 2033 n'vs
667 1981 902 2035 recolere
927 1983 1298 2051 quantitatem,
1329 1985 1419 2053 qui
1454 1986 1699 2040 doctrina
1739 1987 2125 2053 perfectissima

548 2073 940 2137 mandatorum,
989 2082 1042 2127 et
1074 2074 1355 2128 Dom:uum
1393 2092 1555 2143 supra
1594 2080 1771 2131 omnia
1801 2078 2124 2146 dilexerunt,

546 2175 600 2219 et
641 2166 909 2233 proximos
935 2167 1122 2221 eadem
1156 2177 1213 2221 ut
1258 2184 1316 2223 se
1344 2170 1605 2226 charitate
1644 2175 1913 2240 complexi
1963 2186 2123 2241 sunt;

548 2263 605 2306 nt
633 2270 746 2308 mer
773 2264 826 2307 to
859 2257 941 2310 hic
987 2262 1219 2323 psalmus
1264 2261 1388 2313 talia
1431 2263 1583 2316 nobis
1632 2274 1969 2320 sacramenta
1999 2281 2127 2321 con-

545 2346 789 2409 cesserit,
821 2348 907 2414 qui
938 2349 1299 2413 apostolorum
1329 2352 1566 2406 noscitur
1597 2369 1822 2407 numero
1844 2370 2129 2410 consecra-

548 2443 654 2487 tus.
679 2436 731 2488 In
762 2436 1040 2490 duodecim
1070 2453 1279 2504 quoque
1302 2440 1469 2494 tribus
1502 2441 1844 2498 Hebraeorum
1873 2446 2125 2514 populum

547 2536 759 2578 constat
798 2541 917 2580 esse
947 2527 1195 2583 divisum.
1232 2530 1514 2585 Duodecim
1561 2533 1721 2588 etiam
1755 2534 1911 2588 sedes
1945 2534 1997 2590 in
2033 2538 2125 2605 ju-

545 2615 686 2669 dicio
708 2626 930 2671 venturo
963 2618 1217 2673 Dominus
1242 2623 1503 2689 promittit
1526 2624 1801 2690 apostolis.
1834 2625 2127 2681 Duodecim

546 2724 757 2776 quoque
789 2712 1059 2765 mensibus
1089 2728 1259 2766 atttttts
1290 2716 1404 2779 ipse
1430 2714 1651 2783 partitus
1684 2725 1783 2769 est.
1811 2716 1916 2772 Sed
1949 2728 2000 2771 et
2027 2720 2127 2772 alia

550 2798 675 2864 hujn
710 2800 849 2852 moli
895 2800 1045 2867 plura
1077 2803 1301 2871 diligens
1337 2805 1503 2859 lector
1559 2807 1820 2871 invenies,
1878 2818 1935 2862 ut
1991 2809 2130 2863 hunc

546 2890 804 2943 calculum
830 2892 1005 2945 multis
1037 2896 1306 2963 mysteriis
1339 2896 1590 2950 refertum
1628 2913 1748 2951 esse
1778 2914 2090 2969 cognoscas.

831 3004 1189 3062 EXPUSITIU
1229 3008 1290 3061 IN
1343 3008 1661 3065 PSALMUM
1704 3011 1838 3065 Xlll.

960 3097 1024 3150 In
1063 3098 1214 3167 finem
1253 3102 1479 3169 psalmus
1520 3101 1707 3154 Darid.

618 3211 751 3267 Cum
796 3211 951 3265 verba
982 3213 1080 3265 ista
1124 3213 1414 3281 praemissis
1442 3213 1865 3280 expositionibus
1909 3215 2127 3268 omnino

544 3303 653 3372 jam
688 3314 809 3355 nuta
841 3303 967 3370 sint,
1004 3304 1257 3357 memoria
1309 3305 1481 3371 pctius
1532 3305 1600 3358 de
1633 3305 1713 3358 his
1749 3321 1904 3375 quam
1950 3321 2128 3360 sermo

551 3405 732 3450 uoster
754 3397 1072 3466 requiratur.
1100 3395 1154 3450 ln
1180 3396 1343 3449 titulis
1371 3406 1546 3450 autem
1567 3396 1709 3465 juste
1739 3397 1857 3465 finis
1883 3397 2128 3466 frequen-

551 3499 632 3542 ter
663 3492 941 3559 repetitur,
989 3499 1044 3542 ut
1071 3503 1283 3557 semper
1308 3487 1374 3540 ad
1408 3490 1827 3557 omnipotentem
1856 3488 2125 3543 Christum

548 3580 818 3634 audientis
849 3582 1057 3637 animus
1104 3583 1360 3651 erigatur.
1406 3580 1511 3636 Sed
1550 3581 1666 3649 ﬁnis
1713 3582 1833 3647 iste,
1884 3579 2020 3634 sicut
2048 3581 2128 3635 di-

547 3684 689 3727 ctum
741 3684 841 3738 est,
894 3676 1051 3727 variis
1097 3673 1571 3742 s‘gnilicatiouihus
1619 3684 1833 3727 sensum
1884 3684 2124 3729 nostrum

560 3764 874 3817 transmittit
902 3764 966 3817 ad
1002 3764 1279 3817 Dominum
1308 3782 1322 3818 :
1352 3780 1493 3817 nunc
1522 3764 1882 3818 triltttlantium
1912 3764 2128 3820 cutifes-

558 3858 731 3919 sione,
759 3871 896 3910 nunc
928 3857 1288 3909 exsultatione
1332 3857 1645 3917 laetantium,
1699 3872 1838 3910 nunc
1888 3857 2128 3911 docentis

551 3951 764 4011 allecto,
826 3964 966 4002 nunc
1008 3950 1424 4003 comminatione
1479 3948 1685 4014 jndicii.
1745 3949 1900 4002 Modo
1950 3959 2127 4002 tamen

546 4042 781 4111 psalmus
812 4040 896 4095 hic
923 4040 1226 4095 ludmorum
1259 4042 1530 4094 vesaniam
1555 4032 1858 4094 vehementi
1885 4042 2129 4108 increpa-

546 4137 691 4189 tione
717 4135 937 4202 ca-tigat
970 4152 982 4185 ε
1014 4149 1169 4201 asper
1199 4133 1612 4198 invectiouihus,
1661 4132 1913 4186 terribilis
1953 4133 2131 4201 prola-

544 4228 647 4293 uis,
701 4239 914 4278 amarus
968 4224 1288 4290 incredulis;
1332 4233 1389 4277 ut
1432 4223 1549 4277 haec
1610 4225 1906 4292 increpatio
1938 4225 2130 4279 merito

545 4326 742 4371 saneta:
788 4317 942 4369 detur
999 4315 1292 4380 Ecclesize,
1356 4328 1542 4370 contra
1599 4315 1750 4385 cojus
1801 4317 2128 4384 propositum

546 4409 766 4460 demens
808 4405 1024 4473 perfidia
1077 4420 1269 4474 pravas
1302 4406 1624 4460 intentiones
1654 4409 1837 4461 nititur
1874 4408 2124 4461 excitare.

1109 4492 1301 4547 Diuisio
1354 4496 1557 4558 psalmi.
1752 4484 1755 4486 I

616 4587 803 4641 Facies
832 4587 915 4640 illa
949 4585 1178 4653 Domini,
1210 4601 1324 4656 qum
1357 4587 1762 4642 induodecimo
1794 4589 2001 4657 pSaIuto
2027 4589 2123 4642 de-

542 4679 811 4734 siderabili
844 4677 1233 4746 supplicatione
1267 4678 1564 4746 petebatur,
1618 4679 1703 4731 hic
1741 4678 1846 4747 jam
1879 4679 2125 4733 introdu-

543 4775 679 4826 citur
709 4770 1006 4822 adveni~sv.
1040 4768 1105 4821 Et
1138 4768 1256 4822 ideo
1291 4771 1461 4836 primo
1482 4769 1641 4821 modo
1670 4769 1908 4838 increpat
1946 4771 2127 4827 Eccle-

544 4861 621 4914 sia
651 4859 910 4912 catholica
950 4857 1183 4927 Judmos,
1216 4858 1305 4925 qui
1350 4861 1463 4912 viso
1490 4859 1700 4914 Christo
1743 4862 1960 4916 minime
2006 4877 2122 4917 cre-

544 4951 814 5005 diderunt.
857 4950 1102 5004 Secundo
1131 4950 1289 5003 modo
1313 4949 1441 5003 dicit
1470 4952 1609 5003 inani
1642 4966 1736 5005 eos
1770 4952 2124 5020 trepidatione

543 5044 817 5110 confundi,
860 5043 950 5112 qui
999 5045 1322 5119 fructuosum
1373 5044 1619 5098 timorem
1670 5045 1872 5097 Domini
1922 5061 2124 5117 cogno-

545 5150 696 5191 scere
728 5136 1031 5189 uoluerunt.
1062 5134 1141 5189 Ad
1169 5146 1518 5205 postremum,
1541 5151 1725 5190 eorum
1756 5138 1808 5191 in
1837 5135 1997 5192 tinem
2023 5153 2125 5193 ste-

543 5227 650 5281 culi
707 5225 1010 5295 praedicitur
1049 5228 1268 5282 evenire
1306 5229 1611 5295 conversio,
1674 5243 1795 5281 cum
1848 5228 2124 5291 plenitudo

547 5314 779 5383 gentium
834 5315 1007 5385 longis
1053 5314 1263 5369 saeculis
1303 5323 1609 5383 exspectata
1671 5320 2019 5385 provenerit;
2066 5331 2122 5377 ut

546 5420 666 5458 cum
712 5404 919 5458 Domini
968 5405 1138 5474 pietas
1186 5405 1235 5458 in
1266 5404 1343 5457 eis
1374 5406 1633 5473 prodizur,
1670 5405 1734 5461 ad
1761 5406 2119 5469 confessionis

547 5493 781 5549 setuedia
808 5494 1010 5550 lucilius
1041 5495 1093 5548 in
1105 5502 1355 5547 vitentur.
2016 5494 2019 5497 ’

1080 5585 1343 5653 Expositio
1383 5588 1582 5656 psalmi.

616 5673 769 5732 γει-ε.
805 5678 852 5732 Ι.
895 5673 1036 5729 Dixit
1061 5677 1295 5747 insipiens
1317 5679 1366 5730 in
1391 5679 1539 5731 corde
1558 5694 1650 5732 suo
1675 5693 1694 5733 :
1718 5677 1836 5735 Non
1859 5690 1931 5736 est
1960 5681 2114 5740 Deus.

2234 492 2502 550 asstnnpta
2544 499 2705 539 carne
2741 487 2974 552 venisse,
3011 488 3332 558 insipieuer
3360 492 3499 546 dixit
3534 510 3548 548 :
3586 496 3708 551 A’on
3743 508 3809 553 ω

2234 571 2391 624 Deus.
2428 571 2533 626 Nec
2565 574 2824 629 intellexit
2857 576 3028 645 ip~um
3075 594 3195 633 csse
3234 583 3323 648 qui
3379 584 3660 650 pra-dictus
3707 602 3811 642 eunt

2232 680 2258 717 a
2290 668 2583 734 prophetis.
2617 668 2740 721 Ideo
2768 671 2983 739 gravius
3026 674 3147 740 quia
3196 691 3298 726 non
3334 676 3510 739 labiis,
3562 678 3657 729 sed
3691 679 3809 731 dixit

2230 753 2284 805 in
2314 755 2502 820 corde;
2554 766 2610 811 ιιι
2662 759 2800 813 malo
2854 771 2975 814 voto
3030 761 3186 832 pejor
3243 765 3587 819 incredulitas
3630 767 3807 835 junge-

2235 853 2405 896 reittt'.

2310 934 2457 987 Vers.
2483 935 2536 991 2.
2580 935 2817 1010 Corrupti
2842 950 2959 993 sunt
2988 951 3037 994 et
3069 943 3433 997 abominabiles
3465 946 3590 1012 farti
3617 959 3729 1000 sunt
3759 950 3813 1001 in

2233 1026 2573 1080 voluntatibus
2601 1030 2743 1093 suis;
2790 1046 2890 1084 non
2934 1036 3122 1101 estqui
3158 1035 3313 1104 ficint
3352 1038 3563 1100 borium,
3605 1055 3703 1090 non
3743 1048 3808 1093 est

2234 1131 2391 1185 usque
2420 1117 2488 1169 ad
2513 1136 2686 1171 unum.
2724 1119 2964 1187 Corrupri
2987 1133 3126 1190 sunt,
3160 1124 3284 1177 dum
3310 1126 3377 1177 ab
3421 1126 3807 1193 Scriptur::rum

2232 1209 2458 1262 sanitate
2490 1211 2827 1277 recedentes,
2860 1213 2911 1266 iu
2950 1230 3138 1267 sensus
3166 1217 3368 1282 probati
3399 1228 3527 1270 sunt
3564 1218 3672 1271 inci
3696 1219 3723 1270 ri
3753 1234 3808 1273 se

2236 1300 2471 1356 vitiosos.
2507 1301 2759 1368 Sequitur
2792 1306 2986 1359 deinde
3013 1322 3167 1375 pcena
3203 1309 3429 1375 peccati,
3456 1322 3512 1362 ut
3537 1311 3808 1364 nefandis-

2233 1392 2368 1445 sizna
2428 1391 2799 1448 incredulitate
2848 1398 3120 1459 maculati,
3175 1399 3537 1453 abominabiles
3594 1401 3810 1456 Domino

2235 1484 2344 1537 Suis
2375 1485 2648 1538 erroribus
2687 1487 3063 1541 redderentur.
3105 1488 3355 1544 Voluntas
3386 1493 3526 1545 enim
3558 1494 3695 1546 dicta
3732 1504 3810 1548 est

2234 1588 2262 1625 a
2290 1576 2486 1638 Volatu,
2532 1576 2785 1644 quoniam
2816 1577 3025 1633 animus
3054 1594 3160 1648 quo
3197 1581 3307 1633 vult
3338 1582 3495 1635 nimia
3534 1584 3810 1639 velocitate

2234 1663 2576 1718 transfertur.
2646 1664 2919 1736 Sequitur,
2982 1686 3081 1721 non
3140 1680 3211 1723 est
3265 1674 3351 1739 qui
3398 1672 3553 1741 faciat
3608 1676 3807 1732 bonum.

2159 1753 2205 1812 B
2234 1753 2366 1820 Quid
2398 1769 2524 1825 ergo
2555 1756 2783 1811 dicimus
2812 1758 2878 1813 de
2911 1761 3265 1828 patriarchis?
3295 1763 3481 1819 Nonne
3510 1766 3706 1822 bonum
3737 1768 3810 1821 fe-

2230 1843 2301 1898 cit
2340 1843 2469 1911 Noe,
2506 1861 2625 1900 cum
2660 1847 2870 1902 Domini
2899 1852 3178 1919 praeceptis
3217 1852 3498 1918 obedieus,
3543 1855 3595 1910 in
3638 1871 3807 1911 arcam

2229 1933 2515 1989 salvandus
2545 1937 2798 1992 intravit?
2843 1938 3029 1995 Nonne
3058 1941 3197 1996 idem
3251 1941 3446 1998 bonum
3497 1946 3620 2000 fecit
3649 1948 3812 2002 Abra-

2232 2028 2377 2089 ham,
2406 2042 2526 2081 cum
2554 2027 2718 2082 lilium
2751 2043 2902 2084 suum
2945 2032 3205 2088 obediens
3249 2034 3447 2091 divinis
3485 2036 3811 2105 jussionibus

2231 2115 2425 2169 obtulit
2470 2117 2894 2173 immolandum?
2949 2120 3136 2176 Nonne
3165 2124 3360 2177 bonum
3413 2109 3681 2193 fecitJoh,
3722 2128 3811 2197 qui

2232 2205 2361 2260 dura
2394 2209 2640 2275 passione
2665 2225 2968 2279 percussus,
3005 2212 3057 2266 in
3082 2215 3334 2271 omnibus
3360 2216 3584 2271 Domino
3613 2220 3812 2289 gratias

2231 2298 2503 2354 actitavit?
2529 2301 2667 2368 Quid
2713 2303 2886 2357 dicam
2916 2305 2984 2360 de
3016 2309 3297 2376 pr0phetis
3322 2320 3377 2364 et
3402 2314 3678 2378 apostolis,
3721 2314 3812 2381 qui

2232 2389 2492 2461 mandatis
2518 2391 2727 2447 Domini
2759 2394 3100 2462 latuulautes,
3132 2401 3338 2468 seipsos
3362 2403 3608 2469 gloriosis
3631 2406 3815 2459 morti-

2232 2479 2331 2535 bus
2360 2481 2706 2541 obtulerunt?
2736 2485 2893 2540 Fiunt
2924 2490 3209 2560 hodieque,
3252 2492 3481 2547 Domino
3532 2496 3810 2565 largiente,

2227 2572 2493 2641 justorum
2524 2581 2837 2645 operatione
2891 2596 3011 2650 qua:
3057 2583 3192 2637 bona
3241 2598 3384 2640 sunt.
3420 2590 3545 2652 Sel,
3601 2603 3655 2643 ut
3702 2592 3817 2649 haec

2233 2667 2444 2732 negatio
2498 2669 2776 2725 verissime
2827 2671 2922 2724 tibi
2982 2674 3187 2753 debeat
3231 2678 3467 2743 elucere,
3535 2684 3814 2739 considera

2231 2753 2357 2822 qnd
2388 2757 2647 2825 sequitur,
2678 2777 2779 2813 non
2806 2771 2879 2814 est
2918 2778 3077 2831 usque
3116 2765 3185 2818 ad
3216 2783 3388 2821 unum.
3438 2769 3637 2825 Revera
3670 2775 3815 2828 solus

2231 2855 2314 2899 est
2359 2850 2626 2915 Chridus,
2662 2852 2778 2906 sine
2807 2870 2915 2921 quo
2964 2855 3159 2909 bonum
3211 2859 3422 2929 aliquod
3464 2861 3547 2916 vel
3581 2864 3816 2933 incipere

2232 2938 2313 2991 vel
2338 2939 2560 3006 implere
2592 2940 2927 2997 imbecillitas
2958 2946 3184 3000 humana
3232 2965 3337 3003 non
3373 2952 3642 3018 praevalet.
3674 2954 3815 3020 Quae

2232 3039 2449 3095 propter
2470 3029 2594 3098 jure
2633 3044 2879 3101 negatum
2909 3044 2990 3088 est
3038 3036 3203 3091 ullum
3251 3038 3423 3094 facere
3457 3042 3669 3110 bonum,
3706 3046 3807 3100 nisi

2155 3123 2202 3185 ρ
2235 3134 2401 3188 usque
2432 3122 2496 3174 ad
2530 3123 2700 3189 ipsum
2752 3124 2907 3178 luerit
2935 3126 3050 3194 ejus
3095 3129 3436 3184 miseratione
3469 3147 3808 3201 perventum.

2230 3210 2361 3265 Nam
2386 3228 2505 3266 cuzn
2536 3214 2599 3267 ad
2642 3231 2762 3269 cum
2794 3220 3082 3283 acceditur,
3126 3235 3222 3275 nec
3252 3223 3320 3277 ab
3368 3224 3485 3287 ipso
3526 3228 3816 3288 receditur.

2230 3313 2389 3354 omne
2425 3303 2621 3356 bunum
2666 3305 2781 3359 sine
2830 3307 3162 3363 dubitatione
3228 3316 3519 3381 peragitur.
3582 3317 3683 3371 Iste
3731 3328 3817 3374 est

2230 3405 2358 3460 ergo
2392 3392 2528 3460 linis,
2576 3395 2665 3465 qui
2716 3407 2797 3451 cst
2846 3401 3137 3464 promissus
3191 3402 3321 3474 [ed.,
3377 3406 3707 3478 prtcmissus]
3763 3410 3818 3464 in

2231 3479 2406 3534 titulo.

2300 3571 2409 3643 49
2440 3571 2590 3626 Vers.
2621 3573 2673 3628 3.
2708 3575 2952 3632 Dominus
2979 3580 3039 3635 de
3064 3583 3187 3636 caelo
3217 3588 3474 3654 prosperit
3502 3605 3655 3658 super
3680 3590 3821 3657 ﬁlios

2231 3661 2513 3716 hominum.
2547 3666 2824 3731 Quomodo
2854 3675 3149 3741 prospexit?
3182 3676 3400 3731 Scilicet
3431 3688 3486 3732 ut
3515 3682 3666 3734 nobis
3696 3683 3821 3735 mit-

2234 3762 2369 3807 teret
2402 3755 2739 3826 Unigenitum
2777 3762 2964 3817 Filium
2997 3780 3149 3820 suum
3174 3811 3186 3833 ,
3232 3778 3323 3837 per
3352 3786 3505 3839 quem
3531 3788 3650 3826 vera
3685 3776 3822 3829 lides

2232 3849 2533 3903 evidentius
2572 3854 2835 3921 potuisset
2870 3863 3108 3925 agnosci.
3152 3860 3319 3929 Super
3349 3862 3484 3930 ﬁlios
3515 3864 3781 3917 hominum
3804 3908 3821 3933 ,

2233 3938 2298 3990 de
2327 3938 2527 3995 Judatis
2560 3955 2731 4011 potest
2762 3945 3023 4015 intelligi,
3059 3951 3193 4004 sicut
3226 3956 3274 4005 in
3308 3954 3594 4024 Evangelio
3628 3957 3816 4011 Domi-

2234 4046 2331 4083 nus
2364 4034 2438 4085 ait
2470 4051 2483 4086 :
2520 4033 2638 4089 Non
2671 4054 2782 4089 sum
2814 4041 3024 4107 missus,
3060 4044 3155 4095 nisi
3183 4046 3251 4095 ad
3280 4063 3390 4099 ores
3418 4064 3529 4115 quia
3558 4051 3818 4115 perierant

2231 4120 2411 4175 domus
2446 4122 2608 4177 Israel
2637 4125 2856 4188 (Matth.
2886 4145 2972 4194 xv,
3006 4132 3103 4201 lli)
3128 4174 3140 4194 ,
3176 4144 3232 4187 ιιι
3264 4135 3570 4190 honoratius
3597 4154 3692 4193 ens
3724 4155 3823 4207 ap-

2232 4210 2511 4277 pellaverit
2537 4212 2675 4282 filios
2698 4216 2959 4271 hominum
2994 4235 3208 4288 prop'er
3236 4226 3387 4276 uniu~
3417 4226 3506 4278 Dei
3534 4228 3732 4279 cultum
3767 4238 3825 4283 et

2232 4301 2283 4353 in
2326 4309 2728 4370 c0mparatioue
2758 4312 3059 4376 gentilium.
3098 4313 3170 4365 Illi
3214 4315 3352 4365 enim
3390 4319 3579 4384 popqu
3611 4321 3827 4385 Specio-

2233 4392 2354 4447 liter
2383 4400 2727 4465 Cognoscitur
2758 4403 2937 4455 datum
2963 4446 2975 4467 ,
3013 4404 3152 4472 quod
3187 4406 3495 4474 rept-llendo
3521 4410 3823 4480 sacrilegus

2155 4503 2209 4565 ι)
2232 4500 2260 4537 a
2291 4502 2348 4541 se
2379 4490 2549 4543 reddit
2575 4492 2829 4545 alienum.

2299 4590 2456 4644 Vers.
2499 4592 2551 4643 5.
2599 4592 2667 4646 ω
2706 4595 2873 4647 videat
2907 4597 2950 4648 si
2988 4609 3059 4649 est
3089 4598 3406 4668 intelligens,
3435 4612 3525 4653 aut
3555 4605 3826 4670 requirens

2234 4680 2413 4735 Deum.
2443 4681 2624 4736 Videat
2646 4730 2659 4748 ,
2683 4686 2847 4739 videri
2880 4686 3052 4740 faciat.
3079 4687 3229 4755 Quod
3257 4690 3473 4745 schema
3502 4694 3695 4748 dicitur
3720 4694 3826 4765 hy-

2236 4774 2421 4842 palage
2441 4815 2454 4833 .
2488 4774 2537 4826 id
2569 4783 2651 4828 est
2679 4787 2941 4841 permutat
2967 4793 2998 4830 ο
3018 4819 3033 4843 ,
3068 4782 3275 4847 quoties
3304 4781 3357 4834 in
3399 4782 3556 4835 alium
3602 4784 3830 4839 intelle-

2229 4872 2371 4916 ctum
2405 4860 2560 4916 verba
2589 4879 2710 4933 quae
2740 4865 2877 4918 dicta
2909 4876 3032 4919 sunt
3062 4870 3487 4934 transferuntur;
3522 4880 3577 4924 ut
3604 4871 3829 4926 dicatur

2241 4968 2305 5005 ex
2354 4962 2594 5021 tempore
2633 4970 2792 5010 nos.~e
2840 4957 3149 5026 qu‘dpiam,
3198 4962 3284 5029 qui
3324 4973 3607 5029 antequam
3650 4962 3821 5026 liant,

2231 5043 2382 5096 novit
2410 5045 2675 5101 universa.
2706 5047 2796 5101 Sic
2825 5056 2876 5102 et
2903 5043 3136 5104 'Abrahaa
3170 5051 3375 5106 locutus
3401 5064 3485 5108 est
3514 5054 3776 5110 Dominus
3804 5072 3826 5111 :

2233 5133 2388 5189 Nunc
2425 5139 2636 5207 cognori
2673 5123 3097 5209 quoniamuimes
3138 5143 3417 5199 Dominum
3459 5147 3619 5201 Deum
3662 5158 3825 5202 tuum

2229 5227 2395 5298 (Gen.
2426 5245 2533 5283 nu
2556 5272 2570 5295 ,
2600 5230 2699 5301 ιε)
2728 5248 2743 5297 ;
2775 5233 2852 5288 sic
2878 5233 3114 5288 dicturus
3145 5244 3227 5290 est
3255 5238 3304 5289 in
3330 5237 3531 5306 judicio
3557 5254 3654 5294 suo
3687 5256 3829 5308 pec-

2228 5320 2525 5375 catoribus:
2557 5320 2743 5376 Nescio
2771 5338 2854 5377 vos
2880 5323 3092 5395 (Matth.
3112 5343 3235 5393 xxv,
3260 5327 3282 5379 1
3326 5327 3368 5398 ),
3398 5339 3452 5384 et
3480 5330 3563 5383 his
3590 5333 3841 5393 similia._

2225 5412 2375 5478 Quod
2409 5428 2577 5483 genus
2620 5416 2906 5471 locutionis
2947 5419 2999 5471 in
3040 5418 3329 5487 Scripturis
3364 5420 3558 5475 divinis
3601 5425 3823 5488 reperis

2231 5502 2538 5572 frequenter
2568 5506 2846 5562 insertum.
2880 5508 3179 5581 Intelligens
3213 5521 3387 5566 autem
3422 5514 3555 5567 dixit
3586 5527 3826 5583 propter

2224 5600 2640 5667 assumptionem
2674 5602 3051 5669 humanitatis,
3097 5606 3215 5673 quia
3263 5605 3400 5658 Deus
3445 5606 3665 5677 intelligi
3710 5608 3827 5663 de-

2226 5686 2454 5754 buisset,
2487 5690 2577 5761 qui
2611 5692 2793 5745 multis
2827 5693 3096 5749 miraculis
3128 5694 3414 5751 adventum
3458 5711 3568 5750 sua:
3611 5696 3830 5750 divini-
