4008 6182
287 342 384 392 103

1223 334 1441 389 ΕΧΡυΒ
1470 333 1578 388 ’ΠΟ
1622 333 1680 387 IN
1723 329 2178 386 PSALTElliUM.
2223 328 2409 382 PS.\L.
2459 327 2589 381 χιιι.

3436 339 3534 393 lilii

288 461 402 511 Iulis
432 455 679 510 ostendit.
718 455 992 522 Requirms
1025 468 1149 506 vero
1193 453 1398 520 posuit,
1448 453 1490 503 si
1534 451 1648 519 ejus
1693 466 1842 503 man-
1882 457 1920 509 Α
1953 447 2066 515 guis
2118 447 2211 496 iste
2266 445 2396 510 Agni
2449 441 2805 498 immaculati.
2861 442 2981 492 dum
3025 457 3050 491 τι
3083 440 3280 494 .Ῐιιι1;ιιὶδ
3328 439 3526 493 effusus

286 559 404 607 tiala
435 561 805 620 sequerentur.
840 549 929 602 Ille
975 549 1116 599 enim
1163 546 1369 610 re.,~ufrit
1420 546 1608 608 Deum,
1655 545 1738 611 qui
1788 543 1853 595 ab

287 653 393 714 eius
423 646 694 698 Voluntate
736 659 839 696 non
872 641 1156 704 discrepat.
1189 637 1280 692 Sic
1322 652 1426 689 uno
1465 650 1619 688 versu
1662 644 1855 702 myste-

287 753 412 789 rrntn
445 745 644 788 sanctze
697 729 1076 784 incarnationis
1107 739 1381 780 ostensum
1412 736 1515 789 est,
1554 735 1606 775 ut
1638 740 1729 792 per
1758 724 1857 775 hoc

287 842 331 880 rt
371 827 649 880 hominum
697 824 828 877 ﬁdes
860 822 1121 891 potuisset
1168 819 1424 886 intelligi,
1470 826 1522 868 et
1565 813 1854 868 remedium

287 922 558 975 debuisset
587 922 748 983 optati
780 931 950 969 mune.
970 915 1016 967 is
1045 913 1289 966 imettiri.

350 1014 506 1067 Vers.
541 1011 594 1066 5.
631 1010 820 1064 Omnes
852 1010 1256 1067 declinaverunt,
1301 1003 1454 1056 simul
1492 1000 1695 1056 inutiles
1734 1000 1858 1070 facti

288 1115 442 1157 sunt:
489 1119 589 1154 non
635 1112 706 1153 est
754 1100 840 1166 qui
891 1099 1046 1166 facr'at
1097 1099 1310 1158 bonum,
1362 1110 1461 1147 non
1501 1101 1571 1146 est
1612 1107 1767 1155 usque
1794 1090 1861 1141 ad

289 1210 460 1246 unum.
496 1192 682 1244 Omnes
713 1191 960 1244 dicuntur
987 1187 1299 1248 declinasse,
1331 1199 1448 1238 cum
1483 1192 1658 1235 tamen
1688 1196 1752 1235 ex
1785 1181 1861 1234 eis

290 1301 390 1338 non
425 1284 643 1337 minima
678 1281 829 1335 turba
859 1276 1165 1334 crediderit.
1198 1275 1360 1338 Sed,a
1395 1285 1540 1339 parte
1573 1281 1736 1324 totum
1768 1286 1852 1324 ac'

289 1377 592 1445 tip‘endum
634 1384 755 1439 est;
802 1373 933 1425 tanti
980 1370 1120 1424 enim
1162 1368 1304 1436 impii
1351 1367 1590 1430 luerunt,
1631 1375 1689 1417 ut
1729 1377 1864 1432 pene

287 1482 474 1522 attines
505 1464 692 1536 perﬁdi
722 1478 845 1517 esse
877 1476 936 1514 ac
965 1460 1191 1530 periisse
1232 1466 1561 1525 putarentur.
1605 1455 1696 1507 lsti
1738 1468 1865 1520 ergo

291 1562 668 1614 declinaverunt
700 1571 726 1608 a
759 1553 924 1623 gratia
955 1551 1046 1604 Dei
1072 1591 1088 1616 ,
1117 1561 1170 1604 et
1203 1549 1324 1620 facti
1351 1558 1466 1602 sunt
1499 1546 1701 1598 inutiles
1741 1545 1862 1598 sibi.

357 1650 511 1700 Vers.
540 1647 594 1700 6.
623 1645 926 1713 Sepulcrum
951 1651 1128 1712 patens
1154 1651 1225 1693 est
1253 1647 1424 1708 guttur
1445 1653 1618 1689 eorum
1638 1677 1650 1696 ,
1682 1637 1866 1704 linguis

291 1741 392 1790 suis
425 1739 601 1790 dolose
630 1736 866 1806 agebant.
896 1731 958 1786 lii
986 1733 1220 1801 quinque
1251 1743 1438 1783 versus
1467 1743 1634 1796 usque
1674 1726 1738 1778 ad
1783 1725 1866 1778 di-

1959 547 2073 593 est.
2108 535 2263 587 nimis
2293 550 2384 587 eos
2415 534 2732 587 criminosos
2765 532 2975 592 eth-cit;
3024 535 3114 586 sed
3161 550 3278 586 cum
3321 534 3385 586 ad
3433 547 3532 587 nos

1959 628 2241 694 pervenit,
2276 625 2582 677 beatitudini
2617 623 2966 675 consecravit.
3110 671 3138 678 η

2039 715 2185 767 Vers.
2228 713 2278 764 9.
2322 713 2570 765 Contritio
2609 722 2654 763 et
2694 711 2966 776 infelicitas
3006 710 3055 761 in
3097 711 3188 762 viis
3237 726 3445 773 eorum,
3482 725 3531 769 ei

1959 807 2088 858 ciam
2123 823 2200 873 ραι
2218 806 2259 856 is
2290 821 2391 856 non
2435 811 2792 871 cognoverunt.
2833 803 3043 865 Optime
3087 800 3166 851 via
3213 800 3536 852 describitur

1968 897 2249 962 impiorum
2274 935 2286 952 ,
2320 909 2434 959 qum
2465 890 2700 943 contritio
2727 899 2807 943 est
2829 929 2841 948 .
2872 891 2989 954 quia
3019 903 3062 942 el
3101 889 3217 941 terit
3243 897 3294 942 et
3327 891 3535 942 teritur.

1967 984 2254 1053 lnfeticitas
2289 999 2442 1046 u-ro,
2479 981 2596 1046 quia
2631 995 2899 1046 nunquam
2948 995 3039 1046 per
3078 980 3241 1046 ipsam
3266 1022 3278 1042 ,
3325 980 3421 1030 nisi
3463 977 3528 1032 ad

1964 1075 2196 1128 infausta
2240 1073 2498 1141 supplicia
2546 1073 2874 1139 pervenitur.
2923 1072 3025 1124 Sed
3061 1081 3232 1138 p-ltest
3261 1071 3450 1138 ahquis
3482 1078 3536 1124 et.

1965 1169 2017 1221 in
2049 1167 2129 1218 via
2165 1173 2501 1232 peccatorum
2536 1178 2686 1223 esse,
2731 1172 2783 1216 et
2826 1161 2888 1214 ad
2939 1162 3077 1213 viam
3124 1160 3316 1212 iterum
3361 1161 3537 1214 redire-

1959 1256 2201 1326 justitir.
2251 1255 2344 1307 llic
2383 1265 2556 1306 autem
2601 1263 2756 1320 negat
2801 1253 2919 1304 illos
2960 1251 3133 1319 aliqua
3173 1264 3529 1306 conversnone

1967 1346 2260 1409 liberatos,
2308 1357 2425 1396 cum
2469 1343 2630 1406 dicit,
2680 1343 2811 1394 viam
2851 1342 2990 1406 pacis
3030 1356 3128 1393 non
3167 1353 3539 1408 cognoverunt,

1969 1438 2178 1507 quando
2207 1439 2378 1504 ipsum
2421 1437 2701 1489 Dominum
2725 1477 2739 1500 ,
2784 1435 2873 1504 qui
2907 1444 2987 1488 est
3025 1435 3108 1488 via
3149 1436 3325 1505 pacis,
3356 1432 3540 1486 θωραιί

1971 1530 2131 1585 corde
2162 1529 2464 1582 nullatenus
2496 1525 2790 1594 intelligere
2817 1533 3144 1578 meruerunt.

2045 1621 2194 1676 Vers.
2243 1620 2326 1674 it).
2373 1618 2494 1672 Non
2532 1630 2604 1671 est
2641 1620 2790 1670 timor
2827 1615 2926 1670 Dei
2959 1627 3078 1670 ante
3116 1615 3289 1669 oculos
3338 1630 3532 1668 eorum.

1974 1711 2404 1766 Prmredentibus
2454 1711 2612 1764 rebus
2661 1709 2943 1778 subiuncta
2990 1718 3071 1762 est
3120 1709 3379 1762 sententia
3425 1722 3542 1776 (pta!

289 1830 550 1880 visionem
593 1797 878 1878 585mm
928 1824 978 1875 in
1003 1797 1262 1874 ἰιειππξίε
1307 1817 1705 1886 exemplaribus
1755 1831 1860 1870 ηοιι
1897 1807 1938 1864 Β
1968 1803 2187 1870 pulchre
2215 1811 2399 1854 cuncta
2424 1800 2785 1854 concluderet.
2813 1798 2932 1852 Ideo
2961 1799 3101 1852 enim
3131 1798 3203 1851 illi
3235 1807 3376 1851 tanta
3405 1797 3544 1850 fece-

291 1918 576 1971 habentur.
607 1915 712 1969 Sed
744 1913 992 1982 quoniam
1025 1912 1076 1966 in
1111 1907 1261 1963 usnni
1298 1910 1550 1964 Ecclesi:e
1579 1918 1868 1961 consuetu-

292 2010 414 2064 tline
467 2009 618 2075 longa
669 2007 864 2072 recepti
907 2014 1062 2066 sunt,
1112 2012 1266 2068 prout
1314 2013 1628 2052 concessum
1675 1996 1864 2058 fuerit,

292 2098 533 2167 singulos
582 2109 932 2162 exponemus.
985 2092 1228 2145 l’rmsens
1277 2090 1454 2157 itaque
1501 2102 1682 2140 versus
1722 2099 1773 2139 et
1818 2087 1868 2140 in

292 2190 482 2258 quinto
530 2187 734 2254 psalmo
777 2185 884 2252 jam
927 2183 1098 2237 dictus
1140 2193 1239 2236 est.
1277 2180 1468 2234 Verum
1514 2179 1634 2244 quia
1683 2175 1868 2230 eadem

293 2289 406 2331 erat
439 2291 601 2345 gens,
633 2286 686 2329 et
715 2290 871 2328 causa
899 2273 1191 2328 consimilis
1213 2311 1227 2335 ,
1261 2280 1380 2339 apte
1412 2269 1462 2322 in
1495 2267 1614 2321 illos
1646 2265 1873 2336 repetita

293 2369 554 2436 probatur
578 2380 696 2418 esse
737 2363 1013 2418 sententia.
1060 2363 1244 2416 Merito
1290 2374 1416 2430 ergo
1457 2358 1748 2428 sepulcrum
1795 2358 1875 2412 di-

295 2471 443 2512 rium
473 2467 557 2512 est
587 2466 761 2527 guttur
805 2472 976 2508 eorum
999 2495 1013 2519 ,
1045 2455 1440 2524 qui_tnmlifera
1483 2453 1873 2523 loquebantur;

297 2565 424 2604 nam
466 2552 602 2602 sicut
645 2548 730 2601 illa
774 2561 890 2602 cum
937 2556 1113 2614 patent
1142 2544 1337 2600 fetiales
1367 2543 1559 2598 odores
1589 2542 1874 2604 exhalant,

298 2645 370 2695 ita
426 2653 481 2695 et
521 2642 741 2693 istorum
781 2647 958 2708 guttur
998 2635 1279 2704 pestiferos
1317 2648 1591 2690 sermones
1634 2632 1877 2702 profere-

299 2735 393 2788 bat
424 2750 441 2797 ;
473 2744 525 2787 et
558 2746 621 2786 ne
649 2733 744 2784 soh
778 2739 1026 2799 pereant,
1060 2728 1250 2797 linguis
1280 2727 1390 2780 suis
1418 2725 1604 2800 dolosa
1636 2726 1777 2778 di~se
1801 2750 1808 2772 ι
1834 2723 1877 2776 i-

299 2837 458 2879 nant.
504 2825 769 2878 Memento
809 2830 980 2875 autem
1028 2821 1165 2890 quod
1215 2821 1266 2872 in
1313 2820 1394 2884 his
1435 2803 1667 2886 quinque
1713 2815 1881 2868 versi-

301 2917 440 2978 bus,
474 2930 570 2982 per
594 2912 879 2967 secundam
911 2912 1142 2980 Speciem
1174 2909 1522 2969 deﬁnitionis,
1552 2922 1668 2975 quin
1699 2903 1880 2958 Grtece

300 3005 510 3059 dicitur
538 3003 891 3057 enntematice
915 3042 930 3067 ,
962 3001 1146 3055 Latine
1175 3000 1321 3054 notio
1361 3007 1716 3063 nuncupatur,
1764 2995 1883 3047 illos

303 3095 627 3162 insipientes
679 3093 967 3161 designarit
1014 3090 1082 3146 de
1135 3089 1327 3158 quibus
1378 3088 1622 3156 superius
1675 3083 1773 3150 ait,
1833 3085 1882 3137 in

1972 1904 2117 1956 runt,
2150 1895 2270 1962 quia
2302 1894 2533 1946 timorem
2578 1892 2668 1944 Dei
2710 1900 2825 1944 ante
2863 1891 3036 1944 oculos
3078 1905 3185 1942 non
3234 1889 3542 1954 habebant;

1970 1985 2109 2038 sicut
2134 1983 2200 2037 de
2231 1982 2361 2050 ipsis
2395 1982 2523 2035 dicit
2557 1981 2878 2048 Apostolus:
2911 1981 2970 2035 Si
3000 1979 3132 2031 enim
3163 1980 3543 2048 cognovissent,

1973 2090 2234 2142 nunquam
2266 2072 2538 2124 Dominum
2562 2072 2738 2140 glorite
2767 2069 3133 2137 cruci/ixissent
3162 2067 3209 2139 (Ι
3235 2067 3351 2120 Cor.
3371 2083 3406 2120 ιι
3427 2107 3442 2133 ,
3464 2067 3522 2136 8)

1973 2167 2064 2222 Sic
2099 2181 2222 2220 vere
2253 2166 2316 2218 ili.
2341 2168 2472 2217 illllh
2509 2164 2786 2216 Dominum
2831 2162 3012 2230 gloriae
3049 2161 3357 2214 erucilixum
3379 2199 3394 2224 ,
3425 2171 3544 2211 cum

1977 2268 2152 2312 tamen
2180 2273 2298 2311 eum
2326 2264 2532 2308 cnnstet
2565 2255 2738 2307 carnis
2771 2261 2971 2306 tantum
2993 2291 3010 2315 ,
3056 2266 3160 2304 non
3205 2251 3365 2304 etiam
3406 2249 3544 2303 divi-

1977 2352 2161 2404 uitatis
2194 2362 2377 2401 natura
2415 2347 2575 2401 luisse
2609 2345 2946 2400 trucidatum.

2055 2466 2202 2518 Vers.
2255 2460 2335 2513 Η.
2381 2459 2565 2512 Nonne
2611 2467 2910 2528 cognoscent
2942 2472 3112 2511 omnes
3151 2456 3236 2523 qui
3277 2463 3549 2522 operantur

1980 2554 2329 2621 in’quitatetn,
2361 2552 2446 2616 qui
2489 2551 2730 2602 devorant
2771 2548 2964 2619 plebem
3010 2565 3171 2601 meam
3208 2548 3340 2600 sicut
3387 2563 3550 2600 escam

1981 2641 2174 2711 panis?
2209 2639 2477 2692 Dominum
2509 2654 2610 2691 non
2639 2639 3021 2691 invocaverunt.
3052 2637 3244 2692 Sancta
3278 2637 3510 2692 Ecclesia
3533 2675 3548 2702 ,

1983 2733 2136 2800 cujus
2166 2746 2390 2799 persena
2441 2733 2489 2782 in
2535 2730 2634 2784 hnc
2677 2730 2883 2798 psalmo
2914 2729 3162 2797 loquitur,
3199 2730 3344 2782 venit
3370 2729 3434 2782 ad
3468 2743 3550 2784 se-

1983 2825 2213 2878 cundum
2249 2823 2494 2886 modum,
2531 2822 2617 2874 ubi
2649 2821 2898 2874 omnibus
2930 2821 3107 2888 impiis
3142 2820 3377 2874 divinum
3409 2819 3552 2888 judi-

1985 2918 2128 2971 cium
2159 2915 2553 2970 cmnmiuatur:
2583 2912 2766 2966 dicens
2795 2913 2844 2964 iu
2877 2911 2964 2964 illa
2998 2910 3346 2965 retributione
3386 2927 3552 2980 gene-

1988 3009 2084 3060 rali
2128 3019 2452 3074 cognosci-re
2497 3001 2814 3068 vindictam,
2847 3001 2934 3070 qui
2975 3015 3113 3054 nunc
3142 3012 3428 3069 operantur
3455 3002 3553 3054 sub

1991 3100 2234 3152 libertate
2266 3097 2544 3150 maltiam.
2587 3096 2730 3151 Ordo
2761 3105 2937 3150 autem
2969 3095 3248 3149 verborum
3279 3095 3398 3148 talis
3426 3101 3509 3149 est
3537 3109 3552 3148 :

304 3186 568 3242 cordibus
603 3185 713 3239 suis
754 3183 985 3253 cogitare
1033 3183 1312 3251 sacrilega.
1365 3181 1493 3246 Quae
1531 3177 1738 3246 Species
1781 3191 1877 3230 non

1993 3191 2178 3245 Nonne
2207 3199 2506 3260 cognoscent
2549 3205 2718 3243 omnes
2762 3189 2850 3259 qui
2895 3197 3166 3254 operantur
3205 3187 3554 3255 iniquitatem:

307 3276 738 3333 tubStantialiter
765 3274 889 3342 quid
927 3276 997 3328 sit
1025 3273 1297 3340 designat,
1344 3270 1435 3324 sed
1477 3284 1570 3324 eos
1613 3267 1888 3326 evidenter

302 3369 552 3423 ins'mtat
581 3380 675 3436 per
705 3378 920 3418 suorum
952 3375 1161 3418 actuum
1190 3361 1520 3432 qualitatem.

391 3464 546 3516 Vers.
570 3463 622 3515 7.
664 3461 921 3514 Venenum
958 3463 1191 3531 aspidum
1231 3460 1321 3512 sub
1352 3459 1498 3511 labiis
1526 3472 1736 3510 eorum:
1766 3472 1889 3522 quo-

307 3571 431 3607 rum
463 3570 520 3605 os
550 3553 903 3604 ntaledictione
930 3560 975 3604 et
1004 3551 1344 3603 arnar.'tudine
1370 3549 1574 3619 plenum
1603 3557 1694 3600 est.
1734 3546 1891 3613 Aspi-

307 3654 441 3696 dum
476 3645 714 3697 immane
757 3656 924 3712 genus
949 3650 1159 3697 constat
1195 3656 1314 3694 esse
1353 3639 1678 3708 serpentium
1701 3677 1717 3701 ,
1750 3636 1889 3706 quod

311 3734 553 3788 naturali
584 3734 940 3788 obstinatione
970 3732 1129 3786 verba
1159 3732 1541 3785 incantantium
1570 3744 1674 3783 non
1709 3726 1887 3797 perhi-

309 3829 475 3882 betur
523 3827 826 3888 admittere,
873 3839 970 3879 nec
1013 3842 1042 3878 a
1087 3833 1208 3877 voto
1247 3837 1344 3876 suo
1383 3831 1556 3892 potest
1596 3818 1892 3884 removeri,

309 3919 460 3991 quod
493 3919 639 3972 nullo
667 3919 803 3972 valet
831 3916 1065 3972 carmine
1093 3915 1341 3985 mitigari.
1378 3914 1506 3968 lluii:
1530 3912 1699 3968 λιιύωί
1727 3912 1891 3979 aptis-

308 4015 453 4067 sime
482 4019 880 4079 comparantur,
914 4008 1000 4077 qui
1032 4007 1313 4060 adversum
1346 4004 1507 4059 verba
1536 4001 1788 4056 salutaria
1819 4001 1894 4052 in-

309 4108 591 4158 duxerunt
623 4099 800 4154 miseri
833 4097 1128 4153 lethil‘eram
1157 4095 1469 4150 surditatem
1496 4110 1509 4158 ;
1538 4102 1591 4146 et
1618 4092 1894 4160 elegerunt

311 4195 495 4262 magis
541 4191 761 4247 consilia
806 4205 1074 4244 venenosa
1113 4191 1293 4255 sequi,
1339 4202 1493 4254 quam
1534 4185 1598 4238 ad
1639 4181 1888 4238 salutaria

308 4287 561 4339 instituta
595 4282 804 4350 perduci
833 4297 847 4344 ;
881 4290 936 4333 ut
968 4281 1158 4332 merito
1188 4279 1255 4331 de
1298 4277 1403 4330 illis
1434 4277 1630 4330 dictum
1663 4289 1784 4328 esse
1815 4272 1892 4326 vi-

305 4378 549 4428 deatur:
585 4371 850 4439 Elegerunt
881 4370 1041 4435 magis
1072 4368 1299 4420 tenebras
1327 4383 1477 4436 quam
1511 4356 1718 4434 lucem
1735 4362 1889 4416 Joan.

306 4482 404 4528 ιιι,
443 4463 556 4533 19).
594 4461 846 4516 Venenum
894 4463 1034 4515 enini
1066 4460 1262 4513 dictum
1303 4467 1385 4511 est
1422 4457 1489 4510 ab
1529 4471 1593 4510 eo
1631 4455 1768 4525 quod
1801 4467 1894 4522 per

1996 3283 2058 3336 Et
2089 3283 2155 3337 de
2185 3281 2424 3351 sequenti
2456 3296 2608 3335 versu
2631 3278 2959 3350 jungendum
3004 3290 3120 3345 est,
3153 3279 3392 3347 quoniam
3424 3278 3555 3334 Deus

1991 3377 2042 3428 in
2073 3377 2391 3445 generatione
2434 3376 2580 3447 justa
2607 3382 2698 3428 est.
2747 3372 2937 3439 Utique
2964 3383 3268 3442 cognoscent
3299 3374 3349 3426 in
3381 3371 3558 3427 futuro

1987 3464 2217 3532 judicio,
2250 3465 2463 3533 quando
2508 3463 2736 3517 viderint
2778 3463 2944 3516 b.:nos
2987 3462 3053 3516 ad
3097 3472 3296 3516 aeterna
3338 3464 3556 3532 prtemia

1991 3555 2245 3609 divinitus
2275 3556 2415 3624 (mss.
2448 3556 2509 3620 A,
2539 3553 2604 3621 Β,
2635 3552 2700 3606 F.
2732 3554 3050 3624 divinitatis)
3081 3555 3308 3622 invitari,
3341 3570 3400 3609 se
3432 3570 3556 3610 vero

1991 3645 2058 3699 ad
2088 3646 2348 3714 supplicia
2378 3661 2644 3714 nunquam
2678 3644 2906 3699 finienda
2935 3645 3240 3698 transmitti.
3273 3645 3372 3710 Qui
3399 3647 3560 3699 deuo-

1992 3747 2105 3790 rant
2140 3737 2333 3803 plebem
2365 3753 2550 3790 meam.
2586 3735 2660 3790 De
2688 3735 2792 3789 illis
2819 3735 2974 3800 dicit,
3006 3735 3093 3804 qui
3123 3735 3368 3803 dogmate
3408 3735 3558 3790 ferali

1979 3828 2280 3883 absorbent
2308 3829 2577 3895 simplices
2604 3827 2955 3882 Christianos.
2988 3826 3117 3880 Nam
3148 3828 3286 3896 quod
3314 3827 3417 3892 ait,
3451 3829 3554 3882 sic-

1994 3927 2046 3970 ut
2089 3934 2254 3970 escam
2281 3919 2424 3986 panis
2442 3959 2454 3978 ,
2485 3917 2666 3971 animo
2695 3918 3025 3986 peccantium
3050 3918 3258 3971 videtur
3282 3925 3517 3985 aptatum
3540 3932 3556 3980 ;

1993 4009 2116 4078 quia
2149 4009 2286 4060 sicut
2313 4008 2609 4062 esurientes
2639 4005 2832 4061 famem
2860 4019 3009 4060 suam
3041 4013 3227 4074 putant
3250 4005 3560 4060 dulcissimo

1995 4099 2115 4152 cibo
2145 4099 2294 4166 panis
2321 4098 2554 4167 expleri,
2593 4100 2661 4150 ita
2708 4107 2762 4150 et
2803 4095 2888 4148 isti
2933 4095 3185 4151 fesdnant
3229 4095 3560 4150 Christiano-

1997 4205 2112 4243 rum
2143 4189 2455 4256 deceptione
2496 4188 2696 4240 satiari.
2739 4187 2990 4242 Additum
3027 4195 3110 4240 est
3147 4186 3287 4241 unde
3331 4187 3435 4242 illis
3464 4202 3562 4240 au-

1995 4291 2180 4351 geatur
2212 4281 2454 4334 interitus
2482 4299 2508 4342 :._
2526 4281 2648 4349 quia
2682 4279 2954 4333 Dominum
2980 4279 3214 4333 invocare
3255 4279 3561 4335 noluerunt.

1996 4375 2225 4430 Necesse
2253 4374 2392 4427 enim
2422 4383 2537 4426 erat
2583 4372 2700 4425 illos
2736 4372 3010 4440 desperata
3060 4385 3282 4440 gerere,
3333 4372 3422 4439 qui
3470 4371 3564 4425 Do.

1999 4468 2199 4520 minuta
2231 4466 2561 4522 Salvatorem
2593 4464 2877 4518 noluerunt
2903 4462 3146 4532 superbis
3187 4463 3455 4518 mentibus
3487 4465 3566 4517 in-

310 4569 484 4608 scnas
515 4562 715 4619 serpat.
743 4550 828 4604 Sic
857 4559 909 4602 cl.
939 4560 1056 4602 vota
1087 4550 1432 4617 malignorum
1461 4561 1507 4600 0(
1526 4545 1665 4600 culta
1695 4544 1895 4613 cogita-
1926 4551 1976 4612 ι)
2001 4571 2207 4609 vorare.

309 4655 464 4704 tione
495 4655 822 4716 grassantur.
856 4644 1140 4712 Sequentia
1167 4657 1376 4711 quoque
1405 4639 1621 4710 pulchre
1650 4639 1806 4693 nimis
1838 4639 1889 4692 in

310 4743 522 4806 aspidis
573 4735 971 4805 comparatione
1014 4743 1358 4797 manserunt,
1413 4733 1494 4786 cui
1537 4731 1661 4784 dum
1703 4729 1892 4782 blanda

311 4831 560 4884 Carmina
602 4827 865 4887 dicantur,
907 4825 991 4877 illa
1024 4839 1237 4892 semper
1269 4823 1500 4875 minatur
1529 4821 1746 4874 exitium
1775 4836 1788 4870 :
1821 4819 1889 4873 ita

309 4932 371 4975 et
398 4937 456 4972 es
487 4918 792 4974 Iudaeorum
825 4915 1174 4967 maledictione
1215 4922 1261 4965 et
1301 4911 1640 4964 amaritudine
1687 4908 1893 4978 plenum

313 5021 464 5072 erat,
503 5007 716 5072 quiamlo
748 5021 841 5072 pro
870 5005 1019 5059 bonis
1060 5002 1506 5058 admonitionibus
1547 5000 1890 5068 blasphema-

313 5105 352 5157 b
370 5112 443 5154 Ini
472 5101 754 5152 Dominum
775 5100 1044 5151 Christum
1066 5137 1079 5160 ,
1109 5105 1162 5150 et
1183 5097 1249 5148 de
1275 5093 1390 5163 ejus
1418 5107 1548 5147 nece
1575 5093 1890 5146 tractabant.

395 5194 549 5244 iii-rs.
584 5191 635 5241 8.
674 5189 877 5241 i'elaces
906 5190 1055 5253 pedes
1082 5202 1256 5240 eorum
1285 5186 1352 5237 ad
1381 5183 1744 5252 effundendum
1773 5199 1894 5236 san-

310 5288 549 5358 guinz‘m.
589 5282 748 5334 Pedes
787 5283 1017 5348 appellat
1056 5279 1264 5333 consilii
1309 5291 1658 5346 progressus,
1699 5275 1892 5345 quibus

309 5381 388 5432 de
417 5381 652 5444 inca-pte
683 5390 956 5427 move-mur
1001 5375 1064 5426 ad
1111 5373 1283 5426 exitus
1327 5385 1524 5426 rerum.
1575 5369 1704 5423 Nim
1754 5367 1894 5438 quod

308 5470 490 5530 dixit,
543 5467 768 5526 veloces,
820 5465 1051 5515 ostendit
1098 5461 1478 5516 moderationis
1527 5460 1626 5512 illis
1673 5457 1894 5512 consilia

311 5558 580 5611 definias.
637 5556 716 5608 Ad
766 5553 1128 5618 e/fundendum
1177 5554 1512 5624 sanguinem,
1571 5550 1894 5605 subaudien-

312 5656 448 5705 dum
475 5689 490 5710 ,
525 5649 736 5700 Domini
763 5646 1092 5709 Salvatoris;
1122 5657 1180 5700 ut
1206 5648 1477 5701 celeritate
1515 5648 1532 5716 (
1561 5663 1679 5699 mss.
1711 5656 1757 5700 et
1785 5648 1890 5712 ed.,

312 5739 642 5804 steteratin)
671 5739 780 5801 rei,
815 5749 1021 5792 crescat
1050 5740 1349 5794 immanitas
1381 5739 1618 5794 actionis.
1656 5739 1727 5793 Ita
1767 5753 1862 5793 san

567 5830 836 5888 PATIOL.
873 5829 1065 5888 LXX.

2067 4649 2174 4720 50
2197 4649 2348 4704 Vers.
2377 4648 2458 4703 i2.
2487 4648 2604 4701 Illic
2625 4648 2994 4719 tfepidaverunt
3017 4650 3054 4699 ti
3060 4662 3214 4713 more,
3233 4647 3318 4700 ubi
3342 4664 3439 4701 non
3460 4655 3568 4700 erat

1998 4739 2169 4802 timor,
2199 4739 2438 4806 quoniam
2473 4736 2609 4791 Deus
2653 4738 2704 4790 in
2747 4738 3068 4808 generatione
3109 4738 3240 4798 iusta
3280 4749 3374 4792 est.
3421 4739 3570 4792 Sient

1999 4842 2298 4896 Opportune
2329 4837 2567 4897 tempore
2600 4828 2784 4882 timere
2831 4828 3156 4893 providentia
3199 4836 3316 4892 est,
3361 4828 3430 4881 ita
3477 4827 3570 4882 de-

1997 4919 2213 4973 mentia:
2243 4918 2498 4987 probatur
2516 4932 2636 4972 esse
2655 4917 2997 4988 coniunctum
3019 4959 3034 4984 ,
3065 4919 3238 4987 inepta
3263 4932 3322 4972 se
3343 4918 3568 4985 quadam

1999 5011 2353 5079 trepidatione
2381 5010 2723 5065 confundere.
2757 5011 2866 5064 illic
2892 5011 3031 5065 enim
3061 5019 3266 5065 constat
3293 5027 3411 5066 esse
3436 5026 3566 5065 cau-

2000 5101 2198 5160 telam,
2252 5101 2334 5153 hic
2383 5101 2622 5168 arguitur
2672 5115 2883 5165 semper
2931 5102 3156 5168 ignavia.
3209 5102 3394 5156 Merito
3443 5117 3571 5171 ergo

2001 5189 2144 5242 inani
2178 5199 2406 5243 tremore
2447 5191 2688 5242 concussi
2735 5197 2885 5253 sunt,
2934 5189 3020 5258 qui
3071 5191 3312 5244 timorem
3363 5189 3567 5243 Domini

2001 5284 2286 5333 salutarem
2322 5281 2371 5333 in
2424 5281 2525 5335 hoc
2575 5282 2770 5335 smculo
2809 5281 2874 5333 de
2912 5285 3022 5334 suis
3063 5283 3326 5337 mentibus
3363 5281 3573 5349 abiece-

2003 5381 2145 5424 runt.
2179 5373 2428 5424 Dicebant
2455 5373 2594 5424 enim
2625 5371 2788 5424 .ludaei
2821 5391 2832 5424 :
2863 5372 2922 5426 Si
2947 5373 3197 5424 credimus
3221 5375 3270 5424 in
3301 5389 3443 5431 eum,
3477 5389 3573 5438 pro

2001 5465 2112 5528 ipsa
2149 5466 2377 5517 novitate
2406 5466 2625 5517 vultune
2646 5505 2660 5524 ,
2695 5466 2886 5516 venient
2922 5465 3170 5526 Romani,
3204 5475 3249 5516 et
3281 5465 3453 5518 tollent
3485 5485 3574 5521 no.

2001 5559 2075 5610 bis
2107 5569 2150 5608 et
2179 5558 2342 5608 locum
2375 5565 2418 5607 et
2448 5567 2646 5622 gentem
2679 5554 2852 5624 (Joan.
2879 5554 3094 5620 xt,/18).
3130 5554 3198 5606 ita
3235 5555 3425 5610 factum
3457 5572 3535 5613 est
3557 5601 3572 5623 ,

2001 5659 2058 5702 ut
2090 5667 2190 5701 non
2226 5649 2458 5700 timendo
2506 5649 2780 5700 hominum
2822 5646 3162 5714 supervacuis
3209 5648 3575 5715 trepidatiOni-

2000 5741 2097 5793 bus
2127 5749 2462 5807 angerentur.
2501 5739 2743 5797 Addidit,
2795 5738 3034 5807 quoniam
3079 5734 3217 5790 Deus
3263 5738 3312 5792 in
3359 5758 3573 5810 geriem.

3111 5829 3145 5884 lt

3584 5874 3631 5904 Ι.
