4008 6182
469 273 560 324 lt}?
1696 253 1760 306 Μ.
1798 249 2067 306 AUREUI
2107 247 2504 305 CASSIODORl
3614 237 3705 290 103

471 391 602 440 tione
636 389 766 450 iusta
793 391 882 435 est.
915 377 1189 434 Sententia
1220 381 1397 428 secuta
1445 378 1523 424 est
1545 409 1560 434 ,
1591 381 1708 436 qure
1745 364 2037 431 corrigeret
2065 368 2110 423 Λ
2141 371 2197 414 ut
2227 362 2290 413 ad
2322 374 2475 416 suum
2508 373 2609 411 non
2662 357 2876 411 festinet
2919 354 3136 408 exitium
3167 369 3178 404 :
3233 357 3493 421 quatenus
3543 349 3708 416 pravi-

470 478 712 532 tulideles
732 517 744 537 ,
773 481 826 527 ut
878 467 1214 524 meminerint
1259 460 1639 518 continentiam
1688 457 1787 510 sibi
1844 454 2041 510 Divini-
2147 462 2252 506 tate
2281 451 2518 518 deposita
2553 464 2657 503 non
2687 457 2921 501 moretur
2946 445 3206 513 abjicere,
3237 443 3375 496 unde
3404 448 3582 508 potest
3608 454 3710 493 mo-

471 570 593 623 tatis
619 529 838 626 abesse,
871 576 989 614 eum
1022 573 1079 610 se
1111 556 1321 609 videant
1359 561 1578 606 ventosa
1620 547 1869 602 felicitate
1907 558 2039 598 con-
2143 541 2225 595 dis
2253 541 2498 595 omnibus
2528 537 2765 591 interire.
2798 536 3128 604 Quapropter
3169 543 3224 586 et
3265 547 3393 596 nos,
3437 539 3595 599 prout
3626 529 3713 583 da-

471 619 708 727 sitrgere.
736 619 882 720 Quod
913 657 1077 702 totum
1103 647 1188 716 pia
1213 651 1389 698 mente
1416 639 1739 711 pradieitur,
1770 643 1826 689 ut
1851 636 2044 704 impro-
2144 639 2254 685 tum
2296 631 2453 684 fuerit
2474 671 2486 692 ,
2515 641 2804 697 sequamur
2850 626 3088 679 instituta
3136 620 3449 678 reverenda.
3480 619 3715 674 Suadea-

474 711 657 803 boriim
689 711 840 798 metis
870 711 1123 806 sacrilega
1159 737 1472 804 corrigatur.
2145 738 2263 777 mus
2305 721 2569 774 hmrcticis
2619 727 2815 774 rectam
2866 716 3055 777 tidem,
3100 712 3341 781 superbis
3378 711 3716 778 praedicemus

545 837 694 891 Vers.
751 832 835 886 15.
894 828 1174 886 Consilium
1227 826 1390 895 inopis
1445 821 1748 890 confudisti,
1806 818 2044 888 quoniam
2145 823 2382 865 sanctam
2419 810 2793 863 humilitatem.
2834 807 2995 860 Nobis
3025 804 3201 875 potius
3233 803 3332 856 ista
3363 799 3714 862 conferimus,

479 928 726 980 Dominus
753 939 864 994 spes
892 924 1000 990 ejus
1027 929 1120 972 est.
1149 916 1383 970 lnvectio
1409 913 1652 980 dirigitur
1679 910 1741 962 ad
1768 909 2042 961 .ludait-um
2147 905 2189 958 si
2221 903 2410 956 talibus
2447 901 2706 970 prodesse
2729 912 3046 952 mereamur.
3093 895 3244 950 Scire
3266 901 3439 946 autem
3467 890 3716 943 debemus

476 1016 752 1086 populum,
779 981 878 1068 ὀιιί
909 1011 1101 1066 dicitur
1129 1007 1466 1078 mnigmatice
1494 1021 1507 1056 :
1541 1002 1734 1056 Christi
1775 1000 2045 1052 consilium
2151 997 2378 1064 primum
2409 994 2551 1046 hunc
2571 1007 2691 1046 esse
2720 989 2982 1059 psalmum
3013 1001 3198 1042 eorum
3225 985 3314 1050 qui
3337 981 3714 1036 deJttdmorum

474 1108 778 1176 confudisti,
823 1105 873 1158 id
911 1113 991 1157 est
1035 1101 1307 1167 su~cipere
1353 1096 1596 1160 noluisti,
1639 1093 1725 1161 qui
1763 1094 1827 1146 ad
1862 1103 1912 1145 te
1949 1107 2044 1144 ve—
2148 1086 2515 1154 increpatione
2543 1091 2597 1137 et
2626 1097 2812 1136 convet
2831 1081 2980 1134 sione
3011 1077 3297 1143 conscripti
3331 1082 3471 1127 sunt.
3518 1073 3590 1125 De
3628 1086 3719 1124 nu-

477 1166 627 1256 nerat
654 1197 984 1253 liberandum
1013 1211 1029 1262 ;
1060 1204 1117 1246 ut
1145 1195 1231 1262 qui
1273 1191 1399 1244 dare.
1438 1189 1772 1255 disposuerat
1810 1183 2046 1238 creditus
2149 1193 2297 1231 mero
2329 1190 2541 1244 quoque
2575 1171 2736 1241 hujus
2765 1170 2952 1240 pSaImi
2999 1168 3075 1221 sic
3115 1166 3384 1233 conjicere
3425 1177 3530 1216 non
3575 1169 3722 1228 puta-

475 1293 731 1355 salutem,
760 1294 1093 1354 contemptus
1120 1285 1324 1355 ingerat
1347 1280 1621 1335 ultionem.
1669 1275 1846 1343 [napis
1869 1284 2044 1328 autem
2150 1282 2268 1318 mus
2297 1263 2624 1318 absurdum:
2656 1272 2714 1314 ut
2759 1261 2884 1330 quia
2925 1267 3104 1310 sancta
3150 1255 3383 1310 Ecclesia
3429 1251 3720 1305 introducta

477 1384 669 1438 dicitur
697 1344 763 1435 de
795 1344 1023 1433 Domino
1056 1344 1352 1436 Salvatore,
1386 1371 1473 1437 qui
1506 1369 1574 1422 de
1603 1381 1699 1421 suo
1726 1366 1895 1433 dives,
1925 1379 2049 1434 pro-
2147 1366 2232 1411 est
2257 1356 2322 1410 ad
2355 1355 2675 1424 loquendum
2703 1398 2717 1420 ,
2751 1368 2868 1422 quae
2898 1360 2950 1405 et
2982 1351 3217 1418 quinque
3247 1347 3410 1400 libi-os
3439 1344 3637 1414 Moysi,
3670 1353 3722 1397 et

481 1435 722 1538 picrnos
751 1469 918 1523 lactus
949 1474 1028 1519 est
1058 1478 1256 1532 pauper
1287 1458 1371 1532 (II
1398 1435 1513 1514 Cor.
1547 1472 1673 1521 vut,
1700 1455 1776 1524 9).
1814 1455 1878 1507 Et
1909 1463 2047 1507 totus
2149 1458 2275 1500 octo
2305 1446 2510 1498 dierum
2543 1460 2637 1512 pro
2662 1442 2924 1495 dominica
2955 1439 3348 1518 resurrectione
3389 1435 3576 1501 recipit
3615 1448 3722 1503 my-

483 1524 566 1618 itic
594 1576 777 1618 versus
807 1559 906 1614 sub
935 1524 1576 1618 admiratione‘legendus
1618 1557 1720 1602 est.
1768 1546 2049 1600 Consilium
2148 1536 2334 1599 steria,
2354 1535 2544 1587 merito
2570 1546 2794 1602 persona
2819 1531 2933 1597 ejus
2958 1531 3169 1583 tertium
3191 1528 3450 1583 decimum
3467 1524 3722 1577 calculum

483 1656 646 1726 inopis
683 1650 990 1720 confudisti,
1019 1648 1258 1717 quoniam
1289 1643 1537 1696 Dominus
1563 1656 1673 1708 spes
1700 1642 1811 1711 ejus
1849 1649 1962 1702 est;
1993 1648 2049 1691 ιιι
2150 1635 2330 1679 tenere
2360 1625 2618 1693 videatur,
2650 1623 2771 1692 quia
2801 1621 2927 1674 Novi
2960 1629 3012 1674 et
3047 1619 3250 1674 Veteris
3279 1616 3602 1670 Tesnamenti
3644 1629 3723 1666 sa-

2373 1724 2379 1726 .
2622 1715 2630 1726 .
2706 1713 2736 1726 ..
2893 1710 2947 1726 ι..
3001 1725 3008 1726 ,
3057 1725 3064 1726 ,
3131 1709 3183 1726 ,.
3365 1719 3607 1726 ,ψη-η,
3663 1705 3722 1726 ,λ

486 1705 626 1799 imae
655 1705 821 1810 magis
850 1739 1030 1795 debuit
1056 1733 1387 1791 reverentior
1415 1731 1673 1795 existere,
1716 1729 1840 1783 inde
1873 1727 2045 1797 potius
2077 1745 2123 1805 Β
2151 1724 2416 1766 eramenta
2461 1713 2844 1779 complectitur.
2893 1710 3017 1764 Sive
3046 1709 3185 1778 quod
3225 1708 3322 1761 istc
3360 1719 3610 1759 numerus
3661 1705 3723 1756 ad

475 1794 1114 1897 viderechontemptus
1149 1824 1431 1894 opprobiia
1465 1794 1747 1877 sustinere.
1789 1794 1897 1874 Nec
1942 1835 2055 1872 mo-
2077 1794 2122 1805 ν
2159 1804 2286 1858 iui-Id
2309 1804 2477 1872 aptari
2502 1811 2692 1872 Ρινῑθείι
2719 1803 2856 1872 (ιιιυά
2880 1818 2905 1853 ³
2933 1801 3096 1855 "ala"
3115 1799 3321 1854 θοιηίηί
3343 1813 3509 1865 us‘l‘le
3532 1795 3594 1847 ad
3617 1794 3725 1863 (⁵5⁸8

485 1934 601 1980 vcat
632 1922 768 1993 quod
799 1936 824 1974 a
856 1930 1007 1989 parte
1033 1924 1316 1980 assumpta:
1345 1913 1684 1967 humanitatis
1711 1925 1833 1979 spes
1861 1921 2056 1964 sanum
2158 1898 2538 1965 apparitionem
2589 1897 2836 1951 tredecim
2883 1894 2998 1948 dies
3042 1907 3162 1948 esse
3198 1901 3504 1946 noscuntur.
3546 1888 3727 1942 Merito

485 2011 861 2070 incarnationis
887 2010 1079 2064 dicitur
1109 2008 1265 2063 Deus.
1293 2005 1461 2059 Aliter
1487 2004 1630 2058 enim
1659 2001 1928 2055 humilitas
1956 2000 2056 2055 hu-
2157 2005 2286 2060 ergo
2316 1989 2621 2044 leestibus
2652 1987 2811 2042 rebus
2843 1985 3142 2067 supputaiio
3169 1984 3272 2037 ista
3302 1980 3562 2050 completa
3589 1990 3688 2033 est.

491 2103 755 2159 inanitatis
775 2100 891 2171 ejus
913 2097 1119 2154 ostendi
1143 2112 1245 2150 nun
1271 2094 1463 2165 potuit,
1486 2108 1641 2162 quam
1665 2108 1762 2161 pro
1785 2092 2054 2146 hominum
2463 2118 2823 2175 Exposnio
2852 2117 2915 2172 ΙΝ
2948 2114 3268 2172 PSALMUM
3297 2112 3432 2168 xw.

477 2194 655 2249 salute
685 2189 916 2259 suscepit
942 2205 958 2250 ;
987 2189 1123 2242 sicut
1151 2195 1204 2241 et
1232 2186 1284 2239 in
1313 2185 1416 2239 alio
1441 2183 1646 2252 psalmo
1672 2182 1911 2236 dicturus
1936 2191 2018 2237 cst
2043 2201 2056 2236 :
2589 2227 2618 2282 I
3236 2226 3246 2237 ,

503 2285 537 2298 ..
696 2281 730 2298 η
967 2295 981 2298 -
1037 2279 1224 2298 ww,“
1257 2279 1302 2298 ε--
1437 2291 1449 2298 ,
1483 2290 1724 2298 _-___-___
1757 2274 2060 2298 _,-__,_.-_,_._,:
2626 2247 2654 2282 η
2682 2230 2834 2296 ﬁnem
2862 2226 3086 2298 psalmus
3118 2225 3303 2279 David.

494 2285 652 2348 Deus,
686 2281 823 2335 Deus
846 2295 1002 2344 meus,
1034 2279 1224 2348 respice
1251 2279 1304 2330 in
1335 2291 1449 2329 me:
1477 2290 1633 2343 quare
1647 2290 1724 2328 me
1752 2274 2061 2342 dereliquiin

480 2377 512 2448 .(
532 2375 670 2428 Psal.
696 2389 816 2439 ut,
842 2372 948 2441 2)?

564 2466 712 2520 Vers.
757 2464 844 2518 14.
889 2463 1013 2530 Quis
1053 2462 1194 2515 dabit
1223 2477 1284 2515 ea:
1311 2457 1441 2516 Sion
1468 2460 1690 2514 salutare
1723 2459 1920 2513 Israel?
1949 2475 2064 2512 cum

493 2559 724 2614 averterit
751 2555 1002 2610 Dominus
1031 2554 1367 2622 captivitatem
1408 2551 1566 2622 plebis
1607 2567 1734 2604 sine.
1784 2552 2063 2619 Postquam

497 2651 565 2706 dc
597 2648 803 2703 Domini
834 2646 1064 2699 adventu
1097 2643 1330 2698 Ecclesia
1359 2651 1540 2696 sancta
1575 2641 1747 2694 locuta
1779 2649 1893 2704 est,
1927 2656 2065 2696 nunc

493 2742 563 2796 ad
590 2739 996 2795 admirationem
1031 2736 1163 2791 tanti
1204 2734 1451 2790 beneficii
1495 2733 1632 2789 redit
1674 2734 1895 2788 dicens:
1943 2734 2066 2799 Quis

495 2834 634 2887 dabit
661 2849 723 2886 ea:
752 2831 880 2888 Sion
910 2832 1135 2885 salutare
1163 2826 1376 2882 Israel?
1402 2826 1535 2881 Cum
1567 2825 1694 2880 dicit
1719 2844 1732 2879 :
1768 2824 1920 2890 Quis,
1954 2825 2067 2878 nul-

492 2928 605 2980 ium
637 2926 748 2979 νυη
778 2923 1030 2994 intelligi,
1065 2923 1164 2976 nisi
1196 2921 1473 2976 numinum
1503 2919 1742 2984 pa".an
1775 2919 1863 2988 qui
1896 2919 2070 2971 Domi_
2169 2893 2475 2961 exemplum
2498 2933 2512 2956 ,
2535 2891 2753 2994 dcerem
2801 2889 3084 2944 virtutibus
3131 2888 3197 2942 ad
3245 2884 3588 2940 beatitudinis
3634 2898 3738 2936 sua:

501 3035 626 3072 nutu
657 3017 925 3070 (ibt-istum
959 3013 1010 3068 in
1040 3013 1202 3078 Sion,
1235 3012 1286 3066 id
1319 3019 1399 3065 est
1436 3009 1488 3064 in
1531 3009 1826 3064 Jerusalem
1859 3010 2068 3062 mittere

2181 2987 2300 3039 atria
2335 2984 2619 3053 perveniri.
2650 2983 2793 3050 Quas
2823 2997 2930 3036 non
2959 2997 3056 3050 per
3096 2981 3333 3048 singulos
3375 2991 3563 3032 versus
3601 2991 3743 3044 qua»

500 3122 562 3162 ac
601 3114 857 3176 prmstare
895 3104 1142 3173 dignatus
1181 3109 1279 3156 est.
1310 3101 1427 3169 lpse
1463 3109 1545 3152 est
1590 3100 1771 3166 utique
1813 3097 2069 3152 Salutaris
2098 3103 2142 3165 ί]
2173 3087 2259 3126 "'5
2288 3113 2303 3138 ν
2333 3070 2842 3176 ίι¹¹⁰¹¹ί³¹¹ξδί¹ξ3¹¹¹³⁵
2870 3079 2922 3122 εί
2948 3069 3092 3174 imm
3122 3079 3175 3122 ει
3213 3078 3383 3176 ierim
3424 3081 3518 3136 Per
3559 3081 3739 3120 “""m'

503 3197 697 3259 Israel,
748 3195 849 3248 hoc
903 3203 1012 3258 cst,
1067 3191 1201 3244 bene
1238 3190 1567 3244 credentium
1605 3199 1801 3243 aeterna
1842 3190 1982 3243 salus
2019 3199 2071 3242 ct
2177 3163 2787 3259 ηῬθξηαυθ-νθῖδίειηυω
2819 3162 3178 3259 οξδηιίίξνηίυτ·
3213 3160 3316 3259 θεῖά
3360 3174 3457 3214 "05
3487 3167 3741 3259 οηβοηυ·

507 3285 707 3340 inﬁnita
759 3284 1034 3339 securitas.
1080 3280 1349 3350 Sequitur,
1393 3295 1507 3333 cum
1546 3282 1779 3334 averterit
1821 3278 2070 3333 Dominus

2181 3255 2411 3310 nissimis
2441 3254 2574 3309 locis
2594 3295 2609 3318 ,
2642 3251 3087 3322 quemadmodum
3119 3248 3290 3305 dividi
3323 3257 3374 3302 et
3405 3247 3624 3316 intelligi
3651 3247 3745 3301 de-

503 3375 841 3445 ruptiuitatem
872 3373 1030 3438 plebis
1056 3339 1192 3439 suae;
1238 3369 1290 3424 id
1328 3339 1409 3424 est
1448 3384 1566 3423 cum
1598 3370 1928 3423 damnaverit
1958 3369 2070 3422 diav
2173 3345 2368 3445 Ῑξίξθξδξν
2412 3343 2835 3445 θδωοηίξδίίηυεο
2879 3342 2956 3445 Et.
2993 3352 3116 3397 “0‘3
3159 3341 3295 3411 αυοά
3347 3339 3432 3394 hic
3479 3341 3745 3445 iiiSiii‘m‘"

505 3429 714 3531 mium,
745 3464 832 3533 qui
868 3461 960 3516 Dei
1000 3429 1207 3528 ριευειέι
1247 3460 1405 3530 impia
1446 3459 1760 3514 crudeiiiaie
1797 3457 2072 3528 persequi,
2178 3435 2411 3533 ﬁdelium
2442 3434 2832 3533 secundus-est.
2849 3433 3100 3533 psalmus.
3135 3433 3187 3486 ln
3221 3433 3396 3500 primo
3434 3429 3746 3533 cnim‘bna-

505 3568 592 3611 tur
615 3565 667 3611 et
695 3554 965 3623 captivare
996 3551 1228 3606 festinat.
1971 3519 1984 3528 ’

2181 3536 2284 3582 tum
2315 3527 2486 3580 virum
2520 3524 2757 3595 quinaria
2803 3523 3060 3576 divisione
3089 3523 3397 3591 complexus
3423 3529 3503 3575 est
3524 3561 3538 3584 ,
3571 3519 3748 3574 dicen-

477 3643 489 3657 “
575 3646 727 3702 Vers.
765 3611 858 3699 λδ.
902 3643 1122 3697 Ltctetur
1159 3641 1340 3704 Jacob,
1375 3651 1420 3695 et
1447 3641 1656 3696 exsultet
1690 3639 1871 3694 Israel.
1905 3639 2073 3709 Supe-

2181 3617 2244 3670 do
2273 3635 2286 3669 :
2322 3617 2420 3683 Qui
2451 3632 2550 3668 non
2580 3616 2703 3667 abiit
2732 3615 2782 3665 in
2810 3614 3019 3666 consilio
3046 3613 3345 3680 impiorum,
3378 3621 3423 3663 et
3453 3611 3504 3662 in
3532 3613 3610 3663 via
3635 3625 3749 3688 pec:

506 3740 629 3794 riori
675 3733 1071 3805 interrogationi
1119 3732 1353 3801 jungitur
1402 3731 1718 3785 consolativa
1764 3730 2070 3800 reSponsio;
2175 3719 2404 3761 ⁶α³⁰ν¹⁴¹²⁸
2435 3723 2537 3759 "0”
2566 3707 2700 3805 παρ
2727 3745 2742 3769 ν
2774 3715 2820 3757 εί
2849 3705 2900 3756 δη
2928 3703 3172 3757 ’παθαίθά
3203 3704 3496 3772 Ρεεθίίεηῑίίε
3536 3718 3637 3755 ηοη
3671 3717 3751 3754 59'

507 3842 563 3881 ut
590 3829 789 3883 lectetur
813 3792 998 3889 .Ia‘cob,
1030 3823 1080 3877 id
1111 3831 1189 3877 est
1220 3821 1520 3877 Iudaeorum
1550 3830 1603 3875 et
1629 3792 1869 3890 gentium
1907 3792 2074 3888 pupu;

2181 3799 2291 3852 dit:
2318 3798 2408 3851 sed
2433 3797 2486 3850 in
2514 3796 2622 3864 lege
2650 3794 2855 3848 Domini
2883 3794 2979 3862 fuit
3008 3795 3240 3847 voluntas
3281 3793 3419 3863 ejus,
3470 3802 3514 3846 et
3552 3794 3608 3846 in
3644 3792 3751 3861 lege

515 3924 604 3976 ius
639 3935 734 3990 per
775 3919 961 3990 gratiae
1009 3930 1227 3971 munera
1268 3915 1524 3968 collectus
1569 3913 1681 3967 sive
1719 3912 2071 3981 colligendus,

2181 3894 2286 3962 ejus
2333 3888 2655 3942 meditabitur
2704 3888 2785 3939 die
2837 3902 2896 3938 ac
2944 3897 3106 3938 nocte.
3169 3883 3347 3954 (Psnl.
3375 3900 3423 3949 ι,
3451 3882 3620 3952 1,92).
3655 3883 3752 3936 llic

507 4013 595 4081 qui
622 4007 906 4080 aliquando
933 4022 1028 4063 sua
1053 4005 1365 4061 inﬁdelitate
1394 4011 1616 4074 vagatus
1659 4013 1761 4060 est.
1807 4003 1904 4058 llic
1931 4003 2072 4056 enim
2177 3993 2355 4036 autem
2399 3982 2555 4033 mem
2599 3977 2784 4081 νίτυηξ.
2812 3976 2994 4081 ἀθξθηι
3024 3977 3154 4030 die"
3178 3976 3375 4029 εθηοιίε
3407 3975 3759 4042 βτωειιιῖηετθ

507 4063 1035 4167 λαεοιιςῖιυάωοηηη
1065 4099 1312 4166 antiquus
1352 4063 1575 4164 90,51“,
1610 4094 1768 4149 debet
1813 4094 2070 4164 inleuigi;
2178 4072 2479 4126 virtutibus.
2653 4078 2705 4123 et
2754 4067 2822 4120 ibi
2873 4066 3242 4131 Pettateuchi,
3286 4078 3339 4121 et
3380 4066 3464 4120 hic
3509 4063 3756 4132 Decalogi

508 4192 750 4261 quamvis
774 4190 890 4261 ejus
917 4205 1109 4243 nomen
1139 4202 1286 4241 more
1315 4186 1703 4254 Scripturarum
1733 4194 1786 4239 et
1813 4200 1948 4239 novo
1979 4201 2074 4253 pu-

2181 4167 2352 4218 virtus
2379 4162 2700 4216 ostenditur.

511 4251 638 4352 pulo
669 4287 721 4338 in
751 4251 1196 4350 subsequentibus
1230 4279 1408 4331 datum
1437 4251 1569 4330 esse
1607 4275 1869 4330 videatur.
1912 4251 2078 4327 Israel
2257 4347 2311 4352 Μ
2578 4344 2591 4352 _
2655 4345 2666 4352 -
2698 4345 2709 4352 .
2762 4252 2956 4352 Divisio
2985 4251 3186 4352 psalmi.

511 4388 686 4432 autem
716 4373 1071 4429 universalem
1103 4368 1392 4423 Ecclesiam
1418 4368 1484 4420 de
1508 4367 1714 4420 cunctis
1744 4365 1926 4418 mundi
1957 4380 2075 4433 par-

2257 4346 2454 4401 Divisio
2481 4344 2666 4415 psalmi
2698 4345 2853 4414 hujus
2886 4354 2991 4400 tota
3023 4345 3073 4398 in
3118 4340 3533 4410 interrogatione
3563 4346 3617 4394 et
3665 4351 3758 4393 re-

516 4472 656 4524 tibus
683 4475 1022 4537 aggrcgmam
1053 4470 1410 4529 congruenter
1446 4459 1798 4518 advenimus.
1835 4472 1953 4525 qum
1986 4471 2077 4508 ne-
2109 4471 2157 4529 D
2184 4441 2471 4508 SpOlISiOlie
2504 4441 2738 4492 liOSCillll‘
2767 4438 3086 4502 constituta;
3117 4435 3210 4490 sed
3240 4433 3586 4504 interrogatio
3622 4446 3758 4484 COD-

510 4578 659 4617 cesse
702 4522 785 4614 es:
826 4522 882 4612 ui
918 4522 1186 4618 exsultet:
1204 4551 1412 4622 quando
1451 4551 1514 4603 ad
1559 4564 1774 4617 regnum
1814 4522 2070 4602 cinlomm
2113 4522 2150 4529 ⁷⁷
2181 4540 2285 4585 stat
2314 4543 2416 4583 uno
2446 4528 2740 4590 versiculo,
2775 4527 3051 4594 responsio
3078 4540 3205 4578 vero
3233 4539 3322 4578 sex
3354 4522 3593 4576 versibus
3621 4535 3759 4576 con-

515 4655 718 4709 Domini
769 4648 1108 4704 miseratione
1157 4644 1480 4715 pervenerit.
1533 4641 1597 4694 Et
1646 4640 1800 4705 vide,
1852 4640 2077 4693 diversis
2182 4619 2396 4672 ιί¹¹⁰ί¹¹το
2439 4617 2587 4670 Νυηθ
2616 4616 2678 4669 ad
2711 4615 3022 4684 επιιοιιειιιιίλ
3053 4616 3211 4667 verba
3242 4613 3535 4666 νεηίαηιυεο

510 4749 685 4800 causis
725 4757 880 4812 quam
921 4737 1133 4809 propria
1174 4735 1330 4789 verba
1373 4733 1568 4787 tributa
1605 4731 1754 4784 sint!
1799 4731 2079 4783 Lwtabitur

511 4835 704 4898 Jacob,
738 4832 858 4902 quia
892 4844 995 4883 non
1023 4835 1288 4896 speratnm
1321 4822 1552 4890 suscepit
1598 4821 1933 4874 medicatam.
1970 4818 2081 4872 Ex-

512 4925 723 4980 sultabt't
762 4923 969 4984 Israel,
1018 4920 1066 4972 id
1114 4927 1198 4973 est
1231 4912 1568 4970 inenarrabili
1609 4910 1800 4980 gaudio
1844 4912 2086 4964 cumula-

519 5020 677 5085 hitur,
709 5015 921 5085 quando
952 5010 1145 5066 viderit
1175 5024 1254 5074 re,
1287 5005 1426 5075 qttod
1455 5002 1831 5058 ardentissime
1874 5001 2087 5056 deside-

515 5111 663 5165 rabat
690 5121 802 5178 spe.

2231 2343 2366 2398 Cum
2409 2343 2589 2397 titufus
2627 2343 2725 2396 iste
2765 2356 2862 2395 nos
2901 2341 3213 2396 solemniter
3250 2338 3487 2394 remittat
3520 2336 3584 2390 ad
3625 2337 3728 2390 Do-

2165 2437 2367 2491 minum
2389 2475 2404 2499 ,
2437 2451 2536 2490 nec
2563 2436 2633 2490 sit
2661 2435 2859 2504 aliquid
2893 2435 3014 2488 novi
3043 2432 3182 2502 quod
3214 2431 3281 2486 de
3311 2432 3425 2500 ejus
3456 2429 3632 2484 verbis
3658 2428 3730 2481 dis

2165 2544 2289 2584 cere
2327 2528 2618 2583 debeamus
2646 2570 2661 2595 ,
2717 2527 2784 2580 de
2819 2535 2962 2580 textu
3011 2525 3184 2594 potius
3228 2523 3413 2594 psalmi
3455 2536 3572 2591 quae
3612 2531 3734 2574 sunt

2176 2619 2448 2687 aptissima
2481 2616 2870 2686 perquiramus.
2896 2614 3010 2668 Non
3033 2613 3195 2678 enim,
3225 2623 3281 2666 ut
3310 2612 3469 2680 aliqui
3503 2609 3733 2679 psalmo-

2166 2728 2283 2767 rum
2305 2754 2320 2780 ,
2353 2711 2581 2782 quadam
2617 2709 2975 2778 profunditate
3003 2709 3206 2761 velatus
3237 2716 3316 2758 est
3342 2720 3357 2770 ;
3389 2701 3482 2757 sed
3514 2701 3736 2770 prophe-

2171 2804 2286 2857 ticaa
2325 2801 2728 2870 interrogationi
2778 2798 3068 2867 respondet
3113 2795 3365 2850 Dominus
3407 2794 3458 2847 in
3497 2790 3736 2859 Decalogi

2634 4730 2736 4798 51
2779 4724 3043 4794 Expositio
3091 4725 3295 4795 psalmi.

2259 4842 2411 4896 Vcrs.
2447 4841 2496 4894 l.
2538 4839 2774 4902 Domine,
2795 4840 2905 4906 quis
2929 4836 3172 4890 habitabit
3200 4837 3252 4890 in
3273 4833 3602 4888 tabernaculo
3639 4841 3759 4897 tuo,

2188 4941 2276 4986 aut
2323 4932 2434 5001 quis
2476 4931 2744 4998 requiescet
2773 4930 2822 4979 in
2852 4936 3020 4979 monte
3057 4933 3235 4978 sancto
3276 4924 3401 4977 tuo?
3441 4923 3768 4976 Desiderans

2191 5025 2452 5095 propheta
2477 5036 2637 5076 nosse
2653 5033 2786 5090 quos
2811 5019 2996 5087 dignos
3021 5017 3259 5071 Ecclesia
3277 5029 3372 5069 sua
3397 5011 3769 5080 Dominusju-

2189 5117 2410 5179 dit-aret,
2442 5123 2686 5181 tanquam
2711 5111 2825 5179 pius
2853 5108 3103 5162 sacerdos
3130 5115 3254 5160 ante
3279 5105 3464 5158 [aciem
3487 5103 3601 5171 ejus
3629 5101 3776 5154 assi-

1048 5191 1316 5248 (Ῑοηεινδίο
1348 5189 1552 5257 malm"
2191 5217 2336 5260 stens
2368 5218 2621 5271 responsa
2654 5202 2805 5269 petit,
2845 5210 2898 5254 et
2934 5199 3001 5253 de
3023 5198 3382 5253 sciscitatione
3407 5209 3503 5248 sua
3525 5192 3672 5261 cupit
3704 5205 3770 5245 se

585 5311 640 5369 Si
670 5310 756 5381 pio
786 5308 963 5362 animo
993 5306 1126 5359 dicta
1160 5303 1484 5371 cogitemus,
1517 5299 1602 5352 illa
1635 5299 1790 5352 nobis
1823 5297 1997 5351 virtus
2028 5297 2081 5350 in

515 5405 616 5458 hoc
649 5401 852 5470 psalmo
886 5396 1163 5467 praedicata
1192 5401 1303 5458 est,
1331 5400 1389 5446 ut
1416 5389 1647 5444 inimicis
1673 5389 1888 5452 nostris,
1917 5402 2081 5457 quan-

517 5507 625 5548 tum
655 5495 707 5547 in
739 5492 890 5546 nobis
921 5497 1030 5552 est,
1077 5493 1254 5540 mente
1294 5482 1553 5538 benevola
1601 5483 1966 5543 consulamus,
2017 5493 2082 5531 ne

515 5597 655 5636 czeca
684 5579 1037 5634 obstinatione
1067 5575 1269 5641 durati,
1304 5569 1570 5626 insolubili
1603 5568 1969 5636 mancipentur
1997 5583 2084 5621 er-

506 5674 643 5728 rori.
681 5673 922 5740 lucrcpat
950 5668 1088 5722 enim
1134 5665 1370 5720 Ecclesia
1413 5662 1667 5732 populum
1714 5667 2082 5731 peccatoretn,

2191 5299 2304 5350 lieni
2328 5296 2640 5350 certiorem.
2674 5294 2804 5358 Qua:
2840 5293 3002 5361 ﬁgura
3027 5291 3219 5344 dicitur
3259 5298 3517 5349 erotema,
3547 5286 3777 5354 quando

2189 5383 2536 5454 interroganti
2569 5383 2625 5437 lit
2645 5394 2764 5452 apta
2797 5382 3098 5450 responsio.
3131 5379 3425 5447 lnterrogat
3454 5376 3615 5439 enim,
3651 5373 3783 5442 quis

2187 5480 2239 5530 in
2271 5477 2385 5546 ejus
2415 5475 2742 5528 tabernaculo
2773 5472 2942 5543 possit
2976 5472 3242 5524 habitare?
3283 5468 3388 5524 Sed
3419 5482 3514 5521 cur
3542 5474 3780 5518 vocetur

2191 5569 2564 5621 tabernaru'um
2589 5566 2742 5635 paulo
2765 5564 3070 5633 diligentius
3096 5558 3510 5630 perscr'utemur.
3533 5556 3778 5627 Maiores

2192 5658 2357 5711 nostri
2413 5658 2598 5711 dumos
2659 5670 2951 5726 pauperum
3010 5654 3258 5708 tabernas
3315 5650 3774 5720 appellaverunt.
