4008 6182
324 308 416 359 lf‘u

1259 299 1618 357 EXPOSITI!)
1661 299 1720 352 ΙΝ
1767 296 2220 353 PS.\l.TF.lllU.\l.
2268 294 2456 348 PSAL.
2503 292 2634 349 ΧΠ.

3485 287 3583 341 li')

312 436 588 494 μωρία-εδ
619 423 736 490 quia
781 429 982 474 tantum
1035 418 1275 472 trabibus
1300 459 1315 483 ,
1352 434 1456 470 non
1497 417 1670 469 adhuc
1704 416 1894 482 tegulis
1933 419 1973 472 Λ
2008 415 2072 466 lat
2095 433 2128 474 ι,
2163 411 2225 464 ad
2260 427 2415 466 aures
2445 409 2720 465 hominum
2753 410 3053 477 integritate
3085 411 3366 480 purissima
3395 425 3583 482 penes

315 516 646 583 tegebantur,
681 511 831 579 quasi
877 513 1176 564 traberuas.
1212 510 1277 565 Et
1315 511 1436 578 quia
1488 510 1556 564 ibi
1588 510 1900 562 habitabant

313 605 697 664 ιιοωητιιιειιιι,
747 605 886 658 sicut
936 603 1170 672 antiquis
1219 617 1338 657 mos
1377 600 1688 656 eratscmel
1720 602 1898 654 cibum

315 715 547 764 sumere,
578 712 643 752 ex
675 697 885 750 duobus
912 696 1219 750 nominibus
1250 711 1413 749 unum
1458 696 1680 748 traditur
1705 695 1900 747 factum

315 807 435 846 esse
465 790 808 850 vocabulum,
859 789 910 841 id
963 798 1046 842 est
1093 803 1158 843 ex
1237 787 1461 843 taberna
1504 798 1558 839 et
1601 785 1900 849 t'muaculo,

315 882 466 951 quasi
504 878 959 935 trabcruaculum.
1009 878 1143 932 llinc
1182 877 1292 948 jam
1328 878 1670 931 tabernacula
1705 891 1748 929 c'
1772 892 1902 930 nso-

317 983 508 1027 nanter
536 974 675 1024 dicta
707 971 969 1025 sentimus
992 986 1050 1022 ex
1065 969 1415 1039 peditionales
1439 977 1492 1022 et
1523 969 1726 1020 subitas
1759 967 1909 1020 habi-

321 1067 574 1120 tationis.
605 1064 730 1118 Nam
757 1073 812 1118 et
841 1065 890 1117 iu
917 1061 1097 1116 Veteri
1122 1062 1466 1115 Testamento
1490 1059 1647 1127 jussit
1670 1059 1769 1113 sibi
1807 1060 1909 1112 Do-

323 1161 498 1212 minus
528 1157 916 1212 tabernaculum
949 1154 1064 1208 fieri
1106 1153 1302 1221 (Exod.
1335 1154 1512 1222 xwr),
1540 1169 1658 1205 cum
1693 1152 1906 1206 lsi-aeli-

323 1252 460 1305 ticus
505 1249 734 1318 populus
760 1257 902 1302 esset
935 1247 986 1301 iu
1015 1246 1238 1312 castris,
1271 1255 1326 1299 ut
1359 1245 1504 1300 velut
1535 1245 1776 1312 quaedam
1816 1244 1910 1296 (lo-

322 1357 443 1395 mus
483 1342 669 1394 divina
705 1339 864 1392 simul
895 1346 1200 1393 numeretur
1237 1351 1361 1391 cum
1407 1335 1774 1390 mansionibus
1807 1336 1911 1388 lle-

322 1436 612 1488 brarorum.
646 1431 801 1487 Unde
833 1431 1026 1484 lat-tum
1058 1439 1141 1485 est
1181 1438 1239 1482 ut
1284 1427 1414 1482 ﬁdes
1466 1427 1750 1492 catholica,
1797 1441 1914 1494 quae

322 1542 417 1596 per
445 1524 500 1578 Et
520 1523 718 1579 clesias
751 1531 863 1577 toto
893 1522 1024 1576 orbe
1053 1521 1246 1576 dill‘usa
1276 1529 1378 1585 est,
1410 1520 1504 1574 Dei
1536 1519 1916 1574 tabernaculum

327 1626 685 1686 nuncupetur.
723 1615 795 1669 De
818 1629 923 1683 quo
952 1614 1112 1667 etiam
1144 1621 1200 1666 et
1227 1610 1490 1680 Iosephus
1516 1611 1568 1664 in
1599 1612 1733 1664 libro
1766 1611 1916 1663 Anti-

329 1711 597 1778 quitatum
629 1715 736 1761 tert
757 1722 790 1760 0
812 1746 826 1771 ,
859 1705 1010 1758 titulo
1038 1704 1302 1774 septimo,
1335 1702 1580 1774 diligenti
1611 1704 1917 1756 narratione

2005 511 2144 559 mret
2163 505 2186 546 7

2079 597 2228 650 Vcrs.
2258 596 2312 650 6.
2348 595 2455 648 Nec
2502 595 2619 663 fecit
2663 595 2895 664 proximo
2940 610 3032 646 suo
3064 595 3277 647 malum.
3327 595 3574 663 Quintam

1971 694 1980 703 '
2007 689 2281 757 ingressus
2305 698 2409 750 est,
2442 703 2561 756 qua:
2583 689 2707 741 item
2736 688 2988 756 probatur
3013 690 3063 740 in
3092 688 3131 740 D
3155 689 3336 753 ttnino,
3370 691 3458 759 qui
3485 706 3591 745 non

1984 766 2180 832 ’s'tium
2208 779 2409 831 nullum
2435 779 2592 842 laesit,
2625 779 2718 832 scd
2741 781 2900 832 crium
2930 780 3189 845 patienter
3211 794 3403 834 cuneta
3430 787 3592 837 susti-

2011 874 2144 926 nuit.
2183 871 2482 926 Proximum
2523 887 2652 927 veto
2702 873 2834 927 dixit
2887 877 3135 942 populum
3181 875 3519 944 .Iudazorum,
3564 894 3594 937 a

2011 983 2115 1034 quo
2148 967 2308 1020 traxit
2328 967 2503 1018 carnis
2527 967 2809 1034 originem,
2836 983 2931 1035 pro
2953 969 3144 1037 quibus
3165 971 3325 1026 etiam
3359 970 3406 1024 in
3437 987 3599 1027 cruce.

2013 1058 2219 1127 positus
2251 1059 2422 1111 travit
2451 1058 2634 1112 dicens
2667 1075 2678 1109 :
2713 1058 2902 1126 P.,ter,
2945 1061 3149 1128 ignosce
3177 1062 3283 1116 illis
3307 1103 3321 1127 ,
3360 1065 3480 1132 quia
3509 1083 3602 1118 nc-

2012 1149 2174 1202 sciunt
2219 1149 2341 1217 quid
2372 1149 2562 1214 faciunt
2593 1152 2744 1216 (Luc.
2799 1165 2922 1204 xxttt
2952 1195 2962 1212 ,
3025 1153 3136 1221 54).
3175 1155 3332 1208 Vides
3365 1157 3602 1222 proximo

2015 1242 2203 1291 malum
2236 1257 2335 1292 non
2365 1242 2524 1310 fuisse
2565 1240 2756 1309 factum
2782 1257 2799 1294 :
2827 1244 3046 1311 quando
3079 1260 3174 1313 pro
3217 1248 3295 1301 eis
3326 1250 3513 1313 etiam,
3546 1256 3606 1302 ut

2017 1334 2429 1387 absolverentur
2449 1343 2657 1386 oratum
2688 1343 2791 1388 cst.

2093 1425 2243 1478 Vers.
2279 1427 2329 1477 7.
2363 1425 2429 1478 Et
2456 1426 2786 1496 Opprobrinm
2813 1444 2912 1480 non
2935 1431 3128 1493 accepit
3155 1431 3400 1484 adversus
3425 1433 3604 1498 proxi-

2019 1533 2157 1569 mum
2186 1533 2355 1570 suum.
2393 1517 2517 1570 llaec
2539 1528 2689 1571 sexta
2723 1529 2826 1581 est,
2855 1534 2974 1586 qua:
3014 1521 3205 1574 .lndam
3238 1523 3480 1577 Scarioth
3513 1524 3607 1578 de-

2019 1608 2212 1678 signat.
2270 1607 2399 1662 Nam
2426 1608 2549 1660 dum
2577 1623 2633 1661 se
2664 1619 2843 1663 nosset
2865 1610 2934 1663 ab
2957 1613 3069 1678 ipso
3099 1613 3435 1670 tradendum.
3463 1617 3608 1668 nulla

2020 1715 2140 1754 eum
2177 1701 2342 1754 voluit
2373 1700 2583 1768 publica
2607 1701 2970 1770 increpatione
2999 1705 3348 1767 contundere,
3375 1709 3465 1761 sed
3493 1718 3611 1760 tan-

324 1801 615 1867 dissemu,
665 1797 806 1868 quod
858 1811 955 1852 nos
1003 1795 1224 1851 fecimus
1255 1796 1434 1867 pingi,
1465 1806 1518 1850 et
1549 1798 1600 1849 in
1645 1793 1918 1862 paudectis
1955 1809 1996 1866 Β
2025 1801 2132 1846 ιιιιη
2179 1793 2499 1862 generaliter
2543 1792 2674 1846 dixit
2708 1810 2722 1846 :
2760 1794 2861 1858 Qui
2908 1813 3103 1850 mecum
3141 1815 3344 1851 manum
3380 1801 3532 1852 mittit
3560 1804 3612 1855 in

326 1895 551 1964 majoris
577 1893 754 1958 capite
778 1891 1054 1944 Collocari.
1093 1889 1317 1942 Montem
1343 1905 1473 1943 vero
1499 1899 1730 1942 sanctum
1754 1889 1916 1957 signi-

328 1990 452 2041 tieat
480 1985 779 2041 Jerusalem
813 1985 1068 2037 futuram.
1104 1983 1208 2038 Sed
1241 1983 1449 2036 intuere
1481 1997 1637 2050 quam
1672 1981 1920 2049 pulcher-

324 2077 465 2132 rime
497 2076 677 2129 varios
704 2091 761 2128 se
790 2089 982 2128 sensus
1013 2083 1131 2142 apta
1162 2073 1322 2126 Vrrba
1367 2073 1714 2141 distinguant.
1755 2071 1820 2125 In
1845 2082 1922 2124 ta-

326 2169 608 2222 bernaculo
637 2167 834 2221 ditiiﬂl‘
854 2209 868 2233 ,
913 2166 1027 2234 quis
1055 2165 1252 2218 ΙιιιὸἕΜ
1277 2169 1300 2220 ?
1325 2166 1392 2220 de
1426 2166 1515 2219 illo
1545 2165 1631 2234 qui
1664 2164 1838 2219 adhuc
1870 2167 1920 2218 in

325 2261 487 2328 hujus
520 2260 699 2312 szecu'i
745 2274 914 2326 ag'tn-t
953 2258 1250 2312 contendit.
1290 2256 1353 2310 In
1384 2267 1552 2312 monte
1581 2259 1690 2325 quis
1726 2259 1923 2325 requie-

325 2351 461 2405 scit?
488 2349 703 2420 quando
727 2347 838 2418 jam
873 2349 1240 2416 unusquisque
1287 2347 1522 2401 ﬁdelium
1562 2359 1682 2414 post
1713 2348 1923 2402 labores

328 2441 495 2510 hujus
546 2440 762 2503 smculi,
794 2455 1009 2493 merita:
1042 2454 1072 2506 p
1093 2437 1182 2492 ιιίπ
1212 2438 1506 2492 securitate
1537 2438 1789 2492 reﬁcitur.

411 2554 565 2606 V'ers.
595 2551 652 2607 9..
697 2552 799 2616 Qui
841 2552 1129 2619 ingreditur
1159 2553 1269 2604 sfue
1308 2552 1535 2607 macula.
1569 2551 1726 2605 Venit
1751 2550 1815 2603 ad
1841 2566 1928 2603 se-

330 2646 569 2699 cundum
604 2655 834 2711 partem,
865 2646 1004 2697 unde
1028 2643 1138 2712 jam
1178 2643 1328 2711 quasi
1360 2657 1425 2696 ex
1467 2644 1641 2713 adytis
1671 2657 1925 2708 res;ousa

332 2736 680 2800 tribuuntur;
729 2747 783 2788 et
824 2751 888 2788 ex
939 2749 1162 2803 persona
1215 2733 1427 2803 Domini
1471 2732 1667 2787 Christi
1713 2735 1928 2799 dicitur,

329 2827 480 2896 quod
511 2837 567 2880 et
596 2825 862 2880 desiderio
891 2825 1182 2878 satisfaciat
1215 2825 1566 2893 postulantis,
1601 2834 1656 2879 et
1688 2829 1932 2878 incarna-

333 2917 506 2970 tionis
526 2915 645 2986 ejus
659 2916 937 2970 adorabile
956 2916 1155 2970 rch-let
1173 2931 1448 2969 arcanum.
1477 2917 1650 2969 Prima
1671 2917 1931 2984 siquidem

332 3011 509 3080 gloria
547 3009 714 3076 ipsius
751 3007 849 3061 fuit
891 3007 1094 3078 ingredi
1131 3008 1530 3061 tabernaculum
1560 3009 1669 3060 sine
1709 3007 1933 3074 anicula,

334 3104 558 3169 quando
587 3101 844 3170 templum
867 3100 1163 3156 Jerusalem
1195 3115 1224 3152 a
1256 3102 1485 3169 peccatis
1514 3101 1650 3154 liber
1681 3101 1932 3154 intrabat.

2025 1883 2319 1951 paropside,
2369 1885 2475 1954 ipse
2523 1901 2600 1938 me
2645 1887 2928 1939 traditurus
2958 1901 3031 1940 est
3075 1888 3288 1959 (.lluttlt.
3322 1908 3462 1955 sxw,
3495 1892 3613 1963 9.3).

2029 1975 2100 2029 Ita
2130 1976 2323 2031 factum
2353 1987 2455 2041 est,
2487 1989 2540 2031 ut
2569 1992 2668 2032 nec
2695 1979 2995 2032 divinitatis
3023 1995 3132 2033 sua:
3168 1982 3418 2035 virtutem
3457 1984 3615 2036 intel-

2028 2068 2311 2137 ligentibus
2339 2071 2556 2134 celaret,
2609 2081 2661 2125 et
2693 2071 2937 2138 proximi
2970 2070 3072 2124 fam
3095 2090 3162 2125 'l'tl
3195 2074 3429 2128 mordaci
3477 2075 3617 2130 lace-

2029 2163 2234 2214 rati-sue
2259 2177 2360 2213 non
2391 2169 2656 2229 carperet.
2691 2161 2808 2212 Non
2834 2163 3026 2228 arrepit
3049 2205 3064 2229 ,
3099 2163 3148 2215 id
3179 2175 3256 2218 est
3278 2174 3484 2234 gratum
3512 2182 3616 2220 non

2031 2253 2235 2306 habuit.
2291 2255 2522 2320 Accepta
2553 2254 2694 2308 enim
2729 2253 2819 2307 illa
2853 2254 3075 2309 dicimus
3097 2298 3110 2322 ,
3142 2274 3258 2325 qua:
3289 2257 3441 2312 nobis
3468 2269 3617 2328 grata

2030 2359 2152 2399 esse
2177 2355 2556 2398 lliOllSil‘dlllllS.

2107 2435 2236 2489 Vers
2265 2440 2318 2490 8.
2353 2438 2430 2489 Ad
2472 2437 2689 2488 nihilum
2735 2437 2982 2490 deductus
3023 2450 3094 2492 cst
3124 2440 3173 2491 in
3210 2449 3479 2508 conspectu
3509 2441 3620 2510 ejus

2032 2529 2287 2600 malignus
2308 2545 2328 2584 :
2358 2530 2584 2583 timentes
2609 2539 2774 2582 autem
2809 2529 3086 2583 Dominum
3117 2533 3468 2600 magni/ierint.
3496 2533 3622 2587 llaec

2034 2632 2113 2675 est
2141 2622 2414 2687 responsi)
2442 2625 2687 2689 septima,
2711 2622 2798 2675 ubi
2823 2623 3093 2681 diabolum
3121 2626 3402 2694 malignum
3425 2628 3474 2678 in
3500 2641 3622 2679 con-

2033 2723 2204 2781 spectu
2231 2729 2322 2766 suo
2350 2714 2560 2766 deduxit
2586 2714 2653 2765 ad
2677 2715 2917 2781 nihilum,
2946 2717 3160 2781 quando
3189 2719 3236 2770 ei
3268 2718 3408 2769 dixit
3437 2735 3450 2770 :
3489 2717 3618 2771 Redi

2037 2817 2189 2871 retro,
2226 2805 2471 2868 Satanas,
2533 2824 2631 2858 non
2686 2808 2900 2862 tentabis
2957 2809 3234 2862 Dominum
3289 2810 3452 2862 Deum
3479 2819 3624 2863 luunt

2039 2894 2255 2963 (.llattlt.
2290 2911 2366 2962 tv,
2392 2898 2466 2965 7).
2502 2897 2610 2950 lloc
2633 2900 2774 2951 enim
2801 2899 2886 2952 cui
2917 2913 3086 2969 poteSt
3115 2904 3270 2955 alteri
3303 2918 3623 2972 congruere,

2042 2985 2139 3038 uisi
2173 3002 2330 3055 quem
2376 2997 2587 3041 constat
2613 2988 2811 3044 virtute
2843 2993 3055 3061 propria
3100 2995 3308 3047 eunetis
3350 2996 3627 3063 spiritibus

2043 3078 2365 3144 imperare?
2415 3079 2670 3148 Sequitur
2728 3081 2889 3134 etiam
2941 3083 3162 3138 alterius
3214 3078 3378 3155 pa’rtis
3431 3086 3628 3141 decora

335 3167 476 3250 Diam
498 3210 623 3248 cum
655 3167 744 3249 alii
775 3196 992 3250 domum
1021 3195 1108 3250 Dei
1138 3167 1524 3260 purilicatiunis
1551 3209 1709 3248 causa
1739 3193 1937 3248 fuerint
1968 3195 2012 3256 C
2043 3167 2368 3260 ⁵¹¹Ῠδῖῗ¹¹¹⁰¹ί⁰ν
2417 3177 2474 3224 υι
2513 3173 2652 3227 Sicut
2681 3173 2733 3226 ίη
2783 3184 3060 3243 compca“
3105 3178 3220 3248 ei!“
3266 3178 3522 3246 malignus
3560 3178 3629 3232 ad

337 3291 600 3357 ingressi,
652 3287 740 3341 ille
780 3289 930 3341 solus
963 3287 1140 3340 taliter
1179 3286 1432 3348 introivit,
1486 3294 1545 3340 ut
1591 3288 1700 3340 sine
1738 3287 1940 3339 macula

337 3389 473 3434 ante
524 3387 872 3446 conspectum
929 3378 1098 3432 Patris
1143 3381 1460 3444 assisterct,
1515 3387 1570 3430 ut
1608 3394 1712 3432 non
1747 3379 1821 3432 illi
1857 3380 1939 3432 lex

339 3473 549 3540 aliquid
579 3471 756 3534 daret,
801 3473 894 3526 sed
926 3473 1040 3541 ipse
1083 3473 1252 3542 potin.
1287 3473 1479 3541 legem,
1529 3473 1670 3527 sicut
1708 3477 1942 3541 optutus

341 3566 652 3634 legislator,
684 3565 948 3632 impleret.

428 3677 585 3730 Vera.
610 3677 664 3730 '5.
709 3675 774 3730 Et
814 3690 1055 3743 operatur
1102 3679 1382 3746 justitiam.
1433 3678 1559 3732 ιιι-α
1599 3679 1833 3734 secunda
1860 3685 1944 3732 est

343 3785 515 3836 quam
550 3769 806 3822 Dominus
838 3771 984 3832 feeit,
1014 3785 1134 3823 cum
1166 3771 1232 3824 de
1260 3785 1528 3842 synagoga
1570 3769 1864 3824 vendentes
1889 3778 1945 3824 ct

345 3869 599 3915 ementes
643 3861 838 3930 ejecit,
873 3863 924 3914 in
956 3861 1140 3916 divino
1191 3864 1392 3931 teu-plo
1442 3865 1733 3916 humanum
1766 3862 1947 3930 pre-hi-

344 3956 489 4007 hens
515 3967 636 4006 esse
665 3955 1079 4017 commercium;
1107 3953 1178 4006 ait
1204 3956 1345 4006 enim
1377 3970 1388 4004 :
1422 3951 1616 4006 Domus
1636 3969 1748 4006 mea
1770 3957 1948 4007 donius

345 4047 600 4099 curationis
644 4046 938 4109 rocabitur;
971 4063 1055 4098 ros
1079 4056 1248 4100 autem
1278 4046 1470 4114 fecistis
1505 4061 1618 4098 eam
1651 4044 1947 4116 speluncam

347 4141 614 4192 (atrorum
639 4139 852 4207 (.llatth.
889 4155 996 4205 ut,
1027 4139 1134 4209 15).

430 4252 588 4306 νει-ε.
623 4251 675 4306 4.
720 4254 819 4320 Qui
850 4253 1080 4323 loquitur
1100 4253 1355 4306 veritatem
1379 4254 1429 4305 in
1451 4254 1602 4306 corde
1625 4269 1738 4307 suo.
1771 4251 1951 4306 Tertia

353 4353 441 4397 est
470 4359 633 4412 quam
665 4344 948 4413 singularit
984 4361 1007 4397 r
1053 4344 1302 4399 Salvator
1338 4355 1520 4399 uester
1551 4345 1817 4412 implevit.
1857 4343 1956 4397 l’c-

352 4444 486 4486 rtas
521 4444 600 4486 est
630 4433 770 4487 enim
803 4451 890 4489 res
921 4451 1041 4503 qum
1073 4437 1376 4491 nullatenus
1415 4437 1572 4491 aliter
1619 4453 1778 4505 quam
1823 4453 1954 4491 con-

353 4525 406 4578 ti.
426 4527 778 4590 maverimus,
808 4535 900 4579 aut
925 4528 1001 4591 tit,
1027 4536 1118 4582 aut
1151 4527 1283 4580 facta
1315 4537 1416 4592 est,
1449 4540 1538 4582 ant
1566 4528 1809 4583 facienda
1833 4546 1956 4584 esse

355 4625 716 4669 numswatur.
749 4615 1070 4687 Loquebatur
1095 4620 1236 4672 enim
1269 4623 1461 4675 tacitus
1492 4622 1543 4673 in
1567 4623 1719 4674 corde
1747 4639 1839 4674 suo
1868 4637 1954 4675 ve-

356 4711 567 4761 ritatem
591 4751 606 4773 ,
643 4710 854 4776 quando
885 4711 1069 4766 dolose
1099 4712 1534 4782 perquirentibus
1571 4715 1842 4768 sermonis
1871 4719 1952 4768 sui

361 4801 622 4873 mysteria
651 4817 756 4856 non
787 4803 1068 4872 prodebat.
1103 4803 1234 4858 Nam
1261 4820 1383 4859 cum
1411 4804 1717 4860 Judmorum
1749 4806 1957 4862 [alsia-

360 4898 512 4945 llbltS
558 4903 614 4948 et
641 4909 774 4949 Voce
806 4895 1047 4965 praesidis
1072 4905 1374 4965 urgeretur,
1405 4897 1792 4952 admirantibus
1820 4914 1958 4952 cun-

359 4989 484 5050 ctis,
513 5000 618 5038 nou
649 4985 700 5039 ei
743 4988 1017 5055 respondit
1049 4989 1214 5042 ullum
1244 4990 1496 5055 verbum;
1527 4991 1619 5045 sed
1667 4991 1718 5044 in
1767 5000 1952 5044 sanz-ta

360 5091 457 5130 sua
489 5076 820 5131 conscientia
851 5079 1210 5147 loquebatur,
1259 5080 1402 5148 quod
1448 5080 1595 5150 digni
1648 5095 1753 5134 non
1801 5090 1957 5135 erant

363 5182 411 5220 at
435 5167 554 5221 dire
576 5170 666 5236 qui
697 5184 818 5221 eum
846 5169 1214 5224 fraudulenter
1246 5171 1562 5226 videbantur
1591 5173 1884 5242 inquirere.

439 5278 593 5332 Vcrs.
627 5279 681 5332 5.
724 5277 792 5332 Et
825 5296 924 5333 non
950 5282 1050 5351 egit
1081 5282 1257 5336 dolum
1278 5283 1328 5336 in
1359 5285 1533 5353 lingua
1563 5301 1674 5337 sua.
1715 5285 1868 5338 \‘enit
1892 5286 1956 5338 ad

367 5384 636 5438 quartam.
669 5374 802 5428 Nam
833 5376 950 5430 sine
978 5375 1101 5430 dolo
1127 5376 1308 5430 omnia
1339 5393 1398 5432 se
1431 5378 1594 5432 fuisse
1638 5379 1871 5432 locutum
1907 5381 1956 5432 iu

369 5465 664 5533 Evangelia
688 5473 913 5520 testatur
943 5467 1055 5536 ipse
1078 5467 1204 5521 dum
1235 5467 1362 5522 dicit
1397 5485 1408 5522 :
1441 5468 1625 5522 Omnia
1651 5485 1764 5538 qua:
1784 5471 1960 5524 audivi

370 5572 401 5607 α
435 5553 593 5609 Patre
615 5572 725 5611 meo
751 5568 872 5611 uota
902 5560 996 5628 feci
1020 5560 1154 5612 vobis
1185 5557 1364 5628 (loan.
1394 5576 1480 5627 xv,
1518 5560 1626 5631 45).
1653 5561 1791 5628 Quid
1817 5562 1958 5615 enim

373 5651 648 5719 mundius,
677 5652 870 5720 quidve
901 5653 1198 5722 simplicius
1225 5695 1240 5720 ,
1275 5654 1376 5708 ni.-i
1411 5664 1467 5708 ut
1500 5657 1695 5709 veritas
1746 5656 1832 5708 illa
1883 5657 1963 5709 iu-

373 5743 767 5796 cummutabilis
792 5744 933 5799 nulla
964 5745 1266 5815 adiectione
1313 5746 1395 5801 vel
1439 5750 1818 5817 suppressioue
1854 5750 1962 5804 \iO-

2045 3258 2259 3320 nihilum
2304 3263 2549 3315 deductus
2591 3273 2686 3330 est,
2720 3263 2792 3318 ita
2820 3265 2908 3333 qui
2943 3265 3223 3322 Dominum
3270 3270 3474 3334 timent,
3505 3286 3627 3325 eum

2043 3364 2253 3419 semper
2285 3368 2418 3422 puro
2449 3354 2612 3408 corde
2638 3356 2984 3425 nmgniﬁceut.
3015 3359 3167 3425 Quod
3195 3362 3408 3414 schema
3434 3361 3629 3417 dicitur

2047 3447 2376 3517 paradigma,
2409 3446 2546 3501 sicut
2579 3449 2705 3503 etin
2729 3450 2904 3520 primo
2933 3453 3137 3519 ps:tlmo
3159 3452 3268 3522 jam
3300 3455 3498 3509 dictum
3525 3463 3629 3511 est.

2048 3539 2236 3593 Invitat
2265 3541 2408 3594 enim
2441 3557 2537 3596 nos
2566 3545 2856 3612 prosperis,
2888 3554 2942 3598 et
2974 3554 3140 3602 terret
3165 3547 3427 3604 adversis.

2123 3631 2270 3688 γει-ε.
2301 3633 2354 3686 9.
2390 3632 2491 3698 Qui
2510 3639 2658 3704 jurat
2691 3636 2924 3704 proximo
2945 3654 3039 3691 suo
3061 3648 3232 3693 etnon
3275 3641 3462 3709 decipit
3498 3658 3635 3700 eum.

2048 3723 2248 3778 Octava
2283 3725 2449 3778 virtus
2497 3725 2723 3780 edicitur
2747 3768 2762 3790 ,
2796 3743 2951 3795 quam
2983 3729 3239 3786 Dominus
3272 3733 3392 3787 fecit
3424 3735 3636 3804 quando

2048 3816 2308 3883 apostolis
2355 3817 2468 3870 suis
2518 3818 2816 3872 cettissima
2854 3821 3078 3876 veritate
3117 3825 3358 3892 promisit
3402 3826 3585 3882 dicens
3619 3844 3638 3884 :

2058 3905 2164 3961 Vos
2192 3908 2344 3961 amici
2371 3909 2466 3963 mei
2490 3911 2606 3963 estis
2636 3913 2680 3963 si
2711 3912 2930 3981 feceritis
2952 3930 3067 3983 (μίαν
3087 3930 3178 3984 ego
3209 3918 3450 3987 principio
3476 3919 3634 3974 vobis.

2051 4001 2171 4056 Jam
2203 4020 2302 4057 non
2334 4006 2447 4058 dico
2492 4021 2576 4058 ros
2619 4023 2788 4060 servos
2819 4006 3001 4076 (Joun.
3034 4024 3121 4070 XV,
3164 4008 3263 4076 τι).
3291 4010 3640 4079 Inspiciamus

2054 4107 2231 4150 autem
2263 4098 2386 4164 quid
2430 4098 2530 4151 ista
2585 4099 2851 4152 sententia
2913 4101 2962 4152 iu
3020 4102 3282 4170 principio
3326 4117 3425 4158 suo
3460 4104 3638 4159 dicit:

2061 4189 2163 4255 Qui
2206 4191 2356 4260 jurat
2401 4175 2796 4256 proximo-suo?
2838 4189 3029 4244 Jurare
3073 4194 3214 4247 enim
3245 4206 3327 4248 est
3361 4196 3635 4252 hominum

2056 4281 2155 4335 sub
2183 4282 2524 4336 attestatione
2549 4283 2723 4336 divina
2757 4283 2956 4353 aliquid
3002 4286 3260 4354 llOIIitCl‘i.
3292 4289 3396 4344 Sed
3438 4307 3557 4344 cum
3589 4301 3644 4346 et

2058 4373 2200 4427 Deus
2222 4372 2337 4440 ipse
2358 4376 2693 4441 promiserit.
2726 4376 2902 4443 aptius
2924 4376 3115 4432 dicitur
3144 4381 3329 4433 eodem
3360 4382 3645 4450 pollicente

2053 4463 2315 4533 juratum.
2345 4463 2536 4519 Jurare
2564 4467 2706 4520 cuitu
2745 4467 2944 4522 dictum
2988 4481 3068 4524 est
3093 4513 3106 4534 ,
3139 4475 3288 4541 quasi
3314 4475 3436 4544 jure
3464 4490 3644 4541 orare,

1990 4585 2040 4644 Ι)
2067 4558 2117 4612 id
2149 4567 2230 4612 est
2251 4557 2393 4627 juste
2425 4559 2588 4628 loqui.
2623 4560 2772 4616 Tunc
2797 4572 2974 4617 autem
3004 4565 3269 4634 quispiam
3293 4566 3436 4638 jttste
3471 4570 3649 4639 loqui-

2068 4660 2152 4703 tur
2181 4651 2394 4720 quando
2425 4668 2483 4705 ea
2523 4668 2640 4721 qua}
2670 4656 2929 4724 promittit
2961 4657 3269 4726 implentur.
3301 4660 3494 4716 Jurare
3521 4679 3648 4734 ergo

2061 4740 2226 4794 Deum
2251 4743 2562 4806 promittere
2591 4755 2644 4798 at
2669 4761 2748 4810 ue
2765 4748 3034 4815 complere
3056 4759 3157 4814 est,
3177 4752 3450 4808 sicutalibi
3481 4756 3609 4809 dicit
3634 4775 3649 4810 :

2061 4829 2265 4884 Juravit
2296 4831 2545 4888 Dominus
2575 4834 2741 4890 Dat'itl
2773 4839 3057 4907 veritatem,
3105 4852 3154 4895 et
3199 4860 3230 4896 ιι
3256 4862 3299 4896 .n
3325 4845 3652 4913 [lustrabitur

2057 4939 2170 4976 eum
2220 4924 2390 4995 (Psal.
2440 4942 2639 4995 cum,
2700 4929 2816 4998 Η).
2878 4932 2942 4985 Et
2988 4932 3180 4988 itt'rum
3215 4952 3229 4990 :
3262 4934 3645 5009 Jusjurandum

2061 5015 2196 5083 στοά
2219 5018 2416 5087 jurarit
2437 5020 2504 5071 ad
2528 5020 2785 5073 Abraham
2809 5037 3004 5088 patrem
3029 5036 3257 5080 nostrum
3288 5028 3438 5098 (Luc.
3462 5046 3497 5097 I,
3523 5032 3642 5101 75).

2063 5108 2213 5173 Quod
2245 5109 2427 5162 multis
2468 5111 2596 5165 locis
2631 5113 2682 5164 in
2728 5113 2903 5167 divina
2940 5115 3166 5172 lectione
3199 5121 3461 5189 reperies.

2134 5200 2288 5256 Vers.
2326 5205 2411 5255 lt).
2459 5206 2556 5268 Qui
2583 5209 2846 5275 pecuniam
2872 5226 3016 5262 suam
3040 5227 3138 5264 non
3163 5212 3197 5264 tl
3228 5213 3298 5266 dit
3323 5217 3389 5266 ad
3417 5230 3654 5269 usuram.

2065 5292 2210 5346 Nona
2239 5293 2347 5362 jam
2395 5297 2624 5366 tangitur
2653 5313 2810 5365 quam
2854 5301 3105 5356 subtilius
3141 5304 3472 5373 indagemus.
3510 5305 3651 5360 Duo-

2065 5383 2164 5437 bus
2195 5384 2366 5438 modis
2395 5387 2446 5438 iu
2491 5389 2622 5449 Scri
2648 5390 2783 5442 turis
2810 5393 3011 5446 sanctis
3037 5397 3256 5461 pecunia
3287 5397 3542 5463 probatur
3571 5398 3658 5452 iu-

2067 5477 2230 5545 telligi
2262 5493 2276 5530 :
2310 5494 2410 5531 uua
2453 5489 2534 5532 est
2576 5482 2672 5534 ista
2707 5485 2974 5538 metallica
3014 5502 3175 5556 quam
3208 5491 3277 5541 ad
3309 5506 3518 5544 usuram
3542 5492 3657 5546 dari

2068 5571 2287 5622 omnino
2316 5572 2662 5637 prohibetur,
2697 5577 2954 5644 quoniam
3002 5579 3185 5634 vitium
3229 5584 3537 5651 cupiditatis
3580 5600 3659 5643 est

2068 5659 2286 5731 exigere
2335 5663 2472 5717 velle
2514 5666 2654 5732 quod
2703 5679 2752 5721 te
2801 5673 3008 5726 nescias
3057 5678 3454 5734 commodasse.
3514 5681 3660 5737 lianc

2072 5754 2284 5821 quidem
2334 5755 2508 5807 habuit
2542 5757 2644 5828 52
2678 5758 2715 5807 tl
2757 5760 2932 5816 ιιιίιιέ
2979 5762 3260 5839 Christus,
3313 5787 3470 5842 quam
3513 5772 3661 5830 ludia
