4008 6182
400 238 489 290 ιιι
1602 234 1667 286 Μ.
1718 229 1978 285 AUtELll

2083 230 2419 284 \SSIODURI

3543 229 3639 284 ll!

396 350 607 404 tradidit
641 350 955 418 pauperibus
986 348 1302 416 erogandam
1328 386 1340 407 ,
1371 360 1526 411 quam
1583 362 1680 396 tton
1730 346 1866 396 dedit
1898 346 1964 395 uti
1998 352 2041 404 Α
2074 343 2389 395 declaratur.
2446 345 2749 393 lit-tinctum
2801 343 2963 401 enim,
3007 341 3212 408 quando
3260 349 3338 392 est
3390 338 3642 393 Dominus

398 459 634 506 usuram,
690 441 899 509 quando
930 440 1071 492 illam
1124 438 1476 503 indigentibus
1503 436 1566 487 ad
1602 434 1962 487 informandus

400 548 490 586 nos
527 533 605 599 pia
648 532 889 597 laugitate
919 529 1202 583 concessit.
1236 529 1414 580 Altera
1446 542 1569 579 vero
1599 536 1681 579 est
1712 542 1866 592 quam
1898 526 1961 576 ad

399 638 609 674 usuram
642 621 791 684 dari,
826 619 1111 685 Evangelio
1152 618 1361 671 dicente
1384 658 1398 679 ,
1432 616 1744 677 suadcinur,
1781 615 1827 666 id
1859 627 1960 677 est,

400 713 801 779 pr.t-dicatioiies
849 709 1210 763 sanctissimas
1242 716 1295 761 et
1345 707 1580 760 instituta
1632 706 1829 759 divina.
1880 705 1967 758 Ait

400 806 537 857 cnim
564 820 577 855 :
612 802 816 856 Sciebas
846 819 922 854 me
961 803 1208 853 hominem
1236 800 1419 851 durum
1440 810 1488 851 et
1517 808 1774 850 austerum
1799 814 1815 849 :
1843 815 1969 849 non—

401 912 461 948 ne
483 904 772 965 oportuerat
799 904 842 946 te
869 893 1176 947 committere
1202 893 1461 958 pecuniam
1494 907 1655 942 meam
1682 889 1970 941 nummulo-

400 988 510 1050 riis,
538 996 583 1039 et
607 1002 694 1056 ego
717 986 917 1039 veniens
937 986 1207 1053 exegissem
1230 985 1397 1050 utique
1414 983 1549 1050 quod
1573 999 1738 1035 meum
1763 993 1831 1035 est
1856 998 1969 1034 cum

402 1080 568 1130 usuris
621 1075 845 1147 (Matth.
891 1092 1016 1137 xxv,
1065 1075 1189 1143 27)?
1236 1075 1323 1129 Sic
1370 1076 1508 1127 enim
1561 1072 1696 1125 istud
1750 1072 1967 1125 vcrlium

402 1165 724 1233 :cquivocum
758 1179 852 1234 pro
887 1165 1121 1217 locorum
1150 1162 1403 1232 qualitate
1433 1161 1737 1227 suscipitur.

476 1256 626 1309 Vers.
662 1255 744 1308 ll.
788 1253 853 1307 Et
881 1270 1089 1307 munera
1119 1270 1270 1323 super
1314 1255 1604 1306 innocentes
1630 1270 1725 1305 non
1758 1252 1969 1319 accepit.

408 1344 581 1397 Virtus
612 1345 837 1408 decima,
869 1361 936 1414 qu
958 1365 983 1396 ι·
1016 1344 1273 1408 restabat,
1324 1344 1536 1410 impleta
1568 1354 1669 1398 est.
1705 1343 1797 1396 llic
1823 1359 1974 1410 suprr

405 1436 711 1497 innocentes,
756 1446 937 1489 centra
986 1437 1295 1489 innocentes
1344 1435 1497 1488 datur
1548 1434 1800 1504 intelligi;
1834 1434 1971 1503 quod

408 1541 510 1579 non
545 1526 713 1579 ευίιιιιι
748 1525 1027 1579 Dominum
1060 1534 1265 1578 constat
1299 1540 1400 1577 non
1436 1525 1621 1579 fecisse
1646 1564 1661 1587 ,
1691 1524 1779 1576 scd
1812 1524 1969 1577 etiam

408 1620 518 1684 ipse
546 1633 601 1669 se
639 1621 888 1684 probatus
918 1627 996 1670 est
1029 1634 1121 1687 pro
1152 1612 1321 1671 sdutc
1351 1616 1723 1685 generalitatis
1754 1618 1967 1683 olIerrc,

2071 448 2279 501 passus,
2312 434 2450 484 llUllC
2481 434 2682 483 titulum
2709 448 2867 499 supra
2892 444 3043 499 caput
3070 433 3183 497 ejus
3214 432 3373 483 luisse
3406 429 3645 483 cvnscri-

2068 536 2209 593 ptum
2238 567 2251 589 ,
2282 524 2431 576 Justus
2486 524 2778 575 Nazarcnus
2826 523 2933 575 Rea:
2974 523 3271 575 Judteoraut
3304 520 3476 585 (.laan.
3514 535 3601 573 xIx
3625 560 3641 583 ,

2069 617 2177 685 l9).
2208 616 2309 669 Sel
2346 616 2441 682 ipsi
2496 616 2755 667 veraciter
2786 602 3114 683 intelligendi
3147 626 3267 665 sunt
3300 613 3490 674 .lud;ci,
3546 610 3641 679 qui

2070 723 2197 775 pura
2253 708 2469 759 Christo
2523 706 2803 759 devotione
2862 705 3209 757 famulantur.
3269 705 3333 757 Et
3371 706 3490 770 quia
3526 703 3637 759 Rex

2071 807 2251 851 noster
2277 799 2519 849 Salvator
2545 798 2611 849 de
2651 811 2743 849 sua
2782 796 3024 863 passione
3054 807 3107 849 et
3137 795 3526 849 resurrectione
3560 793 3644 847 lo-

2069 897 2287 941 cuturus
2317 897 2395 939 est
2418 928 2434 953 ,
2468 886 2658 940 merito
2686 886 2841 954 hujus
2873 885 3232 950 inscriptionis
3258 899 3646 937 commemora-

2080 981 2153 1034 tio
2186 983 2319 1032 tacta
2348 990 2426 1032 cst
2450 1018 2463 1041 ,
2495 994 2611 1047 qua:
2660 982 2819 1031 tant's
2857 989 2975 1041 post
3017 977 3343 1042 tcmpmibus
3373 984 3507 1039 erat,
3539 976 3647 1028 Do-

2082 1074 2225 1124 mino
2253 1072 2625 1137 dispensante,
2659 1082 2924 1123 secutura.
2957 1070 3017 1122 Et
3046 1080 3099 1122 ut
3127 1068 3261 1121 hanc
3294 1067 3429 1120 tituli
3460 1068 3647 1120 inseri-

2074 1163 2337 1230 ptionem,
2374 1176 2477 1214 non
2509 1160 2571 1214 ad
2602 1161 2886 1228 quamlibet
2932 1160 3088 1212 aliam
3116 1172 3424 1228 personam,
3456 1156 3548 1211 sed
3581 1155 3647 1210 ad

2075 1253 2360 1307 Dominum
2407 1254 2674 1307 Christum
2724 1252 2907 1306 referri
2958 1251 3205 1305 debuisse
3258 1261 3645 1317 cognosceres,

2074 1345 2337 1413 adjectum
2362 1355 2464 1408 est,
2510 1345 2607 1411 ipsi
2654 1344 2850 1407 David;
2885 1341 3021 1409 quod
3053 1341 3117 1394 ad
3148 1339 3431 1393 Dominum
3464 1337 3647 1391 Salva-

2075 1446 2239 1488 torem
2283 1444 2646 1503 c07npctcntcr
2684 1433 2867 1487 referri
2898 1433 3083 1485 crebra
3113 1430 3444 1498 expositione
3490 1443 3640 1480 mon-

2073 1528 2380 1581 stravimus.
2432 1527 2716 1581 Scienluui
2764 1535 2846 1579 est
2877 1534 3051 1577 autem
3097 1524 3234 1589 quod
3290 1524 3374 1576 hic
3406 1522 3641 1588 psalmus

2074 1620 2337 1674 secundus
2386 1632 2467 1673 eSt
2513 1633 2697 1672 eorum
2731 1618 2817 1686 qui
2846 1618 3143 1687 passionem
3198 1624 3251 1671 et
3306 1620 3653 1670 resurrectu-

406 1712 541 1763 siCut
568 1711 616 1760 in
654 1710 937 1772 Evangelii»
968 1710 1095 1760 dicit
1125 1726 1135 1758 :
1173 1708 1355 1759 Pastor
1386 1708 1543 1759 bovus
1583 1710 1803 1759 animum
1830 1724 1970 1759 suam
2010 1710 2050 1766 Β
2079 1729 2197 1767 nem
2229 1712 2438 1767 Domini
2466 1712 2695 1767 breviter
2724 1719 2963 1779 tangunt.

408 1800 545 1861 ponit
593 1816 683 1867 pro
729 1800 899 1851 oribus
953 1799 1056 1850 suis
1088 1796 1261 1864 (Joun.
1299 1814 1355 1858 κ,
1394 1797 1502 1864 1‘2).
1536 1798 1735 1866 Accepit
1776 1802 1915 1851 enim
1946 1814 1973 1849 a

410 1890 574 1957 tuag's
596 1905 804 1940 munera
824 1930 839 1954 ,
866 1888 957 1942 sed
984 1904 1083 1942 non
1109 1905 1260 1955 super
1282 1891 1587 1941 innocentes.
1618 1889 1793 1944 Sumit
1818 1890 1919 1942 etia
1946 1908 1973 1939 n

409 1978 641 2046 quotidie
670 1996 786 2049 que
834 1981 1001 2032 sacr's
1054 1979 1311 2033 altaribus
1360 1979 1674 2044 olleruntur,
1727 1979 1821 2034 sed
1872 1995 1975 2032 nun

411 2086 561 2140 super
586 2072 892 2124 innocentes.
919 2072 1250 2139 Quapropter
1275 2071 1630 2137 intelligamus
1649 2070 1759 2139 pias
1780 2080 1832 2123 et
1855 2084 1975 2137 paro

419 2160 758 2214 vasohlation
782 2175 821 2213 is
860 2161 1134 2213 rliaritatis
1164 2160 1343 2213 studio
1371 2174 1473 2213 noti
1506 2175 1626 2215 esse
1656 2159 1980 2215 omnimodis

408 2251 754 2321 respuendas.
813 2250 942 2303 Nam
990 2252 1032 2305 si
1085 2265 1242 2303 omne
1290 2265 1481 2304 munus
1510 2250 1665 2319 alijici
1697 2251 1976 2316 voluisset,

413 2359 741 2413 nequaquam
775 2345 953 2395 luisset
984 2343 1247 2403 additum,
1280 2360 1433 2410 super
1464 2343 1770 2396 innocentes.

487 2435 637 2489 V'ers.
668 2438 749 2490 l2.
788 2435 884 2503 Qui
919 2435 1035 2505 fuit
1066 2440 1168 2487 [nec
1202 2451 1297 2487 ron
1330 2436 1604 2487 movebitur
1633 2436 1681 2487 iu
1709 2445 1977 2489 artcrnum.

414 2526 675 2593 Expositis
724 2526 905 2581 decem
958 2525 1239 2580 virtutibus
1270 2571 1283 2593 ,
1319 2541 1435 2597 quze
1484 2526 1550 2579 de
1601 2526 1823 2579 Domino
1857 2527 1980 2581 Jcsu

412 2615 625 2670 Christo
682 2633 784 2670 non
838 2619 1125 2685 incongrue
1182 2619 1523 2684 sentiuntur,
1582 2618 1979 2687 interrogationi

417 2708 738 2776 prophetica:
788 2708 1017 2763 breviter
1071 2710 1192 2764 data
1241 2718 1324 2764 est
1373 2712 1609 2765 absoluta
1662 2712 1978 2780 responsio:

414 2800 660 2865 quoniam
692 2799 776 2866 qui
803 2800 924 2869 facit
967 2800 1109 2866 lucc,
1161 2801 1274 2866 ipse
1317 2801 1509 2855 habitat
1556 2804 1608 2855 in
1651 2803 1981 2855 tabernaculo

418 2889 645 2952 Domini,
674 2898 720 2942 et
757 2890 807 2941 in
836 2899 1008 2943 sancto
1051 2901 1218 2944 monte
1243 2892 1358 2960 ejus
1386 2893 1676 2962 requiescit.
1709 2894 1814 2948 Sed
1846 2908 1958 2948 con.

412 2978 586 3032 sidera
616 2980 741 3047 quia
769 2980 888 3049 facit
911 2980 1081 3046 dixit,
1110 2996 1214 3033 non
1245 2989 1452 3045 cantat,
1484 2990 1542 3035 ut
1574 2996 1669 3034 nos
1697 2981 1763 3035 ad
1794 2992 1980 3052 actua-

419 3071 522 3125 lem
551 3072 798 3126 virtutem
840 3073 1147 3141 interposita
1180 3073 1297 3141 lege
1337 3075 1764 3142 constringeret,
1794 3088 1862 3127 ne
1890 3088 1976 3127 se-
2010 3084 2053 3145 (ς

415 3173 559 3217 creta
614 3164 744 3216 tanti
794 3163 1055 3233 mysterii,
1089 3164 1277 3217 intenti
1321 3165 1449 3219 solis
1488 3167 1726 3219 can'ibus
1756 3164 1981 3219 inaniter

418 3253 784 3322 psallerenius.
820 3252 941 3305 Non
971 3254 1263 3320 movebitur,
1290 3254 1340 3307 id
1375 3263 1457 3308 est
1484 3255 1550 3309 ab
1591 3256 1705 3324 ipso
1730 3270 1834 3309 non
1864 3270 1978 3309 mo-

416 3352 588 3408 vetur,
619 3342 761 3412 quod
791 3342 921 3397 solis
961 3343 1159 3399 sanctis
1200 3343 1474 3414 beatisque
1520 3354 1817 3413 praestatur.
1850 3344 1979 3398 Nam

416 3434 590 3487 omnis
607 3434 674 3488 ab
696 3434 786 3487 illo
804 3435 999 3502 impius
1025 3435 1377 3489 dimovebitur
1399 3435 1451 3489 in
1470 3445 1748 3499 aeternum,
1771 3437 1983 3505 quando

416 3521 530 3589 ejus
552 3523 699 3591 regni
720 3522 1096 3579 communione
1125 3525 1440 3593 privabitur.
1476 3526 1586 3579 lloc
1612 3527 1828 3580 schema
1849 3524 1982 3579 diei-

416 3621 503 3666 tur
524 3626 767 3682 zeugma,
794 3613 844 3664 id
867 3623 946 3665 est
968 3614 1291 3682 conjunctio,
1320 3614 1533 3684 quando
1559 3616 1718 3667 multa
1743 3613 1980 3682 penden-

421 3704 490 3756 tia
521 3713 612 3757 aut
662 3720 765 3757 uno
809 3705 971 3759 verbo
1017 3715 1109 3759 aut
1150 3721 1253 3760 una
1284 3708 1545 3761 sententia
1576 3707 1981 3761 concluduntur.

421 3794 526 3850 Sed
555 3796 639 3850 hic
668 3795 719 3849 in
756 3797 1015 3851 sententia
1046 3796 1236 3849 factum
1266 3806 1376 3862 est;
1424 3797 1474 3851 in
1507 3798 1668 3853 verbo
1689 3809 1864 3853 autem
1896 3798 1985 3851 ubi

420 3890 691 3942 inventum
721 3888 876 3943 fuerit
913 3904 1015 3942 non
1048 3888 1343 3943 silebimus.
1601 3872 1604 3875 ⁷

947 4001 1219 4057 Conclusio
1254 4003 1455 4073 psalmi.

481 4116 669 4170 llicest
693 4116 1027 4172 cmlesusille
1053 4118 1366 4189 Decalogus,
1409 4117 1510 4172 hoc
1539 4117 1722 4171 decem
1750 4117 1984 4172 chorda-

423 4225 537 4261 rum
567 4209 841 4273 spirituale
885 4209 1194 4277 psalterium
1229 4229 1241 4263 :
1274 4210 1358 4263 hic
1386 4224 1508 4263 vere
1551 4222 1803 4263 numerus
1834 4222 1988 4261 coro-

420 4302 556 4354 nalis
600 4317 758 4369 quem
804 4302 948 4354 solus
978 4301 1066 4354 ille
1095 4301 1367 4368 complere
1407 4301 1616 4369 potuit,
1668 4300 1756 4369 qni
1805 4300 1985 4353 mundi

422 4390 546 4443 vitia
576 4404 692 4443 cum
723 4405 819 4445 suo
846 4392 1063 4459 auctore
1104 4392 1408 4459 prostravit.
1454 4392 1555 4445 Sed
1601 4407 1877 4459 prect'mur
1903 4393 1989 4457 ju-

422 4402 546 4443 vitia
576 4404 692 4443 cum
723 4405 819 4445 suo
846 4405 874 4444 a
938 4402 941 4405 '
970 4406 1063 4444 ore
1104 4402 1408 4459 prostravu.
1454 4402 1555 4445 sed
1601 4407 1877 4459 preci'mur
1903 4408 1982 4457 pi-

420 4480 553 4547 giter
581 4402 1014 4547 omnipotentan
1043 4482 1158 4547 ejus
1183 4525 1197 4549 ,
1250 4493 1305 4535 ut
1354 4483 1440 4550 qui
1474 4482 1591 4535 talia
1625 4498 1716 4549 per
1746 4494 1982 4535 nosmet-

420 4570 561 4637 ipms
589 4570 811 4637 implere
843 4585 946 4625 non
999 4587 1277 4639 possumus
1308 4588 1425 4640 qua:
1451 4572 1600 4641 jussa
1650 4581 1813 4636 sunt,
1867 4575 1913 4640 ej
1959 4589 1984 4625 s

420 4662 568 4716 ditati
614 4677 831 4716 munere
876 4662 1145 4717 faciamus.
1179 4663 1378 4717 Calculi
1426 4680 1636 4732 quoque
1668 4665 1832 4731 ipsius
1874 4681 1984 4717 non

421 4762 501 4805 est
526 4752 876 4806 consideratio
904 4753 1241 4821 negligenda;
1278 4770 1394 4806 nant
1423 4764 1607 4820 quarta
1652 4755 1855 4806 decima
1891 4770 1981 4821 ge-

421 4843 689 4896 neratione
735 4857 764 4894 a
820 4845 1277 4912 transmigratioue
1307 4843 1666 4912 .llabylouic,
1714 4842 1976 4897 adventus

423 4932 632 4986 Domini
680 4933 969 4986 Salvatoris
1000 4935 1164 4987 elusit
1186 4976 1200 5001 ,
1236 4944 1291 4986 ut
1337 4935 1524 4988 merito
1553 4944 1605 4985 ct
1655 4933 1738 4987 hic
1767 4934 1880 5001 ipse
1909 4935 1987 4987 vi—

419 5025 605 5078 deatur
632 5026 866 5088 locutus,
911 5026 998 5094 qui
1029 5028 1078 5078 in
1105 5026 1343 5094 ejusdem
1379 5041 1597 5080 nutncro
1624 5026 1984 5095 generationis

424 5115 672 5169 advenire
693 5114 934 5183 dignatus
964 5127 1067 5169 est.

700 5224 1060 5281 EXPOSITIO
1108 5226 1169 5279 IN
1211 5226 1532 5281 PSALMUM
1593 5226 1699 5279 XV.

814 5319 971 5372 Tituli
1002 5321 1260 5385 inscriptio
1282 5320 1380 5389 ipsi
1410 5320 1594 5373 David.

493 5435 624 5487 Dum
648 5447 833 5487 omnes
864 5433 1106 5485 dicantur
1145 5431 1517 5499 inscriptiones
1570 5431 1840 5484 titulormn
1898 5433 1982 5500 qui

420 5525 741 5591 psalmorum
775 5523 1033 5577 frontibus
1078 5523 1386 5591 attiguntnr,
1440 5526 1619 5577 nescio
1650 5525 1771 5593 quid
1803 5527 1985 5592 mysti-

421 5632 539 5669 ium
571 5616 668 5668 istc
697 5615 998 5682 designans.
1038 5615 1133 5668 hoc
1156 5615 1454 5680 specialiter
1486 5617 1682 5684 primus
1709 5618 1982 5672 continere

2649 1826 2840 1881 Divisio
2873 1827 3079 1897 psalmi.

2155 1940 2252 1993 Per
2289 1950 2455 1995 totum
2488 1940 2746 2009 psalmum
2792 1940 3147 1993 introducitur
3191 1953 3413 2009 persona
3446 1938 3649 1993 Domini

2082 2031 2391 2085 Salvatoris.
2419 2032 2595 2084 Prima
2621 2030 2880 2098 positione
2904 2030 3193 2085 secundum
3218 2030 3650 2084 consuetudinem

2083 2138 2230 2175 suam
2261 2138 2322 2175 ex
2353 2122 2678 2175 humanitate
2706 2132 2971 2191 suscepta,
2999 2122 3156 2176 verba
3183 2120 3303 2174 facit
3323 2122 3388 2174 ad
3420 2121 3651 2183 Patrem,

2082 2213 2389 2267 conservari
2422 2229 2478 2267 se
2509 2224 2713 2280 petens,
2740 2213 2861 2282 quia
2890 2227 3037 2282 spem
3071 2227 3220 2266 suam
3248 2212 3483 2280 posuerit
3511 2227 3651 2266 sem.

2084 2319 2177 2369 per
2222 2305 2271 2357 in
2305 2321 2389 2361 eo.
2419 2320 2520 2357 non
2556 2304 2772 2357 Deitatis
2803 2317 2913 2356 suae
2944 2304 3228 2372 quidquam
3258 2303 3523 2366 minuens,
3558 2302 3650 2355 sed

2085 2404 2321 2446 naturam
2360 2393 2701 2448 hutnan'tatis
2730 2393 3036 2447 ostendens.
3079 2392 3326 2447 Naturam
3358 2391 3496 2455 dico,
3538 2391 3647 2443 ori-

2084 2484 2261 2548 ginem
2308 2484 2720 2551 uniuscujusque
2774 2483 2870 2547 rei,
2926 2483 3269 2551 vigoremque
3320 2482 3649 2535 substantiae.

2087 2574 2369 2642 Suhjuugt
2444 2574 2605 2628 etiam
2662 2575 3104 2637 quemadmodum
3152 2574 3321 2629 sancti
3373 2575 3487 2642 ejus
3546 2590 3649 2628 nou

2083 2667 2384 2721 carnalibus
2434 2665 2714 2721 desideriis
2745 2707 2760 2729 ,
2815 2666 2907 2721 sed
2952 2666 3316 2735 spiritualibus
3373 2666 3650 2719 virtutibus

2083 2757 2373 2823 eligantur;
2416 2757 2591 2811 omnia
2634 2773 2752 2825 qua:
2803 2756 3019 2825 pertulit
3057 2756 3121 2810 ad
3164 2754 3491 2809 brereditatis
3540 2769 3650 2808 sua:

2084 2850 2303 2917 gloriam
2332 2863 2577 2903 asserens
2608 2848 2767 2902 fuisse
2796 2848 3069 2915 perducta.
3105 2848 3348 2903 Secunda
3380 2845 3646 2913 positione

2084 2939 2223 2990 idem
2250 2937 2391 2991 Patri
2415 2939 2612 3008 gratias
2638 2937 2825 3003 refert,
2846 2941 2933 3007 qui
2960 2940 3030 2990 illi
3056 2952 3083 2989 a
3100 2937 3299 2991 dextris
3322 2936 3647 3006 apparendo,

2086 3028 2417 3098 iniquitatem
2449 3028 2606 3098 hujus
2634 3030 2815 3083 saeculi
2837 3068 2850 3092 ,
2882 3028 3283 3093 omnipotentiae
3314 3041 3425 3082 suae
3453 3028 3650 3081 virtute

2085 3123 2377 3189 superavit.
2432 3120 2582 3176 Unde
2618 3122 2847 3175 animam
2900 3135 3048 3174 suam
3096 3121 3163 3175 de
3208 3120 3414 3174 interno
3461 3120 3651 3173 asserit

2084 3226 2203 3266 esse
2234 3213 2530 3278 liberatam,
2572 3222 2626 3267 et
2656 3223 2772 3281 post
2802 3212 3207 3267 resurrectionis
3227 3212 3449 3282 gloriam
3478 3212 3529 3265 in
3559 3212 3650 3266 de-

2083 3304 2453 3361 lectationibus
2479 3305 2712 3360 dexterae
2735 3304 2900 3373 ipsius
2928 3318 2988 3360 se
3019 3315 3280 3359 memorat
3304 3305 3646 3360 collocatum.

2622 3413 2886 3485 Expositio
2920 3414 3131 3470 Psalmi.

2160 3525 2310 3580 Vers.
2344 3526 2396 3581 1.
2443 3523 2687 3579 Conserva
2726 3542 2822 3587 me,
2844 3524 3076 3590 Domine,
3109 3526 3346 3595 quoniam
3371 3526 3422 3578 in
3451 3536 3497 3579 te
3524 3542 3649 3595 spe-

2084 3616 2215 3671 ravi.
2265 3613 2406 3669 Inter
2443 3618 2668 3684 pericula
2720 3615 2947 3670 humana
2998 3626 3274 3681 venturus,
3321 3626 3376 3670 et
3419 3616 3652 3671 Judaicas

2086 3705 2460 3758 obstinationis
2490 3706 2677 3774 impios
2719 3720 2906 3760 sensus
2926 3748 2938 3769 ,
2969 3716 3153 3762 natura
3188 3707 3531 3761 humanitatis
3560 3722 3653 3762 as-

2085 3805 2293 3861 sumpta
2325 3798 2630 3849 conservari
2671 3810 2731 3850 se
2767 3807 2982 3864 paterna
3030 3798 3362 3865 protectione
3396 3798 3653 3865 depreca-

2094 3893 2212 3950 tur;
2240 3894 2421 3955 etquo
2452 3885 2659 3941 facilius
2682 3886 2796 3955 ejus
2822 3888 2897 3940 rei
2926 3898 3237 3955 sequeretur
3265 3886 3501 3951 ell‘ectus,
3530 3902 3653 3955 spe-

2088 3988 2240 4029 rasse
2265 3989 2325 4029 se
2353 3974 2478 4029 dicit
2503 3988 2717 4044 semper
2747 3976 2800 4029 in
2833 3976 3076 4030 Domino.
3116 3977 3239 4031 lites
3278 3978 3440 4047 ﬁgura
3463 3976 3654 4031 dicitur

2088 4066 2376 4133 etlioptnia,
2406 4070 2612 4134 quoties
2642 4067 2799 4123 datur
2828 4068 3022 4122 locutio
3050 4078 3208 4123 certae
3240 4084 3500 4136 personas.
3531 4069 3656 4122 Per~

2091 4169 2219 4209 sona
2243 4167 2325 4211 est
2354 4158 2492 4210 enim
2526 4158 2610 4211 hic
2640 4158 2841 4211 Domini
2873 4159 3160 4213 Salvatoris
3200 4176 3263 4213 ex
3310 4161 3513 4215 duabus
3548 4160 3654 4214 dis-

2091 4247 2269 4301 tinciis
2301 4246 2657 4315 perfectisque
2689 4250 2888 4301 naturis
2918 4248 3076 4302 homo
3102 4248 3245 4319 [msh
3293 4252 3382 4315 A.,
3431 4251 3520 4314 Β..
3560 4249 3652 4305 .F.

2091 4340 2354 4407 perlectus
2405 4335 2618 4407 homo],
2658 4338 2902 4407 idemque
2952 4340 3089 4394 Deus
3158 4356 3294 4394 unus
3339 4359 3654 4411 permanens

2016 4452 2067 4510 D
2091 4432 2355 4486 Christua

2164 4522 2310 4575 Vcrs.
2343 4523 2395 4576 2.
2441 4521 2560 4576 Dixi
2590 4522 2829 4587 Domino,
2866 4522 3003 4577 Deus
3043 4540 3180 4579 meus
3211 4541 3264 4579 es
3303 4536 3374 4588 tu,
3419 4528 3655 4592 quoniam

2091 4615 2329 4668 bonarum
2358 4632 2582 4669 meorum
2612 4633 2711 4669 non
2737 4618 2949 4686 indiges.
2988 4618 3158 4683 Dixit,
3203 4635 3306 4674 non
3339 4620 3523 4687 labiis,
3560 4624 3653 4677 sed

2090 4708 2265 4759 cordis
2306 4707 2524 4771 ali‘ectu;
2558 4708 2699 4761 unde
2737 4718 2917 4761 sancta
2961 4711 3283 4764 conscientia
3316 4711 3655 4779 loquebatur.

2094 4796 2228 4848 Deus
2253 4812 2388 4850 meus
2410 4813 2460 4850 es
2486 4808 2557 4863 tu,
2584 4812 2612 4849 a
2647 4798 2812 4851 forma
2835 4800 2973 4853 servi
3000 4800 3162 4855 Filius
3183 4800 3311 4854 dicit
3333 4802 3397 4854 ad
3425 4803 3653 4864 Patrem,

2096 4895 2146 4936 ut
2185 4885 2316 4939 duas
2368 4895 2582 4938 naturas
2632 4886 2684 4938 in
2716 4902 2814 4939 una
2848 4902 3071 4953 persona
3122 4890 3322 4942 t'oniini
3369 4890 3657 4946 Salvmoris

2093 4977 2367 5031 evidenter
2395 4994 2733 5041 agnosceres.
2768 4982 2872 5051 53
2898 4981 3012 5035 Una
3041 4998 3102 5036 ex
3138 4996 3313 5035 nostra
3345 4985 3657 5040 iulirtnitate

2097 5068 2338 5133 humilis,
2372 5070 2534 5122 altera
2567 5085 2628 5123 ex
2656 5086 2746 5124 sua
2788 5080 3046 5138 potestate
3075 5073 3351 5136 mirabilis,
3384 5085 3439 5127 ut
3466 5076 3658 5129 intelli-

2094 5176 2190 5228 gas
2218 5162 2358 5225 quod
2398 5178 2582 5229 passus
2612 5175 2716 5222 est.
2750 5164 2912 5218 fuisse
2938 5166 3149 5228 carnis;
3182 5167 3317 5234 quod
3346 5168 3654 5229 resurrexit,

2098 5254 2483 5318 potentissimae
2531 5254 2839 5319 tuajestatis.
2894 5255 2971 5306 Ad
3024 5254 3399 5308 destruendam
3451 5272 3659 5323 quoquo

2091 5343 2444 5410 arrogantiam
2494 5344 2706 5395 humani
2755 5344 2985 5411 generis,
3024 5360 3138 5410 qua:
3185 5345 3295 5397 suis
3325 5346 3525 5398 viribus
3570 5348 3658 5398 ali-

2088 5434 2209 5498 quid
2243 5434 2361 5484 boni
2405 5448 2460 5486 se
2493 5436 2663 5486 facere
2691 5450 2842 5500 posse
2870 5436 3107 5495 conlidit,
3160 5436 3384 5500 ad-lidit,
3414 5437 3655 5503 quoniam

2090 5524 2332 5574 bonorum
2364 5541 2585 5576 meorum
2619 5542 2716 5576 non
2747 5526 2964 5594 indiges.
2991 5525 3215 5578 Audiaut
3249 5527 3345 5579 hoc
3370 5527 3657 5595 Pelagiani,

2095 5620 2180 5688 qui
2214 5619 2388 5687 aliqua
2425 5622 2556 5673 bona
2585 5630 2767 5688 putant
2799 5624 2908 5673 suis
2938 5620 3135 5672 viribus
3166 5619 3502 5687 applicanda.
3536 5620 3656 5674 Cla-
