  <div class='ocr_page' id='page_1' title='image "/cluster/home/n/w/nwhite01/storage/ocr_20150623/70/hvd.32044054758735/062.png"; bbox 0 0 4008 6182; ppageno 0'>
   <div class='ocr_carea' id='block_1_1' title="bbox 296 320 387 373">
    <p class='ocr_par' dir='ltr' id='par_1_1' title="bbox 296 320 387 373">
     <span class='ocr_line' id='line_1_1' title="bbox 296 320 387 373; baseline -0.044 1"><span class='ocrx_word' id='word_1_1' title='bbox 296 320 387 373; x_wconf 70' lang='lat' dir='ltr'><strong>HTE</strong></span> 
     </span>
    </p>
   </div>
   <div class='ocr_carea' id='block_1_2' title="bbox 293 524 1856 596">
    <p class='ocr_par' dir='ltr' id='par_1_2' title="bbox 293 524 1856 596">
     <span class='ocr_line' id='line_1_2' title="bbox 293 524 1856 596; baseline -0.003 -16"><span class='ocrx_word' id='word_1_2' title='bbox 293 541 459 596; x_wconf 73' lang='lat' dir='ltr'><strong>cgere,</strong></span> <span class='ocrx_word' id='word_1_3' title='bbox 492 526 557 577; x_wconf 88' lang='lat' dir='ltr'><strong>ad</strong></span> <span class='ocrx_word' id='word_1_4' title='bbox 583 526 752 591; x_wconf 85' lang='lat' dir='ltr'><strong>ipsum</strong></span> <span class='ocrx_word' id='word_1_5' title='bbox 782 524 1020 579; x_wconf 89' lang='lat' dir='ltr'><strong>referens</strong></span> <span class='ocrx_word' id='word_1_6' title='bbox 1043 524 1215 578; x_wconf 72' lang='lat' dir='ltr'><strong>omnia</strong></span> <span class='ocrx_word' id='word_1_7' title='bbox 1241 524 1326 592; x_wconf 87' lang='lat' dir='ltr'><strong>qui</strong></span> <span class='ocrx_word' id='word_1_8' title='bbox 1357 525 1482 596; x_wconf 60' lang='lat' dir='ltr'><strong>Lech,</strong></span> <span class='ocrx_word' id='word_1_9' title='bbox 1519 524 1658 592; x_wconf 63' lang='lat' dir='ltr'><strong>quini</strong></span> <span class='ocrx_word' id='word_1_10' title='bbox 1687 525 1856 578; x_wconf 84' lang='lat' dir='ltr'><strong>dona-</strong></span> 
     </span>
    </p>
   </div>
   <div class='ocr_carea' id='block_1_3' title="bbox 293 617 1446 685">
    <p class='ocr_par' dir='ltr' id='par_1_3' title="bbox 293 617 1446 685">
     <span class='ocr_line' id='line_1_3' title="bbox 293 617 1446 685; baseline 0.001 -16"><span class='ocrx_word' id='word_1_11' title='bbox 293 622 376 684; x_wconf 93' lang='lat' dir='ltr'><strong>vit,</strong></span> <span class='ocrx_word' id='word_1_12' title='bbox 407 635 438 671; x_wconf 92' lang='lat' dir='ltr'><strong>n</strong></span> <span class='ocrx_word' id='word_1_13' title='bbox 479 634 512 672; x_wconf 88' lang='lat' dir='ltr'><strong>n</strong></span> <span class='ocrx_word' id='word_1_14' title='bbox 539 618 604 670; x_wconf 89' lang='lat' dir='ltr'><strong>ad</strong></span> <span class='ocrx_word' id='word_1_15' title='bbox 637 617 808 685; x_wconf 87' lang='lat' dir='ltr'><strong>sequi</strong></span> <span class='ocrx_word' id='word_1_16' title='bbox 838 619 1026 670; x_wconf 72' lang='lat' dir='ltr'><strong>collata</strong></span> <span class='ocrx_word' id='word_1_17' title='bbox 1050 617 1306 685; x_wconf 84' lang='lat' dir='ltr'><strong>suscepit.</strong></span> <span class='ocrx_word' id='word_1_18' title='bbox 1444 624 1446 626; x_wconf 74' lang='lat'><strong>&#39;</strong></span> 
     </span>
    </p>
   </div>
   <div class='ocr_carea' id='block_1_4' title="bbox 359 707 1862 775">
    <p class='ocr_par' dir='ltr' id='par_1_4' title="bbox 359 707 1862 775">
     <span class='ocr_line' id='line_1_4' title="bbox 359 707 1862 775; baseline -0.001 -16"><span class='ocrx_word' id='word_1_19' title='bbox 359 707 509 760; x_wconf 77' lang='lat' dir='ltr'><strong>Vers.</strong></span> <span class='ocrx_word' id='word_1_20' title='bbox 537 710 592 761; x_wconf 78' lang='grc'><strong>5.</strong></span> <span class='ocrx_word' id='word_1_21' title='bbox 628 707 832 762; x_wconf 80' lang='lat' dir='ltr'><strong>Sanctis</strong></span> <span class='ocrx_word' id='word_1_22' title='bbox 861 709 945 775; x_wconf 82' lang='lat' dir='ltr'><strong>qui</strong></span> <span class='ocrx_word' id='word_1_23' title='bbox 990 708 1042 759; x_wconf 87' lang='lat' dir='ltr'><strong>in</strong></span> <span class='ocrx_word' id='word_1_24' title='bbox 1091 717 1225 760; x_wconf 89' lang='lat' dir='ltr'><strong>terra</strong></span> <span class='ocrx_word' id='word_1_25' title='bbox 1255 717 1369 759; x_wconf 79' lang='lat' dir='ltr'><strong>sunt</strong></span> <span class='ocrx_word' id='word_1_26' title='bbox 1401 707 1538 774; x_wconf 83' lang='lat' dir='ltr'><strong>ejus,</strong></span> <span class='ocrx_word' id='word_1_27' title='bbox 1572 707 1862 774; x_wconf 78' lang='lat' dir='ltr'><strong>mirificarit</strong></span> 
     </span>
    </p>
   </div>
   <div class='ocr_carea' id='block_1_5' title="bbox 291 796 1866 850">
    <p class='ocr_par' dir='ltr' id='par_1_5' title="bbox 291 796 1866 850">
     <span class='ocr_line' id='line_1_5' title="bbox 291 796 1866 850; baseline -0.001 0"><span class='ocrx_word' id='word_1_28' title='bbox 291 814 456 850; x_wconf 74' lang='lat' dir='ltr'><strong>onum</strong></span> <span class='ocrx_word' id='word_1_29' title='bbox 478 798 765 850; x_wconf 77' lang='lat' dir='ltr'><strong>voluntates</strong></span> <span class='ocrx_word' id='word_1_30' title='bbox 797 813 928 848; x_wconf 70' lang='lat' dir='ltr'><strong>mea:</strong></span> <span class='ocrx_word' id='word_1_31' title='bbox 958 797 1087 849; x_wconf 84' lang='lat' dir='ltr'><strong>inter</strong></span> <span class='ocrx_word' id='word_1_32' title='bbox 1128 796 1267 849; x_wconf 80' lang='lat' dir='ltr'><strong>illos.</strong></span> <span class='ocrx_word' id='word_1_33' title='bbox 1306 796 1456 849; x_wconf 80' lang='lat' dir='ltr'><strong>Prius</strong></span> <span class='ocrx_word' id='word_1_34' title='bbox 1487 797 1638 849; x_wconf 82' lang='lat' dir='ltr'><strong>nobis</strong></span> <span class='ocrx_word' id='word_1_35' title='bbox 1674 800 1866 850; x_wconf 68' lang='lat' dir='ltr'><strong>verito-</strong></span> 
     </span>
    </p>
   </div>
   <div class='ocr_carea' id='block_1_6' title="bbox 293 889 1863 958">
    <p class='ocr_par' dir='ltr' id='par_1_6' title="bbox 293 889 1863 958">
     <span class='ocr_line' id='line_1_6' title="bbox 293 889 1863 958; baseline -0.001 -15"><span class='ocrx_word' id='word_1_36' title='bbox 293 906 400 943; x_wconf 87' lang='lat' dir='ltr'><strong>rum</strong></span> <span class='ocrx_word' id='word_1_37' title='bbox 432 889 565 943; x_wconf 86' lang='lat' dir='ltr'><strong>ordo</strong></span> <span class='ocrx_word' id='word_1_38' title='bbox 613 889 891 958; x_wconf 87' lang='lat' dir='ltr'><strong>ponendus</strong></span> <span class='ocrx_word' id='word_1_39' title='bbox 923 899 1038 955; x_wconf 71' lang='lat' dir='ltr'><strong>eat,</strong></span> <span class='ocrx_word' id='word_1_40' title='bbox 1082 899 1140 941; x_wconf 91' lang='lat' dir='ltr'><strong>ut</strong></span> <span class='ocrx_word' id='word_1_41' title='bbox 1187 903 1499 942; x_wconf 81' lang='lat' dir='ltr'><strong>sermonum</strong></span> <span class='ocrx_word' id='word_1_42' title='bbox 1534 889 1863 943; x_wconf 83' lang='lat' dir='ltr'><strong>obscuritate</strong></span> 
     </span>
    </p>
   </div>
   <div class='ocr_carea' id='block_1_7' title="bbox 292 979 1865 1047">
    <p class='ocr_par' dir='ltr' id='par_1_7' title="bbox 292 979 1865 1047">
     <span class='ocr_line' id='line_1_7' title="bbox 292 979 1865 1047; baseline -0.003 -11"><span class='ocrx_word' id='word_1_43' title='bbox 292 982 555 1044; x_wconf 71' lang='lat' dir='ltr'><strong>Submota,</strong></span> <span class='ocrx_word' id='word_1_44' title='bbox 586 995 780 1034; x_wconf 84' lang='lat' dir='ltr'><strong>sensus</strong></span> <span class='ocrx_word' id='word_1_45' title='bbox 813 979 965 1033; x_wconf 88' lang='lat' dir='ltr'><strong>nobis</strong></span> <span class='ocrx_word' id='word_1_46' title='bbox 991 979 1196 1032; x_wconf 83' lang='lat' dir='ltr'><strong>facilius</strong></span> <span class='ocrx_word' id='word_1_47' title='bbox 1225 979 1513 1034; x_wconf 86' lang='lat' dir='ltr'><strong>elucescat.</strong></span> <span class='ocrx_word' id='word_1_48' title='bbox 1550 979 1755 1033; x_wconf 77' lang='lat' dir='ltr'><strong>Sanctis</strong></span> <span class='ocrx_word' id='word_1_49' title='bbox 1777 983 1865 1047; x_wconf 78' lang='lat' dir='ltr'><strong>qui</strong></span> 
     </span>
    </p>
   </div>
   <div class='ocr_carea' id='block_1_8' title="bbox 293 1068 1868 1140">
    <p class='ocr_par' dir='ltr' id='par_1_8' title="bbox 293 1068 1868 1140">
     <span class='ocr_line' id='line_1_8' title="bbox 293 1068 1868 1140; baseline -0.002 -17"><span class='ocrx_word' id='word_1_50' title='bbox 293 1083 403 1124; x_wconf 72' lang='lat' dir='ltr'><strong>sunt</strong></span> <span class='ocrx_word' id='word_1_51' title='bbox 434 1072 487 1123; x_wconf 86' lang='lat' dir='ltr'><strong>in</strong></span> <span class='ocrx_word' id='word_1_52' title='bbox 519 1079 658 1124; x_wconf 86' lang='lat' dir='ltr'><strong>terra</strong></span> <span class='ocrx_word' id='word_1_53' title='bbox 681 1071 814 1140; x_wconf 79' lang='lat' dir='ltr'><strong>ejus,</strong></span> <span class='ocrx_word' id='word_1_54' title='bbox 849 1069 1156 1137; x_wconf 79' lang='lat' dir='ltr'><strong>miriﬁcovit,</strong></span> <span class='ocrx_word' id='word_1_55' title='bbox 1188 1068 1237 1122; x_wconf 97' lang='lat' dir='ltr'><strong>id</strong></span> <span class='ocrx_word' id='word_1_56' title='bbox 1270 1077 1352 1123; x_wconf 83' lang='lat' dir='ltr'><strong>eSt</strong></span> <span class='ocrx_word' id='word_1_57' title='bbox 1382 1069 1536 1122; x_wconf 73' lang='lat' dir='ltr'><strong>Pater</strong></span> <span class='ocrx_word' id='word_1_58' title='bbox 1559 1084 1730 1121; x_wconf 84' lang='lat' dir='ltr'><strong>omnes</strong></span> <span class='ocrx_word' id='word_1_59' title='bbox 1781 1085 1868 1120; x_wconf 87' lang='lat' dir='ltr'><strong>vo-</strong></span> 
     </span>
    </p>
   </div>
   <div class='ocr_carea' id='block_1_9' title="bbox 295 1158 1866 1227">
    <p class='ocr_par' dir='ltr' id='par_1_9' title="bbox 295 1158 1866 1227">
     <span class='ocr_line' id='line_1_9' title="bbox 295 1158 1866 1227; baseline -0.001 -14"><span class='ocrx_word' id='word_1_60' title='bbox 295 1162 512 1213; x_wconf 71' lang='lat' dir='ltr'><strong>luntates</strong></span> <span class='ocrx_word' id='word_1_61' title='bbox 545 1177 700 1214; x_wconf 82' lang='lat' dir='ltr'><strong>meas.</strong></span> <span class='ocrx_word' id='word_1_62' title='bbox 747 1159 812 1214; x_wconf 90' lang='lat' dir='ltr'><strong>Ut</strong></span> <span class='ocrx_word' id='word_1_63' title='bbox 863 1172 1217 1227; x_wconf 78' lang='lat' dir='ltr'><strong>cognosceres</strong></span> <span class='ocrx_word' id='word_1_64' title='bbox 1268 1158 1539 1212; x_wconf 89' lang='lat' dir='ltr'><strong>Christum</strong></span> <span class='ocrx_word' id='word_1_65' title='bbox 1588 1160 1866 1212; x_wconf 85' lang='lat' dir='ltr'><strong>Dominum</strong></span> 
     </span>
    </p>
   </div>
   <div class='ocr_carea' id='block_1_10' title="bbox 294 1249 1870 1320">
    <p class='ocr_par' dir='ltr' id='par_1_10' title="bbox 294 1249 1870 1320">
     <span class='ocr_line' id='line_1_10' title="bbox 294 1249 1870 1320; baseline -0.001 -15"><span class='ocrx_word' id='word_1_66' title='bbox 294 1253 355 1306; x_wconf 84' lang='lat' dir='ltr'><strong>ab</strong></span> <span class='ocrx_word' id='word_1_67' title='bbox 382 1253 572 1307; x_wconf 81' lang='lat' dir='ltr'><strong>electis</strong></span> <span class='ocrx_word' id='word_1_68' title='bbox 595 1266 717 1306; x_wconf 61' lang='lat' dir='ltr'><strong>esse</strong></span> <span class='ocrx_word' id='word_1_69' title='bbox 763 1251 1088 1320; x_wconf 79' lang='lat' dir='ltr'><strong>diligendum</strong></span> <span class='ocrx_word' id='word_1_70' title='bbox 1111 1292 1126 1316; x_wconf 93' lang='lat'><strong>,</strong></span> <span class='ocrx_word' id='word_1_71' title='bbox 1159 1249 1393 1315; x_wconf 82' lang='lat' dir='ltr'><strong>addidit,</strong></span> <span class='ocrx_word' id='word_1_72' title='bbox 1423 1251 1552 1304; x_wconf 84' lang='lat' dir='ltr'><strong>inter</strong></span> <span class='ocrx_word' id='word_1_73' title='bbox 1579 1251 1696 1304; x_wconf 79' lang='lat' dir='ltr'><strong>illos</strong></span> <span class='ocrx_word' id='word_1_74' title='bbox 1721 1292 1736 1315; x_wconf 90' lang='lat'><strong>,</strong></span> <span class='ocrx_word' id='word_1_75' title='bbox 1772 1251 1870 1304; x_wconf 88' lang='lat' dir='ltr'><strong>ltoc</strong></span> 
     </span>
    </p>
   </div>
   <div class='ocr_carea' id='block_1_11' title="bbox 295 1343 1872 1411">
    <p class='ocr_par' dir='ltr' id='par_1_11' title="bbox 295 1343 1872 1411">
     <span class='ocr_line' id='line_1_11' title="bbox 295 1343 1872 1411; baseline 0 -13"><span class='ocrx_word' id='word_1_76' title='bbox 295 1355 371 1398; x_wconf 83' lang='lat' dir='ltr'><strong>est</strong></span> <span class='ocrx_word' id='word_1_77' title='bbox 399 1353 618 1398; x_wconf 83' lang='lat' dir='ltr'><strong>sanctos</strong></span> <span class='ocrx_word' id='word_1_78' title='bbox 649 1345 738 1411; x_wconf 82' lang='lat' dir='ltr'><strong>qui</strong></span> <span class='ocrx_word' id='word_1_79' title='bbox 783 1353 906 1396; x_wconf 89' lang='lat' dir='ltr'><strong>sunt</strong></span> <span class='ocrx_word' id='word_1_80' title='bbox 955 1343 1004 1396; x_wconf 81' lang='lat' dir='ltr'><strong>it</strong></span> <span class='ocrx_word' id='word_1_81' title='bbox 1055 1352 1197 1398; x_wconf 87' lang='lat' dir='ltr'><strong>terra</strong></span> <span class='ocrx_word' id='word_1_82' title='bbox 1224 1343 1549 1410; x_wconf 75' lang='lat' dir='ltr'><strong>viventium;</strong></span> <span class='ocrx_word' id='word_1_83' title='bbox 1599 1361 1702 1396; x_wconf 91' lang='lat' dir='ltr'><strong>non</strong></span> <span class='ocrx_word' id='word_1_84' title='bbox 1736 1346 1872 1398; x_wconf 92' lang='lat' dir='ltr'><strong>inter</strong></span> 
     </span>
    </p>
   </div>
   <div class='ocr_carea' id='block_1_12' title="bbox 295 1433 1874 1504">
    <p class='ocr_par' dir='ltr' id='par_1_12' title="bbox 295 1433 1874 1504">
     <span class='ocr_line' id='line_1_12' title="bbox 295 1433 1874 1504; baseline 0.001 -16"><span class='ocrx_word' id='word_1_85' title='bbox 295 1435 557 1504; x_wconf 86' lang='lat' dir='ltr'><strong>quoslibet</strong></span> <span class='ocrx_word' id='word_1_86' title='bbox 595 1433 778 1488; x_wconf 68' lang='lat' dir='ltr'><strong>saeculi</strong></span> <span class='ocrx_word' id='word_1_87' title='bbox 827 1446 886 1486; x_wconf 89' lang='lat' dir='ltr'><strong>se</strong></span> <span class='ocrx_word' id='word_1_88' title='bbox 934 1433 1226 1488; x_wconf 83' lang='lat' dir='ltr'><strong>ambitione</strong></span> <span class='ocrx_word' id='word_1_89' title='bbox 1263 1433 1562 1502; x_wconf 85' lang='lat' dir='ltr'><strong>jactantes,</strong></span> <span class='ocrx_word' id='word_1_90' title='bbox 1604 1435 1698 1490; x_wconf 88' lang='lat' dir='ltr'><strong>sed</strong></span> <span class='ocrx_word' id='word_1_91' title='bbox 1735 1435 1874 1489; x_wconf 89' lang='lat' dir='ltr'><strong>inter</strong></span> 
     </span>
    </p>
   </div>
   <div class='ocr_carea' id='block_1_13' title="bbox 299 1525 1870 1596">
    <p class='ocr_par' dir='ltr' id='par_1_13' title="bbox 299 1525 1870 1596">
     <span class='ocr_line' id='line_1_13' title="bbox 299 1525 1870 1596; baseline 0.001 -18"><span class='ocrx_word' id='word_1_92' title='bbox 299 1527 415 1580; x_wconf 85' lang='lat' dir='ltr'><strong>illos</strong></span> <span class='ocrx_word' id='word_1_93' title='bbox 473 1535 676 1578; x_wconf 88' lang='lat' dir='ltr'><strong>tantum</strong></span> <span class='ocrx_word' id='word_1_94' title='bbox 727 1525 818 1593; x_wconf 88' lang='lat' dir='ltr'><strong>qui</strong></span> <span class='ocrx_word' id='word_1_95' title='bbox 868 1525 1228 1593; x_wconf 66' lang='lat' dir='ltr'><strong>prmdestinati</strong></span> <span class='ocrx_word' id='word_1_96' title='bbox 1258 1537 1381 1579; x_wconf 87' lang='lat' dir='ltr'><strong>sunt</strong></span> <span class='ocrx_word' id='word_1_97' title='bbox 1419 1527 1482 1580; x_wconf 80' lang='lat' dir='ltr'><strong>ad</strong></span> <span class='ocrx_word' id='word_1_98' title='bbox 1514 1542 1672 1596; x_wconf 78' lang='lat' dir='ltr'><strong>regna</strong></span> <span class='ocrx_word' id='word_1_99' title='bbox 1703 1529 1870 1583; x_wconf 75' lang='lat' dir='ltr'><strong>coelo-</strong></span> 
     </span>
    </p>
   </div>
   <div class='ocr_carea' id='block_1_14' title="bbox 299 1617 1871 1688">
    <p class='ocr_par' dir='ltr' id='par_1_14' title="bbox 299 1617 1871 1688">
     <span class='ocr_line' id='line_1_14' title="bbox 299 1617 1871 1688; baseline 0.002 -18"><span class='ocrx_word' id='word_1_100' title='bbox 299 1633 445 1682; x_wconf 87' lang='lat' dir='ltr'><strong>rum;</strong></span> <span class='ocrx_word' id='word_1_101' title='bbox 491 1617 802 1688; x_wconf 76' lang='lat' dir='ltr'><strong>signiﬁcans</strong></span> <span class='ocrx_word' id='word_1_102' title='bbox 827 1619 1137 1671; x_wconf 78' lang='lat' dir='ltr'><strong>innocentes</strong></span> <span class='ocrx_word' id='word_1_103' title='bbox 1160 1618 1424 1686; x_wconf 86' lang='lat' dir='ltr'><strong>etjnstos,</strong></span> <span class='ocrx_word' id='word_1_104' title='bbox 1451 1619 1588 1672; x_wconf 83' lang='lat' dir='ltr'><strong>inter</strong></span> <span class='ocrx_word' id='word_1_105' title='bbox 1607 1637 1738 1688; x_wconf 81' lang='lat' dir='ltr'><strong>quos</strong></span> <span class='ocrx_word' id='word_1_106' title='bbox 1771 1622 1871 1673; x_wconf 87' lang='lat' dir='ltr'><strong>mi-</strong></span> 
     </span>
    </p>
   </div>
   <div class='ocr_carea' id='block_1_15' title="bbox 300 1707 1870 1780">
    <p class='ocr_par' dir='ltr' id='par_1_15' title="bbox 300 1707 1870 1780">
     <span class='ocr_line' id='line_1_15' title="bbox 300 1707 1870 1780; baseline 0.003 -20"><span class='ocrx_word' id='word_1_107' title='bbox 300 1722 366 1761; x_wconf 73' lang='lat' dir='ltr'><strong>ne</strong></span> <span class='ocrx_word' id='word_1_108' title='bbox 400 1708 556 1761; x_wconf 71' lang='lat' dir='ltr'><strong>facta:</strong></span> <span class='ocrx_word' id='word_1_109' title='bbox 585 1719 707 1760; x_wconf 88' lang='lat' dir='ltr'><strong>sunt</strong></span> <span class='ocrx_word' id='word_1_110' title='bbox 735 1708 1035 1762; x_wconf 77' lang='lat' dir='ltr'><strong>voluntates</strong></span> <span class='ocrx_word' id='word_1_111' title='bbox 1062 1709 1269 1762; x_wconf 78' lang='lat' dir='ltr'><strong>Domini</strong></span> <span class='ocrx_word' id='word_1_112' title='bbox 1305 1707 1618 1772; x_wconf 78' lang='lat' dir='ltr'><strong>Salvatoris,</strong></span> <span class='ocrx_word' id='word_1_113' title='bbox 1659 1712 1870 1780; x_wconf 82' lang='lat' dir='ltr'><strong>quando</strong></span> 
     </span>
    </p>
   </div>
   <div class='ocr_carea' id='block_1_16' title="bbox 1227 319 2578 376">
    <p class='ocr_par' dir='ltr' id='par_1_16' title="bbox 1227 319 2578 376">
     <span class='ocr_line' id='line_1_16' title="bbox 1227 319 2578 376; baseline -0.001 -2"><span class='ocrx_word' id='word_1_114' title='bbox 1227 320 1585 376; x_wconf 77' lang='lat' dir='ltr'><strong>EXPUSITIO</strong></span> <span class='ocrx_word' id='word_1_115' title='bbox 1627 321 1688 374; x_wconf 63' lang='grc' dir='ltr'><strong>ΕΝ</strong></span> <span class='ocrx_word' id='word_1_116' title='bbox 1731 319 2183 374; x_wconf 74' lang='lat' dir='ltr'><strong>PSALTERIUM.</strong></span> <span class='ocrx_word' id='word_1_117' title='bbox 2227 320 2421 374; x_wconf 69' lang='lat' dir='ltr'><strong>PSAL.</strong></span> <span class='ocrx_word' id='word_1_118' title='bbox 2467 319 2578 373; x_wconf 70' lang='lat' dir='ltr'><strong>X&#39;t&#39;.</strong></span> 
     </span>
    </p>
   </div>
   <div class='ocr_carea' id='block_1_17' title="bbox 294 430 3036 500">
    <p class='ocr_par' dir='ltr' id='par_1_17' title="bbox 294 430 3036 500">
     <span class='ocr_line' id='line_1_17' title="bbox 294 430 3036 500; baseline -0.003 -12"><span class='ocrx_word' id='word_1_119' title='bbox 294 447 390 488; x_wconf 89' lang='lat' dir='ltr'><strong>tnat</strong></span> <span class='ocrx_word' id='word_1_120' title='bbox 417 434 717 487; x_wconf 81' lang='lat' dir='ltr'><strong>humanitas</strong></span> <span class='ocrx_word' id='word_1_121' title='bbox 749 432 909 488; x_wconf 70' lang='lat' dir='ltr'><strong>Verbi</strong></span> <span class='ocrx_word' id='word_1_122' title='bbox 949 431 1105 484; x_wconf 89' lang='lat' dir='ltr'><strong>bonis</strong></span> <span class='ocrx_word' id='word_1_123' title='bbox 1141 431 1252 485; x_wconf 82' lang='lat' dir='ltr'><strong>suis</strong></span> <span class='ocrx_word' id='word_1_124' title='bbox 1294 432 1460 485; x_wconf 90' lang='lat' dir='ltr'><strong>Deum</strong></span> <span class='ocrx_word' id='word_1_125' title='bbox 1501 432 1718 500; x_wconf 90' lang='lat' dir='ltr'><strong>penitus</strong></span> <span class='ocrx_word' id='word_1_126' title='bbox 1754 449 1854 482; x_wconf 91' lang='lat' dir='ltr'><strong>non</strong></span> <span class='ocrx_word' id='word_1_127' title='bbox 1893 439 1936 492; x_wconf 69' lang='grc' dir='ltr'>Α</span> <span class='ocrx_word' id='word_1_128' title='bbox 1970 430 2136 481; x_wconf 69' lang='lat' dir='ltr'><strong>Ventis</strong></span> <span class='ocrx_word' id='word_1_129' title='bbox 2167 430 2589 485; x_wconf 80' lang='lat' dir='ltr'><strong>d&#39;scnrtentibus</strong></span> <span class='ocrx_word' id='word_1_130' title='bbox 2618 432 2846 484; x_wconf 80' lang='lat' dir='ltr'><strong>similent</strong></span> <span class='ocrx_word' id='word_1_131' title='bbox 2881 430 3036 483; x_wconf 58' lang='lat' dir='ltr'><strong>vitam</strong></span> 
     </span>
    </p>
   </div>
   <div class='ocr_carea' id='block_1_18' title="bbox 3447 320 3545 376">
    <p class='ocr_par' dir='ltr' id='par_1_18' title="bbox 3447 320 3545 376">
     <span class='ocr_line' id='line_1_18' title="bbox 3447 320 3545 376; baseline 0.031 -3"><span class='ocrx_word' id='word_1_132' title='bbox 3447 320 3545 376; x_wconf 67' lang='grc' dir='ltr'><strong>Γιί</strong></span> 
     </span>
    </p>
   </div>
   <div class='ocr_carea' id='block_1_19' title="bbox 3076 431 3533 500">
    <p class='ocr_par' dir='ltr' id='par_1_19' title="bbox 3076 431 3533 500">
     <span class='ocr_line' id='line_1_19' title="bbox 3076 431 3533 500; baseline 0.007 -16"><span class='ocrx_word' id='word_1_133' title='bbox 3076 447 3089 484; x_wconf 88' lang='lat'>:</span> <span class='ocrx_word' id='word_1_134' title='bbox 3126 431 3255 486; x_wconf 60' lang='lat' dir='ltr'><strong>ritca:</strong></span> <span class='ocrx_word' id='word_1_135' title='bbox 3280 447 3398 500; x_wconf 76' lang='lat' dir='ltr'><strong>pars</strong></span> <span class='ocrx_word' id='word_1_136' title='bbox 3429 434 3533 486; x_wconf 78' lang='lat' dir='ltr'><strong>Inr-</strong></span> 
     </span>
    </p>
   </div>
   <div class='ocr_carea' id='block_1_20' title="bbox 1965 522 3545 594">
    <p class='ocr_par' dir='ltr' id='par_1_20' title="bbox 1965 522 3545 594">
     <span class='ocr_line' id='line_1_20' title="bbox 1965 522 3545 594; baseline 0.004 -21"><span class='ocrx_word' id='word_1_137' title='bbox 1965 523 2191 574; x_wconf 57' lang='lat' dir='ltr'><strong>rcitotis</strong></span> <span class='ocrx_word' id='word_1_138' title='bbox 2246 535 2288 573; x_wconf 82' lang='lat' dir='ltr'><strong>et</strong></span> <span class='ocrx_word' id='word_1_139' title='bbox 2319 525 2491 576; x_wconf 77' lang='lat' dir='ltr'><strong>colicis</strong></span> <span class='ocrx_word' id='word_1_140' title='bbox 2547 522 2789 576; x_wconf 75' lang='lat' dir='ltr'><strong>Dom’nns</strong></span> <span class='ocrx_word' id='word_1_141' title='bbox 2838 535 2937 576; x_wconf 83' lang='lat' dir='ltr'><strong>est.</strong></span> <span class='ocrx_word' id='word_1_142' title='bbox 2985 523 3272 578; x_wconf 61' lang='lat' dir='ltr'><strong>[hereditas</strong></span> <span class='ocrx_word' id='word_1_143' title='bbox 3317 530 3545 594; x_wconf 82' lang='lat' dir='ltr'><strong>pertinet</strong></span> 
     </span>
    </p>
   </div>
   <div class='ocr_carea' id='block_1_21' title="bbox 1967 614 3541 683">
    <p class='ocr_par' dir='ltr' id='par_1_21' title="bbox 1967 614 3541 683">
     <span class='ocr_line' id='line_1_21' title="bbox 1967 614 3541 683; baseline 0.006 -21"><span class='ocrx_word' id='word_1_144' title='bbox 1967 614 2029 663; x_wconf 87' lang='lat' dir='ltr'><strong>ad</strong></span> <span class='ocrx_word' id='word_1_145' title='bbox 2073 615 2307 681; x_wconf 71' lang='lat' dir='ltr'><strong>gentium</strong></span> <span class='ocrx_word' id='word_1_146' title='bbox 2336 614 2490 666; x_wconf 69' lang='lat' dir='ltr'><strong>fidem</strong></span> <span class='ocrx_word' id='word_1_147' title='bbox 2513 654 2527 676; x_wconf 87' lang='lat'><strong>,</strong></span> <span class='ocrx_word' id='word_1_148' title='bbox 2573 615 2708 666; x_wconf 76' lang='lat' dir='ltr'><strong>ralia:</strong></span> <span class='ocrx_word' id='word_1_149' title='bbox 2737 615 2799 666; x_wconf 90' lang='lat' dir='ltr'><strong>ad</strong></span> <span class='ocrx_word' id='word_1_150' title='bbox 2831 617 3183 668; x_wconf 57' lang='lat' dir='ltr'><strong>\‘Ctlttl’ubrlcul</strong></span> <span class='ocrx_word' id='word_1_151' title='bbox 3218 617 3541 683; x_wconf 81' lang='lat' dir='ltr'><strong>passionem,</strong></span> 
     </span>
    </p>
   </div>
   <div class='ocr_carea' id='block_1_22' title="bbox 1970 704 3546 772">
    <p class='ocr_par' dir='ltr' id='par_1_22' title="bbox 1970 704 3546 772">
     <span class='ocr_line' id='line_1_22' title="bbox 1970 704 3546 772; baseline 0.006 -19"><span class='ocrx_word' id='word_1_152' title='bbox 1970 704 2055 771; x_wconf 82' lang='lat' dir='ltr'><strong>qui</strong></span> <span class='ocrx_word' id='word_1_153' title='bbox 2103 704 2286 756; x_wconf 73' lang='lat' dir='ltr'><strong>solrie</strong></span> <span class='ocrx_word' id='word_1_154' title='bbox 2341 716 2554 771; x_wconf 86' lang='lat' dir='ltr'><strong>potatus</strong></span> <span class='ocrx_word' id='word_1_155' title='bbox 2598 719 2641 757; x_wconf 61' lang='lat' dir='ltr'><strong>ct</strong></span> <span class='ocrx_word' id='word_1_156' title='bbox 2668 705 2804 757; x_wconf 82' lang='lat' dir='ltr'><strong>ufert</strong></span> <span class='ocrx_word' id='word_1_157' title='bbox 2839 705 3271 772; x_wconf 72' lang='lat' dir='ltr'><strong>gloriosissimam</strong></span> <span class='ocrx_word' id='word_1_158' title='bbox 3303 722 3546 763; x_wconf 85' lang='lat' dir='ltr'><strong>resurre-</strong></span> 
     </span>
    </p>
   </div>
   <div class='ocr_carea' id='block_1_23' title="bbox 1969 795 3555 864">
    <p class='ocr_par' dir='ltr' id='par_1_23' title="bbox 1969 795 3555 864">
     <span class='ocr_line' id='line_1_23' title="bbox 1969 795 3555 864; baseline 0.003 -18"><span class='ocrx_word' id='word_1_159' title='bbox 1969 796 2220 848; x_wconf 85' lang='lat' dir='ltr'><strong>ctionem.</strong></span> <span class='ocrx_word' id='word_1_160' title='bbox 2260 795 2324 848; x_wconf 86' lang='lat' dir='ltr'><strong>Et</strong></span> <span class='ocrx_word' id='word_1_161' title='bbox 2352 795 2661 848; x_wconf 89' lang='lat' dir='ltr'><strong>intuendum</strong></span> <span class='ocrx_word' id='word_1_162' title='bbox 2691 796 2829 864; x_wconf 86' lang='lat' dir='ltr'><strong>quod</strong></span> <span class='ocrx_word' id='word_1_163' title='bbox 2861 796 3105 850; x_wconf 85' lang='lat' dir='ltr'><strong>voluntas</strong></span> <span class='ocrx_word' id='word_1_164' title='bbox 3143 813 3206 851; x_wconf 91' lang='lat' dir='ltr'><strong>ac</strong></span> <span class='ocrx_word' id='word_1_165' title='bbox 3236 799 3555 853; x_wconf 55' lang='lat' dir='ltr'><strong>distributio.</strong></span> 
     </span>
    </p>
   </div>
   <div class='ocr_carea' id='block_1_24' title="bbox 1975 889 3537 958">
    <p class='ocr_par' dir='ltr' id='par_1_24' title="bbox 1975 889 3537 958">
     <span class='ocr_line' id='line_1_24' title="bbox 1975 889 3537 958; baseline 0.003 -18"><span class='ocrx_word' id='word_1_166' title='bbox 1975 889 2180 940; x_wconf 68' lang='lat' dir='ltr'><strong>Dotni-ni</strong></span> <span class='ocrx_word' id='word_1_167' title='bbox 2215 889 2522 958; x_wconf 80' lang='lat' dir='ltr'><strong>frequenter</strong></span> <span class='ocrx_word' id='word_1_168' title='bbox 2539 889 2674 943; x_wconf 81' lang='lat' dir='ltr'><strong>calix</strong></span> <span class='ocrx_word' id='word_1_169' title='bbox 2704 902 2945 958; x_wconf 88' lang='lat' dir='ltr'><strong>ponatur.</strong></span> <span class='ocrx_word' id='word_1_170' title='bbox 2979 889 3129 945; x_wconf 68' lang='lat' dir='ltr'><strong>Catia:</strong></span> <span class='ocrx_word' id='word_1_171' title='bbox 3150 894 3291 946; x_wconf 81' lang='lat' dir='ltr'><strong>enim</strong></span> <span class='ocrx_word' id='word_1_172' title='bbox 3316 908 3344 946; x_wconf 91' lang='lat' dir='ltr'><strong>a</strong></span> <span class='ocrx_word' id='word_1_173' title='bbox 3368 895 3537 946; x_wconf 82' lang='lat' dir='ltr'><strong>calida</strong></span> 
     </span>
    </p>
   </div>
   <div class='ocr_carea' id='block_1_25' title="bbox 1969 980 3544 1049">
    <p class='ocr_par' dir='ltr' id='par_1_25' title="bbox 1969 980 3544 1049">
     <span class='ocr_line' id='line_1_25' title="bbox 1969 980 3544 1049; baseline 0.001 -17"><span class='ocrx_word' id='word_1_174' title='bbox 1969 980 2143 1032; x_wconf 73' lang='lat' dir='ltr'><strong>dictus</strong></span> <span class='ocrx_word' id='word_1_175' title='bbox 2180 989 2262 1034; x_wconf 71' lang='lat' dir='ltr'><strong>est</strong></span> <span class='ocrx_word' id='word_1_176' title='bbox 2310 983 2554 1044; x_wconf 67' lang='lat' dir='ltr'><strong>potione;</strong></span> <span class='ocrx_word' id='word_1_177' title='bbox 2585 983 2832 1049; x_wconf 88' lang='lat' dir='ltr'><strong>quoniam</strong></span> <span class='ocrx_word' id='word_1_178' title='bbox 2883 983 3021 1036; x_wconf 88' lang='lat' dir='ltr'><strong>sicut</strong></span> <span class='ocrx_word' id='word_1_179' title='bbox 3077 984 3162 1037; x_wconf 89' lang='lat' dir='ltr'><strong>ille</strong></span> <span class='ocrx_word' id='word_1_180' title='bbox 3191 999 3282 1037; x_wconf 91' lang='lat' dir='ltr'><strong>cor</strong></span> <span class='ocrx_word' id='word_1_181' title='bbox 3315 986 3544 1038; x_wconf 51' lang='lat' dir='ltr'><strong>hominis-</strong></span> 
     </span>
    </p>
   </div>
   <div class='ocr_carea' id='block_1_26' title="bbox 1972 1071 3544 1143">
    <p class='ocr_par' dir='ltr' id='par_1_26' title="bbox 1972 1071 3544 1143">
     <span class='ocr_line' id='line_1_26' title="bbox 1972 1071 3544 1143; baseline 0 -20"><span class='ocrx_word' id='word_1_182' title='bbox 1972 1073 2234 1123; x_wconf 76' lang='lat' dir='ltr'><strong>exhilarat</strong></span> <span class='ocrx_word' id='word_1_183' title='bbox 2266 1071 2480 1136; x_wconf 80' lang='lat' dir='ltr'><strong>ltibitus,</strong></span> <span class='ocrx_word' id='word_1_184' title='bbox 2519 1073 2585 1124; x_wconf 89' lang='lat' dir='ltr'><strong>ita</strong></span> <span class='ocrx_word' id='word_1_185' title='bbox 2612 1083 2663 1126; x_wconf 90' lang='lat' dir='ltr'><strong>et</strong></span> <span class='ocrx_word' id='word_1_186' title='bbox 2707 1072 2791 1126; x_wconf 89' lang='lat' dir='ltr'><strong>hic</strong></span> <span class='ocrx_word' id='word_1_187' title='bbox 2821 1085 3034 1126; x_wconf 80' lang='lat' dir='ltr'><strong>Sanctus</strong></span> <span class='ocrx_word' id='word_1_188' title='bbox 3056 1075 3259 1127; x_wconf 90' lang='lat' dir='ltr'><strong>animas</strong></span> <span class='ocrx_word' id='word_1_189' title='bbox 3291 1088 3544 1143; x_wconf 68' lang='lat' dir='ltr'><strong>perpetuo.</strong></span> 
     </span>
    </p>
   </div>
   <div class='ocr_carea' id='block_1_27' title="bbox 1968 1161 3544 1234">
    <p class='ocr_par' dir='ltr' id='par_1_27' title="bbox 1968 1161 3544 1234">
     <span class='ocr_line' id='line_1_27' title="bbox 1968 1161 3544 1234; baseline 0.003 -21"><span class='ocrx_word' id='word_1_190' title='bbox 1968 1161 2225 1229; x_wconf 73' lang='lat' dir='ltr'><strong>jucundat</strong></span> <span class='ocrx_word' id='word_1_191' title='bbox 2259 1167 2496 1215; x_wconf 64' lang='lat' dir='ltr'><strong>haustus.</strong></span> <span class='ocrx_word' id='word_1_192' title='bbox 2525 1161 2600 1214; x_wconf 87' lang='lat' dir='ltr'><strong>Tn</strong></span> <span class='ocrx_word' id='word_1_193' title='bbox 2620 1180 2690 1215; x_wconf 77' lang='lat' dir='ltr'><strong>ea.</strong></span> <span class='ocrx_word' id='word_1_194' title='bbox 2715 1166 2938 1217; x_wconf 81' lang='lat' dir='ltr'><strong>Scrvato</strong></span> <span class='ocrx_word' id='word_1_195' title='bbox 2965 1164 3220 1234; x_wconf 85' lang='lat' dir='ltr'><strong>obsequio</strong></span> <span class='ocrx_word' id='word_1_196' title='bbox 3248 1165 3544 1228; x_wconf 82' lang='lat' dir='ltr'><strong>cbaritatis,</strong></span> 
     </span>
    </p>
   </div>
   <div class='ocr_carea' id='block_1_28' title="bbox 1977 1251 3549 1322">
    <p class='ocr_par' dir='ltr' id='par_1_28' title="bbox 1977 1251 3549 1322">
     <span class='ocr_line' id='line_1_28' title="bbox 1977 1251 3549 1322; baseline 0.003 -18"><span class='ocrx_word' id='word_1_197' title='bbox 1977 1251 2142 1305; x_wconf 83' lang='lat' dir='ltr'><strong>Flitts</strong></span> <span class='ocrx_word' id='word_1_198' title='bbox 2171 1254 2300 1304; x_wconf 77' lang='lat' dir='ltr'><strong>dicit</strong></span> <span class='ocrx_word' id='word_1_199' title='bbox 2330 1254 2392 1305; x_wconf 84' lang='lat' dir='ltr'><strong>ad</strong></span> <span class='ocrx_word' id='word_1_200' title='bbox 2444 1255 2670 1317; x_wconf 79' lang='lat' dir='ltr'><strong>Patrem,</strong></span> <span class='ocrx_word' id='word_1_201' title='bbox 2705 1270 2806 1306; x_wconf 92' lang='lat' dir='ltr'><strong>non</strong></span> <span class='ocrx_word' id='word_1_202' title='bbox 2837 1254 3037 1308; x_wconf 73' lang='lat' dir='ltr'><strong>deitate</strong></span> <span class='ocrx_word' id='word_1_203' title='bbox 3070 1256 3274 1322; x_wconf 88' lang='lat' dir='ltr'><strong>minor,</strong></span> <span class='ocrx_word' id='word_1_204' title='bbox 3325 1256 3419 1311; x_wconf 89' lang='lat' dir='ltr'><strong>sed</strong></span> <span class='ocrx_word' id='word_1_205' title='bbox 3453 1261 3549 1309; x_wconf 82' lang='lat' dir='ltr'><strong>litt-</strong></span> 
     </span>
    </p>
   </div>
   <div class='ocr_carea' id='block_1_29' title="bbox 1977 1344 3549 1414">
    <p class='ocr_par' dir='ltr' id='par_1_29' title="bbox 1977 1344 3549 1414">
     <span class='ocr_line' id='line_1_29' title="bbox 1977 1344 3549 1414; baseline 0.002 -19"><span class='ocrx_word' id='word_1_206' title='bbox 1977 1346 2230 1396; x_wconf 83' lang='lat' dir='ltr'><strong>manitate</strong></span> <span class='ocrx_word' id='word_1_207' title='bbox 2262 1344 2528 1409; x_wconf 74' lang='lat' dir='ltr'><strong>subjertns</strong></span> <span class='ocrx_word' id='word_1_208' title='bbox 2556 1385 2570 1406; x_wconf 89' lang='lat'><strong>,</strong></span> <span class='ocrx_word' id='word_1_209' title='bbox 2626 1347 2761 1397; x_wconf 85' lang='lat' dir='ltr'><strong>sicut</strong></span> <span class='ocrx_word' id='word_1_210' title='bbox 2811 1355 2863 1399; x_wconf 87' lang='lat' dir='ltr'><strong>et</strong></span> <span class='ocrx_word' id='word_1_211' title='bbox 2913 1348 3198 1414; x_wconf 81' lang='lat' dir='ltr'><strong>Apostolus</strong></span> <span class='ocrx_word' id='word_1_212' title='bbox 3226 1349 3300 1400; x_wconf 88' lang='lat' dir='ltr'><strong>ait</strong></span> <span class='ocrx_word' id='word_1_213' title='bbox 3329 1365 3342 1400; x_wconf 90' lang='lat'><strong>:</strong></span> <span class='ocrx_word' id='word_1_214' title='bbox 3378 1349 3549 1413; x_wconf 79' lang='lat' dir='ltr'><strong>Quan-</strong></span> 
     </span>
    </p>
   </div>
   <div class='ocr_carea' id='block_1_30' title="bbox 1974 1431 3550 1506">
    <p class='ocr_par' dir='ltr' id='par_1_30' title="bbox 1974 1431 3550 1506">
     <span class='ocr_line' id='line_1_30' title="bbox 1974 1431 3550 1506; baseline 0.003 -22"><span class='ocrx_word' id='word_1_215' title='bbox 1974 1449 2127 1500; x_wconf 83' lang='lat' dir='ltr'><strong>quam</strong></span> <span class='ocrx_word' id='word_1_216' title='bbox 2167 1443 2289 1486; x_wconf 54' lang='grc' dir='ltr'><strong>(δεδι</strong></span> <span class='ocrx_word' id='word_1_217' title='bbox 2319 1431 2486 1486; x_wconf 83' lang='lat' dir='ltr'><strong>Filius</strong></span> <span class='ocrx_word' id='word_1_218' title='bbox 2519 1433 2646 1495; x_wconf 88' lang='lat' dir='ltr'><strong>Dei,</strong></span> <span class='ocrx_word' id='word_1_219' title='bbox 2683 1437 2857 1490; x_wconf 75' lang='lat' dir='ltr'><strong>didicit</strong></span> <span class='ocrx_word' id='word_1_220' title='bbox 2910 1452 2971 1490; x_wconf 82' lang='lat' dir='ltr'><strong>ea:</strong></span> <span class='ocrx_word' id='word_1_221' title='bbox 3014 1439 3090 1490; x_wconf 84' lang='lat' dir='ltr'><strong>Itis</strong></span> <span class='ocrx_word' id='word_1_222' title='bbox 3139 1454 3249 1506; x_wconf 77' lang='lat' dir='ltr'><strong>qua:</strong></span> <span class='ocrx_word' id='word_1_223' title='bbox 3277 1455 3454 1506; x_wconf 81' lang='lat' dir='ltr'><strong>passus</strong></span> <span class='ocrx_word' id='word_1_224' title='bbox 3481 1449 3550 1491; x_wconf 78' lang='lat' dir='ltr'><strong>est</strong></span> 
     </span>
    </p>
   </div>
   <div class='ocr_carea' id='block_1_31' title="bbox 1976 1527 3551 1595">
    <p class='ocr_par' dir='ltr' id='par_1_31' title="bbox 1976 1527 3551 1595">
     <span class='ocr_line' id='line_1_31' title="bbox 1976 1527 3551 1595; baseline 0.003 -17"><span class='ocrx_word' id='word_1_225' title='bbox 1976 1527 2332 1591; x_wconf 77' lang='lat' dir='ltr'><strong>obedientiam,</strong></span> <span class='ocrx_word' id='word_1_226' title='bbox 2365 1536 2409 1578; x_wconf 78' lang='lat' dir='ltr'><strong>ct</strong></span> <span class='ocrx_word' id='word_1_227' title='bbox 2443 1531 2693 1594; x_wconf 70' lang='lat' dir='ltr'><strong>perfectus</strong></span> <span class='ocrx_word' id='word_1_228' title='bbox 2723 1533 2887 1595; x_wconf 76' lang='lat' dir='ltr'><strong>factus</strong></span> <span class='ocrx_word' id='word_1_229' title='bbox 2913 1538 2981 1581; x_wconf 80' lang='lat' dir='ltr'><strong>est</strong></span> <span class='ocrx_word' id='word_1_230' title='bbox 3019 1531 3248 1583; x_wconf 81' lang='lat' dir='ltr'><strong>omnibus</strong></span> <span class='ocrx_word' id='word_1_231' title='bbox 3277 1531 3551 1582; x_wconf 73' lang='lat' dir='ltr'><strong>abundien-</strong></span> 
     </span>
    </p>
   </div>
   <div class='ocr_carea' id='block_1_32' title="bbox 1976 1614 3551 1686">
    <p class='ocr_par' dir='ltr' id='par_1_32' title="bbox 1976 1614 3551 1686">
     <span class='ocr_line' id='line_1_32' title="bbox 1976 1614 3551 1686; baseline 0.003 -20"><span class='ocrx_word' id='word_1_232' title='bbox 1976 1615 2104 1666; x_wconf 68' lang='lat' dir='ltr'><strong>tibtti</strong></span> <span class='ocrx_word' id='word_1_233' title='bbox 2134 1614 2229 1667; x_wconf 83' lang='lat' dir='ltr'><strong>sibi</strong></span> <span class='ocrx_word' id='word_1_234' title='bbox 2253 1631 2406 1667; x_wconf 76' lang='lat' dir='ltr'><strong>causa</strong></span> <span class='ocrx_word' id='word_1_235' title='bbox 2431 1616 2608 1667; x_wconf 69' lang='lat' dir='ltr'><strong>salutis</strong></span> <span class='ocrx_word' id='word_1_236' title='bbox 2640 1631 2841 1669; x_wconf 72' lang='lat' dir='ltr'><strong>(cier-nte</strong></span> <span class='ocrx_word' id='word_1_237' title='bbox 2890 1616 3075 1685; x_wconf 78' lang='lat' dir='ltr'><strong>(Hebr.</strong></span> <span class='ocrx_word' id='word_1_238' title='bbox 3104 1634 3152 1683; x_wconf 80' lang='grc' dir='ltr'><strong>ν,</strong></span> <span class='ocrx_word' id='word_1_239' title='bbox 3180 1618 3254 1686; x_wconf 71' lang='lat'><strong>8).</strong></span> <span class='ocrx_word' id='word_1_240' title='bbox 3304 1617 3551 1672; x_wconf 72' lang='lat' dir='ltr'><strong>Restiturs</strong></span> 
     </span>
    </p>
   </div>
   <div class='ocr_carea' id='block_1_33' title="bbox 1976 1704 3552 1778">
    <p class='ocr_par' dir='ltr' id='par_1_33' title="bbox 1976 1704 3552 1778">
     <span class='ocr_line' id='line_1_33' title="bbox 1976 1704 3552 1778; baseline 0.003 -22"><span class='ocrx_word' id='word_1_241' title='bbox 1976 1713 2151 1757; x_wconf 88' lang='lat' dir='ltr'><strong>autem</strong></span> <span class='ocrx_word' id='word_1_242' title='bbox 2181 1704 2334 1766; x_wconf 77' lang='lat' dir='ltr'><strong>dixit,</strong></span> <span class='ocrx_word' id='word_1_243' title='bbox 2361 1705 2608 1772; x_wconf 76' lang='grc' dir='ltr'><strong>ιμιοι.ί.ιιιι</strong></span> <span class='ocrx_word' id='word_1_244' title='bbox 2642 1707 2863 1757; x_wconf 76' lang='lat' dir='ltr'><strong>faciente</strong></span> <span class='ocrx_word' id='word_1_245' title='bbox 2886 1706 3096 1758; x_wconf 82' lang='lat' dir='ltr'><strong>diabolo</strong></span> <span class='ocrx_word' id='word_1_246' title='bbox 3125 1708 3357 1774; x_wconf 76' lang='lat' dir='ltr'><strong>perierat</strong></span> <span class='ocrx_word' id='word_1_247' title='bbox 3389 1725 3552 1778; x_wconf 72' lang='lat' dir='ltr'><strong>genas</strong></span> 
     </span>
    </p>
   </div>
   <div class='ocr_carea' id='block_1_34' title="bbox 298 1795 3552 1868">
    <p class='ocr_par' dir='ltr' id='par_1_34' title="bbox 298 1795 3552 1868">
     <span class='ocr_line' id='line_1_34' title="bbox 298 1795 3552 1868; baseline -0 -15"><span class='ocrx_word' id='word_1_248' title='bbox 298 1800 398 1854; x_wconf 80' lang='lat' dir='ltr'><strong>illis</strong></span> <span class='ocrx_word' id='word_1_249' title='bbox 427 1798 800 1853; x_wconf 85' lang='lat' dir='ltr'><strong>obedientibus</strong></span> <span class='ocrx_word' id='word_1_250' title='bbox 828 1807 884 1854; x_wconf 92' lang='lat' dir='ltr'><strong>et</strong></span> <span class='ocrx_word' id='word_1_251' title='bbox 904 1800 990 1868; x_wconf 86' lang='lat' dir='ltr'><strong>jus</strong></span> <span class='ocrx_word' id='word_1_252' title='bbox 1023 1816 1051 1853; x_wconf 93' lang='lat' dir='ltr'><strong>a</strong></span> <span class='ocrx_word' id='word_1_253' title='bbox 1085 1801 1252 1868; x_wconf 68' lang='lat' dir='ltr'><strong>ips’us</strong></span> <span class='ocrx_word' id='word_1_254' title='bbox 1275 1801 1610 1864; x_wconf 69' lang='lat' dir='ltr'><strong>facientibus,</strong></span> <span class='ocrx_word' id='word_1_255' title='bbox 1639 1803 1705 1856; x_wconf 83' lang='lat' dir='ltr'><strong>de</strong></span> <span class='ocrx_word' id='word_1_256' title='bbox 1737 1819 1876 1858; x_wconf 77' lang='lat' dir='ltr'><strong>mor-</strong></span> <span class='ocrx_word' id='word_1_257' title='bbox 1910 1795 1954 1853; x_wconf 88' lang='lat' dir='ltr'><strong>B</strong></span> <span class='ocrx_word' id='word_1_258' title='bbox 1985 1796 2292 1849; x_wconf 74' lang='grc' dir='ltr'><strong>Ιιυιιι.ιιιιιιιι.</strong></span> <span class='ocrx_word' id='word_1_259' title='bbox 2325 1799 2384 1848; x_wconf 66' lang='lat' dir='ltr'><strong>lit</strong></span> <span class='ocrx_word' id='word_1_260' title='bbox 2413 1812 2594 1850; x_wconf 81' lang='lat' dir='ltr'><strong>revera</strong></span> <span class='ocrx_word' id='word_1_261' title='bbox 2641 1797 2740 1864; x_wconf 61' lang='lat' dir='ltr'><strong>ipsi</strong></span> <span class='ocrx_word' id='word_1_262' title='bbox 2768 1797 3004 1850; x_wconf 88' lang='lat' dir='ltr'><strong>restituta</strong></span> <span class='ocrx_word' id='word_1_263' title='bbox 3031 1809 3113 1852; x_wconf 91' lang='lat' dir='ltr'><strong>est</strong></span> <span class='ocrx_word' id='word_1_264' title='bbox 3144 1801 3434 1865; x_wconf 70' lang='lat' dir='ltr'><strong>Ita&#39;reditas,</strong></span> <span class='ocrx_word' id='word_1_265' title='bbox 3468 1804 3552 1853; x_wconf 88' lang='lat' dir='ltr'><strong>cui</strong></span> 
     </span>
    </p>
   </div>
   <div class='ocr_carea' id='block_1_35' title="bbox 299 1890 1882 1961">
    <p class='ocr_par' dir='ltr' id='par_1_35' title="bbox 299 1890 1882 1961">
     <span class='ocr_line' id='line_1_35' title="bbox 299 1890 1882 1961; baseline 0.004 -18"><span class='ocrx_word' id='word_1_266' title='bbox 299 1892 495 1944; x_wconf 83' lang='lat' dir='ltr'><strong>talibus</strong></span> <span class='ocrx_word' id='word_1_267' title='bbox 523 1899 757 1944; x_wconf 64' lang='lat' dir='ltr'><strong>aeternos</strong></span> <span class='ocrx_word' id='word_1_268' title='bbox 787 1890 1018 1943; x_wconf 81' lang='lat' dir='ltr'><strong>reddidit</strong></span> <span class='ocrx_word' id='word_1_269' title='bbox 1043 1933 1051 1950; x_wconf 92' lang='lat'><strong>.</strong></span> <span class='ocrx_word' id='word_1_270' title='bbox 1077 1902 1131 1945; x_wconf 88' lang='lat' dir='ltr'><strong>et</strong></span> <span class='ocrx_word' id='word_1_271' title='bbox 1164 1891 1230 1946; x_wconf 87' lang='lat' dir='ltr'><strong>de</strong></span> <span class='ocrx_word' id='word_1_272' title='bbox 1264 1894 1489 1961; x_wconf 79' lang='lat' dir='ltr'><strong>terrenis</strong></span> <span class='ocrx_word' id='word_1_273' title='bbox 1518 1894 1762 1948; x_wconf 78' lang='lat' dir='ltr'><strong>ctelestes</strong></span> <span class='ocrx_word' id='word_1_274' title='bbox 1791 1896 1882 1949; x_wconf 83' lang='lat' dir='ltr'><strong>be-</strong></span> 
     </span>
    </p>
   </div>
   <div class='ocr_carea' id='block_1_36' title="bbox 300 1983 1102 2050">
    <p class='ocr_par' dir='ltr' id='par_1_36' title="bbox 300 1983 1102 2050">
     <span class='ocr_line' id='line_1_36' title="bbox 300 1983 1102 2050; baseline 0.004 -12"><span class='ocrx_word' id='word_1_275' title='bbox 300 1984 490 2038; x_wconf 81' lang='lat' dir='ltr'><strong>neﬁcio</strong></span> <span class='ocrx_word' id='word_1_276' title='bbox 517 1998 630 2038; x_wconf 72' lang='lat' dir='ltr'><strong>sua:</strong></span> <span class='ocrx_word' id='word_1_277' title='bbox 662 1984 869 2050; x_wconf 90' lang='lat' dir='ltr'><strong>pietatis</strong></span> <span class='ocrx_word' id='word_1_278' title='bbox 905 1983 1102 2041; x_wconf 78' lang='lat' dir='ltr'><strong>effecit.</strong></span> 
     </span>
    </p>
   </div>
   <div class='ocr_carea' id='block_1_37' title="bbox 364 2059 1884 2145">
    <p class='ocr_par' dir='ltr' id='par_1_37' title="bbox 364 2059 1884 2145">
     <span class='ocr_line' id='line_1_37' title="bbox 364 2059 1884 2145; baseline 0.003 -19"><span class='ocrx_word' id='word_1_279' title='bbox 364 2074 525 2128; x_wconf 72' lang='lat' dir='ltr'><strong>Vera.</strong></span> <span class='ocrx_word' id='word_1_280' title='bbox 559 2075 611 2128; x_wconf 73' lang='grc'><strong>4.</strong></span> <span class='ocrx_word' id='word_1_281' title='bbox 650 2073 1002 2142; x_wconf 75' lang='lat' dir='ltr'><strong>Multiplicatte</strong></span> <span class='ocrx_word' id='word_1_282' title='bbox 1020 2084 1136 2129; x_wconf 75' lang='lat' dir='ltr'><strong>sunt</strong></span> <span class='ocrx_word' id='word_1_283' title='bbox 1157 2076 1290 2130; x_wconf 81' lang='lat' dir='ltr'><strong>enim</strong></span> <span class='ocrx_word' id='word_1_284' title='bbox 1324 2059 1644 2145; x_wconf 65' lang='lat' dir='ltr'><strong>inﬁrmitates</strong></span> <span class='ocrx_word' id='word_1_285' title='bbox 1666 2092 1838 2130; x_wconf 85' lang='lat' dir='ltr'><strong>eorum</strong></span> <span class='ocrx_word' id='word_1_286' title='bbox 1864 2092 1884 2130; x_wconf 91' lang='lat'><strong><em>:</em></strong></span> 
     </span>
    </p>
   </div>
   <div class='ocr_carea' id='block_1_38' title="bbox 297 2164 1882 2236">
    <p class='ocr_par' dir='ltr' id='par_1_38' title="bbox 297 2164 1882 2236">
     <span class='ocr_line' id='line_1_38' title="bbox 297 2164 1882 2236; baseline 0.001 -19"><span class='ocrx_word' id='word_1_287' title='bbox 297 2175 468 2233; x_wconf 74' lang='lat' dir='ltr'><strong>postea</strong></span> <span class='ocrx_word' id='word_1_288' title='bbox 527 2164 956 2218; x_wconf 73' lang='lat' dir='ltr'><strong>acceleraverunt.</strong></span> <span class='ocrx_word' id='word_1_289' title='bbox 1007 2164 1128 2219; x_wconf 85' lang='lat' dir='ltr'><strong>Non</strong></span> <span class='ocrx_word' id='word_1_290' title='bbox 1169 2172 1484 2236; x_wconf 69' lang='lat' dir='ltr'><strong>congregubo</strong></span> <span class='ocrx_word' id='word_1_291' title='bbox 1534 2166 1882 2219; x_wconf 72' lang='lat' dir='ltr'><strong>connuticula</strong></span> 
     </span>
    </p>
   </div>
   <div class='ocr_carea' id='block_1_39' title="bbox 298 2257 1885 2328">
    <p class='ocr_par' dir='ltr' id='par_1_39' title="bbox 298 2257 1885 2328">
     <span class='ocr_line' id='line_1_39' title="bbox 298 2257 1885 2328; baseline 0.003 -18"><span class='ocrx_word' id='word_1_292' title='bbox 298 2274 470 2310; x_wconf 70' lang='lat' dir='ltr'><strong>eorum</strong></span> <span class='ocrx_word' id='word_1_293' title='bbox 502 2257 568 2310; x_wconf 85' lang='lat' dir='ltr'><strong>de</strong></span> <span class='ocrx_word' id='word_1_294' title='bbox 605 2257 958 2326; x_wconf 73' lang='lat' dir='ltr'><strong>aonguinibus.</strong></span> <span class='ocrx_word' id='word_1_295' title='bbox 994 2257 1069 2311; x_wconf 90' lang='lat' dir='ltr'><strong>De</strong></span> <span class='ocrx_word' id='word_1_296' title='bbox 1096 2259 1295 2312; x_wconf 81' lang='lat' dir='ltr'><strong>sanctis</strong></span> <span class='ocrx_word' id='word_1_297' title='bbox 1321 2260 1468 2322; x_wconf 81' lang='lat' dir='ltr'><strong>dicit,</strong></span> <span class='ocrx_word' id='word_1_298' title='bbox 1512 2258 1600 2328; x_wconf 87' lang='lat' dir='ltr'><strong>qui</strong></span> <span class='ocrx_word' id='word_1_299' title='bbox 1659 2259 1885 2314; x_wconf 83' lang='lat' dir='ltr'><strong>Domino</strong></span> 
     </span>
    </p>
   </div>
   <div class='ocr_carea' id='block_1_40' title="bbox 301 2347 1887 2422">
    <p class='ocr_par' dir='ltr' id='par_1_40' title="bbox 301 2347 1887 2422">
     <span class='ocr_line' id='line_1_40' title="bbox 301 2347 1887 2422; baseline 0.003 -20"><span class='ocrx_word' id='word_1_300' title='bbox 301 2350 661 2417; x_wconf 74' lang='lat' dir='ltr'><strong>prospiciente</strong></span> <span class='ocrx_word' id='word_1_301' title='bbox 691 2349 834 2422; x_wconf 62' lang='lat' dir='ltr'><strong>[mw</strong></span> <span class='ocrx_word' id='word_1_302' title='bbox 863 2350 949 2414; x_wconf 78' lang='lat' dir='ltr'><strong>A.,</strong></span> <span class='ocrx_word' id='word_1_303' title='bbox 977 2347 1061 2414; x_wconf 89' lang='lat' dir='ltr'><strong>B.,</strong></span> <span class='ocrx_word' id='word_1_304' title='bbox 1087 2347 1178 2418; x_wconf 81' lang='lat' dir='ltr'><strong>F.,</strong></span> <span class='ocrx_word' id='word_1_305' title='bbox 1210 2348 1572 2421; x_wconf 80' lang='lat' dir='ltr'><strong>propitiante],</strong></span> <span class='ocrx_word' id='word_1_306' title='bbox 1595 2351 1887 2406; x_wconf 81' lang='lat' dir='ltr'><strong>afflictione</strong></span> 
     </span>
    </p>
   </div>
   <div class='ocr_carea' id='block_1_41' title="bbox 300 2440 1885 2513">
    <p class='ocr_par' dir='ltr' id='par_1_41' title="bbox 300 2440 1885 2513">
     <span class='ocr_line' id='line_1_41' title="bbox 300 2440 1885 2513; baseline 0.003 -20"><span class='ocrx_word' id='word_1_307' title='bbox 300 2441 654 2494; x_wconf 70' lang='lat' dir='ltr'><strong>ialubert’itlltl</strong></span> <span class='ocrx_word' id='word_1_308' title='bbox 681 2443 750 2495; x_wconf 88' lang='lat' dir='ltr'><strong>de</strong></span> <span class='ocrx_word' id='word_1_309' title='bbox 771 2441 954 2495; x_wconf 89' lang='lat' dir='ltr'><strong>mundi</strong></span> <span class='ocrx_word' id='word_1_310' title='bbox 983 2440 1138 2510; x_wconf 72' lang='lat' dir='ltr'><strong>huius</strong></span> <span class='ocrx_word' id='word_1_311' title='bbox 1181 2443 1487 2511; x_wconf 72' lang='lat' dir='ltr'><strong>deceptiosa</strong></span> <span class='ocrx_word' id='word_1_312' title='bbox 1531 2444 1801 2513; x_wconf 64' lang='lat' dir='ltr'><strong>voluptate</strong></span> <span class='ocrx_word' id='word_1_313' title='bbox 1825 2445 1885 2497; x_wconf 92' lang='lat' dir='ltr'><strong>li-</strong></span> 
     </span>
    </p>
   </div>
   <div class='ocr_carea' id='block_1_42' title="bbox 301 2529 1879 2604">
    <p class='ocr_par' dir='ltr' id='par_1_42' title="bbox 301 2529 1879 2604">
     <span class='ocr_line' id='line_1_42' title="bbox 301 2529 1879 2604; baseline 0.004 -20"><span class='ocrx_word' id='word_1_314' title='bbox 301 2529 473 2584; x_wconf 75' lang='lat' dir='ltr'><strong>berati</strong></span> <span class='ocrx_word' id='word_1_315' title='bbox 506 2539 650 2583; x_wconf 87' lang='lat' dir='ltr'><strong>sunt.</strong></span> <span class='ocrx_word' id='word_1_316' title='bbox 687 2530 840 2584; x_wconf 82' lang='lat' dir='ltr'><strong>Prius</strong></span> <span class='ocrx_word' id='word_1_317' title='bbox 860 2531 1001 2584; x_wconf 89' lang='lat' dir='ltr'><strong>enim</strong></span> <span class='ocrx_word' id='word_1_318' title='bbox 1049 2531 1393 2600; x_wconf 80' lang='lat' dir='ltr'><strong>multiplicata</strong></span> <span class='ocrx_word' id='word_1_319' title='bbox 1417 2543 1501 2588; x_wconf 83' lang='lat' dir='ltr'><strong>est</strong></span> <span class='ocrx_word' id='word_1_320' title='bbox 1529 2533 1638 2586; x_wconf 82' lang='lat' dir='ltr'><strong>illis</strong></span> <span class='ocrx_word' id='word_1_321' title='bbox 1669 2549 1766 2604; x_wconf 57' lang='lat' dir='ltr'><strong>pur</strong></span> <span class='ocrx_word' id='word_1_322' title='bbox 1792 2549 1879 2590; x_wconf 48' lang='lat' dir='ltr'><strong>se.</strong></span> 
     </span>
    </p>
   </div>
   <div class='ocr_carea' id='block_1_43' title="bbox 305 2621 1886 2689">
    <p class='ocr_par' dir='ltr' id='par_1_43' title="bbox 305 2621 1886 2689">
     <span class='ocr_line' id='line_1_43' title="bbox 305 2621 1886 2689; baseline 0.004 -16"><span class='ocrx_word' id='word_1_323' title='bbox 305 2623 588 2675; x_wconf 76' lang='lat' dir='ltr'><strong>veritatem</strong></span> <span class='ocrx_word' id='word_1_324' title='bbox 625 2622 755 2689; x_wconf 74' lang='lat' dir='ltr'><strong>legis</strong></span> <span class='ocrx_word' id='word_1_325' title='bbox 787 2621 1065 2677; x_wconf 84' lang='lat' dir='ltr'><strong>infirmitas</strong></span> <span class='ocrx_word' id='word_1_326' title='bbox 1085 2624 1338 2688; x_wconf 82' lang='lat' dir='ltr'><strong>carnalis,</strong></span> <span class='ocrx_word' id='word_1_327' title='bbox 1369 2635 1423 2678; x_wconf 88' lang='lat' dir='ltr'><strong>ut</strong></span> <span class='ocrx_word' id='word_1_328' title='bbox 1448 2628 1512 2680; x_wconf 87' lang='lat' dir='ltr'><strong>ad</strong></span> <span class='ocrx_word' id='word_1_329' title='bbox 1540 2627 1670 2678; x_wconf 78' lang='lat' dir='ltr'><strong>Novi</strong></span> <span class='ocrx_word' id='word_1_330' title='bbox 1699 2627 1886 2680; x_wconf 85' lang='lat' dir='ltr'><strong>Testa-</strong></span> 
     </span>
    </p>
   </div>
   <div class='ocr_carea' id='block_1_44' title="bbox 304 2710 1886 2786">
    <p class='ocr_par' dir='ltr' id='par_1_44' title="bbox 304 2710 1886 2786">
     <span class='ocr_line' id='line_1_44' title="bbox 304 2710 1886 2786; baseline 0.006 -24"><span class='ocrx_word' id='word_1_331' title='bbox 304 2710 880 2786; x_wconf 78' lang='lat' dir='ltr'><strong>tnentiliberatricem</strong></span> <span class='ocrx_word' id='word_1_332' title='bbox 936 2715 1161 2782; x_wconf 77' lang='lat' dir='ltr'><strong>gratiam</strong></span> <span class='ocrx_word' id='word_1_333' title='bbox 1193 2715 1598 2770; x_wconf 79' lang='lat' dir='ltr'><strong>desiderabilius</strong></span> <span class='ocrx_word' id='word_1_334' title='bbox 1642 2718 1886 2784; x_wconf 82' lang='lat' dir='ltr'><strong>per-eni-</strong></span> 
     </span>
    </p>
   </div>
   <div class='ocr_carea' id='block_1_45' title="bbox 301 2805 1888 2875">
    <p class='ocr_par' dir='ltr' id='par_1_45' title="bbox 301 2805 1888 2875">
     <span class='ocr_line' id='line_1_45' title="bbox 301 2805 1888 2875; baseline 0.002 -18"><span class='ocrx_word' id='word_1_335' title='bbox 301 2813 426 2857; x_wconf 81' lang='lat' dir='ltr'><strong>rent</strong></span> <span class='ocrx_word' id='word_1_336' title='bbox 457 2821 471 2855; x_wconf 89' lang='lat'><strong>:</strong></span> <span class='ocrx_word' id='word_1_337' title='bbox 496 2820 632 2872; x_wconf 85' lang='lat' dir='ltr'><strong>quos</strong></span> <span class='ocrx_word' id='word_1_338' title='bbox 658 2805 788 2857; x_wconf 86' lang='lat' dir='ltr'><strong>dicit</strong></span> <span class='ocrx_word' id='word_1_339' title='bbox 812 2821 921 2858; x_wconf 91' lang='lat' dir='ltr'><strong>non</strong></span> <span class='ocrx_word' id='word_1_340' title='bbox 949 2807 1210 2875; x_wconf 79' lang='lat' dir='ltr'><strong>sanguine</strong></span> <span class='ocrx_word' id='word_1_341' title='bbox 1234 2808 1493 2874; x_wconf 83' lang='lat' dir='ltr'><strong>pecudum</strong></span> <span class='ocrx_word' id='word_1_342' title='bbox 1529 2821 1615 2860; x_wconf 90' lang='lat' dir='ltr'><strong>aut</strong></span> <span class='ocrx_word' id='word_1_343' title='bbox 1649 2811 1888 2862; x_wconf 81' lang='lat' dir='ltr'><strong>victima-</strong></span> 
     </span>
    </p>
   </div>
   <div class='ocr_carea' id='block_1_46' title="bbox 301 2895 1888 2966">
    <p class='ocr_par' dir='ltr' id='par_1_46' title="bbox 301 2895 1888 2966">
     <span class='ocr_line' id='line_1_46' title="bbox 301 2895 1888 2966; baseline 0.006 -19"><span class='ocrx_word' id='word_1_344' title='bbox 301 2910 426 2948; x_wconf 86' lang='lat' dir='ltr'><strong>rum</strong></span> <span class='ocrx_word' id='word_1_345' title='bbox 462 2895 854 2951; x_wconf 85' lang='lat' dir='ltr'><strong>consuetudine</strong></span> <span class='ocrx_word' id='word_1_346' title='bbox 902 2900 1338 2966; x_wconf 74' lang='lat' dir='ltr'><strong>congregandos;</strong></span> <span class='ocrx_word' id='word_1_347' title='bbox 1393 2901 1486 2954; x_wconf 57' lang='lat' dir='ltr'><strong>setl</strong></span> <span class='ocrx_word' id='word_1_348' title='bbox 1522 2903 1888 2956; x_wconf 83' lang='lat' dir='ltr'><strong>immolatione</strong></span> 
     </span>
    </p>
   </div>
   <div class='ocr_carea' id='block_1_47' title="bbox 301 2987 1886 3064">
    <p class='ocr_par' dir='ltr' id='par_1_47' title="bbox 301 2987 1886 3064">
     <span class='ocr_line' id='line_1_47' title="bbox 301 2987 1886 3064; baseline 0.006 -24"><span class='ocrx_word' id='word_1_349' title='bbox 301 2987 523 3041; x_wconf 67' lang='lat' dir='ltr'><strong>scilicet</strong></span> <span class='ocrx_word' id='word_1_350' title='bbox 545 2989 786 3055; x_wconf 86' lang='lat' dir='ltr'><strong>corporis</strong></span> <span class='ocrx_word' id='word_1_351' title='bbox 809 3000 862 3042; x_wconf 88' lang='lat' dir='ltr'><strong>et</strong></span> <span class='ocrx_word' id='word_1_352' title='bbox 893 2991 1167 3055; x_wconf 64' lang='lat' dir='ltr'><strong>Sanguinis</strong></span> <span class='ocrx_word' id='word_1_353' title='bbox 1192 2995 1294 3055; x_wconf 87' lang='lat' dir='ltr'><strong>sui,</strong></span> <span class='ocrx_word' id='word_1_354' title='bbox 1326 3007 1443 3060; x_wconf 69' lang='lat' dir='ltr'><strong>quae</strong></span> <span class='ocrx_word' id='word_1_355' title='bbox 1479 2994 1765 3047; x_wconf 77' lang='lat' dir='ltr'><strong>humanum</strong></span> <span class='ocrx_word' id='word_1_356' title='bbox 1796 3011 1886 3064; x_wconf 81' lang='lat' dir='ltr'><strong>ge—</strong></span> 
     </span>
    </p>
   </div>
   <div class='ocr_carea' id='block_1_48' title="bbox 306 3080 1886 3153">
    <p class='ocr_par' dir='ltr' id='par_1_48' title="bbox 306 3080 1886 3153">
     <span class='ocr_line' id='line_1_48' title="bbox 306 3080 1886 3153; baseline 0.006 -24"><span class='ocrx_word' id='word_1_357' title='bbox 306 3093 405 3132; x_wconf 78' lang='lat' dir='ltr'><strong>nus</strong></span> <span class='ocrx_word' id='word_1_358' title='bbox 450 3087 572 3132; x_wconf 86' lang='lat' dir='ltr'><strong>toto</strong></span> <span class='ocrx_word' id='word_1_359' title='bbox 601 3080 731 3132; x_wconf 71' lang='lat' dir='ltr'><strong>urbe</strong></span> <span class='ocrx_word' id='word_1_360' title='bbox 749 3081 1015 3134; x_wconf 83' lang='lat' dir='ltr'><strong>celebrata</strong></span> <span class='ocrx_word' id='word_1_361' title='bbox 1038 3083 1284 3135; x_wconf 73' lang='lat' dir='ltr'><strong>saltavit.</strong></span> <span class='ocrx_word' id='word_1_362' title='bbox 1318 3083 1449 3136; x_wconf 83' lang='lat' dir='ltr'><strong>Nam</strong></span> <span class='ocrx_word' id='word_1_363' title='bbox 1473 3093 1525 3136; x_wconf 71' lang='lat' dir='ltr'><strong>et</strong></span> <span class='ocrx_word' id='word_1_364' title='bbox 1553 3085 1724 3153; x_wconf 87' lang='lat' dir='ltr'><strong>ipsum</strong></span> <span class='ocrx_word' id='word_1_365' title='bbox 1748 3085 1886 3153; x_wconf 88' lang='lat' dir='ltr'><strong>quod</strong></span> 
     </span>
    </p>
   </div>
   <div class='ocr_carea' id='block_1_49' title="bbox 1982 1887 3554 1957">
    <p class='ocr_par' dir='ltr' id='par_1_49' title="bbox 1982 1887 3554 1957">
     <span class='ocr_line' id='line_1_49' title="bbox 1982 1887 3554 1957; baseline 0.001 -15"><span class='ocrx_word' id='word_1_366' title='bbox 1982 1899 2106 1942; x_wconf 84' lang='lat' dir='ltr'><strong>ante</strong></span> <span class='ocrx_word' id='word_1_367' title='bbox 2138 1888 2497 1941; x_wconf 74' lang='lat' dir='ltr'><strong>cond-tionem</strong></span> <span class='ocrx_word' id='word_1_368' title='bbox 2557 1903 2738 1941; x_wconf 85' lang='lat' dir='ltr'><strong>rerum</strong></span> <span class='ocrx_word' id='word_1_369' title='bbox 2793 1887 2962 1942; x_wconf 84' lang='lat' dir='ltr'><strong>fuerat</strong></span> <span class='ocrx_word' id='word_1_370' title='bbox 2993 1889 3044 1941; x_wconf 93' lang='lat' dir='ltr'><strong>in</strong></span> <span class='ocrx_word' id='word_1_371' title='bbox 3090 1889 3554 1957; x_wconf 75' lang='lat' dir='ltr'><strong>pra-destinatione</strong></span> 
     </span>
    </p>
   </div>
   <div class='ocr_carea' id='block_1_50' title="bbox 1982 1979 3555 2048">
    <p class='ocr_par' dir='ltr' id='par_1_50' title="bbox 1982 1979 3555 2048">
     <span class='ocr_line' id='line_1_50' title="bbox 1982 1979 3555 2048; baseline 0 -14"><span class='ocrx_word' id='word_1_372' title='bbox 1982 1980 2191 2034; x_wconf 81' lang='lat' dir='ltr'><strong>collata.</strong></span> <span class='ocrx_word' id='word_1_373' title='bbox 2243 1979 2528 2034; x_wconf 71' lang='lat' dir='ltr'><strong>[hereditas</strong></span> <span class='ocrx_word' id='word_1_374' title='bbox 2569 1979 2711 2034; x_wconf 87' lang='lat' dir='ltr'><strong>enirn</strong></span> <span class='ocrx_word' id='word_1_375' title='bbox 2758 1979 2826 2034; x_wconf 88' lang='lat' dir='ltr'><strong>ab</strong></span> <span class='ocrx_word' id='word_1_376' title='bbox 2854 1980 2984 2034; x_wconf 88' lang='lat' dir='ltr'><strong>hero</strong></span> <span class='ocrx_word' id='word_1_377' title='bbox 3009 2023 3024 2048; x_wconf 94' lang='lat'><strong>,</strong></span> <span class='ocrx_word' id='word_1_378' title='bbox 3057 1981 3107 2035; x_wconf 84' lang='lat' dir='ltr'><strong>id</strong></span> <span class='ocrx_word' id='word_1_379' title='bbox 3151 1988 3235 2036; x_wconf 89' lang='lat' dir='ltr'><strong>cst</strong></span> <span class='ocrx_word' id='word_1_380' title='bbox 3280 1995 3308 2034; x_wconf 88' lang='lat' dir='ltr'><strong>a</strong></span> <span class='ocrx_word' id='word_1_381' title='bbox 3341 1981 3555 2037; x_wconf 89' lang='lat' dir='ltr'><strong>domino</strong></span> 
     </span>
    </p>
   </div>
   <div class='ocr_carea' id='block_1_51' title="bbox 1983 2073 2261 2128">
    <p class='ocr_par' dir='ltr' id='par_1_51' title="bbox 1983 2073 2261 2128">
     <span class='ocr_line' id='line_1_51' title="bbox 1983 2073 2261 2128; baseline -0.004 0"><span class='ocrx_word' id='word_1_382' title='bbox 1983 2073 2123 2128; x_wconf 87' lang='lat' dir='ltr'><strong>dicta</strong></span> <span class='ocrx_word' id='word_1_383' title='bbox 2155 2084 2230 2128; x_wconf 90' lang='lat' dir='ltr'><strong>est</strong></span> <span class='ocrx_word' id='word_1_384' title='bbox 2245 2113 2261 2127; x_wconf 95' lang='lat'><strong>.</strong></span> 
     </span>
    </p>
   </div>
   <div class='ocr_carea' id='block_1_52' title="bbox 2059 2164 3556 2232">
    <p class='ocr_par' dir='ltr' id='par_1_52' title="bbox 2059 2164 3556 2232">
     <span class='ocr_line' id='line_1_52' title="bbox 2059 2164 3556 2232; baseline -0.001 -12"><span class='ocrx_word' id='word_1_385' title='bbox 2059 2165 2210 2220; x_wconf 70' lang='lat' dir='ltr'><strong>Vera.</strong></span> <span class='ocrx_word' id='word_1_386' title='bbox 2246 2167 2296 2219; x_wconf 89' lang='lat'><strong>7.</strong></span> <span class='ocrx_word' id='word_1_387' title='bbox 2343 2164 2522 2220; x_wconf 76' lang='lat' dir='ltr'><strong>Funes</strong></span> <span class='ocrx_word' id='word_1_388' title='bbox 2569 2166 2855 2220; x_wconf 83' lang='lat' dir='ltr'><strong>ceciderunt</strong></span> <span class='ocrx_word' id='word_1_389' title='bbox 2908 2167 3031 2218; x_wconf 81' lang='lat' dir='ltr'><strong>mihi</strong></span> <span class='ocrx_word' id='word_1_390' title='bbox 3057 2166 3111 2219; x_wconf 83' lang='lat' dir='ltr'><strong>in</strong></span> <span class='ocrx_word' id='word_1_391' title='bbox 3159 2165 3418 2232; x_wconf 74' lang='lat' dir='ltr'><strong>prcecforis</strong></span> <span class='ocrx_word' id='word_1_392' title='bbox 3448 2181 3464 2218; x_wconf 92' lang='lat'><em>:</em></span> <span class='ocrx_word' id='word_1_393' title='bbox 3492 2175 3556 2219; x_wconf 88' lang='lat' dir='ltr'><strong>et-</strong></span> 
     </span>
    </p>
   </div>
   <div class='ocr_carea' id='block_1_53' title="bbox 1983 2258 3558 2329">
    <p class='ocr_par' dir='ltr' id='par_1_53' title="bbox 1983 2258 3558 2329">
     <span class='ocr_line' id='line_1_53' title="bbox 1983 2258 3558 2329; baseline 0.001 -17"><span class='ocrx_word' id='word_1_394' title='bbox 1983 2258 2116 2312; x_wconf 83' lang='lat' dir='ltr'><strong>enim</strong></span> <span class='ocrx_word' id='word_1_395' title='bbox 2146 2258 2414 2313; x_wconf 70' lang='lat' dir='ltr'><strong>ha&#39;reditas</strong></span> <span class='ocrx_word' id='word_1_396' title='bbox 2454 2276 2565 2313; x_wconf 82' lang='lat' dir='ltr'><strong>mea</strong></span> <span class='ocrx_word' id='word_1_397' title='bbox 2621 2260 2868 2329; x_wconf 74' lang='lat' dir='ltr'><strong>prmcfara</strong></span> <span class='ocrx_word' id='word_1_398' title='bbox 2897 2270 2968 2314; x_wconf 80' lang='lat' dir='ltr'><strong>est</strong></span> <span class='ocrx_word' id='word_1_399' title='bbox 2997 2261 3141 2313; x_wconf 81' lang='lat' dir='ltr'><strong>mihi.</strong></span> <span class='ocrx_word' id='word_1_400' title='bbox 3191 2259 3368 2313; x_wconf 85' lang='lat' dir='ltr'><strong>Prisco</strong></span> <span class='ocrx_word' id='word_1_401' title='bbox 3414 2272 3558 2314; x_wconf 82' lang='lat' dir='ltr'><strong>more</strong></span> 
     </span>
    </p>
   </div>
   <div class='ocr_carea' id='block_1_54' title="bbox 1986 2348 3559 2416">
    <p class='ocr_par' dir='ltr' id='par_1_54' title="bbox 1986 2348 3559 2416">
     <span class='ocr_line' id='line_1_54' title="bbox 1986 2348 3559 2416; baseline 0.003 -13"><span class='ocrx_word' id='word_1_402' title='bbox 1986 2348 2203 2405; x_wconf 85' lang='lat' dir='ltr'><strong>funibus</strong></span> <span class='ocrx_word' id='word_1_403' title='bbox 2232 2359 2494 2406; x_wconf 39' lang='lat' dir='ltr'><strong>t-trrarum</strong></span> <span class='ocrx_word' id='word_1_404' title='bbox 2543 2352 2881 2406; x_wconf 79' lang='lat' dir='ltr'><strong>dividebatur</strong></span> <span class='ocrx_word' id='word_1_405' title='bbox 2921 2351 3239 2416; x_wconf 60' lang='lat' dir='ltr'><strong>hereditas,</strong></span> <span class='ocrx_word' id='word_1_406' title='bbox 3290 2361 3347 2407; x_wconf 89' lang='lat' dir='ltr'><strong>ut</strong></span> <span class='ocrx_word' id='word_1_407' title='bbox 3400 2367 3559 2407; x_wconf 72' lang='lat' dir='ltr'><strong>unos~</strong></span> 
     </span>
    </p>
   </div>
   <div class='ocr_carea' id='block_1_55' title="bbox 1987 2441 3560 2512">
    <p class='ocr_par' dir='ltr' id='par_1_55' title="bbox 1987 2441 3560 2512">
     <span class='ocr_line' id='line_1_55' title="bbox 1987 2441 3560 2512; baseline 0.003 -18"><span class='ocrx_word' id='word_1_408' title='bbox 1987 2443 2211 2511; x_wconf 87' lang='lat' dir='ltr'><strong>quisque</strong></span> <span class='ocrx_word' id='word_1_409' title='bbox 2239 2441 2304 2494; x_wconf 86' lang='lat' dir='ltr'><strong>ad</strong></span> <span class='ocrx_word' id='word_1_410' title='bbox 2331 2457 2636 2496; x_wconf 90' lang='lat' dir='ltr'><strong>mensuram</strong></span> <span class='ocrx_word' id='word_1_411' title='bbox 2667 2444 2838 2511; x_wconf 86' lang='lat' dir='ltr'><strong>spatia</strong></span> <span class='ocrx_word' id='word_1_412' title='bbox 2891 2442 3094 2496; x_wconf 88' lang='lat' dir='ltr'><strong>telluris</strong></span> <span class='ocrx_word' id='word_1_413' title='bbox 3128 2458 3222 2512; x_wconf 89' lang='lat' dir='ltr'><strong>pro</strong></span> <span class='ocrx_word' id='word_1_414' title='bbox 3266 2445 3560 2511; x_wconf 77' lang='lat' dir='ltr'><strong>quantitate</strong></span> 
     </span>
    </p>
   </div>
   <div class='ocr_carea' id='block_1_56' title="bbox 1989 2533 3562 2602">
    <p class='ocr_par' dir='ltr' id='par_1_56' title="bbox 1989 2533 3562 2602">
     <span class='ocr_line' id='line_1_56' title="bbox 1989 2533 3562 2602; baseline 0.001 -15"><span class='ocrx_word' id='word_1_415' title='bbox 1989 2533 2172 2587; x_wconf 85' lang='lat' dir='ltr'><strong>tributi</strong></span> <span class='ocrx_word' id='word_1_416' title='bbox 2202 2540 2253 2586; x_wconf 89' lang='lat' dir='ltr'><strong>et</strong></span> <span class='ocrx_word' id='word_1_417' title='bbox 2279 2548 2522 2601; x_wconf 68' lang='lat' dir='ltr'><strong>persona:</strong></span> <span class='ocrx_word' id='word_1_418' title='bbox 2573 2549 2680 2587; x_wconf 61' lang='lat' dir='ltr'><strong>suae</strong></span> <span class='ocrx_word' id='word_1_419' title='bbox 2722 2533 2978 2601; x_wconf 81' lang='lat' dir='ltr'><strong>qualitate</strong></span> <span class='ocrx_word' id='word_1_420' title='bbox 3031 2536 3366 2602; x_wconf 83' lang='lat' dir='ltr'><strong>perciperet;</strong></span> <span class='ocrx_word' id='word_1_421' title='bbox 3425 2537 3562 2590; x_wconf 88' lang='lat' dir='ltr'><strong>sicut</strong></span> 
     </span>
    </p>
   </div>
   <div class='ocr_carea' id='block_1_57' title="bbox 1988 2625 3562 2696">
    <p class='ocr_par' dir='ltr' id='par_1_57' title="bbox 1988 2625 3562 2696">
     <span class='ocr_line' id='line_1_57' title="bbox 1988 2625 3562 2696; baseline 0.001 -16"><span class='ocrx_word' id='word_1_422' title='bbox 1988 2626 2198 2694; x_wconf 77' lang='lat' dir='ltr'><strong>Moyses</strong></span> <span class='ocrx_word' id='word_1_423' title='bbox 2230 2626 2422 2694; x_wconf 74' lang='lat' dir='ltr'><strong>legitur</strong></span> <span class='ocrx_word' id='word_1_424' title='bbox 2453 2626 2506 2680; x_wconf 90' lang='lat' dir='ltr'><strong>in</strong></span> <span class='ocrx_word' id='word_1_425' title='bbox 2558 2625 2732 2679; x_wconf 62' lang='lat' dir='ltr'><strong>Veteri</strong></span> <span class='ocrx_word' id='word_1_426' title='bbox 2775 2625 3118 2680; x_wconf 86' lang='lat' dir='ltr'><strong>Testamento</strong></span> <span class='ocrx_word' id='word_1_427' title='bbox 3149 2625 3310 2680; x_wconf 84' lang='lat' dir='ltr'><strong>Josue</strong></span> <span class='ocrx_word' id='word_1_428' title='bbox 3363 2642 3562 2696; x_wconf 67' lang='lat' dir='ltr'><strong>przccc»</strong></span> 
     </span>
    </p>
   </div>
   <div class='ocr_carea' id='block_1_58' title="bbox 1989 2718 3554 2789">
    <p class='ocr_par' dir='ltr' id='par_1_58' title="bbox 1989 2718 3554 2789">
     <span class='ocr_line' id='line_1_58' title="bbox 1989 2718 3554 2789; baseline 0.003 -19"><span class='ocrx_word' id='word_1_429' title='bbox 1989 2719 2130 2788; x_wconf 66' lang='lat' dir='ltr'><strong>pisse</strong></span> <span class='ocrx_word' id='word_1_430' title='bbox 2155 2730 2210 2770; x_wconf 90' lang='lat' dir='ltr'><strong>ut</strong></span> <span class='ocrx_word' id='word_1_431' title='bbox 2239 2718 2448 2772; x_wconf 85' lang='lat' dir='ltr'><strong>funibus</strong></span> <span class='ocrx_word' id='word_1_432' title='bbox 2477 2719 2819 2773; x_wconf 88' lang='lat' dir='ltr'><strong>distribueret</strong></span> <span class='ocrx_word' id='word_1_433' title='bbox 2843 2719 3206 2774; x_wconf 72' lang='lat' dir='ltr'><strong>[nereditatem</strong></span> <span class='ocrx_word' id='word_1_434' title='bbox 3241 2731 3396 2774; x_wconf 82' lang='lat' dir='ltr'><strong>terrae</strong></span> <span class='ocrx_word' id='word_1_435' title='bbox 3433 2736 3554 2789; x_wconf 89' lang='lat' dir='ltr'><strong>pro-</strong></span> 
     </span>
    </p>
   </div>
   <div class='ocr_carea' id='block_1_59' title="bbox 1990 2811 3562 2870">
    <p class='ocr_par' dir='ltr' id='par_1_59' title="bbox 1990 2811 3562 2870">
     <span class='ocr_line' id='line_1_59' title="bbox 1990 2811 3562 2870; baseline 0.004 -6"><span class='ocrx_word' id='word_1_436' title='bbox 1990 2811 2259 2864; x_wconf 88' lang='lat' dir='ltr'><strong>missionis</strong></span> <span class='ocrx_word' id='word_1_437' title='bbox 2318 2811 2436 2865; x_wconf 73' lang='lat' dir='ltr'><strong>liliis</strong></span> <span class='ocrx_word' id='word_1_438' title='bbox 2482 2811 2662 2865; x_wconf 74' lang='lat' dir='ltr'><strong>lsrael.</strong></span> <span class='ocrx_word' id='word_1_439' title='bbox 2698 2811 2848 2867; x_wconf 88' lang='lat' dir='ltr'><strong>Unde</strong></span> <span class='ocrx_word' id='word_1_440' title='bbox 2875 2829 3014 2866; x_wconf 87' lang='lat' dir='ltr'><strong>nttttc</strong></span> <span class='ocrx_word' id='word_1_441' title='bbox 3061 2815 3250 2869; x_wconf 87' lang='lat' dir='ltr'><strong>merito</strong></span> <span class='ocrx_word' id='word_1_442' title='bbox 3302 2815 3562 2870; x_wconf 71' lang='lat' dir='ltr'><strong>funiculus</strong></span> 
     </span>
    </p>
   </div>
   <div class='ocr_carea' id='block_1_60' title="bbox 1993 2899 3562 2974">
    <p class='ocr_par' dir='ltr' id='par_1_60' title="bbox 1993 2899 3562 2974">
     <span class='ocr_line' id='line_1_60' title="bbox 1993 2899 3562 2974; baseline 0.004 -21"><span class='ocrx_word' id='word_1_443' title='bbox 1993 2899 2291 2968; x_wconf 77' lang='lat' dir='ltr'><strong>ditttt,quia</strong></span> <span class='ocrx_word' id='word_1_444' title='bbox 2327 2900 2652 2956; x_wconf 75' lang='lat' dir='ltr'><strong>Inereditatis</strong></span> <span class='ocrx_word' id='word_1_445' title='bbox 2700 2917 2809 2955; x_wconf 70' lang='lat' dir='ltr'><strong>sum</strong></span> <span class='ocrx_word' id='word_1_446' title='bbox 2855 2901 3186 2957; x_wconf 79' lang='lat' dir='ltr'><strong>latitudinem</strong></span> <span class='ocrx_word' id='word_1_447' title='bbox 3237 2905 3562 2974; x_wconf 76' lang='lat' dir='ltr'><strong>gloriamque</strong></span> 
     </span>
    </p>
   </div>
   <div class='ocr_carea' id='block_1_61' title="bbox 1992 2990 3559 3064">
    <p class='ocr_par' dir='ltr' id='par_1_61' title="bbox 1992 2990 3559 3064">
     <span class='ocr_line' id='line_1_61' title="bbox 1992 2990 3559 3064; baseline 0.003 -20"><span class='ocrx_word' id='word_1_448' title='bbox 1992 2992 2328 3045; x_wconf 65' lang='lat' dir='ltr'><strong>memomvit.</strong></span> <span class='ocrx_word' id='word_1_449' title='bbox 2387 2990 2616 3044; x_wconf 78' lang='lat' dir='ltr'><strong>Possunt</strong></span> <span class='ocrx_word' id='word_1_450' title='bbox 2670 3002 2724 3046; x_wconf 89' lang='lat' dir='ltr'><strong>et</strong></span> <span class='ocrx_word' id='word_1_451' title='bbox 2753 2993 2898 3062; x_wconf 74' lang='lat' dir='ltr'><strong>funes</strong></span> <span class='ocrx_word' id='word_1_452' title='bbox 2950 2992 3117 3062; x_wconf 86' lang='lat' dir='ltr'><strong>accipi</strong></span> <span class='ocrx_word' id='word_1_453' title='bbox 3175 2992 3332 3064; x_wconf 86' lang='lat' dir='ltr'><strong>hujus</strong></span> <span class='ocrx_word' id='word_1_454' title='bbox 3379 2998 3559 3049; x_wconf 73' lang='lat' dir='ltr'><strong>saeculi</strong></span> 
     </span>
    </p>
   </div>
   <div class='ocr_carea' id='block_1_62' title="bbox 1994 3081 3564 3151">
    <p class='ocr_par' dir='ltr' id='par_1_62' title="bbox 1994 3081 3564 3151">
     <span class='ocr_line' id='line_1_62' title="bbox 1994 3081 3564 3151; baseline 0.003 -17"><span class='ocrx_word' id='word_1_455' title='bbox 1994 3081 2223 3134; x_wconf 77' lang='lat' dir='ltr'><strong>tristitia:</strong></span> <span class='ocrx_word' id='word_1_456' title='bbox 2263 3097 2514 3136; x_wconf 77' lang='lat' dir='ltr'><strong>nexnoszr:</strong></span> <span class='ocrx_word' id='word_1_457' title='bbox 2540 3099 2553 3147; x_wconf 91' lang='lat'><strong>;</strong></span> <span class='ocrx_word' id='word_1_458' title='bbox 2584 3097 2704 3135; x_wconf 89' lang='lat' dir='ltr'><strong>nam</strong></span> <span class='ocrx_word' id='word_1_459' title='bbox 2729 3091 2784 3136; x_wconf 87' lang='lat' dir='ltr'><strong>et</strong></span> <span class='ocrx_word' id='word_1_460' title='bbox 2814 3082 2912 3151; x_wconf 86' lang='lat' dir='ltr'><strong>ipsi</strong></span> <span class='ocrx_word' id='word_1_461' title='bbox 2939 3083 3085 3151; x_wconf 77' lang='lat' dir='ltr'><strong>funes</strong></span> <span class='ocrx_word' id='word_1_462' title='bbox 3122 3096 3152 3136; x_wconf 88' lang='lat' dir='ltr'><strong>a</strong></span> <span class='ocrx_word' id='word_1_463' title='bbox 3185 3081 3456 3139; x_wconf 89' lang='lat' dir='ltr'><strong>funeribus</strong></span> <span class='ocrx_word' id='word_1_464' title='bbox 3482 3084 3564 3138; x_wconf 62' lang='lat' dir='ltr'><strong>dio</strong></span> 
     </span>
    </p>
   </div>
   <div class='ocr_carea' id='block_1_63' title="bbox 305 3162 3565 3244">
    <p class='ocr_par' dir='ltr' id='par_1_63' title="bbox 305 3162 3565 3244">
     <span class='ocr_line' id='line_1_63' title="bbox 305 3162 3565 3244; baseline 0.002 -22"><span class='ocrx_word' id='word_1_465' title='bbox 305 3169 456 3233; x_wconf 85' lang='lat' dir='ltr'><strong>dicit,</strong></span> <span class='ocrx_word' id='word_1_466' title='bbox 483 3170 553 3222; x_wconf 81' lang='lat' dir='ltr'><strong>de</strong></span> <span class='ocrx_word' id='word_1_467' title='bbox 577 3172 930 3242; x_wconf 80' lang='lat' dir='ltr'><strong>sanguinibus,</strong></span> <span class='ocrx_word' id='word_1_468' title='bbox 959 3173 1216 3240; x_wconf 84' lang='lat' dir='ltr'><strong>pecudum</strong></span> <span class='ocrx_word' id='word_1_469' title='bbox 1240 3174 1504 3244; x_wconf 36' lang='lat' dir='ltr'><strong>designat,</strong></span> <span class='ocrx_word' id='word_1_470' title='bbox 1537 3175 1624 3242; x_wconf 75' lang='lat' dir='ltr'><strong>qui</strong></span> <span class='ocrx_word' id='word_1_471' title='bbox 1659 3187 1782 3228; x_wconf 75' lang='lat' dir='ltr'><strong>tunc</strong></span> <span class='ocrx_word' id='word_1_472' title='bbox 1808 3191 1886 3230; x_wconf 79' lang='lat' dir='ltr'><strong>co.</strong></span> <span class='ocrx_word' id='word_1_473' title='bbox 1918 3162 1962 3223; x_wconf 90' lang='lat' dir='ltr'>C</span> <span class='ocrx_word' id='word_1_474' title='bbox 1992 3172 2060 3224; x_wconf 90' lang='lat' dir='ltr'><strong>cti</strong></span> <span class='ocrx_word' id='word_1_475' title='bbox 2095 3180 2234 3232; x_wconf 81' lang='lat' dir='ltr'><strong>sunt.</strong></span> <span class='ocrx_word' id='word_1_476' title='bbox 2265 3171 2404 3240; x_wconf 89' lang='lat' dir='ltr'><strong>quod</strong></span> <span class='ocrx_word' id='word_1_477' title='bbox 2432 3174 2481 3224; x_wconf 91' lang='lat' dir='ltr'><strong>in</strong></span> <span class='ocrx_word' id='word_1_478' title='bbox 2513 3171 2726 3225; x_wconf 89' lang='lat' dir='ltr'><strong>modum</strong></span> <span class='ocrx_word' id='word_1_479' title='bbox 2753 3186 3031 3226; x_wconf 89' lang='lat' dir='ltr'><strong>cercorutn</strong></span> <span class='ocrx_word' id='word_1_480' title='bbox 3051 3181 3174 3226; x_wconf 87' lang='lat' dir='ltr'><strong>ante</strong></span> <span class='ocrx_word' id='word_1_481' title='bbox 3195 3173 3449 3227; x_wconf 86' lang='lat' dir='ltr'><strong>cadavera</strong></span> <span class='ocrx_word' id='word_1_482' title='bbox 3481 3175 3565 3227; x_wconf 87' lang='lat' dir='ltr'><strong>in-</strong></span> 
     </span>
    </p>
   </div>
   <div class='ocr_carea' id='block_1_64' title="bbox 309 3264 1890 3337">
    <p class='ocr_par' dir='ltr' id='par_1_64' title="bbox 309 3264 1890 3337">
     <span class='ocr_line' id='line_1_64' title="bbox 309 3264 1890 3337; baseline 0.003 -21"><span class='ocrx_word' id='word_1_483' title='bbox 309 3266 496 3330; x_wconf 79' lang='lat' dir='ltr'><strong>piosus</strong></span> <span class='ocrx_word' id='word_1_484' title='bbox 551 3264 604 3316; x_wconf 93' lang='lat' dir='ltr'><strong>in</strong></span> <span class='ocrx_word' id='word_1_485' title='bbox 639 3265 918 3319; x_wconf 84' lang='lat' dir='ltr'><strong>sacrificiis</strong></span> <span class='ocrx_word' id='word_1_486' title='bbox 968 3267 1317 3334; x_wconf 84' lang='lat' dir='ltr'><strong>fundebatur;</strong></span> <span class='ocrx_word' id='word_1_487' title='bbox 1366 3268 1454 3335; x_wconf 91' lang='lat' dir='ltr'><strong>qtti</strong></span> <span class='ocrx_word' id='word_1_488' title='bbox 1509 3279 1641 3322; x_wconf 91' lang='lat' dir='ltr'><strong>rtus</strong></span> <span class='ocrx_word' id='word_1_489' title='bbox 1687 3279 1890 3337; x_wconf 85' lang='lat' dir='ltr'><strong>postea,</strong></span> 
     </span>
    </p>
   </div>
   <div class='ocr_carea' id='block_1_65' title="bbox 304 3354 1892 3426">
    <p class='ocr_par' dir='ltr' id='par_1_65' title="bbox 304 3354 1892 3426">
     <span class='ocr_line' id='line_1_65' title="bbox 304 3354 1892 3426; baseline 0.003 -19"><span class='ocrx_word' id='word_1_490' title='bbox 304 3354 530 3409; x_wconf 80' lang='lat' dir='ltr'><strong>Christo</strong></span> <span class='ocrx_word' id='word_1_491' title='bbox 563 3355 788 3408; x_wconf 88' lang='lat' dir='ltr'><strong>Domino</strong></span> <span class='ocrx_word' id='word_1_492' title='bbox 824 3359 1068 3411; x_wconf 85' lang='lat' dir='ltr'><strong>veniente</strong></span> <span class='ocrx_word' id='word_1_493' title='bbox 1093 3403 1108 3426; x_wconf 95' lang='lat'><strong>,</strong></span> <span class='ocrx_word' id='word_1_494' title='bbox 1165 3369 1394 3411; x_wconf 86' lang='lat' dir='ltr'><strong>mutatus</strong></span> <span class='ocrx_word' id='word_1_495' title='bbox 1422 3371 1547 3413; x_wconf 47' lang='lat' dir='ltr'><strong>est;</strong></span> <span class='ocrx_word' id='word_1_496' title='bbox 1575 3359 1683 3414; x_wconf 53' lang='lat' dir='ltr'><strong>llwe</strong></span> <span class='ocrx_word' id='word_1_497' title='bbox 1718 3372 1892 3414; x_wconf 85' lang='lat' dir='ltr'><strong>autem</strong></span> 
     </span>
    </p>
   </div>
   <div class='ocr_carea' id='block_1_66' title="bbox 307 3447 1897 3518">
    <p class='ocr_par' dir='ltr' id='par_1_66' title="bbox 307 3447 1897 3518">
     <span class='ocr_line' id='line_1_66' title="bbox 307 3447 1897 3518; baseline 0.001 -16"><span class='ocrx_word' id='word_1_498' title='bbox 307 3464 510 3503; x_wconf 85' lang='lat' dir='ltr'><strong>nomen</strong></span> <span class='ocrx_word' id='word_1_499' title='bbox 532 3487 546 3509; x_wconf 89' lang='lat'><strong>,</strong></span> <span class='ocrx_word' id='word_1_500' title='bbox 577 3447 642 3499; x_wconf 85' lang='lat' dir='ltr'><strong>de</strong></span> <span class='ocrx_word' id='word_1_501' title='bbox 668 3448 1000 3517; x_wconf 74' lang='lat' dir='ltr'><strong>sangnimbns</strong></span> <span class='ocrx_word' id='word_1_502' title='bbox 1023 3490 1038 3514; x_wconf 93' lang='lat'><strong>,</strong></span> <span class='ocrx_word' id='word_1_503' title='bbox 1069 3460 1252 3502; x_wconf 87' lang='lat' dir='ltr'><strong>contra</strong></span> <span class='ocrx_word' id='word_1_504' title='bbox 1285 3464 1452 3503; x_wconf 82' lang='lat' dir='ltr'><strong>artem</strong></span> <span class='ocrx_word' id='word_1_505' title='bbox 1489 3451 1715 3518; x_wconf 83' lang='lat' dir='ltr'><strong>positum</strong></span> <span class='ocrx_word' id='word_1_506' title='bbox 1765 3466 1897 3504; x_wconf 90' lang='lat' dir='ltr'><strong>con-</strong></span> 
     </span>
    </p>
   </div>
   <div class='ocr_carea' id='block_1_67' title="bbox 307 3538 1897 3610">
    <p class='ocr_par' dir='ltr' id='par_1_67' title="bbox 307 3538 1897 3610">
     <span class='ocr_line' id='line_1_67' title="bbox 307 3538 1897 3610; baseline 0 -16"><span class='ocrx_word' id='word_1_507' title='bbox 307 3550 412 3594; x_wconf 69' lang='lat' dir='ltr'><strong>atat</strong></span> <span class='ocrx_word' id='word_1_508' title='bbox 440 3553 572 3594; x_wconf 80' lang='lat' dir='ltr'><strong>esse</strong></span> <span class='ocrx_word' id='word_1_509' title='bbox 619 3538 1021 3608; x_wconf 78' lang='lat' dir='ltr'><strong>grammaticam</strong></span> <span class='ocrx_word' id='word_1_510' title='bbox 1055 3580 1069 3602; x_wconf 90' lang='lat'><strong>,</strong></span> <span class='ocrx_word' id='word_1_511' title='bbox 1125 3541 1262 3609; x_wconf 88' lang='lat' dir='ltr'><strong>apud</strong></span> <span class='ocrx_word' id='word_1_512' title='bbox 1303 3557 1461 3610; x_wconf 73' lang='lat' dir='ltr'><strong>quam</strong></span> <span class='ocrx_word' id='word_1_513' title='bbox 1496 3542 1708 3608; x_wconf 89' lang='lat' dir='ltr'><strong>pluralis</strong></span> <span class='ocrx_word' id='word_1_514' title='bbox 1741 3542 1897 3607; x_wconf 63' lang='lat' dir='ltr'><strong>huius</strong></span> 
     </span>
    </p>
   </div>
   <div class='ocr_carea' id='block_1_68' title="bbox 309 3631 1896 3695">
    <p class='ocr_par' dir='ltr' id='par_1_68' title="bbox 309 3631 1896 3695">
     <span class='ocr_line' id='line_1_68' title="bbox 309 3631 1896 3695; baseline 0.001 -13"><span class='ocrx_word' id='word_1_515' title='bbox 309 3632 465 3685; x_wconf 75' lang='lat' dir='ltr'><strong>verbi</strong></span> <span class='ocrx_word' id='word_1_516' title='bbox 497 3645 754 3684; x_wconf 86' lang='lat' dir='ltr'><strong>numerus</strong></span> <span class='ocrx_word' id='word_1_517' title='bbox 779 3645 882 3682; x_wconf 92' lang='lat' dir='ltr'><strong>non</strong></span> <span class='ocrx_word' id='word_1_518' title='bbox 918 3631 1179 3695; x_wconf 88' lang='lat' dir='ltr'><strong>habetur;</strong></span> <span class='ocrx_word' id='word_1_519' title='bbox 1209 3640 1261 3685; x_wconf 89' lang='lat' dir='ltr'><strong>et</strong></span> <span class='ocrx_word' id='word_1_520' title='bbox 1304 3631 1423 3685; x_wconf 86' lang='lat' dir='ltr'><strong>ideo</strong></span> <span class='ocrx_word' id='word_1_521' title='bbox 1456 3633 1592 3686; x_wconf 90' lang='lat' dir='ltr'><strong>inter</strong></span> <span class='ocrx_word' id='word_1_522' title='bbox 1625 3632 1896 3695; x_wconf 87' lang='lat' dir='ltr'><strong>idiomata,</strong></span> 
     </span>
    </p>
   </div>
   <div class='ocr_carea' id='block_1_69' title="bbox 308 3718 1814 3788">
    <p class='ocr_par' dir='ltr' id='par_1_69' title="bbox 308 3718 1814 3788">
     <span class='ocr_line' id='line_1_69' title="bbox 308 3718 1814 3788; baseline -0.001 -13"><span class='ocrx_word' id='word_1_523' title='bbox 308 3721 360 3775; x_wconf 89' lang='lat' dir='ltr'><strong>id</strong></span> <span class='ocrx_word' id='word_1_524' title='bbox 390 3731 479 3776; x_wconf 84' lang='lat' dir='ltr'><strong>est</strong></span> <span class='ocrx_word' id='word_1_525' title='bbox 511 3718 728 3788; x_wconf 89' lang='lat' dir='ltr'><strong>propria</strong></span> <span class='ocrx_word' id='word_1_526' title='bbox 752 3718 1043 3786; x_wconf 72' lang='lat' dir='ltr'><strong>Scriptum</strong></span> <span class='ocrx_word' id='word_1_527' title='bbox 1072 3721 1264 3774; x_wconf 70' lang='lat' dir='ltr'><strong>divinae</strong></span> <span class='ocrx_word' id='word_1_528' title='bbox 1294 3721 1682 3775; x_wconf 88' lang='lat' dir='ltr'><strong>numerandum</strong></span> <span class='ocrx_word' id='word_1_529' title='bbox 1711 3728 1814 3775; x_wconf 86' lang='lat' dir='ltr'><strong>est.</strong></span> 
     </span>
    </p>
   </div>
   <div class='ocr_carea' id='block_1_70' title="bbox 387 3810 1902 3882">
    <p class='ocr_par' dir='ltr' id='par_1_70' title="bbox 387 3810 1902 3882">
     <span class='ocr_line' id='line_1_70' title="bbox 387 3810 1902 3882; baseline 0.001 -17"><span class='ocrx_word' id='word_1_530' title='bbox 387 3813 549 3867; x_wconf 75' lang='lat' dir='ltr'><strong>Vers.</strong></span> <span class='ocrx_word' id='word_1_531' title='bbox 579 3811 636 3866; x_wconf 87' lang='lat'><strong>5.</strong></span> <span class='ocrx_word' id='word_1_532' title='bbox 670 3810 783 3864; x_wconf 81' lang='lat' dir='ltr'><strong>Nec</strong></span> <span class='ocrx_word' id='word_1_533' title='bbox 813 3828 1002 3865; x_wconf 87' lang='lat' dir='ltr'><strong>memor</strong></span> <span class='ocrx_word' id='word_1_534' title='bbox 1029 3829 1114 3866; x_wconf 70' lang='lat' dir='ltr'><strong>cro</strong></span> <span class='ocrx_word' id='word_1_535' title='bbox 1142 3817 1405 3866; x_wconf 85' lang='lat' dir='ltr'><strong>nominum</strong></span> <span class='ocrx_word' id='word_1_536' title='bbox 1453 3829 1624 3866; x_wconf 87' lang='lat' dir='ltr'><strong>eorum</strong></span> <span class='ocrx_word' id='word_1_537' title='bbox 1652 3830 1742 3882; x_wconf 82' lang='lat' dir='ltr'><strong>per</strong></span> <span class='ocrx_word' id='word_1_538' title='bbox 1764 3812 1902 3866; x_wconf 88' lang='lat' dir='ltr'><strong>labia</strong></span> 
     </span>
    </p>
   </div>
   <div class='ocr_carea' id='block_1_71' title="bbox 312 3902 1902 3971">
    <p class='ocr_par' dir='ltr' id='par_1_71' title="bbox 312 3902 1902 3971">
     <span class='ocr_line' id='line_1_71' title="bbox 312 3902 1902 3971; baseline -0.001 -15"><span class='ocrx_word' id='word_1_539' title='bbox 312 3921 445 3957; x_wconf 80' lang='lat' dir='ltr'><strong>meo.</strong></span> <span class='ocrx_word' id='word_1_540' title='bbox 482 3903 712 3956; x_wconf 79' lang='lat' dir='ltr'><strong>Nomina</strong></span> <span class='ocrx_word' id='word_1_541' title='bbox 760 3902 850 3956; x_wconf 89' lang='lat' dir='ltr'><strong>illa</strong></span> <span class='ocrx_word' id='word_1_542' title='bbox 889 3902 1102 3971; x_wconf 83' lang='lat' dir='ltr'><strong>antiqua</strong></span> <span class='ocrx_word' id='word_1_543' title='bbox 1133 3919 1250 3971; x_wconf 76' lang='lat' dir='ltr'><strong>qua:</strong></span> <span class='ocrx_word' id='word_1_544' title='bbox 1294 3902 1534 3957; x_wconf 89' lang='lat' dir='ltr'><strong>infideles</strong></span> <span class='ocrx_word' id='word_1_545' title='bbox 1580 3902 1902 3966; x_wconf 85' lang='lat' dir='ltr'><strong>habuerunt,</strong></span> 
     </span>
    </p>
   </div>
   <div class='ocr_carea' id='block_1_72' title="bbox 309 3991 1902 4064">
    <p class='ocr_par' dir='ltr' id='par_1_72' title="bbox 309 3991 1902 4064">
     <span class='ocr_line' id='line_1_72' title="bbox 309 3991 1902 4064; baseline -0.001 -17"><span class='ocrx_word' id='word_1_546' title='bbox 309 3998 563 4064; x_wconf 71' lang='lat' dir='ltr'><strong>sequenti</strong></span> <span class='ocrx_word' id='word_1_547' title='bbox 602 3993 739 4047; x_wconf 88' lang='lat' dir='ltr'><strong>dicit</strong></span> <span class='ocrx_word' id='word_1_548' title='bbox 775 3992 944 4062; x_wconf 75' lang='lat' dir='ltr'><strong>gratia</strong></span> <span class='ocrx_word' id='word_1_549' title='bbox 1003 4005 1348 4047; x_wconf 76' lang='lat' dir='ltr'><strong>commutata.</strong></span> <span class='ocrx_word' id='word_1_550' title='bbox 1405 3993 1561 4046; x_wconf 85' lang='lat' dir='ltr'><strong>Prius</strong></span> <span class='ocrx_word' id='word_1_551' title='bbox 1591 3993 1732 4045; x_wconf 83' lang='lat' dir='ltr'><strong>enirn</strong></span> <span class='ocrx_word' id='word_1_552' title='bbox 1775 3991 1902 4046; x_wconf 87' lang='lat' dir='ltr'><strong>dicti</strong></span> 
     </span>
    </p>
   </div>
   <div class='ocr_carea' id='block_1_73' title="bbox 311 4085 1902 4154">
    <p class='ocr_par' dir='ltr' id='par_1_73' title="bbox 311 4085 1902 4154">
     <span class='ocr_line' id='line_1_73' title="bbox 311 4085 1902 4154; baseline 0 -16"><span class='ocrx_word' id='word_1_553' title='bbox 311 4097 439 4139; x_wconf 84' lang='lat' dir='ltr'><strong>sunt</strong></span> <span class='ocrx_word' id='word_1_554' title='bbox 473 4086 565 4137; x_wconf 86' lang='lat' dir='ltr'><strong>ﬁlii</strong></span> <span class='ocrx_word' id='word_1_555' title='bbox 599 4088 715 4154; x_wconf 70' lang='lat' dir='ltr'><strong>irtc,</strong></span> <span class='ocrx_word' id='word_1_556' title='bbox 742 4086 834 4138; x_wconf 87' lang='lat' dir='ltr'><strong>filii</strong></span> <span class='ocrx_word' id='word_1_557' title='bbox 882 4086 1096 4150; x_wconf 86' lang='lat' dir='ltr'><strong>diaboli,</strong></span> <span class='ocrx_word' id='word_1_558' title='bbox 1123 4085 1212 4139; x_wconf 83' lang='lat' dir='ltr'><strong>filii</strong></span> <span class='ocrx_word' id='word_1_559' title='bbox 1243 4088 1446 4150; x_wconf 72' lang='lat' dir='ltr'><strong>curitis;</strong></span> <span class='ocrx_word' id='word_1_560' title='bbox 1480 4100 1594 4154; x_wconf 85' lang='lat' dir='ltr'><strong>pOSt</strong></span> <span class='ocrx_word' id='word_1_561' title='bbox 1617 4085 1902 4140; x_wconf 89' lang='lat' dir='ltr'><strong>adventum</strong></span> 
     </span>
    </p>
   </div>
   <div class='ocr_carea' id='block_1_74' title="bbox 311 4176 1907 4245">
    <p class='ocr_par' dir='ltr' id='par_1_74' title="bbox 311 4176 1907 4245">
     <span class='ocr_line' id='line_1_74' title="bbox 311 4176 1907 4245; baseline 0.001 -17"><span class='ocrx_word' id='word_1_562' title='bbox 311 4190 449 4230; x_wconf 74' lang='lat' dir='ltr'><strong>vero</strong></span> <span class='ocrx_word' id='word_1_563' title='bbox 486 4178 726 4239; x_wconf 87' lang='lat' dir='ltr'><strong>Domini,</strong></span> <span class='ocrx_word' id='word_1_564' title='bbox 772 4177 936 4229; x_wconf 58' lang='lat' dir='ltr'><strong>sacri»</strong></span> <span class='ocrx_word' id='word_1_565' title='bbox 988 4177 1218 4230; x_wconf 77' lang='lat' dir='ltr'><strong>fontibus</strong></span> <span class='ocrx_word' id='word_1_566' title='bbox 1249 4177 1454 4240; x_wconf 86' lang='lat' dir='ltr'><strong>renati,</strong></span> <span class='ocrx_word' id='word_1_567' title='bbox 1487 4176 1734 4245; x_wconf 83' lang='lat' dir='ltr'><strong>appellati</strong></span> <span class='ocrx_word' id='word_1_568' title='bbox 1782 4185 1907 4230; x_wconf 85' lang='lat' dir='ltr'><strong>sunt</strong></span> 
     </span>
    </p>
   </div>
   <div class='ocr_carea' id='block_1_75' title="bbox 311 4267 1907 4336">
    <p class='ocr_par' dir='ltr' id='par_1_75' title="bbox 311 4267 1907 4336">
     <span class='ocr_line' id='line_1_75' title="bbox 311 4267 1907 4336; baseline -0.001 -14"><span class='ocrx_word' id='word_1_569' title='bbox 311 4269 641 4331; x_wconf 78' lang='lat' dir='ltr'><strong>Christiani,</strong></span> <span class='ocrx_word' id='word_1_570' title='bbox 676 4268 764 4321; x_wconf 84' lang='lat' dir='ltr'><strong>fi’it</strong></span> <span class='ocrx_word' id='word_1_571' title='bbox 795 4270 908 4333; x_wconf 89' lang='lat' dir='ltr'><strong>Dei,</strong></span> <span class='ocrx_word' id='word_1_572' title='bbox 942 4268 1098 4321; x_wconf 80' lang='lat' dir='ltr'><strong>amici</strong></span> <span class='ocrx_word' id='word_1_573' title='bbox 1121 4268 1335 4334; x_wconf 88' lang='lat' dir='ltr'><strong>Sponsi.</strong></span> <span class='ocrx_word' id='word_1_574' title='bbox 1370 4267 1487 4320; x_wconf 77' lang='lat' dir='ltr'><strong>Non</strong></span> <span class='ocrx_word' id='word_1_575' title='bbox 1519 4269 1614 4336; x_wconf 68' lang='lat' dir='ltr'><strong>fuit</strong></span> <span class='ocrx_word' id='word_1_576' title='bbox 1643 4283 1770 4336; x_wconf 83' lang='lat' dir='ltr'><strong>ergo</strong></span> <span class='ocrx_word' id='word_1_577' title='bbox 1793 4283 1907 4320; x_wconf 89' lang='lat' dir='ltr'><strong>me-</strong></span> 
     </span>
    </p>
   </div>
   <div class='ocr_carea' id='block_1_76' title="bbox 310 4358 1904 4427">
    <p class='ocr_par' dir='ltr' id='par_1_76' title="bbox 310 4358 1904 4427">
     <span class='ocr_line' id='line_1_76' title="bbox 310 4358 1904 4427; baseline -0.001 -14"><span class='ocrx_word' id='word_1_578' title='bbox 310 4377 433 4413; x_wconf 74' lang='lat' dir='ltr'><strong>mor</strong></span> <span class='ocrx_word' id='word_1_579' title='bbox 453 4360 721 4412; x_wconf 83' lang='lat' dir='ltr'><strong>nominum</strong></span> <span class='ocrx_word' id='word_1_580' title='bbox 748 4361 976 4424; x_wconf 83' lang='lat' dir='ltr'><strong>illorum,</strong></span> <span class='ocrx_word' id='word_1_581' title='bbox 1011 4362 1223 4427; x_wconf 88' lang='lat' dir='ltr'><strong>quando</strong></span> <span class='ocrx_word' id='word_1_582' title='bbox 1253 4363 1404 4412; x_wconf 87' lang='lat' dir='ltr'><strong>novis</strong></span> <span class='ocrx_word' id='word_1_583' title='bbox 1433 4358 1738 4411; x_wconf 87' lang='lat' dir='ltr'><strong>horninibus</strong></span> <span class='ocrx_word' id='word_1_584' title='bbox 1762 4373 1904 4411; x_wconf 82' lang='lat' dir='ltr'><strong>nova</strong></span> 
     </span>
    </p>
   </div>
   <div class='ocr_carea' id='block_1_77' title="bbox 313 4449 1901 4519">
    <p class='ocr_par' dir='ltr' id='par_1_77' title="bbox 313 4449 1901 4519">
     <span class='ocr_line' id='line_1_77' title="bbox 313 4449 1901 4519; baseline -0.001 -16"><span class='ocrx_word' id='word_1_585' title='bbox 313 4451 589 4506; x_wconf 79' lang='lat' dir='ltr'><strong>vocabula</strong></span> <span class='ocrx_word' id='word_1_586' title='bbox 616 4459 825 4504; x_wconf 89' lang='lat' dir='ltr'><strong>constat</strong></span> <span class='ocrx_word' id='word_1_587' title='bbox 850 4451 1117 4518; x_wconf 83' lang='lat' dir='ltr'><strong>imposita.</strong></span> <span class='ocrx_word' id='word_1_588' title='bbox 1163 4449 1316 4502; x_wconf 87' lang='lat' dir='ltr'><strong>Labia</strong></span> <span class='ocrx_word' id='word_1_589' title='bbox 1347 4465 1471 4504; x_wconf 70' lang='lat' dir='ltr'><strong>vero</strong></span> <span class='ocrx_word' id='word_1_590' title='bbox 1504 4449 1661 4519; x_wconf 79' lang='lat' dir='ltr'><strong>Regis</strong></span> <span class='ocrx_word' id='word_1_591' title='bbox 1682 4449 1901 4514; x_wconf 88' lang='lat' dir='ltr'><strong>Christi,</strong></span> 
     </span>
    </p>
   </div>
   <div class='ocr_carea' id='block_1_78' title="bbox 1997 3262 3564 3333">
    <p class='ocr_par' dir='ltr' id='par_1_78' title="bbox 1997 3262 3564 3333">
     <span class='ocr_line' id='line_1_78' title="bbox 1997 3262 3564 3333; baseline -0.001 -17"><span class='ocrx_word' id='word_1_592' title='bbox 1997 3263 2399 3328; x_wconf 79' lang='lat' dir='ltr'><strong>cendehantur;</strong></span> <span class='ocrx_word' id='word_1_593' title='bbox 2434 3265 2520 3332; x_wconf 89' lang='lat' dir='ltr'><strong>qtri</strong></span> <span class='ocrx_word' id='word_1_594' title='bbox 2578 3265 2693 3316; x_wconf 88' lang='lat' dir='ltr'><strong>sine</strong></span> <span class='ocrx_word' id='word_1_595' title='bbox 2740 3262 2902 3316; x_wconf 79' lang='lat' dir='ltr'><strong>dubio</strong></span> <span class='ocrx_word' id='word_1_596' title='bbox 2933 3264 2983 3315; x_wconf 89' lang='lat' dir='ltr'><strong>in</strong></span> <span class='ocrx_word' id='word_1_597' title='bbox 3023 3264 3282 3333; x_wconf 66' lang='lat' dir='ltr'><strong>prwclaris</strong></span> <span class='ocrx_word' id='word_1_598' title='bbox 3322 3265 3564 3317; x_wconf 88' lang='lat' dir='ltr'><strong>conversi</strong></span> 
     </span>
    </p>
   </div>
   <div class='ocr_carea' id='block_1_79' title="bbox 1999 3353 3565 3422">
    <p class='ocr_par' dir='ltr' id='par_1_79' title="bbox 1999 3353 3565 3422">
     <span class='ocr_line' id='line_1_79' title="bbox 1999 3353 3565 3422; baseline 0.001 -16"><span class='ocrx_word' id='word_1_599' title='bbox 1999 3364 2140 3417; x_wconf 87' lang='lat' dir='ltr'><strong>sunt,</strong></span> <span class='ocrx_word' id='word_1_600' title='bbox 2171 3353 2294 3406; x_wconf 90' lang='lat' dir='ltr'><strong>dum</strong></span> <span class='ocrx_word' id='word_1_601' title='bbox 2321 3355 2385 3405; x_wconf 88' lang='lat' dir='ltr'><strong>ad</strong></span> <span class='ocrx_word' id='word_1_602' title='bbox 2421 3353 2822 3406; x_wconf 83' lang='lat' dir='ltr'><strong>resurrectionis</strong></span> <span class='ocrx_word' id='word_1_603' title='bbox 2844 3363 3039 3406; x_wconf 72' lang='lat' dir='ltr'><strong>mterna</strong></span> <span class='ocrx_word' id='word_1_604' title='bbox 3064 3368 3280 3407; x_wconf 83' lang='lat' dir='ltr'><strong>munera</strong></span> <span class='ocrx_word' id='word_1_605' title='bbox 3306 3369 3565 3422; x_wconf 88' lang='lat' dir='ltr'><strong>pervene-</strong></span> 
     </span>
    </p>
   </div>
   <div class='ocr_carea' id='block_1_80' title="bbox 2000 3443 3569 3512">
    <p class='ocr_par' dir='ltr' id='par_1_80' title="bbox 2000 3443 3569 3512">
     <span class='ocr_line' id='line_1_80' title="bbox 2000 3443 3569 3512; baseline -0.001 -14"><span class='ocrx_word' id='word_1_606' title='bbox 2000 3455 2141 3498; x_wconf 87' lang='lat' dir='ltr'><strong>runt.</strong></span> <span class='ocrx_word' id='word_1_607' title='bbox 2175 3443 2458 3498; x_wconf 73' lang='lat' dir='ltr'><strong>llam-ditas</strong></span> <span class='ocrx_word' id='word_1_608' title='bbox 2490 3457 2664 3498; x_wconf 85' lang='lat' dir='ltr'><strong>autem</strong></span> <span class='ocrx_word' id='word_1_609' title='bbox 2695 3443 2893 3498; x_wconf 83' lang='lat' dir='ltr'><strong>Christi</strong></span> <span class='ocrx_word' id='word_1_610' title='bbox 2917 3457 2996 3498; x_wconf 89' lang='lat' dir='ltr'><strong>est</strong></span> <span class='ocrx_word' id='word_1_611' title='bbox 3031 3445 3402 3512; x_wconf 69' lang='lat' dir='ltr'><strong>praedestinata</strong></span> <span class='ocrx_word' id='word_1_612' title='bbox 3433 3447 3569 3498; x_wconf 91' lang='lat' dir='ltr'><strong>mul-</strong></span> 
     </span>
    </p>
   </div>
   <div class='ocr_carea' id='block_1_81' title="bbox 2002 3536 3568 3607">
    <p class='ocr_par' dir='ltr' id='par_1_81' title="bbox 2002 3536 3568 3607">
     <span class='ocr_line' id='line_1_81' title="bbox 2002 3536 3568 3607; baseline 0.002 -19"><span class='ocrx_word' id='word_1_613' title='bbox 2002 3536 2170 3589; x_wconf 88' lang='lat' dir='ltr'><strong>titttdo</strong></span> <span class='ocrx_word' id='word_1_614' title='bbox 2197 3548 2522 3589; x_wconf 81' lang='lat' dir='ltr'><strong>sanctorum.</strong></span> <span class='ocrx_word' id='word_1_615' title='bbox 2557 3537 2653 3591; x_wconf 88' lang='lat' dir='ltr'><strong>Ubi</strong></span> <span class='ocrx_word' id='word_1_616' title='bbox 2689 3536 2806 3591; x_wconf 90' lang='lat' dir='ltr'><strong>ideo</strong></span> <span class='ocrx_word' id='word_1_617' title='bbox 2853 3537 3089 3591; x_wconf 89' lang='lat' dir='ltr'><strong>additum</strong></span> <span class='ocrx_word' id='word_1_618' title='bbox 3137 3547 3219 3592; x_wconf 83' lang='lat' dir='ltr'><strong>est</strong></span> <span class='ocrx_word' id='word_1_619' title='bbox 3245 3539 3369 3590; x_wconf 78' lang='lat' dir='ltr'><strong>mihi</strong></span> <span class='ocrx_word' id='word_1_620' title='bbox 3394 3578 3408 3600; x_wconf 85' lang='lat'><strong>,</strong></span> <span class='ocrx_word' id='word_1_621' title='bbox 3446 3540 3568 3607; x_wconf 84' lang='lat' dir='ltr'><strong>quia</strong></span> 
     </span>
    </p>
   </div>
   <div class='ocr_carea' id='block_1_82' title="bbox 2003 3629 3572 3699">
    <p class='ocr_par' dir='ltr' id='par_1_82' title="bbox 2003 3629 3572 3699">
     <span class='ocr_line' id='line_1_82' title="bbox 2003 3629 3572 3699; baseline 0.001 -17"><span class='ocrx_word' id='word_1_622' title='bbox 2003 3644 2110 3682; x_wconf 90' lang='lat' dir='ltr'><strong>non</strong></span> <span class='ocrx_word' id='word_1_623' title='bbox 2150 3629 2200 3682; x_wconf 90' lang='lat' dir='ltr'><strong>in</strong></span> <span class='ocrx_word' id='word_1_624' title='bbox 2225 3643 2282 3682; x_wconf 87' lang='lat' dir='ltr'><strong>se</strong></span> <span class='ocrx_word' id='word_1_625' title='bbox 2312 3633 2608 3682; x_wconf 84' lang='lat' dir='ltr'><strong>secundum</strong></span> <span class='ocrx_word' id='word_1_626' title='bbox 2643 3629 3046 3694; x_wconf 83' lang='lat' dir='ltr'><strong>humanitatem,</strong></span> <span class='ocrx_word' id='word_1_627' title='bbox 3077 3630 3168 3684; x_wconf 88' lang='lat' dir='ltr'><strong>sed</strong></span> <span class='ocrx_word' id='word_1_628' title='bbox 3202 3630 3254 3684; x_wconf 90' lang='lat' dir='ltr'><strong>in</strong></span> <span class='ocrx_word' id='word_1_629' title='bbox 3285 3630 3440 3685; x_wconf 84' lang='lat' dir='ltr'><strong>Patre</strong></span> <span class='ocrx_word' id='word_1_630' title='bbox 3459 3631 3572 3699; x_wconf 78' lang='lat' dir='ltr'><strong>glo-</strong></span> 
     </span>
    </p>
   </div>
   <div class='ocr_carea' id='block_1_83' title="bbox 2003 3717 3573 3789">
    <p class='ocr_par' dir='ltr' id='par_1_83' title="bbox 2003 3717 3573 3789">
     <span class='ocr_line' id='line_1_83' title="bbox 2003 3717 3573 3789; baseline 0.001 -16"><span class='ocrx_word' id='word_1_631' title='bbox 2003 3720 2189 3773; x_wconf 87' lang='lat' dir='ltr'><strong>riatur.</strong></span> <span class='ocrx_word' id='word_1_632' title='bbox 2217 3717 2324 3773; x_wconf 88' lang='lat' dir='ltr'><strong>Sed</strong></span> <span class='ocrx_word' id='word_1_633' title='bbox 2347 3735 2468 3772; x_wconf 88' lang='lat' dir='ltr'><strong>cum</strong></span> <span class='ocrx_word' id='word_1_634' title='bbox 2501 3719 2718 3785; x_wconf 82' lang='lat' dir='ltr'><strong>dixerit,</strong></span> <span class='ocrx_word' id='word_1_635' title='bbox 2749 3720 3070 3788; x_wconf 62' lang='lat' dir='ltr'><strong>praeturam,</strong></span> <span class='ocrx_word' id='word_1_636' title='bbox 3094 3722 3257 3788; x_wconf 78' lang='lat' dir='ltr'><strong>quaeri</strong></span> <span class='ocrx_word' id='word_1_637' title='bbox 3287 3727 3460 3789; x_wconf 85' lang='lat' dir='ltr'><strong>potest</strong></span> <span class='ocrx_word' id='word_1_638' title='bbox 3480 3736 3573 3776; x_wconf 86' lang='lat' dir='ltr'><strong>cur</strong></span> 
     </span>
    </p>
   </div>
   <div class='ocr_carea' id='block_1_84' title="bbox 2004 3808 3572 3877">
    <p class='ocr_par' dir='ltr' id='par_1_84' title="bbox 2004 3808 3572 3877">
     <span class='ocr_line' id='line_1_84' title="bbox 2004 3808 3572 3877; baseline 0.001 -13"><span class='ocrx_word' id='word_1_639' title='bbox 2004 3808 2370 3865; x_wconf 59' lang='lat' dir='ltr'><strong>hereditatem</strong></span> <span class='ocrx_word' id='word_1_640' title='bbox 2402 3812 2555 3864; x_wconf 84' lang='lat' dir='ltr'><strong>istam</strong></span> <span class='ocrx_word' id='word_1_641' title='bbox 2581 3812 2680 3865; x_wconf 87' lang='lat' dir='ltr'><strong>sibi</strong></span> <span class='ocrx_word' id='word_1_642' title='bbox 2711 3811 2968 3866; x_wconf 89' lang='lat' dir='ltr'><strong>cecidisse</strong></span> <span class='ocrx_word' id='word_1_643' title='bbox 2987 3811 3118 3866; x_wconf 74' lang='lat' dir='ltr'><strong>dicat</strong></span> <span class='ocrx_word' id='word_1_644' title='bbox 3143 3812 3166 3864; x_wconf 84' lang='lat'><strong>?</strong></span> <span class='ocrx_word' id='word_1_645' title='bbox 3186 3811 3336 3877; x_wconf 87' lang='lat' dir='ltr'><strong>Quod</strong></span> <span class='ocrx_word' id='word_1_646' title='bbox 3356 3813 3572 3866; x_wconf 83' lang='lat' dir='ltr'><strong>verbum</strong></span> 
     </span>
    </p>
   </div>
   <div class='ocr_carea' id='block_1_85' title="bbox 2005 3903 3574 3972">
    <p class='ocr_par' dir='ltr' id='par_1_85' title="bbox 2005 3903 3574 3972">
     <span class='ocr_line' id='line_1_85' title="bbox 2005 3903 3574 3972; baseline 0 -16"><span class='ocrx_word' id='word_1_647' title='bbox 2005 3904 2242 3956; x_wconf 83' lang='lat' dir='ltr'><strong>adversis</strong></span> <span class='ocrx_word' id='word_1_648' title='bbox 2273 3904 2411 3957; x_wconf 87' lang='lat' dir='ltr'><strong>solet</strong></span> <span class='ocrx_word' id='word_1_649' title='bbox 2453 3904 2666 3958; x_wconf 79' lang='lat' dir='ltr'><strong>casibus</strong></span> <span class='ocrx_word' id='word_1_650' title='bbox 2690 3903 2966 3972; x_wconf 86' lang='lat' dir='ltr'><strong>applicari.</strong></span> <span class='ocrx_word' id='word_1_651' title='bbox 2999 3903 3104 3958; x_wconf 89' lang='lat' dir='ltr'><strong>Sed</strong></span> <span class='ocrx_word' id='word_1_652' title='bbox 3136 3903 3237 3957; x_wconf 90' lang='lat' dir='ltr'><strong>hoc</strong></span> <span class='ocrx_word' id='word_1_653' title='bbox 3275 3903 3574 3972; x_wconf 83' lang='lat' dir='ltr'><strong>eloquentia</strong></span> 
     </span>
    </p>
   </div>
   <div class='ocr_carea' id='block_1_86' title="bbox 2004 3993 3576 4064">
    <p class='ocr_par' dir='ltr' id='par_1_86' title="bbox 2004 3993 3576 4064">
     <span class='ocr_line' id='line_1_86' title="bbox 2004 3993 3576 4064; baseline -0.001 -16"><span class='ocrx_word' id='word_1_654' title='bbox 2004 3993 2182 4048; x_wconf 87' lang='lat' dir='ltr'><strong>divina</strong></span> <span class='ocrx_word' id='word_1_655' title='bbox 2216 4002 2268 4047; x_wconf 85' lang='lat' dir='ltr'><strong>et</strong></span> <span class='ocrx_word' id='word_1_656' title='bbox 2317 3995 2366 4046; x_wconf 90' lang='lat' dir='ltr'><strong>in</strong></span> <span class='ocrx_word' id='word_1_657' title='bbox 2418 3995 2570 4048; x_wconf 91' lang='lat' dir='ltr'><strong>bonis</strong></span> <span class='ocrx_word' id='word_1_658' title='bbox 2601 3996 2792 4060; x_wconf 89' lang='lat' dir='ltr'><strong>utitur;</strong></span> <span class='ocrx_word' id='word_1_659' title='bbox 2818 3996 2886 4048; x_wconf 92' lang='lat' dir='ltr'><strong>ait</strong></span> <span class='ocrx_word' id='word_1_660' title='bbox 2914 3996 3058 4048; x_wconf 89' lang='lat' dir='ltr'><strong>enim</strong></span> <span class='ocrx_word' id='word_1_661' title='bbox 3101 3997 3153 4047; x_wconf 92' lang='lat' dir='ltr'><strong>in</strong></span> <span class='ocrx_word' id='word_1_662' title='bbox 3201 3995 3420 4051; x_wconf 85' lang='lat' dir='ltr'><strong>Actibus</strong></span> <span class='ocrx_word' id='word_1_663' title='bbox 3449 4011 3576 4064; x_wconf 78' lang='lat' dir='ltr'><strong>apo-</strong></span> 
     </span>
    </p>
   </div>
   <div class='ocr_carea' id='block_1_87' title="bbox 2005 4084 3577 4156">
    <p class='ocr_par' dir='ltr' id='par_1_87' title="bbox 2005 4084 3577 4156">
     <span class='ocr_line' id='line_1_87' title="bbox 2005 4084 3577 4156; baseline 0.001 -16"><span class='ocrx_word' id='word_1_664' title='bbox 2005 4088 2264 4140; x_wconf 84' lang='lat' dir='ltr'><strong>stolorum</strong></span> <span class='ocrx_word' id='word_1_665' title='bbox 2299 4102 2312 4138; x_wconf 90' lang='lat'><strong>:</strong></span> <span class='ocrx_word' id='word_1_666' title='bbox 2347 4085 2473 4139; x_wconf 79' lang='lat' dir='ltr'><strong>Sors</strong></span> <span class='ocrx_word' id='word_1_667' title='bbox 2530 4085 2709 4137; x_wconf 82' lang='lat' dir='ltr'><strong>cecidit</strong></span> <span class='ocrx_word' id='word_1_668' title='bbox 2737 4101 2886 4155; x_wconf 75' lang='lat' dir='ltr'><strong>super</strong></span> <span class='ocrx_word' id='word_1_669' title='bbox 2920 4084 3198 4138; x_wconf 83' lang='lat' dir='ltr'><strong>Matt/tiam</strong></span> <span class='ocrx_word' id='word_1_670' title='bbox 3224 4085 3358 4154; x_wconf 81' lang='lat' dir='ltr'><strong>(Act.</strong></span> <span class='ocrx_word' id='word_1_671' title='bbox 3394 4103 3433 4151; x_wconf 77' lang='grc' dir='ltr'><strong>ι,</strong></span> <span class='ocrx_word' id='word_1_672' title='bbox 3463 4088 3577 4156; x_wconf 73' lang='grc'><strong>26),</strong></span> 
     </span>
    </p>
   </div>
   <div class='ocr_carea' id='block_1_88' title="bbox 2007 4172 3579 4250">
    <p class='ocr_par' dir='ltr' id='par_1_88' title="bbox 2007 4172 3579 4250">
     <span class='ocr_line' id='line_1_88' title="bbox 2007 4172 3579 4250; baseline -0.001 -16"><span class='ocrx_word' id='word_1_673' title='bbox 2007 4172 2188 4250; x_wconf 82' lang='lat' dir='ltr'><strong>utique</strong></span> <span class='ocrx_word' id='word_1_674' title='bbox 2226 4194 2346 4234; x_wconf 91' lang='lat' dir='ltr'><strong>cum</strong></span> <span class='ocrx_word' id='word_1_675' title='bbox 2383 4179 2552 4232; x_wconf 86' lang='lat' dir='ltr'><strong>honor</strong></span> <span class='ocrx_word' id='word_1_676' title='bbox 2591 4179 2662 4232; x_wconf 91' lang='lat' dir='ltr'><strong>illi</strong></span> <span class='ocrx_word' id='word_1_677' title='bbox 2700 4178 3031 4248; x_wconf 83' lang='lat' dir='ltr'><strong>apostolatus</strong></span> <span class='ocrx_word' id='word_1_678' title='bbox 3062 4179 3373 4234; x_wconf 73' lang='lat' dir='ltr'><strong>provenisse</strong></span> <span class='ocrx_word' id='word_1_679' title='bbox 3400 4180 3579 4234; x_wconf 85' lang='lat' dir='ltr'><strong>divino</strong></span> 
     </span>
    </p>
   </div>
   <div class='ocr_carea' id='block_1_89' title="bbox 2001 4270 2509 4341">
    <p class='ocr_par' dir='ltr' id='par_1_89' title="bbox 2001 4270 2509 4341">
     <span class='ocr_line' id='line_1_89' title="bbox 2001 4270 2509 4341; baseline -0.002 -16"><span class='ocrx_word' id='word_1_680' title='bbox 2001 4270 2205 4341; x_wconf 81' lang='lat' dir='ltr'><strong>judicio</strong></span> <span class='ocrx_word' id='word_1_681' title='bbox 2231 4272 2509 4326; x_wconf 86' lang='lat' dir='ltr'><strong>referatur.</strong></span> 
     </span>
    </p>
   </div>
   <div class='ocr_carea' id='block_1_90' title="bbox 2084 4359 3583 4433">
    <p class='ocr_par' dir='ltr' id='par_1_90' title="bbox 2084 4359 3583 4433">
     <span class='ocr_line' id='line_1_90' title="bbox 2084 4359 3583 4433; baseline -0.002 -17"><span class='ocrx_word' id='word_1_682' title='bbox 2084 4361 2233 4418; x_wconf 75' lang='lat' dir='ltr'><strong>Vera.</strong></span> <span class='ocrx_word' id='word_1_683' title='bbox 2265 4363 2317 4417; x_wconf 91' lang='lat'><strong>8.</strong></span> <span class='ocrx_word' id='word_1_684' title='bbox 2348 4361 2657 4416; x_wconf 84' lang='lat' dir='ltr'><strong>Benedicam</strong></span> <span class='ocrx_word' id='word_1_685' title='bbox 2690 4359 2963 4416; x_wconf 87' lang='lat' dir='ltr'><strong>Dominum</strong></span> <span class='ocrx_word' id='word_1_686' title='bbox 2988 4406 3002 4430; x_wconf 88' lang='lat'><strong>,</strong></span> <span class='ocrx_word' id='word_1_687' title='bbox 3037 4362 3123 4433; x_wconf 82' lang='lat' dir='ltr'><strong>qui</strong></span> <span class='ocrx_word' id='word_1_688' title='bbox 3153 4361 3332 4414; x_wconf 84' lang='lat' dir='ltr'><strong>tribuit</strong></span> <span class='ocrx_word' id='word_1_689' title='bbox 3357 4362 3481 4415; x_wconf 84' lang='lat' dir='ltr'><strong>mihi</strong></span> <span class='ocrx_word' id='word_1_690' title='bbox 3503 4363 3583 4414; x_wconf 87' lang='lat' dir='ltr'><strong>in-</strong></span> 
     </span>
    </p>
   </div>
   <div class='ocr_carea' id='block_1_91' title="bbox 2012 4453 3581 4523">
    <p class='ocr_par' dir='ltr' id='par_1_91' title="bbox 2012 4453 3581 4523">
     <span class='ocr_line' id='line_1_91' title="bbox 2012 4453 3581 4523; baseline -0.001 -18"><span class='ocrx_word' id='word_1_691' title='bbox 2012 4455 2273 4507; x_wconf 81' lang='lat' dir='ltr'><strong>tellectum</strong></span> <span class='ocrx_word' id='word_1_692' title='bbox 2303 4468 2320 4506; x_wconf 91' lang='lat'><strong><em>:</em></strong></span> <span class='ocrx_word' id='word_1_693' title='bbox 2352 4453 2563 4516; x_wconf 75' lang='lat' dir='ltr'><strong>insuper</strong></span> <span class='ocrx_word' id='word_1_694' title='bbox 2591 4461 2638 4505; x_wconf 88' lang='lat' dir='ltr'><strong>et</strong></span> <span class='ocrx_word' id='word_1_695' title='bbox 2668 4469 2825 4523; x_wconf 80' lang='lat' dir='ltr'><strong>usque</strong></span> <span class='ocrx_word' id='word_1_696' title='bbox 2859 4453 2927 4504; x_wconf 83' lang='lat' dir='ltr'><strong>ad</strong></span> <span class='ocrx_word' id='word_1_697' title='bbox 2978 4463 3172 4505; x_wconf 83' lang='lat' dir='ltr'><strong>noctem</strong></span> <span class='ocrx_word' id='word_1_698' title='bbox 3219 4453 3581 4523; x_wconf 80' lang='lat' dir='ltr'><strong>inerepaerunt</strong></span> 
     </span>
    </p>
   </div>
   <div class='ocr_carea' id='block_1_92' title="bbox 310 4523 3586 4611">
    <p class='ocr_par' dir='ltr' id='par_1_92' title="bbox 310 4523 3586 4611">
     <span class='ocr_line' id='line_1_92' title="bbox 310 4523 3586 4611; baseline 0 -15"><span class='ocrx_word' id='word_1_699' title='bbox 310 4544 428 4596; x_wconf 86' lang='lat' dir='ltr'><strong>duo</strong></span> <span class='ocrx_word' id='word_1_700' title='bbox 454 4542 541 4596; x_wconf 90' lang='lat' dir='ltr'><strong>hic</strong></span> <span class='ocrx_word' id='word_1_701' title='bbox 567 4541 827 4594; x_wconf 86' lang='lat' dir='ltr'><strong>debemus</strong></span> <span class='ocrx_word' id='word_1_702' title='bbox 852 4543 1000 4610; x_wconf 87' lang='lat' dir='ltr'><strong>accip</strong></span> <span class='ocrx_word' id='word_1_703' title='bbox 1037 4557 1094 4595; x_wconf 91' lang='lat' dir='ltr'><strong>re</strong></span> <span class='ocrx_word' id='word_1_704' title='bbox 1119 4540 1482 4606; x_wconf 51' lang='lat' dir='ltr'><strong>Testamenta,</strong></span> <span class='ocrx_word' id='word_1_705' title='bbox 1536 4542 1634 4610; x_wconf 82' lang='lat' dir='ltr'><strong>per</strong></span> <span class='ocrx_word' id='word_1_706' title='bbox 1660 4557 1778 4604; x_wconf 70' lang='lat' dir='ltr'><strong>ante</strong></span> <span class='ocrx_word' id='word_1_707' title='bbox 1816 4555 1908 4593; x_wconf 78' lang='grc' dir='ltr'><strong>νο-</strong></span> <span class='ocrx_word' id='word_1_708' title='bbox 1941 4523 1991 4581; x_wconf 86' lang='grc' dir='ltr'>Ῑ)</span> <span class='ocrx_word' id='word_1_709' title='bbox 2018 4561 2096 4597; x_wconf 84' lang='lat' dir='ltr'><strong>me</strong></span> <span class='ocrx_word' id='word_1_710' title='bbox 2125 4560 2266 4598; x_wconf 81' lang='lat' dir='ltr'><strong>renes</strong></span> <span class='ocrx_word' id='word_1_711' title='bbox 2299 4544 2414 4596; x_wconf 72' lang='grc' dir='ltr'><strong>ηυξ.</strong></span> <span class='ocrx_word' id='word_1_712' title='bbox 2466 4545 2540 4597; x_wconf 81' lang='lat' dir='ltr'><strong>Ad</strong></span> <span class='ocrx_word' id='word_1_713' title='bbox 2571 4544 2859 4597; x_wconf 85' lang='lat' dir='ltr'><strong>secundam</strong></span> <span class='ocrx_word' id='word_1_714' title='bbox 2913 4556 3223 4611; x_wconf 87' lang='lat' dir='ltr'><strong>perventum</strong></span> <span class='ocrx_word' id='word_1_715' title='bbox 3273 4554 3354 4597; x_wconf 87' lang='lat' dir='ltr'><strong>est</strong></span> <span class='ocrx_word' id='word_1_716' title='bbox 3384 4544 3586 4598; x_wconf 71' lang='lat' dir='ltr'><strong>set-tio-</strong></span> 
     </span>
    </p>
   </div>
   <div class='ocr_carea' id='block_1_93' title="bbox 315 4631 1909 4701">
    <p class='ocr_par' dir='ltr' id='par_1_93' title="bbox 315 4631 1909 4701">
     <span class='ocr_line' id='line_1_93' title="bbox 315 4631 1909 4701; baseline -0.001 -14"><span class='ocrx_word' id='word_1_717' title='bbox 315 4637 563 4687; x_wconf 82' lang='lat' dir='ltr'><strong>luntates</strong></span> <span class='ocrx_word' id='word_1_718' title='bbox 609 4632 731 4701; x_wconf 82' lang='lat' dir='ltr'><strong>ejus</strong></span> <span class='ocrx_word' id='word_1_719' title='bbox 759 4635 1057 4686; x_wconf 84' lang='lat' dir='ltr'><strong>enuttliatas</strong></span> <span class='ocrx_word' id='word_1_720' title='bbox 1100 4647 1220 4686; x_wconf 80' lang='lat' dir='ltr'><strong>esse</strong></span> <span class='ocrx_word' id='word_1_721' title='bbox 1259 4633 1649 4701; x_wconf 75' lang='lat' dir='ltr'><strong>cognoscimus.</strong></span> <span class='ocrx_word' id='word_1_722' title='bbox 1683 4631 1909 4686; x_wconf 79' lang='lat' dir='ltr'><strong>l’ulcltre</strong></span> 
     </span>
    </p>
   </div>
   <div class='ocr_carea' id='block_1_94' title="bbox 313 4724 1910 4794">
    <p class='ocr_par' dir='ltr' id='par_1_94' title="bbox 313 4724 1910 4794">
     <span class='ocr_line' id='line_1_94' title="bbox 313 4724 1910 4794; baseline -0.001 -14"><span class='ocrx_word' id='word_1_723' title='bbox 313 4739 508 4782; x_wconf 79' lang='lat' dir='ltr'><strong>autem</strong></span> <span class='ocrx_word' id='word_1_724' title='bbox 533 4725 676 4780; x_wconf 88' lang='lat' dir='ltr'><strong>dicta</strong></span> <span class='ocrx_word' id='word_1_725' title='bbox 705 4733 828 4780; x_wconf 85' lang='lat' dir='ltr'><strong>sunt</strong></span> <span class='ocrx_word' id='word_1_726' title='bbox 858 4727 1013 4793; x_wconf 84' lang='lat' dir='ltr'><strong>labia,</strong></span> <span class='ocrx_word' id='word_1_727' title='bbox 1073 4726 1288 4794; x_wconf 88' lang='lat' dir='ltr'><strong>quando</strong></span> <span class='ocrx_word' id='word_1_728' title='bbox 1314 4736 1536 4792; x_wconf 82' lang='lat' dir='ltr'><strong>utraque</strong></span> <span class='ocrx_word' id='word_1_729' title='bbox 1565 4740 1784 4792; x_wconf 80' lang='lat' dir='ltr'><strong>regnum</strong></span> <span class='ocrx_word' id='word_1_730' title='bbox 1817 4724 1910 4778; x_wconf 87' lang='lat' dir='ltr'><strong>Dei</strong></span> 
     </span>
    </p>
   </div>
   <div class='ocr_carea' id='block_1_95' title="bbox 317 4814 1908 4886">
    <p class='ocr_par' dir='ltr' id='par_1_95' title="bbox 317 4814 1908 4886">
     <span class='ocr_line' id='line_1_95' title="bbox 317 4814 1908 4886; baseline -0.001 -16"><span class='ocrx_word' id='word_1_731' title='bbox 317 4817 649 4886; x_wconf 62' lang='lat' dir='ltr'><strong>prmdicant,</strong></span> <span class='ocrx_word' id='word_1_732' title='bbox 678 4826 732 4870; x_wconf 89' lang='lat' dir='ltr'><strong>et</strong></span> <span class='ocrx_word' id='word_1_733' title='bbox 764 4818 816 4869; x_wconf 90' lang='lat' dir='ltr'><strong>in</strong></span> <span class='ocrx_word' id='word_1_734' title='bbox 846 4817 1002 4868; x_wconf 82' lang='lat' dir='ltr'><strong>utrius</strong></span> <span class='ocrx_word' id='word_1_735' title='bbox 1052 4815 1172 4869; x_wconf 87' lang='lat' dir='ltr'><strong>soni</strong></span> <span class='ocrx_word' id='word_1_736' title='bbox 1215 4815 1499 4870; x_wconf 84' lang='lat' dir='ltr'><strong>concordia</strong></span> <span class='ocrx_word' id='word_1_737' title='bbox 1527 4856 1541 4880; x_wconf 94' lang='lat'><strong>,</strong></span> <span class='ocrx_word' id='word_1_738' title='bbox 1585 4816 1723 4869; x_wconf 90' lang='lat' dir='ltr'><strong>sicut</strong></span> <span class='ocrx_word' id='word_1_739' title='bbox 1768 4814 1908 4868; x_wconf 85' lang='lat' dir='ltr'><strong>labia</strong></span> 
     </span>
    </p>
   </div>
   <div class='ocr_carea' id='block_1_96' title="bbox 317 4907 1908 4979">
    <p class='ocr_par' dir='ltr' id='par_1_96' title="bbox 317 4907 1908 4979">
     <span class='ocr_line' id='line_1_96' title="bbox 317 4907 1908 4979; baseline -0.002 -14"><span class='ocrx_word' id='word_1_740' title='bbox 317 4919 704 4979; x_wconf 84' lang='lat' dir='ltr'><strong>temperantur</strong></span> <span class='ocrx_word' id='word_1_741' title='bbox 729 4951 744 4975; x_wconf 95' lang='lat'><strong>,</strong></span> <span class='ocrx_word' id='word_1_742' title='bbox 791 4908 916 4962; x_wconf 91' lang='lat' dir='ltr'><strong>dum</strong></span> <span class='ocrx_word' id='word_1_743' title='bbox 965 4909 1146 4964; x_wconf 87' lang='lat' dir='ltr'><strong>cordis</strong></span> <span class='ocrx_word' id='word_1_744' title='bbox 1187 4909 1257 4963; x_wconf 86' lang='lat' dir='ltr'><strong>sit</strong></span> <span class='ocrx_word' id='word_1_745' title='bbox 1299 4908 1580 4962; x_wconf 80' lang='lat' dir='ltr'><strong>memoria.</strong></span> <span class='ocrx_word' id='word_1_746' title='bbox 1615 4907 1751 4962; x_wconf 87' lang='lat' dir='ltr'><strong>Dicit</strong></span> <span class='ocrx_word' id='word_1_747' title='bbox 1780 4909 1864 4961; x_wconf 87' lang='lat' dir='ltr'><strong>hic</strong></span> <span class='ocrx_word' id='word_1_748' title='bbox 1895 4925 1908 4962; x_wconf 90' lang='lat'><strong>:</strong></span> 
     </span>
    </p>
   </div>
   <div class='ocr_carea' id='block_1_97' title="bbox 317 5001 1912 5071">
    <p class='ocr_par' dir='ltr' id='par_1_97' title="bbox 317 5001 1912 5071">
     <span class='ocr_line' id='line_1_97' title="bbox 317 5001 1912 5071; baseline -0.002 -14"><span class='ocrx_word' id='word_1_749' title='bbox 317 5004 445 5059; x_wconf 78' lang='lat' dir='ltr'><strong>Nec</strong></span> <span class='ocrx_word' id='word_1_750' title='bbox 479 5017 674 5055; x_wconf 74' lang='lat' dir='ltr'><strong>memor</strong></span> <span class='ocrx_word' id='word_1_751' title='bbox 703 5017 790 5054; x_wconf 82' lang='lat' dir='ltr'><strong>ero</strong></span> <span class='ocrx_word' id='word_1_752' title='bbox 820 5003 1082 5055; x_wconf 82' lang='lat' dir='ltr'><strong>nominum</strong></span> <span class='ocrx_word' id='word_1_753' title='bbox 1119 5018 1292 5055; x_wconf 82' lang='lat' dir='ltr'><strong>eorum</strong></span> <span class='ocrx_word' id='word_1_754' title='bbox 1323 5020 1410 5071; x_wconf 87' lang='lat' dir='ltr'><strong>per</strong></span> <span class='ocrx_word' id='word_1_755' title='bbox 1439 5001 1575 5055; x_wconf 85' lang='lat' dir='ltr'><strong>labia</strong></span> <span class='ocrx_word' id='word_1_756' title='bbox 1605 5018 1734 5055; x_wconf 88' lang='lat' dir='ltr'><strong>meo.</strong></span> <span class='ocrx_word' id='word_1_757' title='bbox 1759 5002 1912 5067; x_wconf 82' lang='lat' dir='ltr'><strong>Quod</strong></span> 
     </span>
    </p>
   </div>
   <div class='ocr_carea' id='block_1_98' title="bbox 315 5093 1914 5164">
    <p class='ocr_par' dir='ltr' id='par_1_98' title="bbox 315 5093 1914 5164">
     <span class='ocr_line' id='line_1_98' title="bbox 315 5093 1914 5164; baseline -0.001 -14"><span class='ocrx_word' id='word_1_758' title='bbox 315 5098 472 5151; x_wconf 85' lang='lat' dir='ltr'><strong>inter</strong></span> <span class='ocrx_word' id='word_1_759' title='bbox 504 5096 718 5164; x_wconf 87' lang='lat' dir='ltr'><strong>propria</strong></span> <span class='ocrx_word' id='word_1_760' title='bbox 771 5095 1063 5164; x_wconf 72' lang='lat' dir='ltr'><strong>Scriptura:</strong></span> <span class='ocrx_word' id='word_1_761' title='bbox 1109 5096 1303 5149; x_wconf 78' lang='lat' dir='ltr'><strong>divina:</strong></span> <span class='ocrx_word' id='word_1_762' title='bbox 1342 5095 1602 5149; x_wconf 86' lang='lat' dir='ltr'><strong>debemus</strong></span> <span class='ocrx_word' id='word_1_763' title='bbox 1651 5093 1914 5162; x_wconf 80' lang='lat' dir='ltr'><strong>accipere,</strong></span> 
     </span>
    </p>
   </div>
   <div class='ocr_carea' id='block_1_99' title="bbox 314 5183 1921 5256">
    <p class='ocr_par' dir='ltr' id='par_1_99' title="bbox 314 5183 1921 5256">
     <span class='ocr_line' id='line_1_99' title="bbox 314 5183 1921 5256; baseline -0.002 -15"><span class='ocrx_word' id='word_1_764' title='bbox 314 5191 470 5241; x_wconf 73' lang='lat' dir='ltr'><strong>sit-ut</strong></span> <span class='ocrx_word' id='word_1_765' title='bbox 515 5199 568 5240; x_wconf 85' lang='lat' dir='ltr'><strong>et</strong></span> <span class='ocrx_word' id='word_1_766' title='bbox 599 5189 651 5240; x_wconf 89' lang='lat' dir='ltr'><strong>in</strong></span> <span class='ocrx_word' id='word_1_767' title='bbox 703 5189 933 5256; x_wconf 87' lang='lat' dir='ltr'><strong>septimo</strong></span> <span class='ocrx_word' id='word_1_768' title='bbox 957 5229 972 5254; x_wconf 93' lang='lat'><strong>,</strong></span> <span class='ocrx_word' id='word_1_769' title='bbox 1005 5187 1139 5240; x_wconf 84' lang='lat' dir='ltr'><strong>etin</strong></span> <span class='ocrx_word' id='word_1_770' title='bbox 1172 5186 1379 5241; x_wconf 84' lang='lat' dir='ltr'><strong>decimo</strong></span> <span class='ocrx_word' id='word_1_771' title='bbox 1435 5186 1640 5254; x_wconf 79' lang='lat' dir='ltr'><strong>psalmo</strong></span> <span class='ocrx_word' id='word_1_772' title='bbox 1683 5183 1792 5254; x_wconf 81' lang='lat' dir='ltr'><strong>jam</strong></span> <span class='ocrx_word' id='word_1_773' title='bbox 1839 5185 1921 5239; x_wconf 86' lang='lat' dir='ltr'><strong>di-</strong></span> 
     </span>
    </p>
   </div>
   <div class='ocr_carea' id='block_1_100' title="bbox 321 5287 608 5332">
    <p class='ocr_par' dir='ltr' id='par_1_100' title="bbox 321 5287 608 5332">
     <span class='ocr_line' id='line_1_100' title="bbox 321 5287 608 5332; baseline -0.007 0"><span class='ocrx_word' id='word_1_774' title='bbox 321 5289 475 5332; x_wconf 78' lang='lat' dir='ltr'><strong>:tutn</strong></span> <span class='ocrx_word' id='word_1_775' title='bbox 501 5287 608 5330; x_wconf 62' lang='lat' dir='ltr'><strong>esu</strong></span> 
     </span>
    </p>
   </div>
   <div class='ocr_carea' id='block_1_101' title="bbox 399 5366 1917 5436">
    <p class='ocr_par' dir='ltr' id='par_1_101' title="bbox 399 5366 1917 5436">
     <span class='ocr_line' id='line_1_101' title="bbox 399 5366 1917 5436; baseline -0.001 -16"><span class='ocrx_word' id='word_1_776' title='bbox 399 5367 562 5423; x_wconf 57' lang='grc' dir='ltr'><strong>ἵετε.</strong></span> <span class='ocrx_word' id='word_1_777' title='bbox 596 5368 648 5420; x_wconf 81' lang='lat'><strong>6.</strong></span> <span class='ocrx_word' id='word_1_778' title='bbox 697 5366 946 5421; x_wconf 76' lang='lat' dir='ltr'><strong>Dominus</strong></span> <span class='ocrx_word' id='word_1_779' title='bbox 981 5386 1099 5436; x_wconf 71' lang='lat' dir='ltr'><strong>pars</strong></span> <span class='ocrx_word' id='word_1_780' title='bbox 1144 5368 1456 5421; x_wconf 73' lang='lat' dir='ltr'><strong>hrcreditatis</strong></span> <span class='ocrx_word' id='word_1_781' title='bbox 1511 5384 1634 5420; x_wconf 81' lang='lat' dir='ltr'><strong>mete</strong></span> <span class='ocrx_word' id='word_1_782' title='bbox 1665 5377 1711 5420; x_wconf 85' lang='lat' dir='ltr'><strong>et</strong></span> <span class='ocrx_word' id='word_1_783' title='bbox 1741 5367 1917 5420; x_wconf 85' lang='lat' dir='ltr'><strong>colicis</strong></span> 
     </span>
    </p>
   </div>
   <div class='ocr_carea' id='block_1_102' title="bbox 313 5460 1915 5526">
    <p class='ocr_par' dir='ltr' id='par_1_102' title="bbox 313 5460 1915 5526">
     <span class='ocr_line' id='line_1_102' title="bbox 313 5460 1915 5526; baseline -0.003 -10"><span class='ocrx_word' id='word_1_784' title='bbox 313 5461 430 5516; x_wconf 74' lang='lat' dir='ltr'><strong>mei</strong></span> <span class='ocrx_word' id='word_1_785' title='bbox 449 5477 464 5510; x_wconf 92' lang='lat'><em>:</em></span> <span class='ocrx_word' id='word_1_786' title='bbox 482 5472 532 5512; x_wconf 81' lang='lat' dir='ltr'><strong>tu</strong></span> <span class='ocrx_word' id='word_1_787' title='bbox 546 5477 598 5514; x_wconf 74' lang='lat' dir='ltr'><strong>es</strong></span> <span class='ocrx_word' id='word_1_788' title='bbox 619 5463 707 5526; x_wconf 82' lang='lat' dir='ltr'><strong>qui</strong></span> <span class='ocrx_word' id='word_1_789' title='bbox 728 5461 960 5515; x_wconf 69' lang='lat' dir='ltr'><strong>restitues</strong></span> <span class='ocrx_word' id='word_1_790' title='bbox 981 5461 1102 5514; x_wconf 88' lang='lat' dir='ltr'><strong>mihi</strong></span> <span class='ocrx_word' id='word_1_791' title='bbox 1123 5463 1465 5515; x_wconf 80' lang='lat' dir='ltr'><strong>hreredt&#39;tatetn</strong></span> <span class='ocrx_word' id='word_1_792' title='bbox 1482 5477 1665 5515; x_wconf 85' lang='lat' dir='ltr'><strong>meam.</strong></span> <span class='ocrx_word' id='word_1_793' title='bbox 1695 5460 1915 5512; x_wconf 73' lang='lat' dir='ltr'><strong>Beatum</strong></span> 
     </span>
    </p>
   </div>
   <div class='ocr_carea' id='block_1_103' title="bbox 313 5551 1920 5623">
    <p class='ocr_par' dir='ltr' id='par_1_103' title="bbox 313 5551 1920 5623">
     <span class='ocr_line' id='line_1_103' title="bbox 313 5551 1920 5623; baseline -0.003 -14"><span class='ocrx_word' id='word_1_794' title='bbox 313 5569 524 5609; x_wconf 80' lang='lat' dir='ltr'><strong>revera</strong></span> <span class='ocrx_word' id='word_1_795' title='bbox 554 5554 917 5622; x_wconf 70' lang='lat' dir='ltr'><strong>magisterium</strong></span> <span class='ocrx_word' id='word_1_796' title='bbox 934 5554 1060 5608; x_wconf 88' lang='lat' dir='ltr'><strong>illud</strong></span> <span class='ocrx_word' id='word_1_797' title='bbox 1073 5555 1294 5622; x_wconf 81' lang='lat' dir='ltr'><strong>eligere,</strong></span> <span class='ocrx_word' id='word_1_798' title='bbox 1311 5553 1452 5623; x_wconf 90' lang='lat' dir='ltr'><strong>quod</strong></span> <span class='ocrx_word' id='word_1_799' title='bbox 1476 5568 1746 5621; x_wconf 87' lang='lat' dir='ltr'><strong>nunquam</strong></span> <span class='ocrx_word' id='word_1_800' title='bbox 1770 5551 1920 5607; x_wconf 87' lang='lat' dir='ltr'><strong>novit</strong></span> 
     </span>
    </p>
   </div>
   <div class='ocr_carea' id='block_1_104' title="bbox 311 5645 1914 5712">
    <p class='ocr_par' dir='ltr' id='par_1_104' title="bbox 311 5645 1914 5712">
     <span class='ocr_line' id='line_1_104' title="bbox 311 5645 1914 5712; baseline -0.003 -10"><span class='ocrx_word' id='word_1_801' title='bbox 311 5649 394 5702; x_wconf 78' lang='lat' dir='ltr'><strong>ali</strong></span> <span class='ocrx_word' id='word_1_802' title='bbox 425 5661 509 5711; x_wconf 71' lang='grc' dir='ltr'><strong>μη</strong></span> <span class='ocrx_word' id='word_1_803' title='bbox 542 5648 929 5712; x_wconf 87' lang='lat' dir='ltr'><strong>permutatione</strong></span> <span class='ocrx_word' id='word_1_804' title='bbox 963 5647 1209 5702; x_wconf 86' lang='lat' dir='ltr'><strong>transire.</strong></span> <span class='ocrx_word' id='word_1_805' title='bbox 1238 5646 1367 5701; x_wconf 87' lang='lat' dir='ltr'><strong>Tale</strong></span> <span class='ocrx_word' id='word_1_806' title='bbox 1397 5655 1478 5700; x_wconf 84' lang='lat' dir='ltr'><strong>est</strong></span> <span class='ocrx_word' id='word_1_807' title='bbox 1499 5647 1640 5699; x_wconf 82' lang='lat' dir='ltr'><strong>enim</strong></span> <span class='ocrx_word' id='word_1_808' title='bbox 1671 5661 1732 5700; x_wconf 88' lang='lat' dir='ltr'><strong>ac</strong></span> <span class='ocrx_word' id='word_1_809' title='bbox 1762 5646 1805 5699; x_wconf 92' lang='lat' dir='ltr'><strong>si</strong></span> <span class='ocrx_word' id='word_1_810' title='bbox 1827 5645 1914 5698; x_wconf 90' lang='lat' dir='ltr'><strong>di-</strong></span> 
     </span>
    </p>
   </div>
   <div class='ocr_carea' id='block_1_105' title="bbox 310 5737 1916 5805">
    <p class='ocr_par' dir='ltr' id='par_1_105' title="bbox 310 5737 1916 5805">
     <span class='ocr_line' id='line_1_105' title="bbox 310 5737 1916 5805; baseline 0.002 -19"><span class='ocrx_word' id='word_1_811' title='bbox 310 5749 484 5791; x_wconf 75' lang='lat' dir='ltr'><strong>Ceret</strong></span> <span class='ocrx_word' id='word_1_812' title='bbox 511 5756 522 5788; x_wconf 89' lang='lat'><strong>:</strong></span> <span class='ocrx_word' id='word_1_813' title='bbox 557 5738 763 5802; x_wconf 70' lang='lat' dir='ltr'><strong>Eligant</strong></span> <span class='ocrx_word' id='word_1_814' title='bbox 786 5740 885 5793; x_wconf 86' lang='lat' dir='ltr'><strong>sibi</strong></span> <span class='ocrx_word' id='word_1_815' title='bbox 918 5742 1003 5792; x_wconf 81' lang='lat' dir='ltr'><strong>alii</strong></span> <span class='ocrx_word' id='word_1_816' title='bbox 1039 5739 1330 5792; x_wconf 78' lang='lat' dir='ltr'><strong>mundanas</strong></span> <span class='ocrx_word' id='word_1_817' title='bbox 1350 5737 1831 5805; x_wconf 78' lang='lat' dir='ltr'><strong>concupiscentias,</strong></span> <span class='ocrx_word' id='word_1_818' title='bbox 1863 5747 1916 5790; x_wconf 87' lang='lat' dir='ltr'><strong>et</strong></span> 
     </span>
    </p>
   </div>
   <div class='ocr_carea' id='block_1_106' title="bbox 2019 4632 3586 4701">
    <p class='ocr_par' dir='ltr' id='par_1_106' title="bbox 2019 4632 3586 4701">
     <span class='ocr_line' id='line_1_106' title="bbox 2019 4632 3586 4701; baseline -0.002 -13"><span class='ocrx_word' id='word_1_819' title='bbox 2019 4650 2162 4700; x_wconf 91' lang='lat' dir='ltr'><strong>nem,</strong></span> <span class='ocrx_word' id='word_1_820' title='bbox 2195 4635 2246 4688; x_wconf 93' lang='lat' dir='ltr'><strong>in</strong></span> <span class='ocrx_word' id='word_1_821' title='bbox 2286 4649 2386 4699; x_wconf 88' lang='lat' dir='ltr'><strong>qua</strong></span> <span class='ocrx_word' id='word_1_822' title='bbox 2415 4632 2662 4686; x_wconf 87' lang='lat' dir='ltr'><strong>subtilius</strong></span> <span class='ocrx_word' id='word_1_823' title='bbox 2693 4633 3030 4701; x_wconf 82' lang='lat' dir='ltr'><strong>intelligenda</strong></span> <span class='ocrx_word' id='word_1_824' title='bbox 3062 4641 3144 4686; x_wconf 88' lang='lat' dir='ltr'><strong>est</strong></span> <span class='ocrx_word' id='word_1_825' title='bbox 3189 4642 3370 4685; x_wconf 89' lang='lat' dir='ltr'><strong>sancta</strong></span> <span class='ocrx_word' id='word_1_826' title='bbox 3399 4635 3586 4701; x_wconf 65' lang='lat' dir='ltr'><strong>praedi-</strong></span> 
     </span>
    </p>
   </div>
   <div class='ocr_carea' id='block_1_107' title="bbox 2016 4722 3588 4792">
    <p class='ocr_par' dir='ltr' id='par_1_107' title="bbox 2016 4722 3588 4792">
     <span class='ocr_line' id='line_1_107' title="bbox 2016 4722 3588 4792; baseline -0.003 -12"><span class='ocrx_word' id='word_1_827' title='bbox 2016 4727 2178 4780; x_wconf 84' lang='lat' dir='ltr'><strong>catio.</strong></span> <span class='ocrx_word' id='word_1_828' title='bbox 2211 4725 2418 4791; x_wconf 83' lang='lat' dir='ltr'><strong>Quanta</strong></span> <span class='ocrx_word' id='word_1_829' title='bbox 2451 4723 2780 4792; x_wconf 88' lang='lat' dir='ltr'><strong>providentia</strong></span> <span class='ocrx_word' id='word_1_830' title='bbox 2807 4723 2915 4792; x_wconf 87' lang='lat' dir='ltr'><strong>jam</strong></span> <span class='ocrx_word' id='word_1_831' title='bbox 2934 4731 3058 4776; x_wconf 89' lang='lat' dir='ltr'><strong>tunc</strong></span> <span class='ocrx_word' id='word_1_832' title='bbox 3081 4722 3313 4776; x_wconf 61' lang='lat' dir='ltr'><strong>haereses</strong></span> <span class='ocrx_word' id='word_1_833' title='bbox 3340 4731 3588 4776; x_wconf 82' lang='lat' dir='ltr'><strong>venturas</strong></span> 
     </span>
    </p>
   </div>
   <div class='ocr_carea' id='block_1_108' title="bbox 2019 4813 3590 4878">
    <p class='ocr_par' dir='ltr' id='par_1_108' title="bbox 2019 4813 3590 4878">
     <span class='ocr_line' id='line_1_108' title="bbox 2019 4813 3590 4878; baseline -0.003 -7"><span class='ocrx_word' id='word_1_834' title='bbox 2019 4816 2349 4878; x_wconf 82' lang='lat' dir='ltr'><strong>excluserit,</strong></span> <span class='ocrx_word' id='word_1_835' title='bbox 2405 4825 2460 4867; x_wconf 91' lang='lat' dir='ltr'><strong>ut</strong></span> <span class='ocrx_word' id='word_1_836' title='bbox 2511 4814 2807 4867; x_wconf 85' lang='lat' dir='ltr'><strong>incarnatio</strong></span> <span class='ocrx_word' id='word_1_837' title='bbox 2833 4813 3099 4866; x_wconf 83' lang='lat' dir='ltr'><strong>dominica</strong></span> <span class='ocrx_word' id='word_1_838' title='bbox 3130 4813 3456 4866; x_wconf 85' lang='lat' dir='ltr'><strong>intellectum</strong></span> <span class='ocrx_word' id='word_1_839' title='bbox 3489 4813 3590 4867; x_wconf 89' lang='lat' dir='ltr'><strong>sibi</strong></span> 
     </span>
    </p>
   </div>
   <div class='ocr_carea' id='block_1_109' title="bbox 2022 4903 3591 4978">
    <p class='ocr_par' dir='ltr' id='par_1_109' title="bbox 2022 4903 3591 4978">
     <span class='ocr_line' id='line_1_109' title="bbox 2022 4903 3591 4978; baseline -0.005 -16"><span class='ocrx_word' id='word_1_840' title='bbox 2022 4908 2422 4978; x_wconf 88' lang='lat' dir='ltr'><strong>pronuntiasset</strong></span> <span class='ocrx_word' id='word_1_841' title='bbox 2447 4921 2474 4959; x_wconf 90' lang='lat' dir='ltr'><strong>a</strong></span> <span class='ocrx_word' id='word_1_842' title='bbox 2503 4906 2727 4960; x_wconf 89' lang='lat' dir='ltr'><strong>Domino</strong></span> <span class='ocrx_word' id='word_1_843' title='bbox 2778 4904 3177 4969; x_wconf 79' lang='lat' dir='ltr'><strong>eontributum;</strong></span> <span class='ocrx_word' id='word_1_844' title='bbox 3214 4905 3360 4957; x_wconf 88' lang='lat' dir='ltr'><strong>illum</strong></span> <span class='ocrx_word' id='word_1_845' title='bbox 3391 4903 3591 4958; x_wconf 88' lang='lat' dir='ltr'><strong>scilicet</strong></span> 
     </span>
    </p>
   </div>
   <div class='ocr_carea' id='block_1_110' title="bbox 2023 4995 3592 5067">
    <p class='ocr_par' dir='ltr' id='par_1_110' title="bbox 2023 4995 3592 5067">
     <span class='ocr_line' id='line_1_110' title="bbox 2023 4995 3592 5067; baseline -0.004 -15"><span class='ocrx_word' id='word_1_846' title='bbox 2023 5014 2128 5067; x_wconf 92' lang='lat' dir='ltr'><strong>quo</strong></span> <span class='ocrx_word' id='word_1_847' title='bbox 2151 4999 2325 5052; x_wconf 84' lang='lat' dir='ltr'><strong>omnia</strong></span> <span class='ocrx_word' id='word_1_848' title='bbox 2353 5013 2475 5052; x_wconf 91' lang='lat' dir='ltr'><strong>vera</strong></span> <span class='ocrx_word' id='word_1_849' title='bbox 2499 5007 2788 5064; x_wconf 88' lang='lat' dir='ltr'><strong>sanctaque</strong></span> <span class='ocrx_word' id='word_1_850' title='bbox 2808 4996 3064 5050; x_wconf 88' lang='lat' dir='ltr'><strong>cernebat</strong></span> <span class='ocrx_word' id='word_1_851' title='bbox 3092 5013 3105 5049; x_wconf 88' lang='lat'><strong>:</strong></span> <span class='ocrx_word' id='word_1_852' title='bbox 3141 5010 3206 5049; x_wconf 87' lang='lat' dir='ltr'><strong>ne</strong></span> <span class='ocrx_word' id='word_1_853' title='bbox 3229 4995 3351 5065; x_wconf 86' lang='lat' dir='ltr'><strong>quid</strong></span> <span class='ocrx_word' id='word_1_854' title='bbox 3376 4995 3474 5048; x_wconf 89' lang='lat' dir='ltr'><strong>sibi</strong></span> <span class='ocrx_word' id='word_1_855' title='bbox 3501 4996 3592 5046; x_wconf 85' lang='lat' dir='ltr'><strong>lur-</strong></span> 
     </span>
    </p>
   </div>
   <div class='ocr_carea' id='block_1_111' title="bbox 2027 5085 3594 5155">
    <p class='ocr_par' dir='ltr' id='par_1_111' title="bbox 2027 5085 3594 5155">
     <span class='ocr_line' id='line_1_111' title="bbox 2027 5085 3594 5155; baseline -0.004 -14"><span class='ocrx_word' id='word_1_856' title='bbox 2027 5103 2183 5142; x_wconf 89' lang='lat' dir='ltr'><strong>mana</strong></span> <span class='ocrx_word' id='word_1_857' title='bbox 2212 5087 2493 5141; x_wconf 88' lang='lat' dir='ltr'><strong>infirmitas</strong></span> <span class='ocrx_word' id='word_1_858' title='bbox 2519 5087 2833 5155; x_wconf 81' lang='lat' dir='ltr'><strong>applicaret,</strong></span> <span class='ocrx_word' id='word_1_859' title='bbox 2868 5100 2988 5139; x_wconf 91' lang='lat' dir='ltr'><strong>cum</strong></span> <span class='ocrx_word' id='word_1_860' title='bbox 3019 5085 3178 5138; x_wconf 88' lang='lat' dir='ltr'><strong>nullis</strong></span> <span class='ocrx_word' id='word_1_861' title='bbox 3223 5085 3430 5140; x_wconf 89' lang='lat' dir='ltr'><strong>meritis</strong></span> <span class='ocrx_word' id='word_1_862' title='bbox 3461 5100 3594 5153; x_wconf 71' lang='lat' dir='ltr'><strong>pra:-</strong></span> 
     </span>
    </p>
   </div>
   <div class='ocr_carea' id='block_1_112' title="bbox 2025 5178 3595 5247">
    <p class='ocr_par' dir='ltr' id='par_1_112' title="bbox 2025 5178 3595 5247">
     <span class='ocr_line' id='line_1_112' title="bbox 2025 5178 3595 5247; baseline -0.002 -15"><span class='ocrx_word' id='word_1_863' title='bbox 2025 5180 2360 5244; x_wconf 83' lang='lat' dir='ltr'><strong>cedentibus,</strong></span> <span class='ocrx_word' id='word_1_864' title='bbox 2385 5178 2478 5232; x_wconf 90' lang='lat' dir='ltr'><strong>sed</strong></span> <span class='ocrx_word' id='word_1_865' title='bbox 2501 5179 2680 5247; x_wconf 65' lang='lat' dir='ltr'><strong>gratiis</strong></span> <span class='ocrx_word' id='word_1_866' title='bbox 2700 5179 2938 5246; x_wconf 76' lang='lat' dir='ltr'><strong>largitate</strong></span> <span class='ocrx_word' id='word_1_867' title='bbox 2959 5179 3226 5246; x_wconf 89' lang='lat' dir='ltr'><strong>profutura</strong></span> <span class='ocrx_word' id='word_1_868' title='bbox 3257 5185 3595 5244; x_wconf 73' lang='lat' dir='ltr'><strong>prmstentur.</strong></span> 
     </span>
    </p>
   </div>
   <div class='ocr_carea' id='block_1_113' title="bbox 2026 5268 3594 5339">
    <p class='ocr_par' dir='ltr' id='par_1_113' title="bbox 2026 5268 3594 5339">
     <span class='ocr_line' id='line_1_113' title="bbox 2026 5268 3594 5339; baseline -0.004 -12"><span class='ocrx_word' id='word_1_869' title='bbox 2026 5273 2304 5339; x_wconf 79' lang='lat' dir='ltr'><strong>Sequitur.</strong></span> <span class='ocrx_word' id='word_1_870' title='bbox 2338 5274 2694 5339; x_wconf 81' lang='lat' dir='ltr'><strong>increpuertmt</strong></span> <span class='ocrx_word' id='word_1_871' title='bbox 2729 5287 2805 5322; x_wconf 78' lang='lat' dir='ltr'><strong>me.</strong></span> <span class='ocrx_word' id='word_1_872' title='bbox 2826 5287 2968 5324; x_wconf 83' lang='lat' dir='ltr'><strong>renes</strong></span> <span class='ocrx_word' id='word_1_873' title='bbox 2995 5271 3092 5322; x_wconf 77' lang='lat' dir='ltr'><strong>mei</strong></span> <span class='ocrx_word' id='word_1_874' title='bbox 3119 5311 3132 5336; x_wconf 93' lang='lat'><strong>,</strong></span> <span class='ocrx_word' id='word_1_875' title='bbox 3181 5283 3241 5323; x_wconf 88' lang='lat' dir='ltr'><strong>ac</strong></span> <span class='ocrx_word' id='word_1_876' title='bbox 3271 5271 3314 5322; x_wconf 86' lang='lat' dir='ltr'><strong>si</strong></span> <span class='ocrx_word' id='word_1_877' title='bbox 3346 5268 3547 5321; x_wconf 88' lang='lat' dir='ltr'><strong>diceret</strong></span> <span class='ocrx_word' id='word_1_878' title='bbox 3579 5286 3594 5321; x_wconf 86' lang='lat'><strong>:</strong></span> 
     </span>
    </p>
   </div>
   <div class='ocr_carea' id='block_1_114' title="bbox 2028 5359 3596 5433">
    <p class='ocr_par' dir='ltr' id='par_1_114' title="bbox 2028 5359 3596 5433">
     <span class='ocr_line' id='line_1_114' title="bbox 2028 5359 3596 5433; baseline -0.003 -14"><span class='ocrx_word' id='word_1_879' title='bbox 2028 5379 2187 5433; x_wconf 87' lang='lat' dir='ltr'><strong>supra</strong></span> <span class='ocrx_word' id='word_1_880' title='bbox 2221 5368 2354 5420; x_wconf 79' lang='lat' dir='ltr'><strong>mala</strong></span> <span class='ocrx_word' id='word_1_881' title='bbox 2387 5381 2504 5433; x_wconf 67' lang='lat' dir='ltr'><strong>quae</strong></span> <span class='ocrx_word' id='word_1_882' title='bbox 2545 5364 2672 5417; x_wconf 86' lang='lat' dir='ltr'><strong>mihi</strong></span> <span class='ocrx_word' id='word_1_883' title='bbox 2717 5364 2836 5416; x_wconf 59' lang='lat' dir='ltr'><strong>fecit</strong></span> <span class='ocrx_word' id='word_1_884' title='bbox 2895 5362 3069 5415; x_wconf 91' lang='lat' dir='ltr'><strong>omnis</strong></span> <span class='ocrx_word' id='word_1_885' title='bbox 3110 5359 3356 5428; x_wconf 77' lang='lat' dir='ltr'><strong>cognatio</strong></span> <span class='ocrx_word' id='word_1_886' title='bbox 3388 5359 3596 5414; x_wconf 71' lang='lat' dir='ltr'><strong>Judaeu-</strong></span> 
     </span>
    </p>
   </div>
   <div class='ocr_carea' id='block_1_115' title="bbox 2029 5452 3596 5524">
    <p class='ocr_par' dir='ltr' id='par_1_115' title="bbox 2029 5452 3596 5524">
     <span class='ocr_line' id='line_1_115' title="bbox 2029 5452 3596 5524; baseline -0.006 -14"><span class='ocrx_word' id='word_1_887' title='bbox 2029 5472 2182 5521; x_wconf 89' lang='lat' dir='ltr'><strong>rum;</strong></span> <span class='ocrx_word' id='word_1_888' title='bbox 2212 5456 2430 5524; x_wconf 70' lang='lat' dir='ltr'><strong>insuper</strong></span> <span class='ocrx_word' id='word_1_889' title='bbox 2460 5468 2512 5508; x_wconf 91' lang='lat' dir='ltr'><strong>et</strong></span> <span class='ocrx_word' id='word_1_890' title='bbox 2550 5456 2616 5508; x_wconf 89' lang='lat' dir='ltr'><strong>de</strong></span> <span class='ocrx_word' id='word_1_891' title='bbox 2647 5455 2783 5508; x_wconf 88' lang='lat' dir='ltr'><strong>tribu</strong></span> <span class='ocrx_word' id='word_1_892' title='bbox 2830 5453 2980 5506; x_wconf 52' lang='lat' dir='ltr'><strong>.ludtn</strong></span> <span class='ocrx_word' id='word_1_893' title='bbox 3035 5467 3118 5505; x_wconf 90' lang='lat' dir='ltr'><strong>me</strong></span> <span class='ocrx_word' id='word_1_894' title='bbox 3165 5452 3470 5519; x_wconf 70' lang='lat' dir='ltr'><strong>increpasse</strong></span> <span class='ocrx_word' id='word_1_895' title='bbox 3503 5469 3596 5504; x_wconf 85' lang='lat' dir='ltr'><strong>ttu-</strong></span> 
     </span>
    </p>
   </div>
   <div class='ocr_carea' id='block_1_116' title="bbox 2027 5542 3599 5610">
    <p class='ocr_par' dir='ltr' id='par_1_116' title="bbox 2027 5542 3599 5610">
     <span class='ocr_line' id='line_1_116' title="bbox 2027 5542 3599 5610; baseline -0.003 -10"><span class='ocrx_word' id='word_1_896' title='bbox 2027 5559 2268 5610; x_wconf 89' lang='lat' dir='ltr'><strong>scuutur,</strong></span> <span class='ocrx_word' id='word_1_897' title='bbox 2292 5546 2430 5599; x_wconf 89' lang='lat' dir='ltr'><strong>unde</strong></span> <span class='ocrx_word' id='word_1_898' title='bbox 2466 5546 2720 5600; x_wconf 81' lang='lat' dir='ltr'><strong>Dominus</strong></span> <span class='ocrx_word' id='word_1_899' title='bbox 2771 5544 3015 5596; x_wconf 82' lang='lat' dir='ltr'><strong>Christus</strong></span> <span class='ocrx_word' id='word_1_900' title='bbox 3043 5542 3336 5595; x_wconf 87' lang='lat' dir='ltr'><strong>secundum</strong></span> <span class='ocrx_word' id='word_1_901' title='bbox 3384 5557 3599 5596; x_wconf 86' lang='lat' dir='ltr'><strong>carnem</strong></span> 
     </span>
    </p>
   </div>
   <div class='ocr_carea' id='block_1_117' title="bbox 2028 5633 3608 5706">
    <p class='ocr_par' dir='ltr' id='par_1_117' title="bbox 2028 5633 3608 5706">
     <span class='ocr_line' id='line_1_117' title="bbox 2028 5633 3608 5706; baseline -0.004 -14"><span class='ocrx_word' id='word_1_902' title='bbox 2028 5639 2236 5692; x_wconf 88' lang='lat' dir='ltr'><strong>trahere</strong></span> <span class='ocrx_word' id='word_1_903' title='bbox 2268 5637 2520 5706; x_wconf 68' lang='lat' dir='ltr'><strong>probatur</strong></span> <span class='ocrx_word' id='word_1_904' title='bbox 2548 5635 2825 5703; x_wconf 49' lang='lat' dir='ltr'><strong>oriéincm.</strong></span> <span class='ocrx_word' id='word_1_905' title='bbox 2856 5633 3022 5702; x_wconf 80' lang='lat' dir='ltr'><strong>Usque</strong></span> <span class='ocrx_word' id='word_1_906' title='bbox 3045 5634 3112 5686; x_wconf 79' lang='lat' dir='ltr'><strong>ad</strong></span> <span class='ocrx_word' id='word_1_907' title='bbox 3136 5635 3432 5693; x_wconf 76' lang='lat' dir='ltr'><strong>nortem.ad</strong></span> <span class='ocrx_word' id='word_1_908' title='bbox 3462 5650 3608 5685; x_wconf 68' lang='lat' dir='ltr'><strong>mur-</strong></span> 
     </span>
    </p>
   </div>
   <div class='ocr_carea' id='block_1_118' title="bbox 2030 5727 3589 5800">
    <p class='ocr_par' dir='ltr' id='par_1_118' title="bbox 2030 5727 3589 5800">
     <span class='ocr_line' id='line_1_118' title="bbox 2030 5727 3589 5800; baseline -0.006 -12"><span class='ocrx_word' id='word_1_909' title='bbox 2030 5745 2132 5789; x_wconf 87' lang='lat' dir='ltr'><strong>tctn</strong></span> <span class='ocrx_word' id='word_1_910' title='bbox 2163 5731 2447 5800; x_wconf 75' lang='lat' dir='ltr'><strong>significat.</strong></span> <span class='ocrx_word' id='word_1_911' title='bbox 2508 5728 2670 5781; x_wconf 64' lang='lat' dir='ltr'><strong>Iit-nes</strong></span> <span class='ocrx_word' id='word_1_912' title='bbox 2728 5743 2852 5782; x_wconf 85' lang='lat' dir='ltr'><strong>vero</strong></span> <span class='ocrx_word' id='word_1_913' title='bbox 2903 5727 3236 5796; x_wconf 67' lang='lat' dir='ltr'><strong>parentatum</strong></span> <span class='ocrx_word' id='word_1_914' title='bbox 3292 5728 3589 5780; x_wconf 66' lang='lat' dir='ltr'><strong>declarant.</strong></span> 
     </span>
    </p>
   </div>
  </div>
