4008 6182
355 298 452 350 ll?

1286 306 1646 364 EXPOSITIO
1684 309 1747 363 IN
1792 309 2242 368 l’SAL'lERlUM.
2285 315 2476 371 PSAL.
2521 319 2656 371 ΧΠ.

3505 329 3597 378 H8

353 425 453 460 non
479 410 667 465 debeat
691 414 904 468 nomine
945 417 1262 486 nuncupari,
1297 421 1527 473 maxime
1557 435 1676 476 cum
1713 425 1917 490 legatur
1952 434 1998 482 Α
2029 426 2281 492 spicit-ns,
2316 432 2451 483 sicut
2495 441 2549 484 et
2585 447 2768 485 IC\'L‘I‘3
2803 435 3064 500 provenit,
3105 438 3303 504 peccati
3340 440 3604 491 maculam

351 499 483 551 liber
505 499 858 557 Psahnomm.
879 504 1054 559 Oratio
1076 518 1248 561 autem
1267 509 1472 563 duobus
1495 511 1690 566 dicitur
1709 515 1915 567 modis:

351 586 462 642 hmo
505 605 626 642 tum
656 597 831 660 agitur
869 595 971 664 55
1001 597 1134 665 apud
1167 598 1431 663 homines,
1477 601 1588 654 oris
1627 603 1761 655 ratio
1789 619 1922 656 unn-

349 689 601 744 cupatur;
630 696 750 734 cum
782 684 1046 752 majeszati
1076 687 1342 753 funditur,
1386 691 1704 759 supplicatio
1727 703 1808 746 est
1835 709 1921 746 sa-

347 768 514 822 lubris
543 780 598 824 et
626 772 801 826 vitalis
831 775 1123 832 humilitas.
1158 779 1219 832 Et
1245 791 1366 833 nota
1397 785 1536 850 quod
1565 784 1662 837 iste
1693 793 1745 836 et
1774 793 1922 836 octo-

344 859 582 928 gesimus
611 863 850 931 quintus,
882 877 935 920 et
964 871 1322 937 octogesimus
1354 890 1526 927 nonus
1551 918 1565 942 ,
1613 884 1665 928 et
1692 876 1920 929 centesi-

344 965 464 1004 mus
493 951 733 1022 primus,
789 966 843 1008 et
882 960 1207 1013 centesimus
1252 963 1689 1032 quadragesimus
1720 965 1920 1031 primus

343 1044 598 1096 orationis
644 1045 993 1115 inscriptione
1033 1063 1398 1117 prwnotentur
1432 1072 1443 1105 :
1474 1070 1698 1123 quorum
1729 1057 1922 1110 distin-

342 1135 553 1190 ctiones
576 1145 732 1206 atque
753 1140 1103 1206 proprietates
1121 1142 1171 1194 in
1199 1143 1489 1197 centesimo
1517 1144 1919 1214 quadragesimo

344 1226 520 1292 primo
545 1229 778 1294 psalmo,
802 1229 887 1297 qui
916 1230 1103 1284 horum
1138 1233 1353 1287 ultimus
1390 1244 1502 1298 est,
1537 1242 1918 1290 convenienter

341 1314 631 1368 edicemus.
664 1314 834 1369 Dat-id
889 1333 1040 1384 vero,
1088 1322 1223 1375 sicut
1258 1323 1458 1377 dictum
1492 1333 1610 1390 est,
1656 1325 1920 1396 signiﬁcat

341 1403 627 1456 Dominum
659 1403 928 1458 Christum
957 1407 1021 1460 ad
1070 1407 1456 1464 instilmionem
1501 1412 1718 1466 humani
1755 1429 1918 1481 gene-

341 1494 435 1558 ris,
461 1507 525 1548 ex
557 1493 708 1563 cujus
740 1509 966 1564 persona
991 1506 1132 1552 totus
1158 1499 1394 1566 psalmus
1422 1501 1524 1556 iste
1546 1504 1784 1572 prolatus
1812 1516 1912 1559 est.

904 1607 1100 1662 Divisio
1141 1611 1346 1679 psalmi.

409 1719 632 1773 Triiaria
655 1721 826 1775 oratio
850 1722 915 1775 ab
944 1721 1271 1778 humanitate
1288 1723 1482 1778 Clu-isti
1509 1727 1558 1779 in
1585 1726 1685 1782 hoc
1708 1728 1916 1796 psalmo

336 1807 699 1876 depromitur.
723 1809 897 1863 Prima
921 1820 1024 1877 est,
1055 1813 1142 1866 ubi
1166 1814 1458 1868 secundum
1482 1815 1743 1884 justitiam
1766 1835 1915 1873 suam

337 1902 445 1954 sibi
479 1903 613 1969 petit
655 1903 854 1957 debere
885 1904 1113 1958 restitui.
1161 1905 1422 1970 Secunda,
1455 1919 1514 1962 ut
1554 1923 1583 1961 a
1613 1909 1915 1964 Judteurum

337 1995 556 2048 insidiis
583 1980 699 2062 ejus
730 1996 933 2064 paritas
965 1997 1239 2051 liberetur.
1273 2000 1326 2052 ln
1357 2001 1530 2065 tertia,
1565 2003 1916 2058 resurrectio-

334 2104 466 2144 nem
500 2088 889 2143 velocissimam
923 2089 1261 2159 deprecatur,
1309 2107 1374 2146 ne
1417 2093 1616 2147 diu.ius
1660 2095 1916 2151 insultare

331 2183 497 2235 liceat
536 2196 798 2250 perverso
837 2186 1030 2250 populo
1057 2182 1386 2237 JUdiettl'Ulll.
1418 2184 1483 2238 Et
1512 2199 1578 2239 ne
1620 2187 1817 2252 aliquid
1847 2187 1916 2242 de

329 2274 454 2340 ejus
507 2274 790 2341 majestate
844 2276 994 2328 turba
1040 2275 1271 2328 lidclium
1321 2278 1540 2331 haberet
1585 2279 1912 2346 ambiguum,

331 2362 624 2431 proﬁtetur
649 2380 706 2419 se
734 2365 789 2418 in
838 2374 1036 2418 mterna
1079 2365 1407 2421 beatitudine
1436 2381 1556 2422 esse
1583 2382 1911 2423 mansurum.

881 2473 1148 2544 Expositio
1177 2477 1382 2542 psalmi.

411 2584 564 2641 Vers.
613 2587 660 2640 i.
716 2586 941 2651 Exaudi,
996 2586 1154 2655 Deus,
1191 2592 1448 2662 justitiam
1492 2608 1686 2658 meam;
1714 2595 1916 2650 intende

330 2677 686 2745 deprecatioui
712 2694 853 2732 mew.
887 2678 1039 2747 Apud
1069 2679 1232 2734 Deum
1261 2691 1463 2735 certum
1498 2693 1581 2736 est
1610 2686 1804 2739 habere
1825 2687 1915 2754 ju-

328 2770 535 2820 stitiam
585 2783 770 2822 vocem
821 2785 991 2835 suam,
1049 2770 1139 2839 qui
1185 2786 1270 2825 res
1320 2774 1508 2827 tacitas
1555 2776 1913 2845 intelligentia:

325 2872 449 2911 sum
480 2858 676 2912 virtute
715 2860 1009 2926 «agnoscit.
1044 2859 1212 2928 ipsius
1243 2871 1325 2914 est
1356 2862 1499 2915 enim
1536 2865 1709 2917 oratio
1741 2866 1913 2934 perle-

326 2959 447 3013 cta,
475 2948 630 3016 cujus
657 2958 710 3001 et
735 2965 893 3002 causa
923 2950 1116 3003 clamat
1146 2962 1200 3006 et
1229 2953 1427 3022 lingua,
1459 2966 1606 3008 actus
1631 2965 1684 3011 et
1710 2973 1909 3024 sermo,

327 3040 442 3090 vita
474 3049 528 3091 et
569 3040 838 3105 regifatio.
891 3039 1474 3111 lntende‘tlcprecationi
1512 3063 1650 3099 mete.
1683 3047 1795 3100 Non
1831 3050 1914 3102 in—

325 3143 550 3182 cassum
616 3130 759 3184 disso
800 3131 1012 3184 antibus
1079 3133 1236 3186 rebus
1295 3136 1454 3188 verba
1509 3136 1606 3188 ista
1661 3138 1982 3206 copula'aC

325 3231 490 3284 sunt;
540 3236 661 3273 nam
693 3223 968 3277 intendere
989 3226 1263 3278 oculorum
1287 3234 1389 3293 est,
1419 3243 1602 3297 preces
1630 3231 1912 3287 admittere

326 3313 566 3364 aurium.
613 3311 716 3365 Sed
749 3313 871 3367 ideo
903 3316 1061 3368 verba
1104 3316 1201 3368 ista
1230 3318 1428 3371 sociata
1461 3330 1604 3385 sunt,
1647 3331 1702 3374 ut
1731 3323 1910 3376 amba-

325 3415 450 3453 rum
507 3415 682 3453 rerum
733 3417 872 3457 unus
923 3403 1306 3472 intelligeretur
1347 3407 1586 3461 eﬁcctus.
1639 3410 1906 3480 Quidquid

324 3493 475 3544 enim
509 3492 592 3545 vel
636 3495 780 3546 auris
825 3494 990 3558 audit,
1046 3497 1126 3549 vel
1154 3497 1338 3550 oeulos
1370 3499 1532 3565 v'det,
1580 3502 1665 3553 vel
1719 3518 1906 3559 manus

324 3583 536 3651 palpat,
570 3582 651 3636 vel
684 3583 892 3651 palatus
921 3592 1121 3652 gustat,
1153 3585 1234 3639 vel
1266 3601 1425 3640 nasus
1471 3589 1747 3658 odoratur,
1797 3593 1905 3647 Deo

323 3677 440 3729 sola
469 3675 944 3744 contemplationis
971 3677 1164 3732 virtute
1192 3679 1467 3732 notissima
1495 3690 1636 3734 sunt.

399 3774 556 3828 τετε.
591 3775 643 3827 2.
697 3776 916 3830 Auribus
944 3780 1142 3846 percipe
1181 3777 1460 3833 orationem
1501 3790 1681 3839 meam,
1726 3775 1902 3827 nonin

322 3864 478 3916 labiis
521 3863 732 3916 dolosis.
781 3863 986 3918 Esco'it
1017 3864 1154 3933 quod
1180 3864 1427 3928 superius
1452 3863 1602 3914 dixit.
1635 3860 1904 3929 Perripere

319 3965 404 4008 est
434 3955 580 4009 enim
614 3971 717 4008 non
751 3956 1058 4010 trausitorie
1088 3955 1285 4028 aliquid
1317 3969 1548 4018 sumere,
1593 3953 1685 4006 sed
1719 3969 1901 4021 preces

320 4043 604 4097 hominum
651 4048 866 4113 copiosa
894 4045 1198 4113 dignatione
1231 4043 1490 4111 recipere.
1524 4042 1642 4096 Non
1671 4045 1722 4095 iu
1753 4043 1900 4097 labiis

316 4138 408 4188 dot
446 4137 554 4198 sis;
579 4137 712 4190 sicut
741 4152 767 4188 a
795 4135 993 4190 ludatis
1023 4139 1259 4188 manavit
1288 4136 1414 4187 falsa
1443 4134 1728 4200 sententia,
1761 4137 1895 4204 apud

317 4243 464 4297 quos
493 4228 747 4282 innocens
771 4228 1052 4283 damnatus
1079 4239 1177 4292 est,
1208 4237 1260 4280 et
1288 4227 1300 4279 Ι
1338 4236 1419 4280 tro
1443 4226 1778 4296 cognoscitur
1804 4226 1898 4280 ab-

313 4324 553 4377 Solutus.

386 4412 548 4465 Vers.
603 4414 658 4468 3.
704 4412 780 4466 De
824 4413 964 4466 cultu
1019 4423 1104 4466 tuo
1144 4413 1399 4483 judicium
1447 4427 1612 4478 meum
1648 4413 1892 4479 prodeat;

2027 531 2129 566 non
2153 516 2388 573 haberet.
2409 521 2495 573 Sic
2519 522 2674 572 etiam
2698 524 2746 575 in
2769 523 3024 590 superiori
3051 527 3252 592 psalmo
3269 527 3377 597 jam
3397 528 3597 582 dictum

2024 619 2102 657 est
2129 624 2140 658 :
2173 607 2506 662 Providebam
2536 611 2808 665 Dominum
2839 615 2890 667 in
2924 629 3189 682 conspectu
3222 636 3332 672 meo
3363 638 3597 692 semper:

2021 697 2260 760 quoniam
2289 715 2320 749 a
2344 701 2534 752 dextris
2560 712 2634 754 est
2664 704 2788 755 nu'lti
2810 721 2870 758 ne
2890 721 3221 759 commoveor.
3255 709 3298 762 Ο
3323 723 3592 779 aspectum

2024 786 2168 838 illum
2200 787 2507 849 salutarem.
2553 805 2584 843 ο
2614 791 2927 858 purissimos
2970 797 3174 857 oculos,
3207 797 3296 866 qui
3331 799 3471 853 illam
3517 819 3592 854 a2-

2023 875 2276 942 quitatem
2310 878 2518 932 vident!
2548 879 2804 935 Nesciunt
2846 883 3085 951 profecto
3119 888 3274 955 hujus
3303 892 3484 943 mundi
3518 901 3594 944 te-

2024 963 2203 1018 nebris
2233 965 2532 1033 obscurari,
2563 970 2653 1040 qui
2681 985 2952 1027 merentur
2982 982 3125 1029 tanta
3171 978 3412 1034 claritate
3443 996 3590 1034 cunt-

2025 1057 2176 1126 pleri.

2093 1170 2248 1226 Vers.
2279 1174 2334 1228 4.
2371 1173 2610 1229 ΡΥοὸιιδιὶ
2639 1194 2726 1232 cor
2765 1196 2932 1234 meum
2958 1192 3003 1235 et
3033 1183 3248 1238 visitain
3275 1188 3592 1258 nocte;igue

2021 1277 2100 1314 me
2127 1264 2452 1329 examinasti,
2480 1276 2527 1318 et
2556 1283 2657 1320 non
2697 1279 2768 1322 est
2792 1270 2992 1322 iurenta
3023 1271 3074 1325 in
3103 1289 3181 1326 me
3221 1275 3462 1345 iniquitas
3491 1292 3510 1331 :
3538 1287 3593 1331 ut

2022 1367 2124 1404 non
2175 1353 2414 1421 loquatur
2452 1373 2509 1409 as
2545 1373 2732 1410 meum.
2781 1359 3032 1414 Ordinem
3081 1373 3257 1417 servat
3297 1365 3590 1436 egregium.

2024 1442 2176 1497 Prius
2217 1460 2274 1498 se
2315 1445 2443 1500 dicit
2491 1449 2790 1516 probatunt,
2839 1452 3031 1507 deinde
3079 1455 3241 1508 fuisse
3280 1456 3544 1512 visitatum
3570 1498 3587 1525 ,

2021 1533 2112 1586 sed
2145 1535 2387 1603 probatio
2432 1538 2696 1608 signiﬁcat
2739 1543 3059 1610 passionem,
3093 1546 3322 1601 visitatio
3351 1563 3589 1604 resurre-

2018 1629 2270 1681 ctionem.
2306 1627 2377 1681 lbi
2407 1630 2546 1682 enim
2577 1633 2828 1699 p.0batus
2858 1645 2958 1697 est,
2993 1636 3079 1689 ubi
3103 1637 3236 1691 inter
3264 1640 3455 1695 multas
3480 1641 3574 1695 Ju—

2020 1716 2255 1770 daaorum
2282 1719 2583 1789 iniquitates
2615 1732 2668 1776 et
2696 1726 2929 1792 pericula
2963 1729 3170 1795 mortis,
3207 1729 3463 1784 miranda:
3488 1747 3580 1800 pa-

1949 1788 1995 1846 Β
2025 1808 2222 1864 tientia:
2263 1809 2578 1867 documenta
2625 1816 2956 1870 monstravit.
3009 1818 3253 1873 l’isitatus
3301 1831 3374 1875 est
3403 1835 3580 1878 autem

2020 1907 2185 1964 nocte,
2216 1901 2427 1966 quando
2454 1903 2630 1956 anima
2660 1903 2778 1972 ejus
2806 1921 2911 1959 non
2942 1917 3022 1962 est
3052 1909 3102 1962 in
3145 1909 3352 1966 inferno
3391 1913 3586 1968 dereli-

2017 1998 2124 2052 Cta,
2158 1988 2252 2041 sed
2275 1988 2338 2042 ad
2367 1990 2505 2043 illam
2540 1993 2832 2048 mirabilem
2864 1998 3333 2062 resurrectionem,
3367 2007 3582 2057 aeterna:

2017 2079 2201 2146 gloria:
2231 2081 2609 2138 rlarilicatiouc
2642 2087 2896 2153 pervenit.
2933 2088 3058 2158 Igne
3081 2107 3159 2144 me
3179 2093 3507 2160 examinasti,
3534 2107 3584 2148 et

2017 2187 2118 2224 non
2149 2185 2218 2226 est
2248 2175 2451 2228 irruente
2474 2176 2525 2228 iu
2558 2193 2635 2230 me
2662 2178 2924 2248 iniquitas.
2956 2182 3258 2249 Metaphora
3290 2185 3582 2240 introduci-

2017 2268 2101 2314 tur
2131 2261 2420 2317 fornacium
2449 2265 2567 2334 igne
2598 2268 2794 2334 llagian
2822 2268 2951 2334 ium,
2980 2286 3011 2338 q
3037 2286 3097 2324 ne
3129 2273 3462 2327 metallorum
3493 2275 3575 2328 vi-

2019 2353 2086 2406 tia
2132 2356 2305 2409 solent
2333 2371 2576 2426 purgare,
2620 2374 2682 2413 ac
2723 2360 3034 2414 dccoctione
3071 2376 3405 2432 consumere,
3438 2375 3493 2420 et
3525 2366 3576 2419 in

2016 2456 2216 2498 natura:
2248 2448 2442 2514 puritat
2478 2464 2525 2501 m
2560 2451 2811 2504 mundata
2841 2467 3112 2509 revocare.
3141 2454 3227 2509 Sic
3256 2471 3383 2524 ergo
3411 2467 3461 2510 et
3488 2460 3580 2510 tri-

2013 2541 2373 2598 bulationibus
2404 2537 2580 2612 ignitis
2621 2548 2953 2600 examinatus
2995 2557 3076 2601 est
3120 2545 3376 2604 Dominus
3422 2548 3580 2603 Chri-

2014 2642 2155 2695 stus;
2182 2634 2275 2686 sed
2307 2650 2405 2686 non
2436 2645 2504 2688 est
2537 2635 2587 2688 in
2621 2635 2709 2689 illo
2741 2637 2939 2690 iuventa
2969 2638 3230 2708 iniquitas,
3259 2656 3416 2707 quam
3447 2643 3578 2693 adu-

2014 2724 2119 2777 stio
2149 2725 2248 2778 ulla
2283 2725 2620 2794 decoqueret.
2667 2726 2894 2782 Pulchre
2935 2742 3109 2784 autem
3155 2729 3471 2799 suhjnnxit:
3511 2731 3578 2785 Ut

2015 2829 2114 2867 non
2161 2817 2398 2885 loquatur
2443 2832 2498 2870 os
2527 2833 2709 2880 meum,
2757 2817 2806 2870 id
2839 2828 2939 2880 est,
2989 2821 3084 2874 etsi
3128 2834 3226 2888 ego
3266 2829 3490 2884 taceam,
3525 2834 3576 2872 tu

2015 2919 2102 2957 me
2129 2919 2314 2970 parum
2347 2919 2468 2958 esse
2500 2905 2800 2973 per-pendis.
2829 2907 2962 2971 Quid
2993 2909 3132 2961 cnim
3165 2925 3296 2976 opus
3322 2921 3435 2964 erat
3455 2927 3574 2964 eum

2015 2995 2080 3048 de
2111 2994 2368 3062 prob'tate
2393 3009 2601 3046 morum
2633 3009 2846 3046 suorum
2881 2995 3074 3064 aliquid
3107 2996 3273 3066 lnqui,
3303 2997 3428 3050 dum
3461 3013 3570 3053 cer-

2017 3097 2122 3139 tu.n
2166 3085 2233 3138 sit
2279 3101 2307 3139 a
2353 3095 2566 3155 paterna
2611 3085 2886 3155 majestate
2929 3097 3114 3140 cuncta
3156 3089 3440 3158 cognosci?
3471 3089 3573 3143 llu-

2015 3193 2164 3230 mana
2200 3177 2492 3246 ignorantia
2521 3177 2694 3231 verbis
2727 3177 3032 3232 instruenda
3062 3188 3170 3244 est;
3200 3178 3452 3233 Divinitas
3476 3195 3571 3233 au-

2014 3278 2117 3322 tem
2149 3267 2440 3322 certissime
2471 3270 2615 3321 novit
2638 3268 2838 3336 omnia,
2874 3272 3033 3324 etiam
3056 3285 3176 3324 eum
3207 3279 3448 3327 tacentur
3477 3274 3572 3326 ad-

2011 3377 2192 3414 llllSSﬂ.

3075 3389 3104 3408 ν

3069 3412 3101 3426 It.-

3069 3425 3121 3449 υ

2077 3498 2229 3552 Vers.
2269 3499 2320 3552 5.
2360 3499 2524 3568 Opera
2573 3501 2829 3554 horninum
2854 3516 2874 3555 :
2901 3514 3102 3571 pr0pter
3131 3504 3281 3558 verba
3320 3505 3570 3563 [abiaram

2007 3603 2211 3644 tuorum
2239 3609 2328 3662 ego
2359 3593 2600 3645 custodiri
2644 3595 2749 3646 vias
2782 3594 2960 3650 duras.
3003 3595 3180 3650 Ordin:
3205 3613 3254 3650 m
3289 3600 3570 3655 verberum

1965 3701 1984 3736 ετ
2007 3682 2172 3751 poscit
2205 3683 2305 3736 iste
2344 3684 2637 3737 versiculus
2660 3699 2679 3737 :
2712 3684 2882 3752 Opera
2917 3685 3197 3750 hominum,
3245 3688 3295 3740 id
3342 3699 3421 3742 est
3452 3690 3567 3745 vias

2003 3774 2163 3827 duras
2193 3788 2292 3841 ego
2318 3773 2577 3826 custodivi
2608 3785 2822 3842 propter
2850 3776 3010 3829 verba
3041 3776 3296 3831 labiorum
3330 3786 3564 3834 lll0.'ltln.

2005 3862 2243 3916 Breviter
2271 3863 2484 3916 deﬁnita
2515 3873 2656 3929 sunt,
2684 3879 2801 3932 quae
2832 3865 2937 3919 sint
2966 3883 3119 3936 opera
3147 3867 3432 3933 hominum,
3460 3871 3566 3925 sci-

2001 3954 2014 4006 l
2040 3963 2125 4006 cet
2154 3951 2247 4005 vita
2276 3953 2452 4018 dum;
2492 3953 2627 4006 sicut
2657 3955 2838 4009 beatus
2864 3955 2965 4008 Job
2991 3955 3122 4009 dicit
3147 3974 3159 4009 :
3185 3958 3301 4010 Avis
3342 3961 3564 4013 nascitur

1999 4044 2066 4096 ad
2103 4044 2348 4107 volatum,
2380 4051 2426 4097 et
2453 4047 2599 4096 homo
2623 4045 2690 4097 ad
2711 4045 2929 4099 laborem
2954 4044 3072 4114 (Job
3097 4062 3151 4111 v,
3174 4048 3253 4114 7).
3283 4047 3414 4102 Nam
3443 4064 3563 4104 cum

2002 4143 2213 4199 peccata
2243 4133 2492 4195 vitantur,
2531 4134 2728 4188 arduus
2757 4136 2909 4187 callis
2931 4145 3032 4204 est,
3055 4136 3398 4205 dit‘acilisque
3420 4155 3563 4193 scm-

1998 4239 2090 4292 per
2135 4238 2414 4289 ascensus;
2464 4239 2584 4278 cum
2616 4241 2741 4278 vero
2779 4226 2846 4279 ad
2895 4227 3018 4281 vitia
3062 4229 3406 4295 prolabimur.
3442 4232 3559 4285 leve

1994 4317 2096 4370 iter
2119 4323 2200 4370 est
2227 4329 2288 4368 ac
2315 4315 2596 4369 declivum.
2639 4315 2741 4369 Sed
2773 4317 2896 4384 quia
2946 4315 3200 4374 Dominus
3235 4319 3476 4376 Christus
3504 4323 3556 4378 in

1995 4409 2094 4462 huc
2124 4408 2321 4461 mundo
2363 4407 2640 4462 visualiter
2667 4408 2891 4476 positus,
2926 4411 3086 4464 totius
3132 4412 3554 4469 mansuetudinis

307 4505 456 4556 οειιιὶ
485 4505 560 4556 tui
599 4504 798 4557 videant
829 4485 1130 4574 (equitatem.
1165 4503 1238 4556 De
1266 4504 1404 4556 vultu
1446 4511 1532 4554 tuo
1562 4503 1770 4572 prodeat
1791 4507 1886 4574 ju-
1918 4503 1969 4562 Ι)
1993 4512 2045 4554 et
2072 4501 2411 4556 centinentia:
2434 4501 2552 4569 jura
2597 4502 2940 4567 mouStravit;
2975 4505 3165 4558 merito
3190 4519 3248 4558 se
3277 4505 3402 4558 dicit
3435 4519 3558 4574 pro-

306 4596 506 4648 dicitur:
536 4609 556 4646 :
587 4596 798 4661 propria
845 4595 1134 4662 Scriptura:
1175 4593 1391 4657 divintn,
1443 4601 1496 4647 et
1538 4593 1690 4647 nobis
1721 4592 1888 4646 inusi-

305 4695 420 4740 tata
452 4685 654 4740 locutio
701 4695 800 4749 est,
845 4687 964 4754 quia
996 4687 1061 4739 de
1111 4694 1286 4740 ruente
1331 4686 1465 4738 solet
1510 4699 1726 4738 manare
1768 4699 1890 4737 sen-

305 4777 483 4830 tentia
511 4793 524 4828 :
553 4775 645 4828 sed
676 4776 774 4829 hoc
807 4776 1032 4830 Domino
1062 4791 1154 4844 per
1177 4775 1407 4842 tropicas
1434 4775 1760 4828 elocutiones
1792 4775 1887 4829 de-

304 4879 501 4924 center
552 4878 779 4938 aptatur,
830 4870 949 4938 quia
999 4869 1085 4922 ille
1125 4868 1265 4937 quod
1304 4868 1505 4936 judicat
1558 4867 1722 4932 videt,
1761 4868 1884 4920 dtnn

303 4960 467 5014 testis
498 4967 581 5013 est
625 4960 884 5012 examinis
917 4959 1027 5023 sui;
1080 4973 1178 5012 nec
1208 4958 1274 5012 de
1303 4958 1440 5010 facto
1475 4955 1696 5025 alicujus
1734 4958 1882 5010 testi-

304 5050 552 5103 monium
584 5052 792 5119 qttrerit,
839 5051 924 5116 qui
976 5051 1119 5104 solus
1145 5050 1379 5103 omnium
1419 5049 1760 5103 veracissiote
1797 5063 1882 5103 se-

301 5150 456 5193 creta
489 5141 787 5210 cognoscit.
824 5140 896 5194 De
923 5141 1068 5194 rultu
1105 5156 1231 5209 ergo
1260 5141 1408 5206 dicit,
1442 5140 1491 5193 id
1523 5148 1605 5193 est
1634 5139 1699 5194 de
1729 5154 1879 5207 aspe-

298 5241 391 5282 ctu
435 5240 549 5293 tuo,
589 5230 879 5284 secundum
932 5232 1017 5284 illa
1066 5247 1183 5299 qua:
1223 5232 1272 5284 in
1331 5247 1414 5284 me
1458 5231 1677 5299 respicis
1723 5241 1880 5300 atque

296 5322 612 5387 cognoscis.
661 5322 770 5374 Iloc
802 5332 977 5375 autem
1008 5322 1097 5375 ille
1128 5333 1268 5377 recte
1307 5324 1542 5392 petebat,
1576 5324 1662 5392 qui
1695 5339 1754 5377 se
1786 5340 1880 5377 no-

295 5422 451 5465 verat
503 5413 848 5480 pollutionem
896 5429 998 5466 non
1054 5415 1253 5468 habere
1299 5415 1524 5483 peccati.
1580 5412 1870 5482 Sequitur:

299 5500 451 5554 Oculi
479 5503 558 5553 tui
585 5503 783 5556 videant
811 5505 1120 5573 (equitatem.
1146 5504 1241 5558 llic
1263 5505 1570 5573 a-quitatem,
1604 5507 1766 5573 ipsam
1797 5507 1874 5560 di-

297 5598 575 5651 vinitatem
605 5597 858 5652 debemus
887 5599 1151 5665 accipnre,
1188 5613 1342 5666 quam
1390 5607 1504 5651 orat
1543 5607 1597 5650 ut
1640 5599 1756 5652 sine
1782 5600 1876 5653 ali-

297 5704 410 5756 quo
443 5689 722 5743 intervallo
757 5703 969 5756 semper
1000 5689 1265 5753 intendat;
1320 5697 1580 5758 quatenus
1613 5691 1753 5743 illam
1790 5708 1869 5745 ie-

1995 4605 2108 4658 pter
2139 4591 2384 4645 mandata
2426 4591 2629 4645 Domini
2666 4590 2822 4644 du'r‘as
2863 4592 2971 4645 vias
3003 4591 3275 4648 hominum
3301 4595 3555 4648 immacu-

1994 4681 2110 4735 latis
2156 4681 2376 4748 pedibus
2423 4679 2741 4732 ambulasse.
2791 4679 2903 4732 Non
2948 4679 3085 4748 quod
3132 4679 3207 4733 illi
3249 4681 3392 4734 durae
3434 4697 3554 4738 esse

1993 4769 2364 4838 poterant:de
2406 4783 2510 4837 quo
2568 4768 2620 4820 in
2667 4770 3009 4838 nonagesimo
3044 4771 3247 4838 psalmo
3296 4773 3551 4838 scriptum

1991 4870 2070 4912 est
2096 4876 2108 4911 :
2139 4859 2387 4924 Quoniam
2423 4859 2616 4928 angelis
2644 4859 2748 4911 suis
2782 4859 3038 4911 ntaudavit
3067 4861 3129 4911 de
3171 4871 3238 4924 te,
3282 4871 3336 4913 ut
3376 4872 3551 4916 custo-

1989 4950 2129 5001 diant
2153 4958 2198 5002 te
2224 4949 2274 5000 iu
2315 4949 2544 5001 omnibus
2571 4948 2662 5000 viis
2697 4948 2817 5012 tuis,
2853 4965 2914 5001 ne
2954 4965 3172 5012 unquam
3211 4951 3440 5016 o/I'endas
3489 4956 3559 5006 ad

1985 5035 2206 5105 lapidem
2231 5038 2404 5105 pedem
2434 5046 2573 5088 tuum
2598 5035 2765 5106 (Psal.
2795 5051 2877 5100 xc,
2905 5037 2989 5104 12)
3012 5054 3026 5102 ;
3053 5041 3144 5093 sed
3170 5040 3290 5108 quia
3321 5041 3549 5096 humano

1986 5129 2166 5195 generi
2213 5127 2277 5181 ad
2309 5127 2618 5181 imitandum
2649 5129 2940 5195 probantur
2966 5143 3087 5184 esse
3115 5129 3383 5195 difﬁciles,
3424 5129 3544 5185 idec-

1984 5221 2077 5272 vice
2105 5219 2248 5272 dura:
2269 5227 2392 5273 sunt
2420 5229 2757 5286 nuncupatte.
2787 5219 2884 5286 Qui
2916 5233 3099 5273 versus
3129 5221 3348 5287 ﬁguram
3379 5219 3548 5274 couti-

1983 5324 2072 5363 net
2101 5308 2460 5378 parenthesin,
2495 5309 2544 5363 id
2575 5317 2656 5362 est
2688 5309 3143 5378 interpositionem
3173 5327 3186 5374 ;
3211 5310 3458 5378 quoniam
3492 5309 3543 5364 in

1982 5416 2140 5454 sensu
2172 5399 2368 5465 medio,
2400 5400 2533 5456 sicut
2553 5399 2748 5454 dictum
2781 5411 2881 5464 est,
2909 5401 3271 5469 rccipitverba
3303 5400 3544 5469 quzedam

1984 5506 2104 5560 qua:
2131 5491 2370 5544 ordinem
2396 5491 2673 5544 sementim
2704 5489 2981 5543 videantur
3009 5504 3164 5558 posse
3192 5489 3454 5544 dividere.

2057 5599 2204 5653 Vers.
2237 5599 2287 5651 6.
2318 5597 2512 5666 Perﬁce
2539 5616 2738 5668 gressus
2767 5615 2899 5651 meos
2931 5601 2980 5650 in
3006 5601 3193 5652 semitis
3223 5601 3340 5660 tuis.
3374 5610 3553 5654 utnon

1985 5701 2272 5743 mereantur
2299 5692 2503 5758 vestigia
2552 5707 2678 5744 mea.
2730 5689 2946 5757 Perﬁce,
2977 5691 3128 5757 dixit,
3169 5708 3336 5761 osque
3383 5695 3434 5746 in
3488 5693 3542 5746 ii-
