4008 6182
442 217 537 269 ΗΕ)

1638 209 1705 262 Μ.
1753 202 2024 259 Αιτιιειιι
2061 199 2456 256 (ᾺΞΞΞΟΟΟΗΙ

3565 188 3668 244 HO

438 346 556 384 nem
602 343 855 382 conserva
882 346 894 381 :
924 328 1008 379 ubi
1055 335 1134 379 est
1183 326 1488 376 meritorum
1540 336 1599 372 ac
1653 319 1851 388 μνη-ηιίί
1897 326 1999 369 tota
2035 320 2077 374 Α
2115 315 2368 381 qualitate
2401 310 2787 363 discernimus:
2821 308 2958 363 dicta
2989 322 3015 360 a
3049 307 3308 376 parvitate
3337 305 3417 359 sui
3448 303 3671 373 pupilla,

441 419 711 488 perfectio.
747 419 1060 472 inchoamus
1095 415 1258 477 enim,
1293 414 1414 466 dum
1448 413 1496 464 ia
1528 413 1628 464 hoc
1655 411 1850 462 mundo
1884 425 2004 478 pro-

443 511 604 565 babili
634 512 1037 563 Conversatione
1066 507 1334 576 degimns;
1367 506 1458 559 sed
1493 506 1576 558 ubi
1607 507 1670 556 ad
1706 504 1860 556 linem
1889 519 2006 570 per-

445 606 648 656 venerit
679 601 922 668 religiosa
955 599 1271 656 constantia.
1303 597 1371 650 illi
1421 597 1743 663 perlicimnr,
1797 596 1862 666 ibi
1898 606 2000 646 tota

445 693 747 758 integritate
787 690 1144 757 complentur;
1189 691 1325 740 sicut
1367 688 1438 739 ait
1486 685 1824 753 Evattgclium
1859 703 1870 735 :
1906 685 2004 747 Qui

444 782 824 852 perseveraverit
872 798 1025 846 usque
1052 781 1103 833 in
1143 780 1318 847 ﬁnem,
1351 780 1428 830 llic
1467 778 1632 830 sulcus
1658 778 1751 830 erit
1790 774 2001 846 (Matth.

446 889 498 935 κ,
529 871 642 941 22).
674 871 884 924 Gressus
927 883 1100 924 autem
1150 870 1408 923 humanas
1449 869 1712 936 sig..iﬁcat
1741 867 2004 929 actiones,

448 961 638 1027 quibus
672 961 722 1013 in
758 960 855 1014 hoc
887 960 1083 1013 mundo
1114 959 1403 1028 gradimur,
1428 967 1481 1011 et
1511 958 1658 1026 quasi
1687 956 2007 1025 quibusdam

447 1051 689 1120 passibus
715 1051 1065 1104 ambulamus.
1096 1050 1205 1120 56
1231 1049 1288 1102 ln
1309 1050 1516 1117 semitis,
1547 1049 1748 1102 scilicet
1780 1049 1832 1102 in
1858 1063 2010 1100 man-

447 1143 587 1194 datis
613 1142 714 1195 tuis
741 1160 752 1193 :
783 1142 870 1195 ubi
894 1157 1076 1196 revera
1107 1151 1265 1196 rectae
1295 1154 1418 1195 sunt
1449 1143 1568 1206 viae,
1598 1155 1729 1209 quas
1757 1141 1800 1193 si
1834 1141 2010 1195 devoti

449 1233 740 1299 sequimur,
785 1233 852 1286 ad
884 1233 1116 1287 cmiestis
1166 1233 1350 1299 patria:
1394 1247 1610 1285 munera
1655 1231 2009 1300 pervenimus.

451 1321 554 1375 Sed
585 1322 709 1390 quid
757 1332 838 1376 est
861 1323 959 1376 hoc
988 1322 1127 1392 quod
1155 1323 1298 1391 prius
1323 1325 1530 1393 gressus
1551 1320 1702 1384 dixit,
1728 1324 2014 1389 statimque

452 1414 660 1482 uestigia
697 1413 1000 1483 Subjungit?
1053 1411 1267 1466 Cressus
1306 1407 1549 1477 dicimus,
1590 1412 1783 1481 quibus
1834 1427 2016 1465 move-

455 1523 573 1560 mur
629 1509 852 1562 deloco
900 1509 965 1562 ad
1023 1508 1342 1564 locum:his
1397 1509 1586 1562 merito
1640 1516 2014 1575 comparantur

451 1611 596 1650 aetas
630 1597 858 1663 lnnnaui,
895 1601 980 1667 qui
1013 1616 1106 1653 nos
1152 1600 1218 1653 de
1251 1615 1353 1653 uno
1384 1598 1592 1668 negotio
1635 1599 1686 1653 in
1743 1600 1879 1653 aliud
1911 1601 2010 1651 du-

2108 409 2257 477 qnai
2313 406 2518 476 pusilla.
2573 404 2704 457 Huic
2757 403 3136 455 convenienter
3199 409 3534 466 comparatus
3593 407 3674 449 est

2111 498 2373 558 Clll'ihllln,
2406 495 2487 547 cui
2519 493 2698 546 datum
2737 503 2817 545 est
2847 494 2895 544 in
2937 507 3031 543 suo
3055 491 3261 560 judicio
3289 489 3459 556 justos
3489 504 3518 540 a
3549 501 3674 556 pec-

2110 588 2375 641 eatoribus
2409 599 2709 655 segregare.
2744 583 3029 650 Aptissime
3061 583 3232 649 itaque
3274 583 3403 647 petit
3432 579 3675 632 cus'oiliri

2109 693 2167 731 se
2201 687 2256 728 ut
2293 676 2542 745 pupillam
2580 673 2734 739 oculi,
2781 673 2993 740 quando
3037 681 3088 723 et
3123 687 3215 737 pcr
3253 669 3420 737 ipsam
3468 685 3553 722 res
3594 669 3673 722 vi—

2108 769 2286 822 Suales
2313 765 2684 827 discernimus,
2731 775 2780 816 et
2815 761 2867 814 in
2900 771 3081 814 nustlo
3110 776 3138 813 c
3179 775 3337 826 rp0re
3380 759 3505 811 nihil
3538 774 3672 828 prae-

2109 859 2340 911 stantius
2362 857 2648 909 invenitur.
2677 853 2945 922 Sequitur,
2989 853 3081 905 sub
3120 852 3297 903 umbra
3332 851 3532 902 alarum
3561 859 3674 900 tua-

2110 964 2225 1002 rum
2282 956 2487 1018 protrge
2541 963 2637 1000 me.
2693 945 2788 998 llic
2843 943 2983 996 aliud
3033 943 3387 996 introducitur
3437 942 3672 1004 schema,

2111 1039 2250 1109 quod
2305 1037 2489 1093 Gra‘ce
2536 1039 2803 1106 parabole,
2847 1035 3033 1090 Latine
3080 1035 3406 1103 comparatio
3461 1034 3674 1098 dicitur,

2113 1130 2324 1200 quando
2364 1129 2465 1186 sibi
2504 1145 2669 1198 genus
2699 1127 2958 1182 dissimile
2997 1129 3046 1181 in
3091 1129 3260 1196 aliqua
3301 1127 3676 1182 communione

2114 1223 2368 1276 sociatur.
2429 1220 2669 1274 Paternis
2725 1219 2866 1274 enim
2923 1219 3336 1287 protectionibus
3399 1219 3496 1272 ala:
3551 1228 3677 1272 sunt

2115 1322 2454 1382 comparatae.
2505 1311 2864 1366 Mi~erirordia
2898 1311 3093 1378 quippe
3137 1319 3188 1362 et
3233 1309 3490 1375 charitas,
3523 1310 3676 1379 quasi

2117 1405 2216 1458 alae
2243 1412 2366 1457 sunt
2393 1402 2584 1467 Patris,
2619 1403 2807 1470 quibus
2835 1417 2892 1454 se
2920 1401 3116 1472 protegi
3141 1414 3494 1470 congruenter
3518 1416 3679 1468 expm

2116 1496 2296 1548 stulat.
2332 1493 2453 1547 llaec
2484 1501 2660 1546 autem
2690 1491 3019 1559 comparatio
3051 1496 3192 1545 venit
3227 1493 3294 1546 ab
3325 1493 3531 1556 avibus,
3564 1508 3678 1560 qua:

2117 1586 2308 1640 charos
2339 1585 2475 1638 lilios
2516 1584 2715 1636 alarum
2755 1597 2968 1636 suarum
3007 1584 3316 1636 extensione
3344 1583 3678 1634 custodiunt.

453 1698 598 1752 cunt,
628 1698 681 1741 et
725 1705 818 1757 per
848 1699 1084 1757 tempora
1117 1690 1235 1742 vite
1283 1699 1479 1744 nostra:
1503 1690 1722 1766 diversa
1762 1691 2017 1759 qualitate

2192 1678 2343 1731 Vers.
2379 1676 2463 1730 10.
2503 1680 2556 1728 ρΑ
2604 1675 2732 1741 facie
2772 1674 3069 1744 impiorum,
3118 1675 3202 1742 qui
3251 1689 3327 1726 me
3361 1675 3679 1742 afflixerunt:

459 1790 831 1850 transponunt.
865 1781 1086 1851 Vestigia
1106 1797 1232 1835 vero
1259 1781 1503 1835 dicuntur
1525 1783 1669 1850 signa
1698 1783 2014 1849 plantarum,

453 1887 572 1940 quae
622 1872 965 1941 relinquimus
1012 1883 1362 1926 transeuntes.
1416 1872 1551 1927 Petit
1594 1887 1721 1942 ergo
1763 1872 2019 1926 Dominus

454 1962 696 2018 Christus
725 1971 778 2017 ct
815 1979 1015 2034 gressus
1061 1977 1208 2026 suos,
1240 1963 1291 2016 id
1323 1974 1402 2016 est
1455 1973 1604 2016 actus
1649 1964 1930 2027 humanos,
1965 1971 2018 2016 et

456 2066 551 2108 sua
598 2052 804 2124 vestigia
851 2053 1134 2116 cuStodiri,
1183 2068 1300 2122 qua:
1342 2053 1525 2105 lideles
1570 2053 1838 2121 apostolos
1886 2066 2020 2105 cou-

457 2151 705 2212 gruenter
756 2142 1082 2210 accipimus,
1129 2143 1180 2195 in
1237 2142 1453 2211 quibus.
1483 2151 1602 2211 post
1651 2143 2018 2196 ascensionem

460 2236 768 2306 gloriosam,
801 2234 1069 2304 religionis
1107 2235 1382 2288 catholica:
1409 2235 1555 2303 signa
1587 2233 1886 2304 dereliquit.
1916 2234 2019 2287 'l‘a-

459 2326 524 2378 lis
551 2340 676 2394 ergo
705 2339 892 2379 sensus
921 2335 1002 2379 est
1026 2343 1038 2378 :
1066 2325 1285 2380 Custodi
1317 2341 1401 2378 me
1432 2325 1481 2378 in
1516 2324 1777 2379 mandatis
1807 2327 1931 2390 tuis,
1966 2336 2021 2378 ut

459 2416 728 2471 imitantes
754 2433 857 2485 me,
892 2417 1109 2473 minime
1139 2427 1450 2472 moveantur
1475 2418 1566 2472 abs
1593 2428 1660 2473 te.
1689 2420 1831 2474 Bene
1857 2420 2022 2489 siqui-

460 2507 578 2562 dem
625 2523 823 2577 sequax
858 2510 1049 2577 pergit,
1104 2510 1188 2562 ubi
1222 2509 1312 2563 ille
1353 2510 1441 2580 qui
1485 2511 1786 2578 exemplum
1825 2514 2025 2581 prmbet

461 2611 636 2655 rectus
668 2602 962 2655 incesserit.
1072 2643 1080 2656 .
1291 2669 1304 2679 .

539 2693 685 2744 \‘crs.
709 2694 758 2744 7.
784 2690 893 2760 Ego
921 2691 1150 2756 clamavi,
1183 2693 1420 2761 quoniam
1447 2694 1699 2746 exaudisti
1726 2710 1822 2756 me,
1853 2694 1983 2746 Deus
2006 2710 2024 2747 :

465 2783 648 2834 inclina
677 2798 847 2834 aurem
868 2794 1005 2833 tuam
1037 2783 1180 2847 mihi,
1213 2792 1256 2834 et
1284 2782 1472 2836 exaudi
1498 2784 1643 2836 verba
1670 2800 1796 2837 mea.
1820 2785 2023 2839 Secun-

466 2875 586 2927 dant
619 2876 904 2928 sectionem
931 2883 1128 2928 sancta:
1150 2875 1406 2928 orationis
1430 2876 1739 2928 iIIJI't'dtllll'.
1775 2877 1880 2932 Sed
1910 2892 2026 2947 per-

465 2965 805 3019 scrutandum
835 2978 938 3026 est,
963 2980 1080 3018 cum
1113 2965 1214 3018 dici
1241 2967 1403 3020 soleat
1434 2985 1445 3019 :
1477 2967 1742 3020 Eiaudisti
1778 2986 1873 3030 me,
1907 2971 2022 3029 quia

466 3057 676 3108 clamavi
705 3073 722 3109 :
744 3071 837 3109 cur
861 3056 978 3107 lure
1009 3058 1266 3110 sententia
1298 3057 1537 3110 ordinem
1563 3058 1803 3111 videatur
1828 3060 2021 3113 habere

467 3149 820 3198 Conversum‘.’
853 3144 952 3210 Qui
980 3148 1200 3205 clamat,
1231 3146 1480 3213 quoniam
1514 3148 1681 3200 exaud
1709 3157 1812 3212 tur,
1847 3150 2025 3217 utique

472 3251 675 3301 puros,
720 3237 974 3288 innocens
1013 3246 1066 3288 et
1114 3235 1482 3289 immaculatus
1531 3238 1851 3300 agnoscitur.
1895 3239 2026 3293 Nam

467 3326 793 3379 conﬁdenter
821 3327 1020 3388 oravit,
1071 3326 1316 3394 quoniam
1340 3340 1397 3380 se
1427 3327 1592 3380 audiri
1629 3343 1786 3397 posse
1813 3329 1879 3383 de
1901 3346 2028 3384 con-

468 3416 700 3471 siientize
754 3415 981 3486 puritate
1034 3416 1387 3483 prmsumpsit.
1443 3416 1800 3483 lntelligamus
1851 3431 2028 3474 autem

469 3510 606 3576 quod
636 3509 762 3562 dicit
792 3525 804 3563 :
832 3505 1034 3561 Incliua
1085 3525 1258 3561 aureo:
1291 3518 1430 3560 tuam
1456 3523 1473 3560 :
1498 3510 1744 3578 quoniam
1796 3512 1863 3564 ad
1905 3527 2025 3565 eum

469 3616 562 3670 per
604 3616 659 3654 se
709 3616 810 3652 non
860 3601 995 3653 valet
1026 3600 1254 3652 humana
1295 3599 1574 3653 inﬁrmitas
1606 3604 1900 3669 pervenire.
1944 3605 2031 3658 Sic

471 3691 611 3744 enim
652 3690 876 3746 exaudit.
925 3705 1045 3743 cum
1089 3706 1148 3744 se
1178 3692 1436 3760 benignus
1485 3692 1783 3756 indulserit,
1827 3705 1880 3748 et
1915 3696 2030 3748 cle-

473 3781 721 3835 mentiam
747 3797 895 3835 suam
919 3788 1043 3835 ante
1076 3781 1313 3850 largitur,
1347 3791 1401 3835 ut
1425 3784 1593 3850 possit
1621 3784 2027 3852 supplicantium

473 3883 590 3924 νυιιι
622 3871 848 3938 suscipe:
864 3887 914 3927 e.

547 3963 697 4016 Vers.
732 3962 783 4013 8.
815 3961 1036 4028 Miriﬁea
1065 3963 1438 4016 miser'eorzlias
1467 3971 1600 4030 tuas,
1639 3967 1728 4035 qui
1753 3966 1922 4020 salvos
1948 3969 2032 4036 [a-

472 4056 541 4106 cis
564 4064 820 4123 sperantes
849 4057 899 4107 in
931 4064 975 4107 te
1002 4072 1032 4107 α
1070 4055 1412 4108 resistentibus
1443 4057 1660 4110 dextera:
1686 4067 1805 4112 tute.
1839 4059 2036 4129 Magni-

473 4143 708 4196 tudinem
747 4154 799 4197 et
832 4141 1202 4197 excellentiam
1234 4143 1714 4200 misericordiarum
1739 4147 1794 4200 in
1818 4162 1876 4201 se
1893 4149 2037 4216 iuste

474 4235 588 4287 ﬁeri
620 4234 955 4299 deprecitur,
1003 4233 1124 4300 quia
1161 4235 1351 4286 mirum
1394 4250 1512 4288 esse
1542 4251 1643 4287 non
1678 4245 1904 4304 poterat,
1934 4237 2033 4291 nisi

473 4323 613 4390 quod
640 4323 739 4377 sub
775 4325 948 4391 aliqua
983 4318 1167 4377 luisset
1196 4326 1432 4379 novitate
1461 4341 1824 4395 conspectmn.
1857 4330 2034 4399 Signi-

2122 1768 2310 1820 iuimici
2338 1768 2432 1819 ntei
2449 1766 2669 1818 animam
2701 1780 2856 1816 meam
2889 1764 3346 1816 circumdederunt.
3384 1763 3576 1817 Versus
3601 1763 3680 1816 hic

2123 1868 2205 1914 est
2241 1860 2458 1911 omnino
2484 1857 2790 1922 diligentius
2819 1854 3122 1908 intuendus.
3149 1856 3186 1906 A
3224 1855 3350 1922 {acie
3389 1855 3681 1918 impiorum,

2123 1951 2397 2003 dtemones
2434 1947 2714 2015 signiﬁcat,
2747 1947 2836 2013 qui
2874 1945 3158 1998 excitatum
3189 1946 3438 2015 populum
3469 1945 3682 1998 Judae-

2076 2067 2078 2069 -
2124 2057 2238 2095 rum
2263 2044 2313 2094 in
2344 2055 2528 2095 necem
2560 2039 2764 2092 Domini
2794 2037 2986 2091 ardore
3011 2051 3149 2102 ιιι-εει)
3176 2037 3264 2104 piti
3297 2038 3682 2104 compulerunt.

2125 2129 2310 2184 Facies
2366 2130 2504 2183 enim
2563 2128 2818 2196 ipsorum,
2867 2129 3162 2180 truculenta
3219 2129 3497 2195 pra-scotia
3552 2127 3684 2190 fuit;

2125 2226 2261 2277 sicut
2302 2223 2354 2275 in
2403 2221 2689 2291 Evangelia
2732 2221 2798 2274 de
2825 2219 2956 2273 .luda
2989 2219 3154 2273 dicit:
3185 2219 3400 2272 Introiit
3442 2236 3494 2272 ιιι
3539 2219 3685 2273 illuni

2127 2315 2352 2366 Satanas
2375 2311 2554 2382 (locu.
2602 2327 2717 2374 sui,
2749 2309 2864 2375 ‘27).
2898 2310 2984 2362 Sic
3009 2325 3137 2378 ergo
3175 2322 3350 2362 actum
3389 2321 3487 2373 est,
3522 2319 3582 2364 ut
3608 2310 3685 2364 in-

2127 2405 2339 2469 stigatio
2381 2417 2410 2454 e
2467 2402 2769 2454 daemonum
2827 2400 3024 2454 inimici
3075 2400 3193 2470 ejus
3241 2400 3406 2452 Jud:ei
3457 2403 3685 2456 animam

2126 2492 2312 2560 ipsius,
2361 2491 2408 2543 id
2449 2501 2529 2545 est
2559 2491 2718 2544 vitam
2765 2490 3108 2558 temporalem
3139 2491 3348 2558 eripere
3376 2492 3687 2545 voluissent.

2127 2585 2255 2639 Nam
2301 2596 2354 2640 et
2394 2585 2565 2652 ipsum
2611 2584 2828 2635 verbum
2885 2583 3318 2634 circumdederunt
3373 2583 3689 2649 evangeliea:

2127 2675 2447 2729 narrationis
2495 2671 2745 2740 exprimit
2775 2674 3070 2736 verita'em,
3101 2670 3311 2740 quando
3336 2687 3454 2722 cum
3506 2672 3689 2740 gladiis

2127 2778 2181 2822 et
2210 2766 2437 2820 fustibus
2467 2779 2588 2818 eum
2621 2765 2928 2816 insanorum
2964 2763 3111 2815 turba
3150 2762 3512 2814 circumdedit.

2203 2855 2354 2909 Vcrs.
2413 2854 2497 2907 ll.
2545 2854 2756 2924 Adipem
2805 2867 2954 2906 suum
2997 2851 3390 2917 concluserunt;
3427 2869 3481 2906 os
3521 2868 3690 2906 eorum

2129 2947 2348 2999 locutum
2375 2952 2444 2996 est
2472 2943 2777 3013 superbiam.
2813 2940 3131 2994 Concludunt
3155 2941 3379 3010 adipem,
3413 2944 3502 3010 qui
3533 2944 3691 2998 multa

2049 3056 2097 3118 ρ
2133 3034 2427 3090 voracitate
2454 3033 2826 3101 pinguescunt;
2853 3032 2929 3085 sic
2949 3030 3117 3085 Judazi
3140 3031 3396 3085 scelerum
3422 3032 3693 3088 nimietate

2129 3126 2376 3196 saginati,
2428 3139 2570 3178 vera:
2625 3123 2983 3193 intelligentize
3038 3123 3279 3176 aenniina
3333 3125 3689 3192 perdiderunt.

2130 3219 2383 3272 Restabat
2435 3225 2609 3270 autem
2652 3225 2707 3268 ut
2747 3217 2832 3283 qui
2865 3215 3204 3284 pinguissima
3251 3217 3574 3272 immanitate
3615 3230 3694 3274 tu-

2131 3319 2395 3373 muerunt,
2448 3309 2677 3378 superba
2727 3309 3088 3377 loquerentur.
3137 3309 3202 3362 Et
3250 3312 3385 3363 bene
3438 3311 3521 3365 llic
3562 3311 3694 3368 dixit

2130 3411 2332 3456 tantum
2363 3417 2470 3466 ore,
2501 3415 2605 3454 non
2647 3400 2806 3454 etiam
2835 3399 2996 3452 corde
3023 3400 3179 3452 locuti
3206 3415 3317 3452 sun:
3343 3402 3497 3470 :qnia
3525 3406 3693 3456 scele-

2133 3507 2366 3550 ratmum
2399 3509 2515 3549 llttJS
2544 3504 2624 3546 est
2657 3494 2745 3546 illa
2781 3494 3079 3562 frequenter
3117 3509 3360 3551 sermone
3387 3497 3691 3568 defendere,

2131 3602 2248 3656 qua:
2271 3597 2556 3640 noscantur
2586 3587 2904 3637 conscientia
2937 3595 3067 3638 teste
3091 3585 3361 3641 damnare.

2207 3681 2355 3734 Vers.
2386 3678 2468 3732 12.
2501 3677 2831 3750 Proji.~ieut.s
2868 3697 2944 3734 me
2971 3699 3102 3734 nunc
3131 3685 3564 3740 circumdederunt
3588 3706 3695 3743 me:

2135 3776 2306 3828 oculos
2332 3791 2448 3827 suos
2488 3785 2768 3826 statuerunt
2797 3775 3051 3828 declinare
3090 3777 3142 3829 in
3172 3787 3376 3834 terram.
3417 3779 3696 3847 Proﬁcieno

2140 3878 2233 3932 tes,
2269 3876 2416 3920 extra
2462 3865 2726 3919 civitatem
2759 3867 3059 3933 ejicientes;
3091 3885 3226 3922 nunc
3265 3871 3696 3926 circuiiides'eiuut

2136 3974 2242 4011 non
2277 3957 2554 4024 obsequio,
2583 3958 2674 4010 scd
2703 3957 2900 4021 lurore,
2933 3959 3141 4025 quando
3177 3962 3318 4015 cruci
3352 3978 3470 4016 eum
3496 3976 3698 4018 constat

2136 4051 2373 4103 allixum.
2410 4050 2558 4102 Nunc
2583 4059 2756 4103 autem
2784 4050 2923 4114 quod
2951 4051 3146 4104 dictum
3175 4062 3276 4114 est,
3309 4069 3541 4120 praesens
3569 4064 3700 4109 tem-

2136 4157 2236 4211 pus
2266 4141 2440 4210 posuit
2470 4155 2564 4207 pro
2592 4142 2788 4202 laturo,
2820 4142 2958 4209 quod
2987 4142 3120 4209 apud
3148 4144 3431 4210 prophetas
3457 4160 3575 4200 esse
3600 4162 3699 4199 nn-

2137 4232 2303 4284 scitur
2355 4232 2620 4284 usitatum.
2676 4231 2927 4298 Sequitur
2965 4249 2975 4281 :
3019 4232 3208 4284 Oculos
3252 4250 3370 4287 suos
3419 4245 3700 4289 statummt

2138 4322 2390 4374 declinare
2420 4321 2470 4372 iu
2494 4329 2700 4374 terram.
2729 4321 2856 4374 Dicit
2885 4323 3318 4376 c0usitetudinem
3352 4326 3699 4394 perditorum,

473 4415 596 4470 licat
640 4416 778 4468 enim
821 4414 1103 4478 mirabilia,
1147 4431 1264 4483 quze
1315 4415 1365 4468 in
1418 4431 1578 4471 carne
1631 4419 1860 4473 facturus
1897 4434 2023 4487 erat1

2141 4411 2228 4481 qui
2262 4419 2454 4466 terram
2498 4412 2802 4478 rcSpiciunt,
2859 4411 3067 4480 quando
3108 4413 3158 4464 in
3211 4414 3344 4468 mala
3389 4417 3703 4485 cogitatione

473 4521 591 4574 qua:
617 4504 831 4558 Judacus
882 4505 1122 4572 pupulas,
1174 4508 1271 4559 etsi
1325 4506 1599 4560 universus
1641 4525 1743 4562 non
1789 4512 2032 4578 credidit,

474 4607 649 4649 tamen
677 4597 772 4650 sul;
803 4597 1156 4651 adiuratione
1199 4599 1492 4666 conspexit.
1539 4601 1720 4654 Salvos
1747 4603 1874 4669 facis
1921 4621 2038 4672 spe-

473 4700 642 4742 rantes
689 4691 740 4742 in
783 4703 849 4753 te,
883 4690 932 4742 id
971 4698 1055 4744 est
1097 4691 1147 4742 in
1199 4701 1391 4744 mterua
1422 4692 1520 4744 vita
1550 4705 1860 4749 constitues.
1909 4698 2036 4751 Nam

477 4781 780 4849 frequenter
811 4783 882 4834 illi
930 4783 1097 4850 magis
1135 4783 1184 4836 in
1236 4783 1334 4836 hoc
1373 4787 1566 4838 tnuudo
1611 4789 1852 4841 trucidati
1897 4803 2037 4856 stitit,

475 4875 565 4942 qui
586 4874 701 4943 ejus
732 4875 930 4926 nomini
966 4877 1324 4929 crediderunt.
1356 4877 1577 4932 Pulchre
1605 4890 1779 4934 autent
1804 4882 1968 4936 dicit:
1993 4885 2036 4938 A

473 4966 819 5017 resistentibus
868 4964 1084 5018 dextera
1133 4974 1249 5018 ture.
1299 4967 1509 5019 Dextera
1560 4969 1699 5021 enim
1752 4971 1918 5025 Patris
1959 4983 2040 5025 est

477 5056 658 5113 Filius,
701 5057 782 5108 cui
813 5057 978 5108 .Iudmi
1020 5071 1315 5124 repugnare
1361 5060 1459 5111 nisi
1507 5069 1628 5117 sunt
1667 5063 1877 5129 quando
1918 5077 2036 5119 eum

474 5144 786 5212 crucifigere
815 5140 1182 5199 decreveruni.

546 5235 694 5290 Vers.
734 5235 786 5287 9.
832 5234 1038 5287 Custodi
1077 5251 1174 5298 me,
1225 5234 1455 5297 Domine,
1509 5248 1560 5289 ut
1590 5239 1832 5305 pupanm
1865 5239 2034 5303 oeuli;

473 5326 566 5378 sub
597 5325 769 5377 unsbra
811 5327 1010 5376 alarum
1058 5333 1258 5376 tuarum
1297 5338 1499 5394 protegc
1543 5343 1639 5379 me.
1685 5327 1781 5379 Per
1828 5328 2040 5381 schema

479 5421 621 5481 icon,
654 5430 770 5484 qua:
797 5417 980 5467 Latine
1001 5414 1196 5467 dicitur
1223 5415 1550 5483 imaginatio,
1583 5418 1795 5482 pupilla:
1818 5436 1874 5469 se
1901 5419 2042 5472 oculi

481 5506 730 5562 llouiinns
747 5505 1090 5571 comparavit.
1115 5503 1322 5574 Pupilla
1343 5518 1420 5560 est
1441 5507 1582 5560 enim
1610 5508 1662 5560 in
1690 5511 1860 5562 medio
1879 5517 2044 5576 posita

481 5593 756 5661 perspicua
808 5605 926 5662 pars
969 5589 1128 5653 oculi,
1181 5606 1281 5659 qua
1329 5607 1609 5660 Corporum
1659 5595 1868 5651 Colores
1904 5597 2043 5653 varia

2143 4503 2446 4557 Volvuntur.

2217 4595 2367 4648 Vcrs.
2403 4595 2487 4647 15.
2519 4593 2859 4664 Susceperunt
2889 4611 2964 4649 me
2988 4594 3116 4646 sicut
3147 4597 3221 4649 leo
3246 4605 3454 4665 paratus
3484 4597 3552 4650 ad
3576 4615 3706 4666 prte-

2143 4687 2282 4749 dam,
2315 4696 2358 4737 et
2389 4687 2515 4738 sicut
2543 4687 2740 4738 catulus
2771 4685 2930 4738 leonis
2952 4686 3182 4740 habitans
3215 4688 3263 4739 in
3292 4689 3494 4741 abditis.
3522 4689 3706 4743 Susce-

2146 4786 2323 4839 perunt
2350 4793 2448 4841 me,
2480 4775 2578 4828 hoc
2606 4786 2685 4828 est
2709 4774 2873 4829 Judaei
2903 4793 2928 4828 a
2956 4775 3145 4838 Pilato,
3182 4777 3390 4845 quando
3421 4780 3497 4831 eis
3536 4779 3660 4830 dixit
3689 4793 3706 4830 :

2151 4868 2331 4920 Tollite
2366 4883 2498 4930 eum,
2542 4878 2588 4918 et
2636 4871 2912 4921 secundum
2959 4868 3116 4940 legem
3167 4878 3381 4922 vestram
3427 4869 3711 4937 cruciﬁgite

2143 4974 2252 5010 eum
2277 4956 2450 5023 (Joan.
2471 4973 2577 5024 six,
2599 4957 2677 5026 6),
2705 4958 2840 5024 quod
2873 4957 3023 5012 avide
3052 4959 3418 5025 suscipientes,
3448 4970 3500 5014 et
3527 4972 3710 5012 vinum

2141 5061 2250 5099 sua:
2296 5048 2620 5100 crudelitatis
2649 5047 2954 5112 iinuleutes,
2999 5048 3189 5100 merito
3221 5047 3449 5102 ferarum
3489 5051 3713 5102 saevitiae

2142 5147 2532 5202 comparantur.
2578 5137 2793 5188 Leonem
2825 5137 3074 5201 diximus,
3124 5148 3174 5190 et
3204 5139 3469 5191 didiolum
3504 5138 3628 5196 dici.
3655 5148 3712 5190 et

2140 5226 2350 5279 Christo
2380 5225 2571 5292 saepius
2597 5224 2916 5291 οοιιιιιιιηιί.
2960 5225 3058 5289 Qui
3089 5226 3276 5278 modus
3310 5229 3589 5278 locutionis
3631 5227 3714 5278 in-

2147 5331 2226 5373 tcr
2273 5321 2480 5387 propria
2528 5318 2812 5386 Scriptura:
2859 5321 3051 5372 divinae
3101 5321 3433 5388 recipiendus
3469 5333 3583 5385 est;
3629 5323 3716 5375 hic

2149 5410 2320 5463 tamen
2351 5410 2624 5463 evidenter
2657 5409 2923 5461 diibulinn
2966 5409 3228 5478 designat.
3274 5411 3376 5479 Ipsi
3405 5413 3543 5463 enim
3569 5413 3717 5479 juste

2149 5501 2435 5568 comparati
2487 5511 2609 5553 sunt
2653 5502 2913 5568 principes
2957 5501 3286 5564 JUtltDtll'lllll,
3343 5518 3446 5569 quo
3493 5513 3717 5555 auctore

2152 5593 2504 5654 fremuerunt;
2551 5604 2599 5647 ct
2632 5603 2803 5646 tamen
2840 5593 3002 5646 multa
3029 5593 3232 5662 pejores
3261 5594 3430 5648 ell'eCii
3465 5607 3605 5656 sunt,
3636 5595 3716 5652 si-
