4008 6182
1360 206 1373 233 κ

280 269 368 325 ιει

1184 274 1538 332 EXPOSITIO
1581 274 1641 328 IN
1686 269 2129 326 PSXLTERIUM.
2180 270 2366 327 PS\L.
2413 273 2547 327 XVI.

3411 282 3502 336 {9'3

276 385 483 455 quiidem
530 385 773 442 diabolus
836 389 1115 442 Dominum
1177 391 1417 455 tentavit,
1473 388 1614 442 cruci
1670 394 1843 439 autem
1874 386 1918 438 A
1951 391 2219 447 peccatum
2267 382 2341 434 illi
2382 383 2770 451 abominabi'e,
2800 393 2956 454 atque
2998 402 3027 441 a
3076 399 3363 455 conSpectu
3394 392 3512 457 ejus

274 478 491 532 i-tnrnm
540 480 739 532 insania
767 482 997 534 c'udelis
1037 481 1227 533 affluit.
1259 480 1495 534 Catulum
1529 488 1703 531 autem
1738 476 1839 528 leo-

276 573 344 624 Iis
372 567 499 622 dicit
547 570 808 637 reliquum
863 571 1110 636 populum
1144 571 1469 634 Judzoorum,
1514 568 1601 634 qui
1641 582 1700 621 se
1727 566 1843 619 dia-

278 659 374 711 boli
408 657 551 712 ﬁlios
576 656 891 713 eﬂccerunt.
918 660 1003 713 Sic
1025 661 1163 712 enim
1208 661 1273 713 de
1304 661 1435 729 ipsis
1463 660 1514 711 in
1549 656 1840 725 Evangelio

276 752 500 803 dicitur:
532 748 637 803 Vos
678 767 741 804 ex
792 762 933 819 patre
963 753 1164 803 diabolo
1193 754 1309 806 estis
1351 750 1533 821 (Joan.
1580 765 1691 816 vm,
1724 746 1838 817 M).

280 838 522 891 llabitans
550 841 600 892 in
634 841 862 893 abddis:
894 856 1212 908 permanens
1254 842 1304 894 in
1336 840 1565 895 insidiis.
1600 840 1843 892 Detesta-

275 930 455 984 bilium
489 932 750 996 siquidem
785 934 1055 986 hominum
1092 934 1421 987 consuetudo
1451 943 1530 987 est
1560 933 1695 987 mala
1720 940 1841 986 vota

277 1032 470 1090 tegere,
499 1030 557 1075 nt
588 1022 816 1079 latenter
840 1023 904 1077 ad
937 1023 1183 1078 eliectum
1212 1024 1419 1093 possint
1453 1038 1636 1078 eorum
1660 1023 1840 1078 consi-

278 1114 337 1166 lia
370 1114 676 1180 pervenire.

341 1204 495 1257 Vers.
534 1204 616 1257 il.
672 1203 921 1273 Exsurge,
974 1206 1215 1269 Domine;
1260 1206 1480 1274 ιιι-ωυεηὶ
1516 1222 1623 1269 eos,
1654 1216 1843 1273 etsup-

276 1295 448 1363 planta
495 1296 782 1362 eos:eripe
823 1296 1045 1350 animam
1086 1312 1247 1349 meam
1276 1297 1338 1349 ab
1378 1298 1554 1367 impio,
1600 1298 1844 1365 frameam

277 1400 429 1440 tuam.
463 1386 648 1441 Tertia
674 1386 842 1441 sectio
870 1386 1038 1441 beatae
1062 1388 1317 1443 orationis
1337 1388 1584 1443 intratur.
1612 1388 1846 1457 Exsurge

280 1480 327 1530 in
358 1487 668 1545 peccatores
699 1476 847 1543 dicit,
878 1493 1032 1547 quem
1087 1478 1165 1532 illi
1217 1488 1403 1547 putant
1428 1494 1578 1534 more
1616 1480 1846 1533 humano

278 1583 433 1638 posse
459 1569 773 1638 quiescere;
806 1582 863 1622 ut
884 1579 1207 1638 cognoscant
1236 1569 1475 1641 vigilare,
1515 1570 1637 1623 dum
1661 1585 1845 1623 corum

278 1678 377 1715 non
404 1661 782 1728 permittuntur
807 1660 1107 1727 iniquitates
1134 1676 1463 1715 exarescere.
1492 1661 1722 1714 f’rteveni
1751 1676 1847 1714 au-

1946 480 2255 522 extranenm
2288 482 2388 535 est,
2413 475 2654 541 quaniris
2687 474 2799 543 ejus
2844 476 3080 528 notitiam
3127 478 3343 532 minime
3370 479 3512 532 refu4

1944 576 2070 627 gero
2095 562 2361 626 videatur;
2385 564 2519 615 sicut
2548 565 2597 616 in
2625 569 2806 632 qu‘nto
2832 565 3034 634 ps;ilmo
3052 563 3163 635 jam
3183 569 3379 622 dictum
3398 579 3511 623 est:

1948 651 2068 704 Non
2102 652 2344 705 habitabit
2374 657 2531 722 juxta
2563 664 2610 708 te
2639 657 2916 725 malignus,
2951 675 3108 726 neque
3146 657 3512 729 permanebunt

1945 743 2128 806 iniusti
2155 755 2272 797 ante
2296 746 2467 798 oculos
2498 760 2609 800 tuos
2637 745 2809 815 (Paul.
2840 764 2889 811 ν,
2922 749 3006 816 6);
3039 751 3172 802 sirut
3197 760 3249 804 et
3273 751 3339 804 de
3380 749 3508 805 Cain

1947 832 2218 902 Scriptura
2248 835 2412 889 dicit:
2445 835 2692 906 Egressus
2722 836 2849 890 Cain
2884 855 2913 891 a
2938 839 3067 906 facie
3106 839 3330 904 Domini,
3365 842 3512 894 habi-

1948 925 2066 977 tavit
2105 926 2317 979 interra
2349 931 2595 998 profugus
2637 927 2790 997 (Cen.
2833 945 2902 992 tv,
2941 928 3045 997 16).
3088 930 3354 986 Saturatos
3383 948 3512 1002 ergo

1949 1017 2161 1072 Judteos
2182 1019 2312 1073 dicit
2337 1020 2403 1074 de
2430 1021 2800 1087 immunditiis,
2827 1037 2941 1090 qua:
2968 1037 2999 1075 a
3024 1022 3249 1076 Domino
3284 1026 3512 1078 abscon-

1948 1112 2075 1174 dita,
2111 1113 2163 1166 id
2197 1122 2279 1167 est
2319 1124 2611 1168 noscuntur
2640 1130 2758 1169 esse
2786 1116 3068 1184 prohibita.
3101 1117 3154 1170 Si
3183 1132 3306 1170 vero
3335 1118 3384 1170 in
3415 1119 3512 1171 bo-

1950 1218 2070 1258 nam
2095 1216 2298 1271 partem
2323 1204 2422 1259 hoc
2451 1206 2676 1272 positum
2710 1207 2873 1260 lector
2902 1208 3149 1274 accipias,
3177 1218 3230 1259 ut
3252 1218 3330 1261 est
3354 1210 3511 1261 illud:

1954 1300 2118 1366 Quam
2141 1315 2327 1369 magna
2352 1298 2626 1353 multitudo
2655 1299 3073 1364 dulcedinistuar,
3104 1300 3333 1363 Domine,
3365 1318 3514 1371 quum

1949 1392 2229 1447 absconditi
2260 1391 2548 1446 timentibus
2590 1400 2658 1454 te,
2698 1400 2743 1444 et
2773 1390 3029 1460 perfecisti
3061 1408 3171 1446 eam
3200 1394 3515 1461 sperantibus

1951 1490 2002 1542 in
2044 1496 2091 1540 te
2120 1485 2306 1554 (Psal.
2346 1502 2475 1550 xxx,
2504 1487 2608 1556 20)
2641 1488 2654 1540 !
2691 1486 3082 1542 Enumerantur
3134 1488 3426 1559 beneﬁcia,
3454 1498 3511 1542 ut

1952 1580 2122 1646 major
2152 1579 2473 1647 ingratorum
2504 1580 2817 1632 ostendatur
2852 1578 3076 1633 offensa.
3110 1579 3184 1635 De
3210 1582 3516 1633 absconditis

1956 1670 2081 1732 tuis,
2112 1668 2163 1722 id
2189 1676 2271 1722 est
2299 1668 2364 1721 de
2396 1668 2509 1737 lege
2540 1666 2747 1722 Veteris
2775 1668 3121 1735 Testainenti,
3153 1679 3206 1724 et
3244 1671 3312 1725 de
3350 1672 3515 1724 mira-

278 1762 379 1805 tr-m
410 1752 564 1814 dixit,
596 1760 653 1804 ut
676 1760 799 1805 ante
842 1754 1220 1805 subvertantur
1256 1766 1409 1818 quant
1438 1758 1651 1819 peccata
1685 1750 1846 1820 perli-

1967 1762 2084 1816 :ulis
2116 1776 2234 1829 qua:
2264 1760 2516 1815 Dominus
2546 1760 2786 1815 Christus
2824 1762 2875 1815 in
2908 1763 2984 1815 eis
3010 1773 3123 1817 erat
3150 1765 3378 1832 gloriosa
3410 1766 3516 1818 dis-

277 1847 438 1897 ciant.
472 1841 838 1911 Exposnimns
872 1842 1013 1895 enim
1056 1840 1110 1895 in
1152 1841 1679 1911 superioribushunc
1719 1857 1847 1895 senv-

277 1949 391 1987 sum
423 1934 563 1987 bene
588 1934 757 2001 aptari
786 1933 890 2003 57
921 1934 1147 1988 scelerat
1167 1947 1214 1998 s,
1254 1934 1377 1987 dum
1402 1947 1461 1987 se
1489 1909 1714 1987 miscere
1744 1948 1846 1986 non

279 2029 662 2097 permittuntur
680 2028 897 2082 illicitis.
923 2028 1316 2083 Subvertuntur
1336 2032 1477 2083 enim
1501 2041 1548 2084 et
1580 2030 1653 2082 illi
1682 2030 1850 2084 felici-

278 2133 377 2184 ter,
426 2122 515 2188 qui
564 2121 632 2176 de
664 2124 839 2189 pravis
878 2121 1020 2175 vitiis
1060 2122 1125 2174 ad
1156 2131 1357 2175 rectam
1399 2125 1642 2174 semitam
1695 2122 1853 2175 redu-

277 2222 493 2265 cuntur.
532 2209 686 2278 Eripe
711 2211 936 2263 animam
967 2226 1130 2264 meam
1160 2210 1221 2263 ab
1252 2211 1441 2280 impio;
1474 2212 1652 2278 ut'que
1681 2225 1709 2264 a
1738 2210 1853 2264 dia-

278 2302 422 2363 bolo,
475 2302 565 2370 qui
617 2300 807 2354 merito
852 2300 1047 2368 impius
1092 2302 1307 2369 dicitur,
1342 2303 1462 2371 quia
1507 2303 1603 2368 piis
1643 2318 1854 2370 semper

277 2394 580 2445 contrarius
628 2392 970 2461 approbatur.
1014 2390 1324 2459 Eripe:fac
1371 2408 1674 2463 resurgere,
1714 2395 1853 2462 quod

278 2485 556 2553 impletum
583 2498 703 2537 esse
734 2482 1068 2536 manifestum
1099 2493 1198 2536 est.
1233 2480 1506 2535 Frameom
1536 2494 1694 2536 tua‘n.
1732 2484 1857 2538 Bre-

278 2578 419 2630 viter
447 2576 761 2630 conclusum
802 2584 887 2628 est
913 2576 1034 2642 quid
1065 2576 1135 2629 sit
1160 2575 1335 2628 anima
1364 2575 1571 2628 Domini
1620 2576 1859 2630 Sa'vato—

278 2671 381 2729 r's;
415 2670 610 2729 {ramra
652 2676 732 2719 est
768 2665 913 2720 enim
946 2665 1139 2727 Patris,
1163 2666 1371 2734 quando
1422 2681 1515 2734 per
1545 2667 1711 2733 ipsam
1741 2667 1858 2721 dia-

279 2758 465 2811 lmlmn
503 2759 656 2820 για-ιη
687 2773 780 2824 per
812 2757 978 2824 ipsam
1009 2758 1263 2810 mundum
1295 2772 1324 2811 a
1351 2758 1565 2811 sordida
1595 2758 1859 2827 supersti-

278 2852 427 2903 tione
469 2850 745 2916 purgavit;
794 2864 888 2917 per
919 2849 1083 2915 ipsam
1114 2848 1375 2902 debeliata
1428 2857 1512 2902 est
1553 2852 1857 2914 captivitas,

278 2956 403 3009 quae
456 2942 671 2993 hutnant
703 2942 913 3009 generis
941 2940 1178 2994 sobolem
1212 2939 1540 3007 possidebat.
1589 2939 1862 2994 Fromeam

280 3046 409 3084 vero
428 3030 669 3083 diximus
699 3029 982 3082 multarum
1031 3042 1151 3083 esse
1192 3030 1637 3098 significationum
1667 3048 1678 3081 :
1705 3034 1861 3085 modo

1954 1852 2265 1919 pensatione
2316 1848 2571 1905 faeturus.
2627 1850 2857 1903 Ventrem
2896 1853 3150 1921 ipsorum,
3193 1870 3403 1908 sensum
3441 1858 3516 1908 si.

1952 1943 2167 2010 gnilit-at
2217 1940 2436 1994 omnino
2461 1941 2724 1994 carnalem
2747 1982 2762 2007 ,
2797 1944 2848 1995 in
2901 1959 3004 2010 quo
3036 1946 3276 1997 mandata
3314 1946 3514 1999 Domini

1953 2044 2202 2100 tauquam
2235 2033 2284 2084 in
2334 2042 2519 2085 ventre
2565 2033 2836 2086 recondita
2867 2043 3007 2087 sunt.
3044 2035 3107 2087 Et
3154 2036 3286 2088 bene
3329 2052 3419 2090 St‘n
3456 2053 3517 2089 ns

1952 2137 2136 2175 eorum
2164 2133 2498 2184 comparatus
2525 2130 2605 2174 est
2652 2124 2842 2183 ventri,
2886 2125 3024 2177 unde
3062 2125 3165 2178 cibi
3210 2126 3516 2192 spirituales

1955 2215 2097 2266 velut
2125 2210 2379 2265 vilissima
2406 2221 2745 2292 purgamenta
2772 2211 2988 2280 projecti
3021 2221 3162 2277 sunt,
3195 2216 3317 2267 dum
3350 2217 3416 2268 ah
3441 2220 3518 2269 eis

1954 2312 2203 2368 corrupta
2237 2313 2411 2355 mente
2440 2301 2765 2355 dilabuntur.
2799 2302 2902 2356 Sed
2935 2303 2986 2355 hi
3009 2318 3125 2356 cum
3159 2319 3258 2358 ess.
3280 2317 3337 2358 nt
3362 2308 3519 2361 rebus

1958 2392 2265 2446 cte'estihus
2298 2391 2521 2459 impleti,
2556 2399 2609 2443 ut
2632 2391 2763 2444 nihil
2798 2400 3063 2446 terrenum
3092 2407 3284 2461 capere
3310 2396 3519 2449 debuis-

1957 2491 2097 2548 sent,
2134 2481 2495 2536 animadverte
2523 2483 2645 2548 quid
2678 2483 2933 2551 sequitur,
2964 2486 3179 2535 saturati
3213 2495 3326 2537 sunt
3352 2490 3519 2555 porci—

1959 2592 2045 2628 na.
2075 2576 2117 2627 Ο
2141 2574 2394 2640 iniquitas
2421 2572 2747 2626 exsecranda
2776 2573 2788 2624 !
2822 2573 3080 2627 Audiebat
3115 2588 3304 2629 sensus
3338 2593 3517 2630 mnim

1961 2666 2206 2720 mandata
2244 2663 2359 2730 Dei,
2393 2674 2445 2718 et
2486 2664 2555 2718 illi
2588 2666 2965 2718 saturabantur
2994 2667 3235 2721 sordibus
3269 2678 3521 2737 peccato-

1962 2775 2099 2820 rum,
2132 2773 2375 2825 novoque
2398 2757 2553 2811 modo
2576 2758 2729 2813 bonis
2749 2758 3053 2813 caélestohus
3076 2761 3230 2828 pasti,
3263 2765 3518 2815 malorum

1963 2848 2181 2901 faecibus
2210 2846 2580 2914 expiabuntur.
2620 2846 2840 2900 Porcina
2868 2851 3006 2901 enim
3031 2850 3092 2900 ad
3129 2851 3323 2917 polluta
3355 2858 3522 2919 reslii-

1964 2945 2056 3003 cit,
2087 2954 2204 3005 qute
2246 2940 2385 2991 inter
2414 2948 2605 2992 caztera
2643 2940 2848 2993 Veteris
2897 2940 3223 2994 Testamenti
3266 2956 3523 3010 praecepta

1969 3030 2235 3083 immunda
2287 3037 2632 3097 prmnmatur.
2689 3028 3120 3095 Transmiserunt
3177 3042 3347 3085 autem
3401 3035 3524 3086 rel.-

279 3132 527 3185 contum,
560 3120 718 3174 modo
748 3120 988 3181 loricam.
1036 3120 1194 3175 modo
1234 3120 1462 3189 gladium
1492 3122 1752 3191 signiﬁcat
1784 3123 1863 3177 his
1893 3100 1937 3161 (ἶ
1968 3122 2117 3189 qnias
2172 3130 2508 3189 peccatorum
2562 3120 2685 3173 filiis
2731 3122 2841 3173 suis
2873 3138 2886 3172 :
2929 3120 3140 3189 quando
3185 3122 3478 3175 clarnahant
3515 3141 3526 3174 :

281 3220 505 3265 acutum
528 3226 544 3273 ;
569 3226 686 3278 qua:
710 3221 887 3264 tamen
912 3212 1091 3265 omnia
1125 3213 1191 3266 ad
1218 3214 1566 3267 instrumenta
1593 3229 1865 3270 armorum

284 3310 497 3354 certum
539 3310 625 3353 est
652 3301 941 3367 pertinere.
973 3301 1237 3356 Memento
1279 3312 1454 3357 autem
1498 3304 1637 3372 quod
1685 3306 1737 3359 in
1769 3307 1870 3361 hoc

285 3405 472 3457 versu,
520 3391 705 3460 quinta
746 3392 956 3460 species
1003 3393 1332 3450 deﬁnitionis
1378 3405 1483 3459 est,
1522 3412 1640 3466 qure
1687 3397 1872 3452 (ir-arce

287 3485 421 3537 ιετά
462 3486 558 3540 τήν
585 3482 729 3546 λέξιν,
776 3481 959 3537 Latine
982 3482 1047 3537 ad
1088 3485 1307 3539 verbum
1336 3484 1562 3549 dicitur;
1594 3502 1699 3538 nno
1727 3487 1870 3539 enim

288 3574 460 3627 verbo
491 3573 734 3627 deﬁnivit
760 3573 886 3643 quid
915 3576 986 3629 sit
1016 3574 1195 3629 anima
1230 3574 1450 3643 Christi,
1486 3576 1534 3631 id
1564 3585 1647 3631 est
1676 3576 1873 3631 framea

291 3671 497 3726 Patris.

362 3764 526 3817 Vera.
558 3762 641 3817 15.
675 3762 748 3815 Ab
778 3764 991 3817 inimicis
1011 3780 1189 3817 manus
1221 3774 1341 3818 tua.
1376 3764 1611 3831 Domine,
1642 3782 1673 3818 a
1698 3768 1874 3836 paucis

291 3874 323 3911 ε
344 3865 489 3908 terra
516 3853 787 3920 dispertire
817 3871 924 3921 eos,
976 3864 1021 3908 et
1049 3855 1321 3925 supplanta
1360 3871 1445 3909 eos
1471 3857 1524 3909 in
1552 3858 1652 3909 vita
1680 3872 1873 3910 eorum.

292 3947 427 4001 Item
463 3946 526 3999 lit
556 3946 726 3998 oratio
750 3960 844 4012 pro
864 3945 1083 4009 ludatis,
1115 3946 1202 4015 qui
1232 3945 1427 3999 diaboli
1464 3955 1722 4013 potestate
1750 3961 1879 4000 con-

293 4040 499 4103 stricti,
546 4036 765 4090 nefariis
813 4048 966 4089 erant
1007 4038 1227 4091 ausibus
1273 4037 1544 4091 imitandi.
1600 4037 1878 4093 Dtemones

293 4137 427 4182 sunt
450 4129 595 4181 enim
619 4128 807 4179 inimici
832 4142 1011 4180 manus
1036 4127 1265 4192 Domini,
1289 4127 1376 4197 qui
1400 4129 1686 4181 humanum
1714 4144 1879 4199 genus

292 4219 575 4273 Contraria
609 4217 833 4271 Domino
872 4232 1085 4285 semper
1111 4220 1380 4272 voluntate
1408 4219 1719 4274 dilacerant.
1757 4221 1881 4275 Pre-

292 4318 459 4362 catur
484 4308 667 4368 ciam,
701 4316 759 4360 ut
785 4325 814 4359 a
845 4309 1041 4373 paucis,
1074 4309 1125 4361 id
1158 4318 1240 4361 est
1263 4308 1331 4362 ab
1354 4310 1607 4377 apostolis
1634 4309 1879 4364 dividan-

294 4410 386 4453 tur
415 4399 681 4454 increduli
705 4417 720 4453 :
744 4400 867 4452 dum
896 4416 923 4451 a
960 4412 1095 4453 terra
1130 4402 1282 4468 hujus
1314 4400 1490 4454 mundi
1516 4403 1699 4455 vitiosa
1727 4417 1881 4470 sepa-

1969 3213 2191 3283 Sanguis
2232 3214 2341 3282 ejus
2369 3228 2517 3282 super
2542 3228 2631 3266 nos
2662 3222 2708 3267 et
2736 3230 2890 3282 super
2918 3202 3065 3281 iﬁlios
3088 3226 3284 3268 nostros
3309 3214 3528 3284 (Matth.

1968 3319 2133 3368 xxrn,
2156 3302 2267 3370 25).

2045 3395 2192 3448 Vnrs.
2232 3395 2313 3447 i7.
2351 3394 2459 3465 Ego
2482 3406 2648 3448 autem
2678 3412 2790 3447 cum
2819 3397 3023 3467 justitia
3057 3400 3310 3467 apparebo
3338 3402 3391 3454 in
3415 3417 3529 3453 con-

1971 3493 2148 3553 spectu
2177 3494 2264 3537 tuo
2290 3501 2307 3549 ;
2338 3485 2584 3549 satiabor,
2627 3488 2748 3537 dum
2791 3488 3196 3559 manifcs'abitur
3238 3492 3400 3559 gloria
3427 3501 3533 3547 tua.

1974 3575 2040 3628 In
2070 3585 2334 3642 conspectu
2378 3575 2544 3628 Patris
2590 3592 2834 3645 apparere
2881 3593 2939 3631 se
2984 3578 3050 3632 dit
3072 3578 3111 3632 it
3155 3596 3266 3632 cum
3298 3582 3501 3651 justitia

1977 3668 2222 3736 quoniam
2255 3668 2371 3732 ejus
2416 3669 2738 3719 voluntatem
2772 3668 3105 3737 impleverat,
3147 3674 3359 3739 quando
3389 3688 3531 3726 mun-

1976 3757 2100 3810 dum
2134 3758 2198 3809 ab
2224 3757 2433 3808 interitu
2463 3756 2645 3808 mortis
2670 3758 2941 3825 sanguinis
2971 3759 3048 3811 sui
3078 3760 3337 3815 ell'usione
3363 3765 3535 3814 salva-

1980 3848 2071 3899 vit.
2108 3845 2345 3898 Satiabor
2367 3863 2383 3899 :
2415 3861 2591 3898 sermo
2641 3848 2737 3899 iste
2767 3850 3036 3913 aptissime
3064 3848 3114 3901 ri
3137 3854 3272 3903 letur
3300 3852 3537 3905 iteratus.

1979 3936 2233 4006 Superius
2277 3937 2415 3989 enim
2452 3936 2664 3989 Judwos
2693 3938 2826 3989 dixit
2872 3940 3093 3990 saturari
3127 3942 3355 4009 porcina,
3384 3942 3432 3993 id
3465 3954 3541 3997 est

1981 4031 2313 4084 immunditia
2347 4045 2470 4086 sua:
2500 4044 2557 4083 se
2588 4040 2762 4084 autem
2796 4032 3022 4083 saturari
3052 4032 3119 4084 de
3147 4032 3362 4086 humani
3386 4049 3544 4103 gone--

1982 4121 2054 4173 ris
2085 4120 2397 4173 c‘edulitate
2424 4130 2692 4184 suscepta,
2730 4120 2942 4185 quando
2966 4135 3217 4174 numerus
3240 4133 3542 4176 sanctormn

1982 4210 2133 4264 beata
2165 4208 2483 4261 adunatione
2506 4208 2829 4274 supplendus
2853 4218 2954 4261 85L
2988 4206 3157 4263 Patris
3183 4221 3355 4263 autem
3380 4213 3545 4283 gloria

1983 4300 2385 4369 manifestabitur
2408 4298 2458 4351 in
2478 4296 2680 4366 judicio
2695 4298 2903 4352 Domini
2923 4299 3237 4366 Salvatoris,
3255 4316 3373 4356 cum
3392 4320 3548 4358 unus-

1987 4392 2211 4461 quisque
2238 4392 2455 4459 recipiet
2480 4404 2575 4458 pro
2604 4391 2807 4443 actibus
2837 4391 2967 4455 suis,
2993 4394 3129 4445 sicut
3158 4392 3269 4461 ipse
3294 4395 3549 4451 Dominus

293 4490 443 4553 rati,
500 4499 881 4541 convertuntur
921 4489 986 4541 ad
1040 4489 1343 4542 Dominum.
1403 4489 1598 4542 Eorum
1652 4492 1880 4559 quippe,
1917 4475 1963 4534 Ι)
1991 4484 2247 4551 apOstolis
2294 4481 2421 4533 tilt'il.
2459 4499 2471 4532 :
2503 4478 2569 4533 In
2598 4481 2688 4533 illa
2736 4482 2818 4533 die
2863 4485 3169 4551 cognoscetis
3211 4486 3328 4553 quia
3368 4502 3459 4557 ego
3500 4489 3551 4540 in

289 4581 526 4649 juvat-te
554 4576 807 4641 Domino,
856 4576 1231 4645 prmdicatinne
1284 4579 1477 4633 factum
1505 4590 1617 4643 est,
1672 4591 1729 4635 ut
1776 4591 1882 4636 tam
1992 4575 2164 4641 Patre.
2190 4587 2237 4629 et
2269 4575 2426 4628 Pater
2449 4576 2500 4627 in
2523 4590 2600 4628 me
2620 4583 2690 4628 est
2715 4573 2894 4639 (Joan.
2920 4591 3028 4639 xw,
3059 4578 3145 4641 10,
3175 4577 3288 4646 23).
3314 4578 3403 4634 Sic
3426 4595 3553 4649 ergo

298 4672 571 4728 [suetum
615 4686 771 4737 quam
816 4680 1002 4738 gentes
1042 4686 1071 4724 a
1113 4679 1321 4725 terrena
1375 4672 1648 4739 iniquitate
1697 4675 1884 4739 divisi,
1994 4667 2195 4729 Patris,
2225 4677 2279 4720 et
2320 4666 2467 4730 Filii,
2511 4674 2565 4719 et
2593 4666 2821 4733 Spiritus
2852 4667 3019 4720 sancti
3049 4682 3150 4721 una
3195 4680 3412 4736 natura,
3452 4687 3552 4725 una

298 4764 587 4817 Christum
620 4770 966 4827 smueretitur
1010 4769 1299 4814 auctorem.
1332 4761 1627 4831 Supplunta
1652 4778 1766 4827 eos,
1803 4762 1888 4816 hic
1998 4767 2253 4827 potestas,
2278 4772 2377 4809 una
2409 4757 2573 4825 gloria
2604 4755 2921 4811 declaratur.

300 4854 357 4906 in
394 4851 543 4906 bono
574 4850 803 4917 positum
848 4861 964 4912 est;
997 4850 1319 4918 supplantati
1368 4853 1507 4904 enim
1548 4860 1603 4905 et
1634 4853 1707 4904 illi
1750 4852 1891 4906 acci-

302 4938 499 5009 piendi
522 4949 646 4991 sunt
667 4938 753 5006 qui
784 4937 1049 4992 damnatis
1077 4940 1351 4994 erroribus
1377 4942 1441 4993 ad
1472 4952 1645 4995 rectas
1674 4940 1892 4996 semitas

305 5031 736 5085 transferuntur.
771 5028 835 5083 In
864 5033 966 5083 vita
1011 5032 1236 5099 ipsorum
1263 5033 1404 5101 quod
1434 5033 1657 5096 addidit,
1688 5035 1786 5087 hoc
1811 5043 1893 5087 est

303 5121 365 5175 in
418 5120 622 5173 mundo
652 5122 774 5184 isto,
812 5119 937 5173 dum
990 5122 1169 5175 vivunt
1203 5141 1216 5174 :
1251 5124 1335 5177 ubi
1377 5124 1704 5192 pmnitentiae
1746 5125 1893 5179 locus

305 5221 444 5273 est;
478 5211 567 5263 ubi
599 5210 856 5264 clamatur
883 5209 948 5263 ad
980 5211 1282 5276 Dominum,
1328 5229 1431 5267 non
1462 5223 1567 5267 tam
1598 5228 1691 5267 ore
1735 5228 1894 5283 quam

304 5311 502 5358 mente
530 5320 544 5363 ;
578 5302 663 5356 ubi
694 5302 1024 5370 recipiuntur
1050 5302 1332 5371 purissime
1351 5304 1731 5372 supplicantes.

395 5393 552 5448 γει-ε.
599 5394 685 5447 16.
721 5393 796 5447 De
820 5394 1127 5448 absconditis
1156 5397 1254 5448 tuis
1283 5394 1589 5464 adimpletus
1626 5405 1699 5448 est
1732 5404 1899 5449 uenter

308 5503 498 5542 eorum
513 5503 532 5551 ;
555 5487 769 5539 saturati
794 5496 909 5540 sunt
934 5488 1166 5556 porcina,
1184 5498 1230 5540 et
1256 5488 1569 5555 reliquerunt
1591 5502 1705 5554 qua:
1725 5503 1901 5556 super-

311 5584 537 5653 fuerunt
576 5581 801 5648 parvulis
842 5582 966 5633 suis.
1008 5578 1319 5632 Abscondita
1347 5580 1433 5631 Dei
1466 5591 1516 5633 ει
1548 5578 1601 5632 in
1641 5578 1781 5632 malo
1801 5618 1814 5642 ,
1846 5587 1901 5632 et

306 5675 371 5730 iu
418 5670 560 5726 bona
590 5685 871 5739 possumus
899 5680 1253 5740 congruenter
1281 5668 1521 5739 accipere
1547 5685 1559 5720 :
1590 5668 1711 5737 quia
1743 5682 1901 5722 omne

2531 4888 2799 4945 Conclusio
2823 4890 3030 4961 psalmi.

2064 5025 2505 5089 Consideremus,
2543 5024 2902 5091 dilectissimi,
2936 5040 3092 5092 quam
3138 5039 3323 5093 magna
3373 5040 3555 5080 sacra-

1998 5126 2173 5171 menta
2206 5116 2327 5171 ﬁdei
2368 5125 2565 5169 nostra:
2611 5116 2843 5183 psalmus
2875 5118 2972 5168 iste
3015 5116 3324 5184 complexus
3356 5126 3466 5179 est;
3501 5126 3558 5171 ιιι

1997 5206 2087 5275 qui
2118 5206 2264 5259 audit
2307 5206 2687 5273 supplicantem
2725 5204 3015 5272 hominem,
3047 5207 3289 5259 eumdem
3316 5215 3367 5258 et
3396 5206 3561 5258 conli-

2002 5298 2216 5352 tendum
2243 5296 2435 5351 debeat
2461 5296 2738 5350 advertere
2766 5296 3097 5350 Creatorem.
3132 5295 3269 5349 Duas
3296 5296 3435 5348 enim
3465 5311 3563 5350 na-

2002 5400 2150 5444 turas
2178 5387 2484 5442 inconfusas
2505 5397 2662 5455 atque
2682 5388 3141 5441 incommutabiles
3164 5388 3248 5455 qui
3275 5388 3325 5438 in
3354 5387 3563 5445 Christo

2003 5482 2232 5535 Domino
2265 5480 2526 5549 hodieque
2550 5479 2749 5533 mavult
2778 5478 3021 5539 credere,
3054 5493 3157 5532 non
3188 5485 3360 5547 potest
3389 5477 3565 5547 aliqua

2008 5573 2178 5638 decipi
2221 5570 2475 5623 falsitate.
2514 5568 2663 5624 Unde
2690 5569 3007 5623 mirabiliter
3030 5569 3215 5621 beatus
3238 5566 3467 5639 Cyrillus
3506 5570 3560 5626 in

2011 5666 2236 5735 quodam
2263 5663 2381 5718 loco
2406 5663 2743 5731 breviterque
2764 5662 3013 5717 disseruit
3037 5661 3216 5717 dicens
3232 5661 3369 5729 (Lib.
3398 5677 3428 5714 ν
3449 5662 3567 5722 adv.
