4008 6182
484 202 581 257 HK

1674 210 1739 262 Μ.
1787 208 2063 264 AUilELll
2107 207 2509 263 CASSIODORI

3612 214 3708 267 114

480 320 798 391 Nesiortum)
822 338 833 375 :
858 319 1614 389 Advertentesigiturmodum
1641 320 2041 383 incarnationis,
2074 324 2116 376 Α
2150 318 2476 371 deﬁnitionis
2528 324 2638 382 est,
2668 332 2785 387 quae
2834 318 3015 373 Grmce
3068 320 3260 376 dicitur
3282 364 3295 388 ,
3328 322 3438 376 κατ’
3476 321 3705 389 ἔπαινον,

479 411 715 463 videmus
753 412 872 480 quia
904 411 1023 463 dum
1057 419 1261 461 natura:
1293 423 1386 475 per
1412 408 1737 461 individuam
1788 408 2042 461 unitatem

480 501 755 554 inconl'ttse
780 512 937 567 atque
969 500 1422 553 indemutahiliter
1450 500 1676 553 invicem
1712 499 1811 553 sibi
1845 514 2039 553 conve-

480 592 676 645 nerint.
704 591 838 643 Caro
870 606 1095 657 namque
1123 606 1249 643 caro
1302 601 1403 657 eSI,
1435 599 1488 644 et
1534 607 1637 643 non
1668 590 1870 655 Deitas,
1918 590 2044 645 licet

482 680 571 733 Dei
603 680 737 732 facta
761 680 831 733 sit
858 695 1004 732 caro.
1036 680 1206 733 Simili
1234 696 1292 735 er
1321 683 1479 733 etiam
1512 680 1740 733 Verbum
1775 682 1911 734 Divus
1938 691 2041 747 est,

479 780 531 823 et
558 784 660 823 non
687 784 832 829 caro.
860 770 981 824 licet
1004 771 1396 839 dispensatorie
1423 773 1688 841 prepriam
1722 770 1900 825 fecerit
1928 787 2045 825 car-

479 875 621 912 nem.
658 860 778 913 llaec
808 870 986 913 autem
1018 861 1133 913 sine
1164 861 1458 915 oﬁ'ens’one
1494 862 1749 927 decurrit,
1783 863 1869 930 qui
1902 862 2043 915 nulla

478 950 576 1003 sibi
609 951 804 1018 proprii
837 952 1036 1006 erroris
1066 953 1348 1022 ligamenta
1379 954 1653 1019 repererit.
1691 953 1856 1021 llnjus
1885 953 2042 1006 etiam

480 1041 666 1107 psalmi
696 1057 972 1097 numerum
997 1053 1049 1097 et
1081 1045 1351 1113 quantitas
1384 1044 1709 1113 prophetalis
1732 1047 1960 1108 ornavit,
1990 1052 2047 1097 ut

480 1133 668 1188 merito
699 1134 749 1186 in
783 1134 879 1188 Ixoc
910 1150 1131 1188 numero
1165 1136 1457 1189 incarnatio
1488 1135 1698 1189 Domini
1734 1136 1897 1189 relata
1928 1149 2046 1190 esse

482 1225 757 1290 videatur,
790 1227 877 1281 tibi
920 1227 1079 1282 etiam
1133 1228 1461 1296 prophetalis
1507 1228 1705 1282 chorus
1734 1227 2047 1283 convenisse

481 1319 845 1387 cognoscitur.

745 1429 1100 1484 EXPOSITIO
1141 1427 1204 1482 IN
1246 1428 1568 1487 PSALMUM
1608 1428 1767 1485 XVII.

482 1541 542 1596 In
568 1542 719 1612 ﬁnem
750 1559 901 1610 puero
937 1543 1139 1595 Domini
1180 1541 1360 1607 David,
1393 1543 1479 1611 qui
1508 1543 1703 1595 locutus
1732 1552 1802 1595 est
1843 1543 1909 1594 ad
1944 1542 2047 1595 Do-

548 1617 737 1664 minum
783 1614 930 1664 verba
970 1614 1150 1663 cantici
1182 1614 1355 1679 hujus,
1382 1615 1432 1663 in
1460 1612 1541 1663 die
1580 1628 1678 1677 qua
1720 1614 1905 1677 eripuit
1934 1630 2044 1664 eum

2142 408 2331 462 Latine
2356 423 2447 476 per
2480 408 2711 463 laudem.
2743 409 2976 477 Singulis
2999 411 3140 465 enim
3174 412 3506 481 diversisque
3533 414 3712 469 verbis

2144 497 2484 565 praidicando
2505 498 2741 552 declarat
2766 499 2889 566 quid
2933 500 3001 553 sit
3033 500 3319 565 Dominus,
3350 502 3507 555 modo
3534 504 3708 567 virtus,

2145 589 2303 641 modo
2333 588 2726 656 firmamentum,
2759 591 2916 642 modo
2948 592 3222 661 refugium,
3257 593 3413 645 modo
3452 593 3710 657 liberator,

2146 679 2304 731 modo
2345 678 2550 744 adiutor
2573 717 2587 741 ,
2620 677 2779 731 modo
2809 689 3086 745 protector,
3117 680 3275 733 modo
3319 696 3475 734 cornu
3503 682 3709 734 salutis.

2148 769 2271 821 llzec
2298 769 2438 822 enim
2472 770 2649 822 omnia
2683 769 2903 838 pulchre
2949 771 3266 838 ostendunt,
3308 773 3424 841 quis
3470 774 3585 842 ejus
3631 784 3711 828 cst

2150 863 2425 916 Dominus.

2218 955 2369 1009 Vers.
2399 955 2452 1007 2.
2487 954 2735 1010 Dominus
2765 957 3137 1024 firmamentum
3164 973 3348 1024 meum,
3387 967 3432 1011 et
3463 957 3713 1029 refugiunt

2145 1064 2344 1112 meum,
2387 1058 2432 1101 et
2459 1049 2698 1101 liberator
2744 1063 2926 1110 meus;
2954 1048 3089 1102 Deus
3130 1066 3272 1103 meus
3315 1052 3519 1120 adjutor
3556 1067 3712 1103 meus.

2145 1138 2298 1194 Juste
2328 1140 2459 1193 dicit
2508 1140 2789 1194 Dominum
2834 1141 3210 1210 ﬁrmamentum
3254 1158 3423 1204 suum,
3466 1141 3712 1211 quoniam

2148 1230 2217 1283 ab
2247 1231 2362 1298 ipso
2389 1246 2701 1286 concessum
2730 1241 2811 1286 est
2837 1245 2893 1285 ut
2923 1232 3150 1286 inimicis
3171 1233 3278 1286 suis
3309 1233 3359 1287 in
3392 1234 3503 1287 acie
3534 1232 3715 1287 ﬁrmus

2151 1322 2455 1388 assisteret,
2502 1332 2555 1375 et
2585 1322 2751 1375 vivaci
2796 1322 3139 1375 animositate
3170 1330 3442 1391 pugnaret.
3479 1320 3553 1397 Et,
3580 1323 3711 1389 refu-

2147 1430 2284 1483 gium
2316 1428 2500 1465 meum.
2531 1412 2744 1481 Utique.
2771 1415 3002 1482 quando,
3034 1429 3153 1468 cum
3183 1412 3278 1467 fuit
3309 1429 3444 1481 Opus
3470 1414 3715 1476 consilio,

2148 1504 2343 1573 refugit
2366 1503 2430 1556 ad
2463 1513 2769 1569 tractatum,
2794 1515 2846 1558 et
2869 1505 3073 1557 invenit
3106 1503 3389 1558 Divinitate
3418 1514 3715 1558 monstran-

2150 1602 2225 1660 te,
2260 1595 2398 1660 quod
2428 1609 2550 1649 eum
2577 1604 2785 1663 poterat
2812 1596 3082 1662 adjuvare.
3118 1595 3305 1649 Merito
3334 1602 3506 1648 autem
3530 1594 3714 1647 libera-

552 1683 799 1754 l)omiuus
843 1685 903 1754 de
933 1699 1013 1733 ma
1056 1699 1085 1733 u
1118 1685 1341 1734 omnium
1372 1682 1692 1735 inimicorum
1720 1686 1862 1750 ejus,
1893 1694 1937 1735 et
1982 1685 2045 1735 de
2077 1696 2121 1753 Β
2150 1695 2307 1737 torem
2332 1700 2485 1740 suum
2521 1685 2800 1740 Dominum
2846 1686 3147 1754 proﬁtetur,
3180 1685 3268 1754 qui
3296 1700 3415 1739 cum
3438 1684 3503 1738 de
3526 1683 3713 1739 savis-

550 1770 702 1804 munu
732 1750 887 1815 Suul,
920 1762 964 1804 et
993 1754 1144 1804 dixit.

548 1860 613 1916 In
644 1863 819 1931 ﬁnem,
851 1879 1031 1929 puero,
1070 1870 1123 1916 et
1164 1861 1346 1926 David,
1382 1862 1493 1917 haec
1520 1864 1617 1915 tria
1642 1863 1802 1917 verba
1840 1862 1903 1914 ad
1936 1861 2044 1917 Re-

478 1973 595 2027 gem
629 1968 865 2009 nostrum
900 1958 1229 2010 Salvatoretu
1259 1956 1450 2011 referri
1499 1972 1653 2025 posse
1682 1972 1784 2010 non
1826 1958 2043 2011 dnhium

480 2057 580 2101 est.
613 2046 741 2099 Nam
774 2055 828 2100 et
864 2064 989 2115 puer
1018 2048 1205 2114 legitur
1246 2048 1297 2100 in
1330 2049 1583 2115 propheta
1611 2067 1623 2099 :
1658 2048 1765 2118 58
1794 2047 1928 2101 Puer
1952 2066 2047 2100 na-

480 2148 555 2190 tus
583 2146 654 2189 est
683 2136 824 2189 nobis
848 2135 979 2205 (Isa.
1000 2152 1072 2199 lx,
1100 2137 1175 2203 6).
1207 2138 1306 2203 Qui
1335 2136 1635 2191 locutus‘esl
1668 2140 1736 2189 ad
1774 2138 2046 2191 Dominum

480 2226 626 2279 verba
654 2227 839 2279 cantici
868 2226 1059 2296 hujus;
1083 2237 1200 2295 post
1230 2229 1341 2279 hwc
1367 2208 1792 2295 alia‘deputanda
1817 2236 1957 2290 sunt,
1990 2235 2047 2281 ut

481 2315 551 2368 sit
580 2316 860 2368 verborum
889 2315 1095 2383 plenior
1121 2326 1174 2367 et
1197 2315 1435 2370 absoluta
1460 2317 1749 2371 contextio.
1780 2317 1928 2383 Quod
1954 2333 2046 2371 auo

483 2415 587 2459 tem
616 2407 812 2459 dictum
840 2414 923 2460 est
952 2408 1156 2471 cantici,
1184 2408 1249 2459 ad
1292 2408 1794 2476 contemplationem
1840 2418 2046 2463 constat

482 2511 656 2551 rerum
674 2498 966 2551 co‘lestium
992 2499 1256 2565 pertinere
1279 2517 1290 2551 :
1318 2514 1383 2554 ne
1400 2499 1536 2569 regis
1554 2501 1605 2554 in
1628 2501 1789 2555 David
1816 2512 2047 2555 tantum-

482 2589 638 2645 modo
663 2589 879 2643 historia
911 2590 1105 2642 mentis
1130 2599 1327 2643 nostrae
1350 2589 1576 2644 haereret
1606 2592 1843 2645 intuitus.
1876 2591 1939 2644 In
1965 2592 2048 2645 die

479 2698 577 2752 qua
618 2682 804 2749 eripuit
835 2698 949 2734 eum
993 2681 1241 2734 Dominus
1268 2686 1331 2735 de
1370 2700 1521 2735 manu
1564 2685 1788 2736 omnium
1818 2685 2047 2737 inimico-

476 2788 592 2828 rum
618 2776 750 2840 ejus,
774 2782 820 2825 et
850 2773 911 2824 de
931 2788 1085 2824 manu
1118 2773 1269 2837 Saul,
1296 2785 1343 2826 et
1373 2775 1518 2826 dixit.
1546 2774 1639 2827 Hic
1665 2785 1814 2828 actus
1844 2774 2044 2844 Regum

476 2863 704 2916 lectione
735 2864 1043 2916 notissimus
1082 2874 1201 2926 est;
1237 2864 1306 2916 ibi
1334 2866 1473 2918 enim
1522 2865 1677 2919 latius
1725 2866 2045 2919 describitur

482 2952 921 3016 quemadmodum
956 2954 1117 3007 David
1150 2953 1310 3007 fuerit
1336 2955 1403 3008 de
1436 2954 1770 3008 inimicorum
1826 2970 2041 3009 suerum

2150 1777 2269 1830 simi
2299 1775 2652 1853 regisﬁaulis
2680 1775 2755 1829 ira
2788 1783 3040 1842 tanquam
3073 1774 3139 1827 de
3169 1774 3362 1827 inferni
3395 1788 3490 1828 ore
3520 1774 3713 1826 libera-

2151 1868 2248 1921 vit.
2296 1866 2435 1920 Deus
2464 1883 2602 1921 meus
2630 1868 2838 1937 adjutor
2866 1882 3023 1920 meus.
3062 1866 3426 1919 Praestitorum
3457 1865 3715 1918 saavitata

2151 1959 2439 2027 pellectus,
2466 1958 2517 2010 in
2549 1973 2810 2011 summam
2860 1957 3054 2024 repetit
3083 1956 3357 2025 superiora
3387 1971 3504 2024 qua:
3544 1955 3712 2007 dixit:

2147 2050 2269 2117 quia
2320 2050 2514 2117 ubique
2548 2050 2659 2117 ipse
2688 2048 2875 2108 adfuit,
2902 2063 3127 2115 eumque
3166 2046 3375 2100 virtutis
3404 2060 3513 2099 sua:
3544 2046 3717 2098 muni-

2149 2141 2294 2193 mine
2345 2140 2648 2195 custodivit.
2696 2140 2799 2194 Sed
2845 2139 3127 2193 considera
3170 2138 3311 2207 quod
3343 2140 3411 2191 ita
3461 2138 3717 2206 percurrit

2147 2232 2383 2300 singula,
2425 2242 2480 2285 ut
2532 2232 2642 2285 suis
2692 2232 2896 2284 meritis
2956 2244 3059 2283 non
3118 2239 3401 2297 praesumat
3448 2228 3716 2296 applicare

2147 2320 2357 2373 col'ata.

2222 2410 2371 2464 Vers.
2396 2411 2449 2466 3.
2478 2409 2543 2463 Et
2563 2410 2774 2480 sperabo
2796 2411 2847 2463 in
2869 2426 3014 2466 eum:
3038 2418 3287 2477 protector
3308 2425 3469 2473 meus,
3494 2418 3538 2462 et
3561 2424 3718 2461 conm

2147 2502 2327 2555 salutis
2356 2516 2496 2566 ntere,
2528 2503 2738 2574 adjutor
2767 2518 2927 2553 meus.
2961 2499 3303 2553 Conﬁdenter
3328 2500 3437 2567 jam
3464 2500 3717 2567 postulat,

2149 2592 2239 2659 qni
2260 2592 2324 2645 de
2352 2592 2555 2645 Domini
2581 2592 2746 2661 gratia
2773 2601 2891 2659 post
2914 2590 3291 2644 beneliciorum
3321 2588 3563 2657 exempla
3587 2604 3717 2652 prae-

2148 2685 2331 2735 sumit.
2361 2681 2489 2733 Nam
2520 2681 2585 2735 de
2626 2681 2801 2734 futuro
2850 2680 3163 2734 ﬁtlucialiter
3203 2694 3417 2748 sperare
3463 2693 3522 2732 se
3551 2678 3715 2742 dicit,

2148 2773 2234 2839 qui
2265 2786 2383 2823 eum
2412 2771 2460 2822 in
2488 2771 2772 2839 prmteritis
2818 2780 3055 2824 senserat
3084 2768 3402 2837 adjutorem.
3451 2767 3715 2821 Protector

2148 2878 2306 2913 meus.
2352 2862 2461 2914 Hoc
2506 2862 2570 2913 ad
2604 2876 2723 2914 eum
2774 2862 3003 2929 pertinet
3031 2860 3466 2923 custodiendmn,
3499 2860 3587 2928 qui
3622 2858 3716 2911 ad.

2150 2953 2506 3005 versariorum
2554 2951 2903 3020 appetebatur
2945 2951 3169 3003 insidiis.
3211 2950 3362 3015 Quod
3413 2958 3587 3003 autem
3628 2949 3715 3003 hic

478 3044 682 3098 ditioue
712 3046 983 3098 liberatus.
1016 3045 1092 3098 Ad
1125 3046 1276 3113 cujus
1302 3046 1700 3100 similitudinem
1726 3048 2047 3101 resurrectio
2075 3060 2120 3120 ο
2150 3044 2313 3109 dixit,
2348 3059 2504 3095 cornu
2546 3043 2727 3095 salutis
2756 3057 2868 3095 sum
2900 3041 3200 3106 Dominum,
3233 3041 3298 3095 ad
3325 3040 3565 3095 inimicos
3598 3054 3715 3111 per-

486 3132 689 3186 Dmnini
713 3175 726 3197 ,
752 3143 804 3187 et
835 3135 1194 3187 membrorum
1234 3133 1350 3201 ejus
1376 3134 1638 3187 absolutio
1682 3134 1750 3188 de
1782 3145 2042 3202 potestate

480 3224 741 3279 diabolica
771 3225 1091 3279 declaratur.

1052 3336 1242 3391 Divisio
1279 3337 1482 3407 psalmi.

554 3449 796 3504 Psalmus
822 3447 906 3502 hic
937 3448 1023 3502 uni
1056 3456 1256 3501 tantum
1282 3462 1384 3501 non
1416 3455 1588 3515 potest
1617 3448 1900 3503 convenire
1921 3463 2044 3518 pcr-

486 3553 649 3595 sonte.
682 3539 810 3593 Nam
844 3538 1016 3607 primo
1050 3539 1235 3592 ordine
1268 3539 1523 3606 prOpheta
1568 3540 1798 3607 loquitur
1844 3540 2044 3608 gratias

485 3645 645 3701 agens
666 3631 803 3700 quod
832 3646 952 3684 eum
994 3630 1060 3683 de
1095 3630 1341 3699 gravibus
1390 3630 1638 3698 periculis
1668 3630 1847 3683 divina
1879 3630 2044 3698 pietas

485 3724 711 3778 liberare
738 3724 948 3792 dignata
976 3730 1077 3776 est.
1108 3722 1353 3776 Secundo
1385 3720 1622 3775 Ecclesia
1654 3722 2043 3791 loquitur,qute

486 3825 608 3869 ante
638 3814 919 3868 adventum
952 3814 1162 3867 Domini
1195 3813 1499 3866 innumeras
1534 3814 1747 3882 pertulit
1774 3814 2044 3867 calamita-

486 3915 585 3968 tes,
617 3913 901 3974 posteaque
926 3904 1173 3956 misertus
1202 3904 1271 3966 ei,
1297 3904 1609 3955 medicinam
1642 3912 1839 3957 sancta:
1871 3905 2043 3957 incarv

485 3998 716 4051 nationis
760 3994 1006 4059 indulsit,
1035 4006 1089 4048 et
1122 3995 1450 4063 baptismatis
1488 3993 1746 4049 beneﬁcio
1786 3993 2044 4048 Christia-

486 4105 609 4142 num
636 4090 882 4158 populum
934 4088 999 4142 de
1026 4086 1173 4140 othis
1219 4088 1564 4141 universitate
1602 4087 1844 4155 collegit.
1867 4086 2045 4140 Tertio

485 4183 535 4233 in
565 4194 738 4234 r0rem
774 4179 1154 4232 misericordiae
1185 4192 1282 4230 vox
1316 4177 1522 4231 Domini
1552 4177 1841 4231 Salvatoris
1872 4175 2045 4230 illabi-

486 4280 591 4333 tur,
620 4268 707 4320 ubi
756 4266 1123 4334 pulcherrimis
1146 4266 1491 4318 allusionibus
1517 4266 1683 4318 virtus
1722 4264 1837 4332 ejus
1893 4273 2044 4332 pote-

485 4369 699 4423 stasque
727 4356 1062 4407 describitur.
1090 4356 1287 4419 Quarto
1318 4354 1505 4407 iterum
1544 4355 1794 4408 Ecclesia:
1822 4353 2045 4406 catholi-

488 4464 565 4501 ca:
595 4448 732 4499 dicta
789 4445 1156 4514 proferuntur,
1194 4456 1245 4498 ct
1280 4461 1402 4499 cum
1454 4461 1641 4514 magna
1693 4448 2044 4502 exsultatione
2075 4436 2122 4495 ί)

486 4537 784 4593 Divinitatis
814 4551 1031 4590 munera
1071 4551 1323 4589 concessa
1356 4537 1654 4591 laudantur.

1014 4646 1277 4716 Expositio
1316 4648 1517 4716 psalmi.

558 4761 706 4814 Vers.
740 4760 788 4813 Ι.
840 4759 1062 4828 Diligum
1102 4770 1176 4826 te,
1218 4759 1461 4825 Domine,
1499 4761 1660 4814 virtus
1688 4776 1819 4816 mea.
1868 4762 2047 4833 Diligit

484 4852 767 4904 Duninum
792 4895 806 4917 ,
835 4852 924 4916 qui
954 4850 1215 4904 mandatis
1246 4850 1358 4918 ejus
1402 4850 1625 4905 devotus
1666 4852 2040 4921 obtemperat,

484 4946 623 4995 s.cut
647 4946 721 4995 ait
748 4942 801 4994 in
845 4942 1163 5008 Evangelio:
1202 4942 1297 5006 Qui
1321 4943 1463 4995 audit
1502 4944 1647 4995 verba
1681 4960 1811 5007 mea,
1848 4955 1895 4998 et
1924 4946 2046 5014 facit

483 5051 561 5096 eu,
594 5034 675 5085 hic
703 5043 773 5085 est
797 5034 880 5099 qui
911 5033 1075 5102 diligit
1108 5048 1186 5085 me
1208 5034 1387 5093 (Joan.
1422 5049 1529 5098 xlv,
1560 5033 1674 5103 21).
1715 5034 1882 5104 Diligo
1904 5038 2045 5089 enim

483 5124 709 5188 dicitur,
740 5124 889 5192 quasi
920 5124 984 5176 de
1022 5124 1266 5177 omnibus
1314 5125 1469 5192 eligo.
1506 5126 1570 5177 lit
1603 5127 1878 5180 considera
1911 5140 2044 5195 quo-

482 5216 623 5271 niam
654 5218 768 5271 haéc
789 5219 999 5271 dilectio
1038 5218 1115 5271 sic
1145 5217 1208 5271 de
1232 5218 1405 5271 futuro
1437 5218 1781 5283 promittitur,
1807 5228 1865 5271 ut
1903 5235 2038 5273 nun-

482 5321 639 5375 quam
663 5316 837 5359 tamen
866 5308 1123 5361 defecisse
1152 5308 1403 5360 videatur.
1432 5306 1601 5359 Virtus
1625 5324 1753 5360 mea.
1776 5305 2039 5375 Propheta

483 5395 737 5450 liberatus
766 5398 831 5451 ab
863 5397 1101 5451 hostibus
1130 5398 1240 5450 suis
1272 5406 1413 5450 recte
1445 5397 1723 5450 Dominum
1756 5398 2041 5452 conlitetur

482 5503 635 5543 suam
658 5503 774 5541 esse
803 5492 1075 5551 virtutem;
1106 5504 1209 5555 quo
1237 5488 1465 5541 donante
1498 5488 1691 5543 factum
1722 5500 1821 5553 est,
1853 5499 1909 5542 ut
1940 5488 2041 5543 ini-

484 5579 636 5635 micis
674 5582 779 5636 suis
812 5580 994 5636 l'ortior
1022 5590 1318 5652 appareret.
1368 5582 1460 5638 llic
1490 5581 1798 5636 duodecima
1833 5583 2043 5651 species

2154 3135 2284 3188 tinet
2303 3134 2657 3203 dissipandos.
2684 3132 2886 3187 Cornua
2905 3134 3045 3187 enim
3073 3142 3196 3187 sunt
3219 3146 3363 3185 arma
3393 3131 3712 3197 belluarum,

2151 3223 2339 3293 quibus
2360 3222 2580 3277 salutem
2604 3237 2751 3277 suam
2775 3223 2958 3277 solerti
2984 3222 3380 3277 concertatione
3400 3220 3709 3275 detendunt.

2151 3315 2368 3383 Adjutor
2382 3329 2542 3367 meus.
2569 3313 2797 3368 Dulcedo
2814 3313 3053 3368 beneﬁcii
3077 3314 3440 3382 repetitionem
3463 3312 3583 3366 fecit
3595 3326 3716 3367 esse

2152 3404 2461 3469 verborum;
2492 3418 2648 3473 supra
2678 3405 2818 3457 enini
2850 3404 3036 3457 eodem
3068 3403 3327 3457 vocabulo
3362 3403 3709 3473 nuncupavit,

2149 3510 2306 3565 quem
2338 3495 2424 3548 hic
2452 3499 2641 3550 iterum
2672 3496 2911 3550 nominat
2938 3496 3253 3563 adjutorem.

2222 3586 2377 3641 Vers.
2402 3586 2455 3640 4.
2483 3586 2723 3640 Laudans
2749 3586 2987 3639 invocabo
3013 3585 3309 3649 Dominum,
3334 3594 3380 3637 et
3407 3584 3469 3636 ab
3498 3583 3716 3636 inimicis

2149 3677 2272 3730 meis
2300 3676 2471 3730 salvus
2511 3693 2615 3729 ero.
2646 3676 2772 3729 Post
2815 3676 3041 3729 virtutes
3078 3685 3351 3743 peractas,
3383 3676 3461 3726 vir
3500 3684 3716 3727 sanctus

2148 3767 2292 3821 nulla
2325 3781 2383 3821 se
2407 3767 2637 3821 elatione
2677 3766 2927 3835 iactavit;
2955 3767 3046 3820 sed
3072 3764 3193 3833 quia
3224 3772 3340 3818 erat
3375 3776 3549 3818 rerum
3575 3764 3715 3830 ipsa-

2149 3871 2264 3909 rum
2298 3855 2565 3909 hilaritate
2587 3855 2939 3923 gaudendum,
2973 3855 3192 3906 laudans
3218 3868 3276 3907 se
3298 3852 3437 3905 dixit
3478 3860 3713 3905 invocare

2148 3946 2445 4012 Dominum,
2476 3957 2530 4003 et
2554 3949 2650 4017 ipsi
2678 3949 2927 4001 universa
2958 3947 3208 4009 tribuere,
3243 3946 3331 4014 qui
3355 3945 3603 4014 dignatus
3632 3954 3717 3997 est

2148 4049 2338 4092 cuncta
2381 4048 2650 4106 prmstare.
2678 4038 2743 4089 Et
2786 4038 2903 4089 ideo
2928 4051 2987 4089 se
3014 4034 3141 4088 dicit
3166 4034 3226 4085 ab
3272 4035 3489 4086 inimicis
3520 4034 3715 4087 salvum

2149 4131 2473 4193 iaciendum,
2502 4130 2623 4198 quia
2655 4129 2926 4181 victoriam
2975 4142 3124 4181 suam
3157 4141 3260 4178 non
3309 4127 3407 4179 sibi
3437 4127 3716 4181 videbatur

2150 4225 2466 4293 applicasse,
2485 4223 2576 4277 sed
2598 4224 2840 4275 Domino.
2862 4221 2990 4275 Nam
3012 4221 3097 4291 qui
3120 4223 3271 4276 aliter
3290 4219 3430 4285 facit,
3446 4219 3589 4273 vitiis
3606 4220 3717 4273 suis

2151 4314 2388 4382 captivus
2414 4312 2671 4377 redditur,
2690 4314 2930 4381 quamvis
2953 4314 3134 4367 hostes
3150 4327 3431 4381 superasse
3449 4312 3712 4365 videatur.

2228 4403 2375 4458 Vers.
2408 4403 2457 4456 5.
2492 4402 2943 4456 Circumdederunt
2971 4421 3047 4456 me
3077 4406 3286 4474 gemitus
3317 4405 3512 4467 mortis,
3540 4414 3587 4456 et
3611 4413 3718 4455 tor-

2150 4506 2315 4548 rentes
2352 4494 2632 4562 iniquitatis
2672 4496 3091 4547 conturbauerunt
3124 4511 3219 4547 me.
3259 4495 3383 4547 Post
3411 4494 3719 4548 exsultatio-

2156 4600 2275 4639 rem
2309 4585 2613 4653 propheta,
2645 4601 2799 4652 quam
2832 4596 3015 4638 sancta
3061 4585 3253 4651 pietate
3282 4586 3545 4653 concepit,
3589 4600 3717 4639 ven-

2153 4688 2262 4732 tum
2314 4684 2397 4731 est
2444 4679 2508 4729 ad
2554 4679 2793 4731 Ordinem
2848 4678 3158 4741 secundum,
3209 4677 3293 4730 ubi
3337 4692 3433 4745 pro
3478 4677 3717 4732 cladibus

2149 4766 2359 4836 generis
2401 4767 2658 4829 humani,
2691 4782 2809 4836 quae
2836 4775 2959 4822 ante
3001 4772 3284 4822 adventum
3319 4768 3525 4822 Domini
3568 4783 3717 4837 gras-

2150 4860 2425 4923 sabantur,
2455 4859 2751 4913 introducta
2781 4875 2881 4912 una
2904 4875 3129 4927 persona
3149 4860 3438 4929 justorum,
3462 4876 3593 4929 quos
3622 4861 3716 4914 illo

2151 4958 2388 5017 tempoze
2433 4948 2596 5004 fuisse
2645 4966 2750 5003 non
2799 4952 3015 5003 dubium
3070 4963 3185 5015 cst,
3236 4951 3351 5018 pius
3402 4951 3718 5018 deprecator

2147 5051 2352 5096 exorat.
2401 5042 2530 5094 Nam
2564 5043 2752 5096 merito
2778 5042 2951 5105 justus
2984 5043 3083 5096 iste
3127 5043 3509 5096 circumdatum
3540 5058 3599 5095 se
3626 5058 3717 5111 ge-

2150 5132 2365 5185 mitibus
2412 5132 2703 5191 asserebat,
2751 5132 2871 5200 quia
2927 5133 3051 5185 dum
3102 5144 3243 5187 esset
3280 5131 3716 5202 superstitionum

2150 5225 2429 5278 innumera
2474 5225 2780 5288 multitudo,
2828 5226 3055 5280 ﬁdelium
3087 5237 3204 5281 erat
3244 5244 3358 5281 rara
3390 5226 3624 5281 devotio.
3657 5227 3719 5279 lit

2150 5330 2216 5368 ne
2248 5325 2459 5382 putares
2486 5318 2699 5382 gemitus
2728 5315 2795 5371 de
2833 5317 3039 5386 jactura
3085 5317 3382 5382 facultatis,
3413 5326 3502 5371 aut
3548 5316 3617 5370 de
3659 5331 3720 5370 re

2155 5404 2519 5473 hujuscemodi
2549 5421 2667 5460 esse
2710 5409 2972 5474 profusos.
3004 5407 3208 5461 addidit
3229 5409 3440 5470 mortis;
3473 5406 3596 5472 quia
3628 5421 3719 5460 re-

2152 5510 2276 5548 vera
2302 5509 2446 5548 mors
2467 5505 2601 5561 crat,
2631 5497 2719 5550 ubi
2744 5497 2939 5551 diaboli
2974 5513 3127 5566 pesse
3154 5499 3421 5565 regnabat.
3452 5497 3493 5549 Τ
3496 5508 3718 5550 orrentes

2154 5594 2330 5639 autetu
2362 5600 2501 5655 saepe
2532 5586 2761 5641 diximus
2803 5589 2991 5644 ﬂuvios
3035 5604 3151 5644 esse
3194 5589 3431 5643 hibernis
3463 5590 3717 5643 imbribus
