4008 6182
282 320 370 374 125
1181 325 1454 379 EXPUSl'l
1473 324 1535 380 10
1576 325 1637 378 ΙΝ
1682 328 1697 379 ι
1722 326 1845 380 SAL

1958 328 2135 383 ῐὶιωι.
2179 329 2373 385 I‘S.\L.
2420 331 2575 387 XVII.

3446 334 3536 388 126

278 437 547 491 excitatos.
600 433 694 487 llic
742 451 869 502 ergo
927 437 1293 509 iniquitatibus
1339 442 1539 511 rapidis
1590 442 1711 496 data
1767 453 1847 497 cst
1881 456 1926 512 Α
1955 446 2175 497 miscere
2209 458 2538 513 peccatores.
2582 450 2825 505 Servavit
2867 451 3107 504 ordinem
3149 452 3261 516 rei,
3302 460 3357 505 ut
3388 452 3535 521 prius

274 525 557 580 similitudo
626 528 978 594 torrentium,
1035 538 1093 582 ut
1167 534 1358 586 merito
1413 535 1848 587 couturhaverint

274 618 479 670 anxium
523 618 815 685 populum,
844 634 964 671 cum
999 622 1261 676 undarum
1310 625 1595 679 minacium
1628 641 1848 679 concre-

274 707 479 778 patiotte
519 708 886 761 lt'etuuisscnt.

336 802 487 856 \‘ers.
523 804 575 856 6.
622 801 839 857 Dolores
872 804 1059 873 inferni
1083 806 1519 861 circumdederunt
1555 824 1631 859 me
1662 822 1680 858 .'
1712 823 1848 875 pra:-

272 908 507 949 rei.erunt
527 913 606 949 me
629 900 794 965 laquei
813 902 1009 952 mortis.
1038 899 1153 953 Fiat
1179 902 1332 969 hujus
1353 902 1601 955 versiculi
1630 917 1849 969 compa—

270 990 459 1057 gmalio
501 998 884 1057 praeposteram
918 993 1219 1056 verborum,
1248 1002 1304 1046 ut
1333 992 1523 1046 melius
1551 994 1634 1045 hic
1657 1007 1847 1045 sursus

270 1083 411 1133 nobs
442 1082 612 1147 possit
657 1082 873 1149 aperiri.
914 1082 1367 1136 Circumdederunt
1411 1100 1488 1136 me
1534 1085 1735 1136 dolores
1767 1084 1844 1135 in-

267 1175 426 1238 ferni:
456 1172 525 1227 de
556 1174 773 1242 paganis
805 1173 952 1237 dicit,
993 1174 1079 1242 qui
1117 1185 1271 1229 erunt
1300 1175 1498 1228 dolores
1534 1174 1751 1243 inferni,
1790 1175 1840 1227 id

266 1278 337 1318 εει
380 1265 475 1333 qui
522 1265 579 1318 in
633 1264 844 1319 inferno
885 1265 1065 1319 debito
1119 1267 1301 1320 dolore
1360 1267 1646 1335 torqueudi
1699 1277 1842 1319 sunt.

268 1358 542 1411 l’iteveniri
586 1373 711 1411 vero
741 1357 991 1425 dicimus,
1024 1360 1238 1427 quando
1282 1358 1481 1428 aliquid
1529 1374 1627 1413 nos
1658 1359 1847 1412 antici-

266 1465 381 1516 pate
407 1449 767 1517 dignoscitur,
802 1457 859 1500 ut
889 1458 971 1503 est
998 1450 1086 1501 ille
1111 1461 1289 1503 reatus
1332 1450 1608 1518 orisirialis
1640 1451 1842 1517 peccati

264 1544 343 1611 qui
372 1557 490 1606 uos,
516 1552 801 1611 antequam
831 1556 1130 1606 irascamur,
1155 1543 1222 1596 ab
1248 1542 1361 1611 ipso
1383 1552 1643 1610 conceptu
1662 1542 1836 1595 reddit

262 1642 557 1686 obnoxios:
592 1635 732 1687 unde
763 1634 819 1685 in
848 1633 1288 1702 quinquagesimo
1334 1634 1540 1702 psalmo
1577 1634 1834 1703 propheta

260 1726 500 1777 dicturus
541 1734 662 1779 est:
697 1721 831 1775 Ecce
857 1724 908 1776 in
940 1724 1291 1792 iniquitatibus
1333 1733 1604 1794 conceptus
1632 1740 1768 1789 sum,
1799 1720 1844 1775 et

1957 538 2265 591 ostenderet
2288 550 2483 594 molam
2502 581 2515 603 .
2546 554 2728 610 postea
2756 543 2960 597 diceret
2997 559 3116 598 esse
3143 546 3532 599 tremefactatn.

1954 624 2313 680 Fundamenta
2344 646 2467 684 vero
2496 634 2759 697 montium,
2796 634 3055 700 signilicat
3090 635 3534 702 praesumptiones

1953 719 2327 786 superborum,
2354 720 2402 772 id
2421 729 2520 784 est,
2548 720 2779 783 divitias,
2812 722 3075 789 honores,
3107 730 3405 791 cretamque
3430 723 3529 776 hu-

1953 813 2337 879 niana,quihus
2364 813 2437 865 illi
2465 814 2692 880 detenti,
2725 815 2871 866 velut
2900 814 3258 868 fundamentis
3276 825 3526 869 constan-

1954 903 2091 955 tibus
2111 904 2426 958 innituntur.
2452 906 2577 960 lltec
2604 907 2780 961 omnia
2812 908 3019 960 turbata
3036 918 3175 971 sunt,
3204 907 3322 975 quia
3347 909 3530 961 mundi

1952 993 2079 1046 faISa
2111 1010 2259 1063 spes,
2292 1012 2421 1049 vero
2447 998 2671 1051 Domino
2701 998 2973 1063 veniente,
3000 998 3203 1052 sublata
3231 1008 3329 1053 est.
3363 1000 3531 1052 Nimis

1950 1094 2069 1152 apte
2102 1087 2271 1153 posita
2309 1088 2466 1140 verba
2494 1086 2823 1141 descendunt
2850 1105 2864 1145 ;
2893 1087 3064 1156 primo
3090 1089 3444 1158 fundamenta,
3476 1087 3529 1141 id

1951 1184 2031 1228 cst
2074 1176 2426 1242 superborum
2476 1192 2599 1245 spes
2649 1179 2855 1230 turbata
2880 1188 2991 1244 est;
3025 1188 3207 1247 postea
3240 1178 3369 1231 dicit
3409 1192 3529 1232 esse

1950 1276 2274 1345 commotam.
2303 1267 2588 1335 Subjunxit
2622 1278 2675 1322 et
2702 1283 2917 1322 causam
2943 1283 3107 1337 quare
3137 1278 3388 1321 commota
3414 1277 3528 1320 situt

1949 1356 2306 1425 fundamenta,
2334 1360 2575 1427 quoniam
2604 1360 2763 1412 iratus
2786 1370 2858 1412 est
2881 1360 2951 1412 eis
2976 1357 3154 1423 ‘Deus,’
3182 1358 3383 1426 utique,
3408 1358 3528 1426 quia

1952 1447 2073 1499 vitia
2096 1446 2326 1501 humana
2356 1449 2579 1503 Domino
2625 1449 2917 1519 probantur
2947 1463 3109 1503 exosa
3128 1489 3141 1514 ,
3189 1457 3243 1502 et
3270 1449 3431 1502 iratus
3456 1458 3529 1502 est

1950 1538 2076 1592 illis.
2138 1540 2274 1594 llinc
2330 1541 2677 1604 ostenditur,
2733 1542 2985 1610 quoniam
3037 1554 3296 1610 sequaces
3345 1555 3528 1595 eorum

1949 1640 2155 1685 constat
2196 1646 2314 1687 esse
2343 1632 2662 1701 puniendos.

2020 1721 2175 1776 V’ers.
2206 1724 2291 1777 10.
2320 1723 2559 1776 Ascendit
2594 1724 2763 1793 fumus
2792 1723 2844 1775 in
2875 1723 2951 1776 ira
2971 1724 3102 1794 ejus,
3129 1732 3173 1776 et
3201 1723 3378 1792 ignisa
3400 1721 3533 1791 facit

260 1819 304 1868 in
347 1815 553 1869 delictis
598 1818 792 1886 pepirit
842 1832 919 1869 me
970 1828 1129 1869 mater
1171 1832 1281 1869 mea
1315 1814 1487 1886 (Psal.
1538 1833 1592 1881 ι,
1628 1816 1705 1886 7).
1756 1816 1846 1871 Vir
1882 1832 1923 1889 Β
1951 1817 2060 1885 ejus
2091 1819 2301 1881 exarsit,
2329 1816 2573 1869 carbones
2599 1817 2827 1869 succensi
2856 1826 2975 1869 sunt
3013 1816 3175 1870 abeo.
3215 1815 3415 1870 Fumus
3446 1815 3531 1870 hic

257 1909 393 1959 enim
413 1907 596 1974 justus
614 1906 803 1959 merito
830 1921 889 1960 se
917 1915 1244 1975 praeventum
1266 1906 1500 1971 dicebat,
1520 1906 1612 1976 qui
1640 1918 1843 1961 reatum

255 2012 407 2048 suum
433 1996 794 2051 antecessisse
816 2007 1159 2065 cognoverat.
1182 1997 1286 2052 Sed
1309 1997 1757 2067 quemadmodum
1780 1999 1847 2053 ab

254 2088 334 2139 bis
363 2087 533 2140 fuerit
562 2086 817 2141 liberatus
847 2091 1029 2142 subter
1054 2089 1293 2158 exponit.

322 2178 482 2233 Yers.
521 2181 576 2234 7.
622 2178 688 2232 Et
718 2182 770 2232 in
796 2181 1123 2233 tribulatione
1149 2197 1259 2234 utea
1282 2183 1510 2235 invocavi
1543 2178 1838 2248 Dominum,

248 2282 296 2324 et
338 2272 413 2323 ad
456 2267 627 2323 Deum
670 2286 835 2325 meum
874 2272 1113 2324 clamavi.
1149 2272 1295 2326 inter
1331 2273 1469 2327 inata
1518 2280 1681 2327 multa
1728 2289 1846 2342 qua:

251 2367 486 2431 diser-at,
508 2380 671 2419 unum
690 2374 741 2419 et
769 2366 1040 2434 singulare
1065 2368 1344 2433 prolitetur
1362 2381 1488 2421 esse
1511 2367 1803 2421 remedium
1828 2384 1839 2417 :

252 2458 506 2511 lutocare
563 2457 839 2512 Dominum
885 2459 939 2511 in
986 2458 1398 2513 tribulationibus
1444 2460 1586 2524 suis,
1632 2462 1846 2529 quando

250 2557 466 2603 censui
507 2552 634 2603 totis
663 2551 869 2604 viribus
898 2552 1031 2619 peti,
1065 2552 1204 2618 quod
1242 2562 1482 2621 tempore
1508 2554 1847 2607 necessitatis

249 2652 491 2710 optatur.
527 2641 593 2693 Et
623 2640 741 2694 vide
766 2642 889 2711 quia
936 2643 1082 2710 prius
1110 2643 1247 2696 dixit
1276 2644 1342 2698 ad
1389 2644 1669 2698 Dominum
1705 2662 1717 2699 :
1750 2646 1844 2699 sed

249 2748 313 2787 ne
346 2744 575 2801 putares
599 2730 707 2803 59
735 2735 799 2785 ad
831 2732 1067 2787 alienum
1100 2735 1700 2804 doniinum,-subjunxit
1726 2754 1739 2791 :
1767 2737 1846 2789 Ad

247 2823 420 2877 Deum
447 2840 617 2877 nteant
641 2826 873 2877 c.‘amavi.
907 2823 1143 2879 Clamare
1177 2838 1354 2879 autem
1398 2828 1517 2895 plus
1542 2842 1642 2894 eSt,
1674 2829 1740 2881 ab
1769 2829 1848 2881 in-

242 2912 448 2967 ‘toeare.
476 2915 664 2967 Crevit
713 2928 892 2968 sermo
937 2914 1314 2986 progrediente
1356 2916 1646 2983 desiderio,
1676 2927 1729 2971 et
1760 2932 1849 2973 ac—

248 3021 448 3058 census
506 3003 720 3058 animus
767 3002 834 3057 ad
876 3006 1173 3058 orationem
1228 3006 1490 3075 prosilivit
1545 3009 1735 3063 avidus
1793 3010 1846 3062 in

247 3098 575 3150 clamorem.

1954 1908 2005 1961 in
2038 1908 2176 1960 bono
2209 1911 2412 1975 positus
2440 1917 2520 1961 est
2551 1926 2562 1959 :
2590 1908 2708 1976 quia
2740 1909 2877 1960 sicut
2902 1907 3001 1962 iste
3038 1917 3285 1961 terrenus
3314 1908 3529 1961 inutiles

1952 1997 2213 2073 lacrymas
2265 2006 2464 2063 movet,
2490 1998 2559 2050 ita
2591 2007 2643 2051 et
2688 1996 2777 2051 ille
2826 1997 3151 2066 paenitentiae
3190 1996 3368 2051 calore
3407 2010 3530 2049 suc-

1951 2104 2164 2159 census,
2217 2088 2488 2144 fructuosa
2518 2088 2791 2159 profundit
2821 2090 3016 2142 lluenta
3046 2089 3420 2158 lacryinarum.
3463 2085 3528 2141 In

1952 2181 2031 2234 ira
2062 2185 2175 2252 ejus
2208 2199 2226 2235 :
2271 2192 2511 2251 tempore
2540 2198 2645 2251 quo
2680 2184 2763 2235 hic
2797 2190 3105 2250 peccatores
3147 2181 3307 2234 futuri
3343 2180 3529 2250 judicii

1954 2274 2142 2327 timore
2169 2274 2484 2338 conturbat,
2523 2281 2578 2327 ut
2620 2287 2713 2327 eos
2737 2273 2801 2326 ad
2829 2272 3121 2327 remedium
3162 2272 3529 2327 conversionis

1950 2365 2198 2418 adducat.
2234 2365 2378 2437 Ignis
2400 2376 2576 2420 autem
2605 2376 2686 2420 est
2707 2365 2941 2420 charitas
2970 2364 3087 2429 Dei,
3117 2364 3372 2417 virtutum
3407 2379 3529 2431 pio-

1951 2456 2318 2524 gressionibus
2347 2470 2630 2522 crescens,
2663 2472 2781 2525 qua:
2829 2467 3029 2523 quanto
3067 2454 3235 2523 magis
3270 2453 3521 2522 concupi-

1950 2545 2137 2611 scitur,
2164 2555 2312 2599 tanto
2336 2547 2603 2601 ellicacius
2625 2547 2930 2614 ampliatur.
2959 2546 3098 2598 Bene
3123 2559 3298 2599 autem
3323 2545 3476 2611 dixit,
3495 2562 3527 2596 a

1953 2638 2083 2705 [acie
2102 2640 2215 2707 ejus
2238 2652 2255 2689 :
2274 2638 2523 2706 quoniam
2552 2638 2721 2706 ipsius
2744 2638 3131 2691 illuminatione
3152 2640 3267 2691 cliai
3284 2638 3382 2691 itas
3400 2654 3498 2692 con
3513 2668 3534 2675 -

1952 2728 2155 2781 ceditur
2176 2730 2254 2781 eis
2299 2730 2387 2796 qui
2412 2738 2626 2796 peccata
2660 2730 3059 2797 derelinquunt.
3108 2726 3360 2781 Carbones
3404 2743 3535 2782 vero

1950 2836 2215 2874 succensas
2242 2830 2551 2889 peccatores
2577 2822 2727 2885 dicit,
2758 2822 2844 2887 qui
2875 2822 3017 2874 velut
3046 2821 3286 2874 carbones
3312 2822 3534 2881 mortui,

1951 2912 2003 2966 iti
2051 2914 2231 2965 mundi
2272 2913 2425 2966 istius
2472 2913 2708 2964 caecitate
2764 2911 3145 2977 tenebrantur,
3194 2913 3286 2966 sed
3338 2914 3528 2965 iterum

1951 3004 2263 3072 poenitentia
2293 3002 2656 3055 inﬂammante
2692 3001 3052 3066 reviviscunt,
3101 3010 3157 3054 et
3182 3018 3242 3053 ex
3302 3004 3525 3057 mortuis

1953 3094 2135 3163 prunis
2167 3094 2268 3147 vivi
2298 3093 2565 3160 incipiunt
2616 3106 2735 3145 esse
2765 3097 3025 3144 carbones.
3074 3090 3324 3159 Sequitur
3368 3094 3528 3146 etiam

321 3185 484 3239 \‘ers.
520 3185 573 3238 8.
616 3181 682 3235 Et
715 3184 973 3238 exaudivit
1003 3184 1066 3239 de
1094 3186 1281 3255 templo
1321 3197 1493 3241 sancto
1532 3205 1627 3242 suo
1674 3205 1843 3243 vocent
1877 3208 1920 3268 ρ
1951 3187 2217 3257 quomodo
2266 3188 2491 3241 succensi
2542 3196 2703 3257 sunt,
2757 3188 3005 3242 veniente
3047 3188 3251 3241 scilicet
3300 3186 3528 3243 Domino

247 3291 465 3339 aream;
524 3284 569 3327 et
621 3276 814 3328 clamor
858 3292 994 3330 nteus
1040 3277 1094 3330 in
1141 3290 1412 3349 conspectu
1465 3281 1575 3349 ejus
1625 3283 1849 3334 introivit

249 3369 299 3420 in
324 3383 491 3420 aures
522 3370 657 3438 ejus.
684 3368 807 3422 Sive
836 3368 903 3422 de
932 3369 1090 3434 cmlo,
1118 3370 1231 3423 sive
1262 3372 1328 3423 de
1359 3386 1585 3438 corpore
1612 3372 1842 3440 Domini,

250 3462 396 3529 quod
440 3474 731 3513 venturum
772 3474 893 3515 esse
935 3462 1292 3529 praevidebat,
1335 3466 1589 3532 templum
1634 3481 1849 3533 compe-

252 3561 435 3605 tenter
461 3552 814 3605 advertimus.
844 3553 1153 3605 Exauditam
1182 3570 1307 3623 ergo
1333 3555 1459 3607 dicit
1487 3572 1650 3607 vocem
1676 3572 1847 3623 suam,

252 3659 419 3715 quam
452 3643 523 3698 de
553 3644 782 3698 adventu
815 3644 1021 3699 Domini
1049 3647 1246 3716 iugiter
1285 3646 1561 3701 ollerebat.
1593 3649 1695 3703 Sed
1729 3664 1847 3717 per-

250 3737 615 3790 scrutandum
645 3746 730 3791 est
772 3737 1040 3805 quomodo
1066 3740 1259 3791 clamor
1290 3738 1456 3807 ipsius
1494 3742 1545 3791 in
1578 3750 1849 3806 conspectu

253 3830 354 3884 Dei
379 3831 615 3884 valuerit
634 3830 844 3883 introire
864 3832 885 3882 ?
906 3830 1118 3883 Clamor
1144 3834 1241 3884 iste
1258 3870 1271 3892 ,
1305 3846 1482 3885 eausa:
1500 3832 1705 3900 justitia
1735 3841 1848 3897 est,

249 3936 379 3991 qua
403 3922 595 3990 utique
618 3922 683 3974 ad
710 3920 876 3974 Deum
900 3922 1102 3976 intrare
1145 3933 1371 3991 poterat,
1396 3924 1516 3991 quia
1544 3940 1640 3992 pro
1666 3926 1849 3977 mundi

249 4014 510 4068 cladibus
536 4014 892 4082 supplicabat.
924 4014 1196 4082 Sequitur,
1220 4016 1440 4067 introivit
1470 4018 1521 4067 in
1549 4031 1699 4068 aures
1719 4019 1850 4086 ejus.

250 4106 376 4161 lloc
406 4105 481 4159 de
506 4106 893 4159 consuetudine
920 4118 1101 4159 nosua
1129 4106 1421 4174 liguraliter
1447 4107 1661 4173 dicitur,
1711 4108 1853 4178 quod

246 4200 466 4251 rumor
487 4197 608 4267 ejus
631 4199 779 4265 quasi
805 4198 1004 4265 aliquid
1035 4200 1318 4267 corporale
1346 4201 1398 4251 in
1424 4216 1569 4252 aures
1613 4200 1849 4253 Domini-

242 4304 349 4344 cas
380 4292 673 4352 introisset;
705 4304 827 4342 cum
852 4287 939 4341 ille
965 4299 1135 4343 totum
1165 4292 1511 4357 spiritualiter
1540 4293 1761 4355 sentiat,
1800 4302 1852 4346 et

241 4392 553 4452 antequam
578 4383 726 4446 liaut,
759 4384 1005 4437 universa
1028 4394 1337 4451 cognoscat.
1368 4384 1441 4437 Illi
1470 4387 1609 4437 enim
1639 4400 1849 4438 actuum

242 4484 575 4529 nostrorum
592 4476 843 4540 qualitas,
868 4475 1017 4541 quasi
1043 4473 1359 4540 quibusdam
1384 4474 1617 4527 vultibus
1638 4489 1852 4542 semper

1960 3280 2339 3349 lledeinptore.

2031 3374 2185 3428 Vers.
2218 3374 2305 3427 il.
2341 3372 2403 3425 Et
2430 3372 2695 3426 inclinavit
2718 3370 2871 3426 celos
2900 3382 2945 3425 et
2973 3371 3263 3436 descendit;
3297 3382 3343 3426 et
3368 3374 3537 3442 ca’ija

1956 3464 2049 3517 sub
2092 3463 2301 3532 pedibus
2328 3466 2463 3535 ejus.
2492 3464 2739 3530 Magnum
2778 3472 3173 3515 sacramentum
3205 3464 3254 3515 iti
3289 3464 3389 3516 hec
3418 3479 3531 3517 ser.

1960 3571 2117 3610 mone
2149 3567 2439 3623 reposuuui
2468 3563 2569 3608 est.
2605 3555 2914 3609 Humiliavit
2944 3570 3002 3608 se
3025 3559 3163 3608 enim
3197 3554 3449 3619 Verbum,
3485 3564 3543 3608 ut

1957 3649 2073 3701 sine
2100 3655 2318 3715 peccato
2342 3645 2579 3715 quidem,
2605 3647 2698 3700 sed
2728 3655 2905 3699 tamen
2930 3645 3053 3699 simi
3078 3644 3335 3699 itudinem
3363 3648 3538 3700 carnis

1957 3740 2159 3809 peccati
2192 3747 2450 3793 sumeret.
2488 3736 2805 3791 Descendere
2847 3752 3023 3792 autem
3055 3739 3126 3792 illi
3162 3738 3285 3809 fuit,
3329 3740 3397 3795 ad
3444 3753 3542 3794 nos

1959 3831 2162 3894 venire,
2193 3831 2331 3884 sicut
2351 3830 2482 3884 dicit
2506 3830 2795 3897 Apostolus
2828 3846 2841 3882 :
2872 3830 3212 3899 Semetipsum
3235 3832 3540 3888 exinanivit.

1960 3924 2178 3991 formant
2208 3921 2339 3975 servi
2369 3921 2624 3991 accipiens
2649 3920 2867 3993 (Philip.
2900 3936 2956 3989 It,
2990 3920 3067 3989 7).
3095 3922 3271 3992 Caligo
3296 3938 3421 3975 vero
3455 3923 3545 3974 hic

1960 4013 2205 4067 diabolus
2228 4021 2343 4079 est,
2390 4012 2479 4081 qui
2514 4012 2787 4066 hominum
2829 4023 3042 4067 mentes
3080 4014 3341 4066 innubilat
3364 4054 3377 4076 ,
3410 4014 3533 4067 dant

1959 4105 2202 4158 veritatis
2232 4104 2573 4171 splendorem
2613 4119 2717 4156 non
2753 4103 2878 4155 facit
2908 4104 3089 4156 videre
3115 4118 3247 4171 quos
3276 4105 3533 4172 possidet.

1962 4197 2071 4252 Sub
2102 4197 2311 4267 pedibus
2342 4197 2454 4265 ejus
2486 4210 2503 4247 :
2534 4197 2653 4263 quia
2685 4196 2801 4249 sine
2832 4195 2994 4248 dubio
3025 4198 3301 4263 inajesmic
3327 4196 3534 4251 Domini

1959 4290 2254 4346 Salvatoris
2290 4289 2633 4344 conculcatur
2663 4287 2964 4343 diemonum
2996 4288 3323 4342 exsecranda
3353 4289 3533 4356 nequi-

1958 4388 2064 4452 tia,
2110 4386 2247 4439 sicut
2288 4394 2340 4438 et
2390 4384 2442 4436 in
2474 4382 2819 4452 nonagesimo
2853 4383 3057 4451 psalmo
3094 4382 3333 4436 dicturus
3386 4391 3469 4435 est
3524 4398 3536 4434 :

1957 4479 2124 4546 Super
2154 4477 2382 4547 aspidem
2409 4484 2453 4529 et
2486 4475 2774 4528 basiliscum
2798 4473 3107 4540 ambulabis,
3141 4482 3187 4526 et
3216 4472 3537 4527 conculcabit

241 4564 499 4629 assistit;
526 4573 581 4617 et
604 4566 743 4632 quod
764 4568 901 4633 apud
929 4579 1028 4619 nos
1048 4566 1339 4630 occultum,
1366 4566 1443 4619 illi
1468 4566 1703 4620 nescitur
1729 4582 1849 4620 esse
1886 4547 1927 4603 θ
1956 4569 2150 4622 leonem
2178 4577 2223 4622 et
2248 4571 2518 4621 draconem
2550 4565 2721 4637 (Psal.
2754 4580 2843 4633 xc,
2880 4564 2984 4634 l5).

240 4660 634 4713 manifestum.

330 4751 494 4802 κει-ε.
529 4749 583 4801 9.
631 4746 697 4801 Et
732 4762 981 4803 commota
1020 4760 1126 4818 est,
1158 4760 1205 4804 et
1253 4751 1555 4805 contremuit
1587 4760 1755 4814 terra;
1804 4762 1851 4804 et

240 4841 600 4910 {ua-tenta
621 4841 870 4891 montium
895 4845 1193 4894 conturbata
1223 4851 1337 4893 sunt
1362 4850 1407 4893 et
1431 4850 1680 4894 commta
1702 4851 1845 4907 sunt,

238 4932 503 5001 quoniam
534 4932 697 4985 iratus
722 4942 793 4983 est
814 4933 886 4985 eis
916 4933 1069 4987 Deus.
1107 4934 1338 4988 Decursa
1385 4934 1599 4987 tristitia
1628 4977 1643 5000 ,
1689 4950 1847 5004 quam

237 5033 319 5086 de
352 5030 590 5083 adventu
640 5030 848 5083 Domini
877 5030 1064 5084 beatus
1101 5032 1325 5099 populus
1354 5031 1686 5099 sustinebat,
1724 5046 1848 5099 pro-

240 5126 461 5193 phetia:
482 5124 674 5193 spiritu
706 5124 771 5177 ad
801 5125 1185 5179 incarnationis
1209 5124 1329 5194 ejus
1350 5135 1557 5179 secreta
1584 5124 1848 5193 pervenit,

234 5217 615 5285 ordinemque
645 5217 817 5286 ipsum
843 5217 1073 5273 mirabili
1097 5220 1403 5271 narratione
1430 5216 1705 5269 describit.
1738 5216 1847 5269 lloc

235 5306 479 5359 schema
520 5306 714 5359 dicitur
746 5308 861 5360 idea
885 5346 901 5371 ,
930 5322 1050 5361 cum
1078 5308 1312 5373 speciem
1344 5307 1418 5359 rei
1453 5307 1669 5369 iuturcc,
1706 5305 1850 5357 velut

233 5400 433 5455 oeulis
462 5400 775 5465 oll'erentes,
808 5412 1009 5454 motum
1041 5402 1201 5453 animi
1232 5399 1591 5462 concitamus;
1628 5397 1766 5466 quod
1795 5406 1848 5451 et

232 5495 343 5546 hic
392 5500 447 5544 et
484 5494 534 5544 in
575 5494 1026 5561 subsequentibus
1058 5493 1300 5546 versnbus
1328 5499 1535 5545 Constat
1565 5489 1835 5544 eli-ctum.

232 5584 312 5638 Et
340 5582 464 5635 ideo
484 5597 624 5636 nunc
647 5584 766 5635 audi
788 5598 924 5635 unus
946 5596 1275 5635 sacrainenza
1294 5580 1502 5634 Domini
1522 5581 1559 5634 S
1577 5581 1754 5633 ilvatoi
1775 5582 1838 5631 is.

229 5678 509 5740 Congrue
531 5674 790 5741 siquidem
816 5674 880 5727 ad
905 5673 1187 5726 adventum
1210 5673 1409 5726 Christi
1437 5681 1571 5723 terra
1593 5682 1840 5722 commota

231 5782 364 5835 ut,
410 5786 657 5839 quoniam
690 5783 968 5842 praesentia
999 5767 1189 5837 )udicis
1228 5766 1444 5837 dignum
1491 5764 1589 5818 fuit
1629 5772 1842 5817 Contre-

2031 4662 2183 4717 Vers.
2230 4662 2314 4714 1‘2.
2362 4662 2427 4713 Et
2474 4660 2701 4714 ascendit
2733 4674 2885 4727 super
2915 4658 3174 4711 cherubim
3220 4665 3268 4711 et
3300 4657 3478 4711 volavit
3520 4672 3536 4712 :

1955 4755 2139 4807 volavit
2192 4768 2340 4821 super
2386 4767 2575 4823 pennas
2624 4760 2907 4802 ventorum.
2964 4748 3088 4802 Haec
3137 4748 3300 4816 ligura
3342 4746 3537 4800 dicitur

1958 4844 2329 4914 hypertbesis,
2386 4843 2437 4896 id
2482 4851 2565 4897 est
2612 4841 2936 4909 superlatio,
2986 4854 3106 4894 cum
3140 4840 3366 4907 aliquant
3418 4852 3532 4892 rem

1954 4944 2206 5009 opinione
2230 4937 2465 4991 omnium
2492 4947 2691 5002 n0tam,
2716 4935 2979 4988 sententia
3002 4942 3182 4988 nostra
3208 4943 3535 5000 exsuperare

1954 5027 2351 5083 eoiitendiinus.
2399 5026 2531 5081 Tale
2578 5034 2661 5081 est
2702 5035 2754 5079 et
2808 5025 2933 5078 illud
2991 5026 3042 5078 in
3093 5022 3535 5093 quinquagesimo

1956 5122 2161 5190 psalmo
2188 5136 2201 5171 :
2235 5117 2448 5172 Lavabis
2476 5134 2578 5187 me,
2601 5126 2646 5171 et
2675 5132 2827 5185 super
2855 5118 3021 5168 nivem
3046 5114 3325 5168 tlealbabor
3359 5111 3531 5184 (Psal.

1956 5234 2010 5281 ι,
2035 5214 2110 5285 ii).
2144 5213 2413 5267 Cherubim
2440 5212 2818 5281 interpretatur
2846 5208 3131 5263 multitudo
3154 5207 3412 5271 scientias,
3444 5212 3535 5259 aut

1958 5306 2177 5361 scientia
2205 5304 2574 5373 multiplicata.
2609 5302 2751 5357 Alibi
2784 5304 2930 5355 enim
2966 5301 3157 5370 legitur
3190 5316 3203 5353 :
3255 5298 3353 5364 Qui
3387 5298 3531 5349 sedes

1954 5416 2111 5466 super
2135 5397 2412 5461 cherubim,
2429 5412 2617 5466 appare
2635 5394 2807 5467 (Psal.
2837 5410 3014 5458 t.xxtx,
3039 5393 3116 5463 2).
3145 5391 3381 5445 Ascendit
3404 5403 3533 5457 ergo

1954 5507 2106 5557 ευμεν
2136 5488 2643 5555 clterubim,quando
2672 5486 2971 5540 videntibus
3002 5482 3258 5553 apostolis
3282 5484 3345 5533 ad
3366 5481 3533 5535 crcio-

1953 5597 2067 5635 ruut
2100 5596 2259 5648 regna
2288 5580 2618 5633 c0nscendit.
2646 5580 2806 5635 Sedet
2850 5593 2988 5631 nunc
3014 5591 3177 5645 super
3212 5575 3485 5631 cherubim
3511 5615 3525 5637 ,

1952 5672 2015 5721 ad
2045 5671 2469 5723 l‘atrisdextrau:
2498 5670 2809 5731 collocatus,
2837 5670 2886 5721 in
2917 5668 3052 5721 coelo
3082 5677 3136 5722 et
3160 5667 3210 5723 in
3245 5675 3380 5720 terra
3404 5679 3523 5718 cum

1958 5763 2110 5817 l‘atre
2148 5769 2331 5831 regnat
2359 5772 2408 5815 ct
2442 5761 2639 5830 Si'it'iltt
2672 5773 2885 5826 sancto;
2919 5760 3055 5826 quod
3091 5770 3369 5827 utrumque
3411 5756 3501 5809 uni
