4008 6182
470 272 571 328 127

1664 260 1731 314 Μ.
1787 258 2057 314 AUREUI
2103 257 2506 316 CASSIUDORI

3642 273 3729 322 1‘9

468 401 678 442 versum
720 384 935 439 modum
977 378 1217 435 scientia:
1265 376 1348 430 vel
1389 374 1755 429 admirationis
1794 372 2045 440 probatur
2082 375 2123 427 Λ
2158 374 2326 427 nubes
2377 392 2492 445 qua:
2540 393 2729 447 aquam
2758 380 3033 435 continent
3058 380 3181 446 Dei,
3213 379 3263 434 id
3290 390 3369 435 est
3410 381 3617 453 eloquia
3650 384 3726 437 di-

469 480 749 536 escedcre.
780 478 908 543 Qua:
930 474 1069 528 enim
1101 478 1346 526 creatura
1372 467 1659 536 praeva'cat
1693 467 1820 518 tanti
1856 463 2045 518 scc:eti

469 574 731 638 attingere
772 566 1101 621 sufficienter
1129 576 1385 616 arcarmm
1411 601 1423 621 ,
1458 558 1597 627 q-iod
1628 572 1843 610 carnem
1878 567 2045 608 terte-

470 677 592 715 nam
619 668 778 728 atque
802 656 1079 709 mortalem
1108 654 1159 707 in
1188 662 1385 705 aeterna
1416 650 1673 703 cmlorum
1700 648 1863 715 gloria
1889 646 2049 699 collo-

468 752 649 814 cavit,
681 758 735 804 ct
781 749 899 802 fecit
930 764 1046 802 eam
1086 746 1346 799 creaturis
1397 742 1644 797 omnibus
1688 739 2043 801 adorahiIcm,

468 848 843 911 qureterrenas
863 835 1403 906 pertulitpassiones?
1455 834 1728 902 Sequitur,
1776 842 1820 883 et
1845 830 2047 893 volarit,

468 934 655 988 volavit
678 948 830 998 super
852 946 1041 999 pennas
1065 936 1344 982 ventorum.
1382 926 1503 979 Ilarc
1531 925 1776 993 repetitio
1808 921 2053 975 celerita-

470 1033 578 1077 tem
630 1023 846 1076 nimiam
893 1021 1146 1075 deccnter
1186 1018 1418 1073 ostendit
1446 1058 1460 1079 .
1494 1017 1544 1071 id
1598 1024 1682 1070 est
1729 1031 1821 1083 pcr
1870 1013 2051 1066 mundi

470 1118 639 1183 spatia
673 1114 928 1168 velociter
971 1111 1243 1175 cucurrit.
1288 1110 1500 1179 quando
1538 1110 1656 1176 ipso
1697 1108 1746 1160 in
1777 1105 2052 1159 cunabulis

468 1206 718 1275 jaccnte,
764 1204 929 1273 magis
972 1218 1093 1258 eum
1127 1203 1298 1257 Stellae
1328 1202 1547 1255 claritas
1589 1199 1870 1253 nuntiavit.
1916 1198 2050 1263 Quid

470 1298 612 1351 enim
644 1296 750 1349 diri
810 1305 980 1364 potest
1012 1295 1280 1362 velocius,
1309 1295 1394 1363 qui
1431 1309 1551 1347 mox
1588 1302 1643 1346 ut
1689 1303 1843 1345 natus
1874 1293 1923 1343 in
1951 1292 2051 1345 alia

469 1389 651 1443 mundi
687 1399 834 1453 [arte
858 1398 1176 1457 conspectus
1204 1387 1322 1441 est?
1362 1387 1511 1440 Tunc
1542 1402 1669 1455 ergo
1694 1397 1941 1451 superata
1970 1394 2053 1438 est

470 1482 715 1537 celeritas
744 1480 1308 1547 ventorum,quamvis
1333 1479 1383 1532 in
1418 1477 1616 1531 mundo
1641 1476 1772 1530 nihil
1795 1477 1871 1531 eis
1901 1477 2054 1529 crius

474 1590 596 1631 esse
639 1585 987 1630 monstretur.
1032 1573 1183 1641 Quod
1232 1582 1408 1627 autem
1450 1571 1643 1638 repetit
1680 1572 1794 1623 sine
1836 1569 2053 1635 interje-

471 1668 650 1723 ctione
673 1667 893 1721 alterius
922 1666 1093 1731 verbi,
1126 1665 1333 1730 volavit,
1375 1664 1583 1725 volavit,
1615 1662 1782 1733 figura
1811 1671 1891 1715 est
1936 1659 2052 1728 cpi-

2159 464 2301 529 vina,
2336 466 2470 520 sicut
2502 468 2552 520 in
2588 468 2687 523 hoc
2717 484 2839 523 acte
2872 470 3203 538 tenebrosae,
3238 472 3339 527 hoc
3370 483 3451 528 est
3494 475 3730 528 obscurae

2156 553 2435 619 videntur,
2480 557 2548 609 ita
2580 559 2630 610 in
2662 568 2934 625 conspectu
2971 560 3061 614 Dei
3102 563 3430 632 prtefulgorw
3459 576 3611 627 sant,
3646 565 3729 618 ubi

2156 661 2369 712 Sciiqwr
2395 651 2586 705 veritas
2614 661 2773 715 patet.
2801 652 2905 705 Nec
2928 654 3394 720 praepositionibus
3412 659 3727 726 exquiritur.

2158 755 2252 793 nec
2273 742 2543 808 parabolis
2568 744 2779 813 tegitur,
2802 748 2942 815 quod
2969 747 3248 802 manifesta
3274 749 3726 805 lucedeclaratur.

2159 830 2274 883 Ista:
2299 847 2425 905 ergo
2444 834 2619 899 nubes,
2640 836 2688 889 id
2715 846 2796 891 est
2831 839 3224 907 praidicatores,
3254 842 3317 895 ad
3348 855 3530 912 gentes
3547 846 3730 899 relirto

2157 923 2446 981 Israelitico
2473 930 2668 997 populo
2690 932 3032 998 transierunt;
3063 934 3200 988 sicut
3225 946 3436 990 constat
3457 937 3726 997 ellcctum.

2155 1020 2367 1088 quando
2395 1021 2587 1076 dtlzilia
2615 1040 2716 1077 non
2745 1027 2940 1081 meruit
2969 1027 3297 1095 Judazorum,
3329 1032 3469 1101 quod
3495 1033 3559 1085 ad
3592 1033 3730 1098 ipsus

2158 1121 2377 1165 venerat
2428 1112 2793 1170 iistrucndos.
2822 1116 3032 1171 Grando
3069 1129 3117 1173 et
3154 1122 3397 1176 carbones
3426 1123 3578 1193 ignis.
3631 1124 3730 1178 Et-

2156 1206 2306 1273 ponit
2329 1223 2421 1271 per
2450 1208 2757 1279 allegoriam
2805 1209 2932 1279 quid
2964 1210 3070 1265 illm
3099 1213 3253 1264 nubes
3290 1212 3556 1278 habeant;
3590 1214 3728 1267 aliud

2157 1296 2299 1349 enim
2342 1299 2493 1363 dicit,
2519 1309 2572 1352 et
2596 1299 2735 1353 aliud
2768 1300 2876 1353 vult
2908 1300 3151 1371 intelligi.
3183 1301 3333 1357 Unde
3374 1301 3732 1358 schemat'bus

2156 1387 2363 1442 crebris
2413 1390 2715 1455 eloquentia
2747 1390 2925 1445 divina
2958 1392 3211 1460 probatur
3239 1406 3360 1446 esse
3404 1392 3728 1461 plenissima.

2159 1476 2370 1530 Grando
2421 1479 2562 1533 cnim
2585 1521 2601 1544 ,
2651 1480 2700 1534 id
2728 1490 2809 1535 est
2836 1481 3235 1551 obiurgationes
3276 1482 3513 1553 figurata)
3541 1484 3731 1554 quibus

2156 1569 2461 1624 Judsorum
2514 1572 2676 1625 corda
2720 1571 3003 1627 durissima
3049 1573 3431 1629 tundebantur.
3480 1574 3730 1629 Carbuncs

2156 1660 2316 1729 ignis,
2361 1660 2636 1716 charilatis
2680 1662 2957 1729 incendia,
3008 1663 3199 1732 quibus
3241 1674 3448 1718 mentes
3502 1666 3729 1719 lideliun

471 1759 690 1824 2011\18,
737 1774 853 1827 qua:
885 1758 1070 1812 Latine
1101 1755 1408 1826 coniunctio
1455 1755 1679 1819 dicitur,
1726 1754 1864 1807 sicut
1900 1761 1954 1806 et
2003 1753 2053 1805 in
2090 1744 2132 1802 Β
2158 1752 2363 1805 cmlesti
2392 1750 2512 1821 igne
2542 1753 2885 1807 reviviscunt.
2923 1753 3044 1807 llaec
3074 1754 3137 1806 ad
3167 1764 3354 1825 gentes
3383 1797 3396 1819 ,
3428 1754 3565 1810 sicut
3598 1756 3730 1810 dixi-

472 1849 918 1913 subsequentibus
949 1848 1187 1905 dicturus
1238 1857 1319 1901 est
1363 1866 1373 1900 :
1413 1846 1528 1900 Dies
1569 1846 1669 1899 diei
1706 1853 1902 1900 eructat
1940 1860 2051 1898 ver~

472 1945 589 1998 bum
621 1941 840 2013 (Psalm.
870 1957 1020 2004 xvm,
1050 1939 1130 2010 3);
1151 1948 1233 2007 et,
1267 1938 1402 1993 Deus
1436 1938 1572 1992 Deus
1600 1956 1757 1993 meus.

543 2035 700 2090 Vers.
730 2036 817 2089 15.
869 2034 932 2088 Et
976 2034 1141 2099 posuit
1192 2031 1420 2087 tenebras
1452 2032 1717 2085 latibulum
1756 2046 1904 2084 suum
1943 2045 1961 2083 :
2000 2028 2055 2082 in

474 2128 687 2183 circuitu
706 2130 819 2198 ejus
849 2126 1229 2180 tabernaculum
1256 2126 1400 2196 ejus;
1431 2124 1695 2178 tenebrosa
1722 2139 1854 2190 aqua
1885 2123 1935 2174 in
1959 2137 2053 2173 nu-

475 2219 618 2273 bibus
648 2219 802 2273 aeris.
840 2217 1126 2279 Tenebras,
1152 2216 1535 2270 incarnationis
1574 2215 1689 2281 eius
1738 2214 2052 2285 mysterium

476 2308 626 2373 dicit,
655 2309 817 2378 utqui
842 2308 895 2362 in
918 2316 1105 2362 natura
1129 2305 1342 2361 deitatis
1367 2321 1475 2360 sum
1499 2305 1666 2359 videri
1692 2319 1796 2357 non
1824 2310 2051 2370 poterat,

480 2399 866 2456 incarnationis
914 2399 1178 2453 velamine
1220 2397 1465 2451 humanis
1516 2396 1893 2465 conspectibus
1949 2395 2056 2449 Bc-

476 2495 723 2564 detnptor
767 2494 1037 2563 piissimus
1084 2502 1385 2563 appareret.
1411 2492 1563 2549 Unde
1592 2493 1780 2546 beatus
1822 2493 2055 2549 Joannes

476 2586 1100 2653 ConstantinOpolitanus
1131 2586 1414 2654 episcopus
1445 2585 1758 2639 mirabili'er
1789 2594 1843 2641 et
1870 2586 2057 2641 catho-

478 2675 579 2731 Iice
604 2676 737 2731 dixit
763 2695 775 2730 :
807 2677 956 2730 Illum
988 2692 1169 2746 quem,
1199 2677 1241 2729 si
1271 2675 1405 2729 nudi
1434 2676 1631 2730 deitate
1662 2676 1916 2741 veni-set,
1949 2691 2054 2731 non

477 2766 709 2834 caelum,
738 2783 841 2822 non
881 2775 1061 2831 terra,
1106 2782 1211 2820 non
1262 2767 1461 2831 maria,
1506 2782 1609 2820 non
1654 2767 1761 2820 ulla
1810 2780 2057 2821 creatura

478 2865 746 2920 sustinere
775 2861 1066 2931 potuisset,
1103 2860 1267 2915 illaesa
1304 2860 1538 2931 Virginis
1566 2863 1770 2916 viscera
1802 2873 2054 2932 portave-

478 2962 625 3010 runt.
656 2954 924 3008 Memento
949 2963 1128 3007 autem
1159 2952 1409 3017 tenebras,
1443 2963 1493 3008 ct
1524 2953 1576 3008 in
1622 2956 1762 3009 bono
1790 2957 1913 3024 poni
1942 2998 1956 3020 ,
2001 2966 2061 3012 ut

478 3054 559 3102 est
588 3043 716 3100 illud
741 3044 793 3099 in
823 3042 1128 3098 Proverbiis
1157 3041 1460 3098 Salomonis
1497 3061 1509 3097 :
1549 3045 1799 3115 lntelligit
1820 3042 1821 3045 “
1842 3061 2058 3116 quoque

2155 1860 2297 1911 mus,
2323 1846 2374 1900 in
2400 1847 2647 1909 nubibus,
2675 1847 2725 1901 id
2743 1856 2823 1903 est
2847 1848 2899 1902 in
2924 1848 3729 1917 praedicatoribustrans'erunt.

2154 1932 2167 1947 ’
2230 1938 2380 1993 Vers.
2414 1939 2496 1993 15.
2529 1937 2593 1991 Et
2620 1938 2837 1992 intonuit
2857 1940 2921 1993 de
2940 1939 3065 1994 coelo
3092 1938 3357 2007 Dominus,
3376 1949 3424 1992 et
3447 1940 3733 1995 Altissimus

2157 2030 2294 2084 dedit
2342 2047 2508 2085 vocem
2540 2048 2707 2087 suam.
2759 2032 2965 2102 Quippe
2997 2034 3084 2103 qui
3124 2043 3241 2088 erat
3277 2035 3508 2105 ingentia
3556 2050 3732 2089 sacra-

2157 2133 2335 2178 menta
2361 2124 2654 2179 locuturus.
2679 2125 2765 2179 Ait
2787 2126 2928 2181 enim
2960 2126 3013 2180 in
3042 2126 3335 2198 Evangelia
3363 2142 3464 2181 vox
3490 2130 3733 2198 omnipo-

2158 2217 2316 2270 tentis
2371 2215 2540 2271 Patris
2592 2214 2704 2270 :Et
2752 2216 3067 2285 clari/icavi,
3124 2228 3169 2274 et
3208 2220 3389 2273 iterum
3441 2220 3733 2290 clariﬁcabo

2158 2308 2339 2376 (Joan.
2374 2324 2475 2369 xu.
2502 2307 2618 2376 ‘29).
2675 2308 2825 2364 Unde
2856 2310 3031 2375 multi,
3054 2311 3194 2365 sicut
3236 2311 3310 2367 ibi
3344 2312 3556 2382 legitur,
3598 2315 3735 2367 toni-

2158 2408 2332 2454 truum
2386 2399 2547 2456 fuisse
2606 2401 2968 2456 crediderunt.
3022 2402 3320 2456 Altissimus
3368 2415 3545 2458 autem
3595 2404 3734 2458 dedit

2156 2507 2323 2546 vocem
2351 2508 2521 2557 suam,
2549 2492 2762 2563 quando
2787 2493 2985 2548 dictum
3008 2503 3091 2549 est
3121 2512 3134 2547 :
3161 2494 3263 2549 Hic
3291 2504 3363 2549 est
3399 2495 3443 2547 ιν
3446 2496 3564 2549 ilius
3596 2512 3733 2549 meus

2158 2584 2401 2649 dilertus,
2437 2585 2489 2636 in
2520 2600 2618 2651 quo
2645 2582 2767 2636 mihi
2792 2583 2912 2640 bene
2933 2586 3217 2654 complacui
3248 2584 3460 2652 (Matth.
3491 2601 3567 2651 Ill,
3624 2587 3734 2656 17).

2232 2672 2380 2727 Vers.
2410 2672 2496 2727 16.
2529 2671 2674 2727 Misit
2695 2675 2910 2744 sagittas
2942 2690 3091 2739 suas,
3116 2681 3161 2727 et
3187 2674 3454 2746 dissipavit
3482 2691 3597 2741 eos;
3636 2677 3712 2745 {ul

2157 2779 2283 2831 gura
2311 2764 2683 2835 multiplicauit,
2715 2772 2761 2817 et
2785 2764 3093 2818 conturbavit
3113 2781 3216 2819 eos.
3246 2764 3475 2835 Sagittas
3502 2783 3735 2838 evange-

2158 2854 2307 2909 listas
2328 2855 2480 2922 dicit,
2511 2855 2759 2911 virtutum
2790 2858 3001 2924 pennis,
3026 2873 3132 2912 non
3163 2859 3294 2927 suis,
3318 2860 3410 2914 scd
3435 2858 3549 2930 ejus
3581 2875 3607 2913 a
3634 2876 3738 2930 quo

2159 2948 2305 3002 missi
2332 2955 2477 3012 sunt,
2512 2956 2657 3003 recta
2686 2947 2879 3004 itinera
2906 2948 3319 3005 trausvolantes.
3358 2949 3423 3003 Et
3472 2951 3737 3020 dissipavit

2157 3055 2262 3103 eos,
2296 3039 2502 3094 scilicet
2526 3041 2593 3096 ad
2635 3056 2770 3109 quos
2798 3042 2945 3097 missi
2978 3051 3131 3107 sunt,
3171 3042 3353 3098 ﬁdeles
3404 3044 3734 3114 recipiendo,

478 3136 794 3204 parabolam,
816 3135 1195 3189 ettenebrosum
1212 3150 1488 3189 sermonem
1507 3135 1689 3206 (Prov.
1708 3136 2047 3206 1,6).0mnia
2077 3123 2123 3186 C
2157 3128 2348 3195 impios
2370 3128 2689 3198 abjiciendo,
2721 3130 2859 3185 sicut
2884 3129 3011 3187 dicit
3039 3132 3324 3201 Apostolus
3355 3150 3367 3185 :
3402 3134 3528 3187 Aliis
3548 3152 3728 3189 smnus

478 3228 619 3283 enim
650 3226 849 3288 divina,
881 3240 997 3295 quze
1025 3225 1350 3295 ignoramus,
1382 3226 1536 3280 nobis
1568 3228 1872 3294 tenebrosa,
1898 3228 1953 3284 id
1973 3239 2054 3285 est

478 3317 737 3389 profunda
766 3325 924 3385 atque
954 3317 1179 3370 obscura
1206 3317 1314 3386 60
1343 3326 1497 3382 sunt;
1531 3320 1771 3387 quamvis
1800 3322 2054 3376 continuo

480 3411 682 3466 lumine
704 3408 1061 3477 perfruantur.
1095 3408 1389 3462 Latibulum
1409 3425 1580 3474 suum,
1606 3410 1655 3461 id
1686 3420 1765 3462 est
1788 3420 2053 3465 svcretum

478 3500 774 3569 maiestatis
801 3500 938 3565 ejus,
971 3499 1114 3566 quod
1144 3510 1268 3553 tunc
1314 3500 1514 3554 revelat
1534 3500 1715 3569 justis,
1743 3501 1953 3571 quando
1975 3503 2055 3558 eis

479 3592 615 3648 facie
663 3589 728 3644 ad
776 3589 962 3644 faciem
995 3588 1291 3644 divinitatis
1328 3590 1492 3660 ipsius
1526 3590 1747 3660 gloriam
1772 3592 2056 3664 contigerit

479 3681 694 3737 intueri.
723 3678 788 3733 In
827 3680 1039 3733 circuitu
1061 3681 1171 3749 ejus
1192 3680 1571 3735 tabernaculum
1593 3682 1720 3749 ejus.
1749 3682 1845 3737 Hic
1874 3684 2054 3753 digni-

478 3782 561 3827 tas
582 3772 873 3841 exponitur
896 3770 1125 3839 gloriosa
1157 3772 1434 3826 beatorum
1454 3814 1469 3838 ,
1500 3784 1557 3827 ut
1578 3774 1728 3843 juxta
1756 3776 1929 3843 ipsum
1961 3775 2055 3829 ha-

478 3863 649 3918 bitent
677 3865 766 3931 qui
810 3861 862 3915 in
903 3862 1018 3930 ejus
1052 3862 1287 3917 Ecclesia
1330 3863 1559 3918 ﬁdeliter
1591 3875 1953 3931 perseverant.
1987 3865 2054 3921 In

477 3953 693 4007 circuitu
718 3962 894 4007 autem
924 3957 1035 4025 ejus
1064 3956 1452 4021 proximitatem
1478 3956 1764 4027 signiﬁcat.
1792 3958 1881 4014 Ille
1909 3961 2051 4015 enim

475 4044 662 4100 circuit
681 4058 743 4099 ac
767 4054 1008 4113 penetrat
1037 4048 1236 4113 omnia,
1262 4062 1364 4101 non
1388 4047 1746 4105 circumdatur
1765 4053 1830 4105 ah
1851 4053 2050 4123 aliquo,

474 4134 596 4203 quia
625 4134 743 4189 loco
785 4133 1198 4204 inamplexibilis
1228 4147 1330 4192 eSt.
1364 4136 1541 4191 Potest
1561 4147 1613 4191 et
1635 4139 1761 4193 ilud
1795 4141 2049 4211 intelligi,

473 4226 529 4280 in
562 4226 778 4278 circuitu
800 4228 946 4294 ejus,
980 4235 1034 4279 ut
1063 4240 1169 4279 non
1200 4226 1265 4279 ad
1306 4226 1407 4281 loci
1447 4228 1867 4297 designationem
1890 4273 1905 4296 ,
1955 4232 2050 4287 sed

471 4315 538 4370 ad
565 4315 929 4370 defensionem
963 4317 1294 4371 tabernaculi
1334 4319 1739 4389 custodiamque
1778 4322 2049 4389 reSpiciat.

2164 3219 2290 3273 odor
2305 3221 2419 3274 vita:
2440 3221 2493 3274 in
2513 3221 2697 3286 vitam;
2720 3222 2838 3275 aliis
2851 3222 2976 3276 odor
2997 3223 3174 3277 mortis
3196 3223 3247 3275 in
3271 3233 3481 3278 mortem
3507 3223 3559 3293 (1
3569 3224 3591 3277 Ι
3617 3226 3740 3281 Cor.

2162 3325 2218 3375 ll,
2253 3310 2362 3381 16).
2390 3310 2626 3384 Fulgura
2656 3312 3043 3381 multiplicauit,
3073 3315 3125 3369 id
3173 3323 3255 3368 est
3298 3316 3549 3369 miracula
3575 3317 3740 3372 multa

2163 3401 2309 3470 fecit,
2330 3420 2447 3474 quae
2470 3408 2545 3459 sic
2562 3406 2722 3460 corda
2746 3404 3037 3461 videntium
3062 3420 3456 3477 permoverunt,
3487 3410 3739 3477 quemad-

2163 3494 2377 3549 modum
2407 3494 2595 3550 crebra
2622 3496 2798 3551 solent
2826 3497 3025 3566 fulgura
3050 3498 3161 3552 visa
3193 3507 3414 3554 terrere.
3456 3498 3740 3553 Conturba-

2160 3587 2230 3639 vit
2256 3602 2342 3642 eos
2370 3602 2389 3641 :
2410 3587 2476 3642 de
2507 3586 2591 3641 bis
2611 3588 2741 3643 dicit
2763 3588 2852 3656 qui
2883 3598 3007 3643 tunc
3032 3589 3326 3644 conturbati
3355 3598 3499 3655 sunt,
3527 3591 3739 3660 quando

2162 3688 2284 3729 eum
2328 3676 2686 3733 resurrexisse
2728 3677 3027 3735 manifestis
3066 3679 3467 3748 probationibus
3506 3696 3739 3750 agnove-

2161 3774 2307 3819 runt.

2232 3877 2384 3932 Vcrs.
2415 3879 2500 3933 17.
2528 3878 2592 3933 Et
2615 3891 2961 3951 apparuerunt
2977 3883 3140 3952 fontes
3160 3898 3432 3952 aquarum,
3452 3893 3497 3938 et
3521 3885 3741 3939 revelata

2146 3978 2275 4043 sunt
2305 3971 2639 4038 fundamenta
2664 3972 2796 4027 orbis
2820 3982 2983 4027 terrm.
3010 3974 3063 4028 ld
3091 3984 3193 4037 est,
3228 3976 3421 4030 veritas
3443 3975 3741 4043 pratdican-

2163 4061 2314 4125 tium,
2343 4064 2429 4131 qui
2458 4062 2632 4117 fontes
2663 4073 2879 4119 arternze
2906 4068 3025 4120 vitze
3050 4068 3348 4120 sanctitatis
3378 4081 3488 4121 sate
3513 4083 3607 4121 ore
3629 4067 3740 4122 fun-

2159 4150 2374 4205 debant.
2422 4152 2542 4220 Ipso
2580 4155 2723 4209 enim
2757 4157 3003 4212 veniente
3038 4158 3234 4227 patuit,
3265 4159 3406 4226 quod
3437 4160 3739 4215 obscuritas

2157 4241 2319 4294 divini
2371 4243 2579 4311 legebat
2619 4245 2836 4312 eloquii.
2871 4246 2938 4299 Et
2976 4249 3197 4302 revelata
3241 4259 3359 4303 sunt
3407 4252 3741 4320 fundamenta

2157 4332 2291 4384 orbis
2319 4342 2463 4386 terra:
2495 4350 2511 4387 :
2540 4336 2860 4397 manifesmti
2889 4347 3009 4391 sunt
3042 4340 3348 4407 prophetae,
3375 4343 3463 4410 qui
3500 4359 3605 4397 non
3651 4345 3739 4397 isi-

472 4412 671 4476 Aquam
687 4422 813 4459 vero
835 4406 981 4470 dicit,
998 4407 1265 4475 eloquium
1284 4408 1517 4474 Domini,
1542 4412 1681 4480 quod
1708 4413 2047 4467 tenebrosum
2082 4443 2128 4501 D
2156 4421 2369 4484 telligeb
2388 4433 2530 4477 untur
2555 4440 2569 4477 :
2594 4440 2754 4493 supra
2779 4442 2912 4493 quos
2935 4406 3080 4481 orbis
3113 4438 3373 4483 terrarum
3396 4406 3451 4485 in
3477 4432 3739 4490 Ecclesia

472 4507 555 4552 est
576 4498 627 4550 in
650 4498 864 4550 nubibus
890 4499 1041 4561 aeris,
1067 4498 1116 4551 id
1141 4508 1223 4553 est
1246 4500 1295 4553 in
1321 4501 1591 4569 prophetis
1616 4505 1878 4571 praedicat:
1904 4506 2050 4559 ribus

472 4590 618 4644 verbi
672 4590 836 4659 :quia
878 4591 1118 4659 quamvis
1158 4606 1216 4646 se
1246 4592 1436 4662 aliquis
1480 4602 1629 4662 putet
1679 4596 1819 4649 dicta
1865 4612 2046 4651 eorum

473 4682 806 4751 intelligere,
856 4683 920 4737 ad
951 4684 1150 4753 ipsam,
1180 4686 1333 4739 sicuti
1366 4694 1477 4753 est,
1512 4687 1757 4742 virtutem
1787 4689 2047 4745 dictormn

471 4778 524 4834 in
556 4789 723 4835 totum
752 4782 836 4834 vix
867 4790 1041 4849 potest
1063 4784 1373 4849 pervenire;
1396 4786 1533 4839 sicut
1559 4787 1688 4840 dicit
1718 4789 2005 4855 Apostolus
2031 4808 2043 4843 :

477 4868 724 4927 Videmus
763 4890 895 4926 nunc
934 4892 1022 4944 per
1051 4878 1308 4942 speculum
1341 4879 1391 4930 in
1422 4880 1707 4949 a'nigmate,
1736 4890 1857 4934 tunc
1881 4894 2050 4937 autem

473 4965 602 5034 facie
634 4966 701 5016 ad
746 4965 926 5033 [aciem
952 4964 999 5035 (Ι
1030 4964 1146 5019 Cor.
1177 4983 1289 5031 xm,
1322 4969 1433 5037 12),
1472 4970 1683 5038 quando
1705 4972 1875 5039 ipsum
1908 4974 2050 5029 videt

471 5056 614 5124 quod
657 5057 918 5124 credidit,
971 5058 1145 5128 ipsum
1198 5062 1537 5129 cognoscitur
1584 5064 1852 5133 respicere
1906 5066 2047 5135 quod

472 5148 725 5216 speravit,

541 5236 695 5292 Vers.
715 5237 799 5292 Μ.
826 5238 1163 5310 Prwfulgoraa
1186 5242 1236 5295 in
1265 5255 1533 5308 conspectu
1559 5245 1668 5315 ejus
1690 5250 1846 5302 nubes
1875 5256 2050 5302 trans-

468 5326 667 5393 ierunt,
707 5332 898 5398 grando
929 5341 974 5382 et
1016 5332 1256 5385 carbones
1286 5332 1437 5401 ignis.
1471 5333 1582 5387 Non
1612 5344 1692 5389 cst
1725 5336 1824 5391 iste
1858 5352 2045 5392 versus

470 5416 628 5475 facile
664 5421 1036 5475 transeundas.
1082 5421 1448 5494 Prwfulgorw,
1502 5441 1604 5478 una
1647 5442 1767 5495 pars
1793 5429 2053 5484 orationis

469 5518 573 5572 est,
600 5510 649 5563 id
665 5523 744 5565 est
762 5513 1118 5565 nominativus
1138 5513 1373 5579 pluralis,
1392 5525 1445 5568 et
1463 5516 1751 5581 reSpondet
1770 5517 1833 5571 ad
1854 5519 2045 5572 nubes.

471 5597 647 5653 Nubes
667 5610 866 5666 autem,
893 5603 1028 5656 sicut
1048 5605 1295 5671 Superius
1318 5606 1515 5660 dictmn
1540 5619 1639 5673 est,
1670 5610 2048 5676 priedicatores

470 5689 634 5745 divini
661 5694 800 5747 verbi
824 5694 1153 5765 intelligendi
1178 5706 1318 5752 sunt.
1348 5697 1412 5752 Et
1432 5713 1621 5754 sensus
1646 5700 1768 5755 talis
1792 5712 1871 5755 cst
1906 5720 1914 5751 :
1943 5702 2044 5757 illa:

2157 4516 2344 4572 faciem
2379 4530 2561 4573 sancta
2603 4521 2957 4576 :edilicatione
2995 4533 3332 4578 constructus
3361 4536 3463 4579 est.
3509 4526 3576 4580 Et
3616 4544 3735 4583 me-

2155 4618 2337 4661 mento
2361 4610 2447 4662 hic
2476 4611 2718 4665 tellurem
2766 4616 2815 4666 in
2851 4612 2990 4666 bono
3024 4616 3281 4682 positam,
3318 4631 3436 4685 qua:
3466 4626 3547 4672 est
3591 4626 3737 4676 terra

2152 4700 2439 4753 viventium

2229 4790 2377 4845 Vers.
2410 4790 2496 4845 18.
2524 4792 2594 4845 Ab
2619 4793 2957 4863 increpatione
2979 4805 3095 4862 tua,
3128 4796 3377 4864 Domine;
3406 4802 3469 4853 ab
3509 4803 3737 4871 inspira-

2149 4880 2281 4935 tione
2335 4884 2545 4951 spiritus
2584 4884 2675 4938 ira:
2699 4894 2819 4939 tuae.
2868 4887 2944 4940 Ab
2979 4889 3319 4957 increpatione
3348 4900 3434 4945 tua
3465 4932 3479 4956 ,
3535 4892 3740 4949 indicat

2152 4974 2310 5029 verba
2342 4978 2745 5044 prophetarum,
2776 4979 2861 5047 qui
2888 4979 3340 5049 increpationibus
3361 4984 3517 5051 justis
3546 5000 3738 5052 pecca-

2152 5075 2295 5121 tores
2332 5069 2552 5135 populos
2580 5069 2905 5135 arguebant;
2937 5074 2997 5125 ab
3029 5074 3361 5141 inspiratione
3392 5076 3601 5137 spiritus
3642 5078 3739 5129 ira:

2152 5165 2272 5221 tute,
2300 5159 2530 5213 ostendit
2554 5160 2933 5227 prmdicatores
2960 5162 3107 5216 verbi
3126 5203 3141 5225 ,
3168 5164 3256 5232 qui
3279 5180 3305 5217 a
3329 5174 3513 5219 sancto
3531 5166 3737 5234 Spiritu

2152 5249 2462 5305 inﬂammati
2513 5252 2886 5320 delinquentes
2935 5255 3157 5321 populos
3210 5256 3575 5324 increpabant.
3630 5256 3737 5312 l’er

2160 5341 2257 5395 has
2308 5343 2464 5407 igitur
2514 5343 2792 5410 parabolas
2834 5344 3176 5399 subiacentes
3234 5348 3737 5417 propositioncsque

2159 5432 2438 5486 verborum
2468 5433 2741 5503 hucusque
2773 5434 3064 5503 prophetia:
3107 5438 3295 5506 spiritu
3316 5478 3329 5501 ,
3366 5439 3598 5492 fidelium
3631 5455 3737 5507 po-

2158 5523 2332 5591 pulis,
2381 5524 2583 5593 quiest
2630 5535 2809 5582 sancta
2864 5527 3137 5595 Ecclesia,
3181 5529 3469 5583 adventum
3519 5530 3735 5587 Domini

2155 5614 2436 5668 nunﬁavh.

2229 5704 2375 5761 V'crs.
2410 5706 2493 5761 19.
2532 5704 2673 5761 Misit
2703 5707 2762 5761 de
2788 5724 2983 5763 summa
3016 5719 3059 5764 et
3097 5711 3286 5776 accepit
3314 5727 3421 5767 me:
3453 5714 3731 5781 assumpsit
