4008 6182
247 314 336 369 1⁸29

1162 315 1517 371 EXl‘USiTIU
1564 316 1624 369 ΙΝ
1669 317 2116 371 PSALTERIUM.
2168 319 2353 372 PSAL.
2399 319 2557 374 XVII.

3394 327 3493 385 13')

245 452 316 487 ine
340 436 399 485 de
424 432 749 485 multitudine
777 447 1042 500 aquarum.
1078 430 1207 483 Hinc
1232 432 1339 497 jam
1372 441 1537 484 mater
1578 431 1809 484 Ecclesia
1842 436 1893 493 Α
1920 433 2068 499 prius
2117 430 2252 484 dixit
2299 440 2578 501 antequam
2626 444 3009 501 asmmeretur,
3041 439 3282 507 quoniam
3331 444 3495 493 voluit

244 528 471 595 loquitur
523 527 590 579 de
649 525 980 591 temporibus
1038 526 1376 578 Christianis.
1435 524 1578 579 Misit
1631 526 1813 591 utiitte

244 619 393 672 Pater
427 617 709 670 Dominum
742 616 1069 669 salvatorem
1101 618 1163 668 de
1188 633 1408 678 summo,
1437 627 1495 668 ut
1520 617 1817 682 intelligant

243 709 480 762 bomines
506 707 631 776 quia
666 710 805 773 quod
830 708 895 761 de
917 724 1123 759 summo
1148 708 1313 772 venit,
1342 708 1517 759 divina
1554 714 1817 775 potestate

242 800 513 867 gloriatur.
551 802 688 863 Apte
734 812 860 849 vero
888 797 1018 849 dixit
1047 796 1304 860 Ecclesia,
1334 797 1525 867 atcepit
1559 813 1664 863 me,
1698 810 1818 863 qua:

242 890 447 953 Sponso
492 888 711 940 Christo
752 888 933 954 juncta
982 889 1212 941 laetatur.
1246 887 1602 939 Multitudincs
1637 897 1812 941 autem

241 996 527 1048 aquarum,
580 979 695 1033 sive
745 979 1037 1032 innumera:
1077 989 1263 1044 gentes
1303 979 1526 1046 intelligi
1562 986 1811 1045 possunt;

242 1073 374 1126 unde
392 1073 719 1135 Ecclesiam,
737 1071 932 1136 Spretis
947 1068 1145 1122 tudinis
1171 1069 1460 1133 indevotis,
1484 1068 1549 1121 de
1574 1068 1689 1120 lide‘
1703 1068 1816 1120 ibus

242 1171 445 1216 constat
471 1176 594 1216 esse
614 1162 924 1223 collectam;
957 1160 1096 1212 sicut
1120 1160 1173 1212 in
1204 1159 1420 1212 Actibus
1449 1158 1815 1226 apostolorum

242 1255 580 1308 beatissimus
625 1253 824 1306 Paulus
860 1252 1350 1305 contradicentibus
1379 1249 1578 1303 Judzeis
1609 1260 1660 1304 et
1702 1251 1816 1303 bla-

241 1344 670 1416 Sphemantlbns,
695 1353 851 1397 excut
876 1359 972 1396 ens
1000 1343 1316 1395 vestimenta
1344 1354 1439 1394 sua
1467 1340 1599 1394 dixit
1634 1358 1647 1392 :
1682 1340 1819 1394 San-

241 1439 345 1503 guis
365 1445 531 1486 tester
553 1449 704 1499 super
725 1442 879 1502 caput
902 1441 1115 1486 vestrum
1131 1449 1150 1496 ;
1174 1434 1392 1485 mundus
1414 1449 1523 1501 ego,
1548 1448 1608 1485 ea:
1628 1430 1724 1483 hoc
1749 1430 1816 1483 ad

240 1536 402 1593 gentes
435 1525 615 1576 endam
644 1523 780 1592 (Act.
833 1538 978 1585 svnt,
1007 1522 1060 1592 ϐ)
1114 1521 1241 1577 Sive
1267 1521 1369 1575 hoc
1398 1521 1527 1574 dicit
1555 1520 1623 1575 de
1655 1520 1816 1574 fonti-

242 1618 335 1668 bus
362 1620 537 1669 sacris
563 1656 576 1677 ,
608 1615 821 1683 quando
867 1614 1100 1667 Ecclesia
1134 1612 1395 1666 catholica
1428 1612 1815 1666 multitudinem

242 1710 469 1761 ﬁliorum
505 1706 837 1773 baptismatis
878 1705 1284 1773 rcgeneratione
1315 1702 1597 1771 conquirit.

1918 538 2026 587 me;
2055 534 2108 576 et
2141 538 2278 576 nunc
2308 523 2433 578 dicit
2462 540 2472 575 :
2504 525 2758 578 Retribuat
2788 527 2912 578 mihi
2940 530 3213 580 secundum
3240 531 3491 591 justitiam

1918 631 2111 679 meum,
2148 614 2197 666 id
2247 624 2329 668 est
2374 615 2662 668 secundum
2715 618 3039 671 voluntatem
3083 634 3286 683 meum,
3331 635 3489 689 quam

1918 714 2034 773 post
2066 704 2321 758 beneficia
2355 705 2517 772 ipsius
2547 714 2730 759 sancto
2757 707 2915 760 corde
2943 707 3202 777 gestabat.
3235 707 3494 765 Innocen-

1918 796 2040 847 tiam
2063 806 2235 848 autem
2265 810 2526 860 manuum,
2552 810 2765 863 operam
2791 798 2899 850 vult
2923 799 3222 865 significare
3251 802 3486 870 pietatis,

1917 900 2072 954 quam
2104 885 2283 939 divino
2326 902 2545 941 munere
2575 900 2877 941 sanctorum
2907 890 3075 943 virtus
3106 903 3344 947 exercet.
3378 894 3485 948 Sed

1920 975 2020 1029 hoc
2064 977 2301 1029 retribuet
2346 979 2667 1046 geminatum
2712 980 2940 1033 sollicite
2982 983 3347 1050 recipiendum
3380 994 3486 1051 est,

1919 1084 1985 1122 ne
2016 1069 2116 1121 sibi
2160 1069 2357 1137 aliquid
2393 1069 2650 1124 fallat-iter
2692 1072 2967 1140 Pelagiana
3002 1075 3219 1128 haeresis
3250 1076 3489 1130 blandia-

1921 1168 2024 1212 tur.
2060 1160 2196 1212 Dicit
2238 1161 2431 1214 etenim
2482 1162 2801 1227 ApoStolus:
2832 1163 2907 1217 De
2942 1166 3135 1233 reliquo
3165 1170 3387 1233 reposita
3417 1179 3490 1222 est

1919 1254 2043 1305 mihi
2066 1270 2248 1307 corona
2263 1256 2411 1325 justit
2434 1271 2495 1321 (ιε,
2523 1273 2675 1323 quam
2700 1258 2875 1310 reddet
2901 1259 3020 1312 mihi
3054 1260 3304 1315 Dominus
3326 1264 3375 1315 in
3400 1265 3493 1317 illa

1918 1344 2001 1397 die
2021 1345 2370 1414 justusjudex
2390 1345 2473 1416 (Il
2508 1346 2638 1398 Tim.
2668 1364 2738 1415 iv,
2765 1349 2841 1417 8).
2873 1348 3127 1419 Nonquia
3158 1354 3268 1406 suis
3292 1355 3489 1424 aliquid

1920 1436 2123 1489 meritis
2173 1436 2383 1490 humil's
2433 1439 2748 1506 applicabat,
2784 1440 2876 1494 sed
2910 1445 3028 1510 quia
3080 1445 3369 1511 praemissis
3400 1447 3493 1501 be-

1922 1523 2120 1577 neficiis
2153 1525 2358 1578 Domini
2386 1525 2494 1594 jam
2526 1526 2707 1582 deberi
2743 1545 2900 1597 posse
2942 1540 3216 1598 praemium
3248 1536 3491 1589 cooﬁde-

1920 1616 2028 1670 bat.
2064 1615 2289 1683 ldipsum
2334 1615 2561 1670 Jacobus
2608 1621 2879 1686 apostolus
2920 1622 3088 1675 dicit:
3117 1622 3277 1677 Omne
3313 1626 3491 1679 datum

1921 1709 2199 1773 optimum,
2239 1715 2284 1759 et
2324 1723 2469 1759 omne
2511 1708 2699 1760 donum
2745 1715 3022 1779 perfectum
3074 1715 3338 1769 desursum
3383 1728 3488 1785 est,

309 1797 467 1850 Vers.
500 1796 592 1847 20.
629 1794 829 1864 Eiipuit
863 1810 938 1845 me
962 1794 1026 1845 dc.
1066 1793 1286 1845 inimicis
1326 1793 1447 1845 meis
1479 1791 1773 1859 fortissimis
1799 1832 1812 1855 ,
1852 1795 1892 1851 Β
1921 1796 2227 1850 descendens
2252 1814 2282 1849 a
2315 1795 2468 1852 Putre
2505 1800 2753 1851 luminum
2782 1801 2920 1869 (Jac.
2956 1818 2993 1865 t,
3029 1803 3134 1869 l7).

239 1888 365 1938 etab
389 1888 472 1938 Itis
493 1887 581 1953 qui
603 1885 815 1936 oderunt
843 1899 942 1947 me,
971 1883 1212 1953 quoniam
1233 1883 1503 1951 ronfortati
1522 1890 1639 1934 sunt
1668 1898 1819 1952 super

238 1993 330 2030 nte.
374 1974 713 2028 Forissimos
741 1976 1010 2041 inimicos,
1065 1983 1437 2041 persecutores
1489 1975 1818 2027 truculentos

237 2067 513 2131 enuntiat,
572 2066 663 2133 qui
712 2065 1073 2120 Christianum
1132 2065 1381 2133 populum
1437 2064 1714 2117 tormentis
1765 2071 1820 2117 et

237 2158 478 2213 caedibus
505 2155 841 2228 afﬂigebant;
878 2164 932 2210 et
963 2155 1085 2210 ideo
1112 2169 1170 2209 se
1197 2155 1363 2224 magis
1387 2154 1515 2208 dicit
1538 2164 1777 2223 ereptam
1799 2194 1815 2220 ,

237 2251 355 2318 quia
390 2250 596 2305 inimici
622 2248 909 2304 confortati
935 2257 1059 2303 sunt
1083 2262 1247 2316 super
1274 2247 1463 2314 ipsam.
1497 2246 1645 2301 'l‘unc
1673 2248 1817 2300 enim

241 2341 485 2396 Ecclesia
512 2355 761 2395 crescere
788 2338 1003 2403 meruit,
1032 2340 1244 2410 quando
1273 2354 1391 2393 eam
1439 2340 1560 2393 data
1592 2340 1821 2408 desuper

241 2441 511 2501 potestate
533 2432 781 2485 inimicus
802 2431 1011 2485 alﬂixit.
1040 2432 1082 2484 0
1110 2445 1237 2484 vere
1260 2430 1437 2483 divina
1461 2430 1817 2497 providentia,

241 2533 293 2574 ut
340 2522 463 2575 suis
496 2521 702 2574 nisibus
756 2520 1062 2574 destruatur
1111 2519 1387 2585 inimitus,
1423 2526 1477 2573 et
1520 2527 1717 2587 quanto
1763 2531 1823 2573 se

239 2622 391 2681 putat
427 2612 659 2680 amplius
686 2610 884 2664 trudere
905 2638 934 2674 ,ο
954 2619 1099 2663 tanto
1126 2624 1248 2662 eum
1279 2620 1503 2662 necesse
1530 2609 1598 2663 sit
1634 2608 1823 2663 saevis-

238 2710 369 2765 sima
411 2705 748 2760 insecutione
779 2713 1037 2774 praestare
1058 2705 1070 2758 !
1350 2712 1357 2717 ‘

308 2797 473 2852 Vera.
496 2796 589 2850 21.
621 2795 983 2849 Pra'venerunt
1010 2811 1086 2848 me
1120 2795 1175 2848 in
1210 2795 1293 2848 die
1331 2793 1619 2864 aﬂh‘ctionis
1654 2809 1776 2849 mete
1802 2809 1824 2848 :

164 2912 171 2917 ·
238 2900 282 2943 et
306 2894 489 2961 factus
517 2900 590 2944 est
618 2889 866 2946 Dominus
895 2901 1146 2958 protector
1171 2908 1331 2946 meus.
1369 2891 1497 2945 Illud
1528 2891 1819 2961 signiﬁcat,

239 2982 459 3053 quando
489 2982 919 3051 pseudoapostoli
942 2997 1098 3036 veros
1121 2982 1496 3050 praedicatores
1531 2981 1825 3049 praevenire

238 3074 577 3137 nitebantur,
603 3085 857 3127 conantes
870 3076 1181 3127 subvertere
1196 3074 1358 3125 corda
1376 3071 1716 3139 simplicium.
1735 3071 1825 3126 Se-

1995 1887 2145 1945 Vers.
2193 1889 2283 1941 24.
2338 1889 2469 1953 Quia
2512 1893 2756 1945 custodivi
2801 1894 2909 1946 vias
2947 1895 3179 1959 Domini,
3221 1912 3311 1948 nec
3341 1901 3493 1969 impie

1923 1978 2052 2049 gessi
2084 1995 2114 2031 a
2166 1979 2269 2032 Deo
2315 1996 2446 2035 meo.
2512 1982 2617 2034 Via:
2661 1993 2779 2036 sunt
2836 1983 3074 2052 Domini,
3106 1986 3343 2041 dilectio.
3376 1990 3490 2058 Dei,

1923 2077 1976 2122 et
2004 2068 2235 2123 charitas
2266 2071 2513 2139 proximi,
2545 2087 2675 2142 quas
2721 2084 2929 2128 constat
2960 2090 3053 2129 eos
3099 2078 3493 2136 studiosissimo

1923 2161 2215 2228 custodire,
2243 2163 2331 2230 qtti
2354 2164 2538 2216 nolunt
2560 2164 2805 2219 mandata
2832 2167 3042 2220 Domini
3066 2168 3332 2226 deserere.
3357 2171 3492 2227 Sub-

1919 2251 2092 2319 junxit
2117 2270 2129 2305 :
2157 2251 2267 2305 Nec
2294 2255 2446 2324 impie
2475 2256 2605 2324 gessi
2634 2271 2667 2309 a
2706 2254 2816 2311 Deo
2856 2274 2983 2313 meo.
3011 2258 3301 2328 [inpietatis
3326 2266 3491 2319 verbo

1924 2341 2087 2395 notati
2122 2351 2261 2407 sunt,
2290 2332 2378 2413 qui
2422 2345 2567 2412 jussa
2602 2345 2810 2401 Domini
2842 2347 3110 2403 declinare
3142 2365 3491 2419 prtesuuiunt.

1923 2434 2072 2501 Quod
2096 2433 2304 2487 animus
2326 2435 2547 2490 devotus
2572 2438 2827 2493 Ecclesia:
2852 2441 3041 2494 merito
3056 2441 3184 2496 dicit
3210 2444 3491 2515 refugisse,

1928 2527 2066 2581 unde
2097 2540 2155 2580 se
2182 2526 2485 2581 Creatorem
2517 2530 2718 2584 sciebat
2747 2531 3035 2588 offendere.

1998 2618 2148 2672 Vers.
2180 2617 2268 2671 25.
2305 2619 2555 2683 Quoniam
2583 2624 2750 2675 omnia
2766 2623 2967 2693 judicia
3001 2625 3110 2691 ejus
3142 2625 3191 2678 in
3225 2637 3492 2695 conspectu

1928 2724 2038 2761 meo
2069 2718 2185 2763 sunt
2215 2725 2432 2775 semper,
2462 2719 2508 2763 et
2535 2711 2764 2779 justitins
2812 2714 2923 2782 ejus
2968 2730 3069 2766 non
3113 2714 3279 2782 repuli
3321 2732 3351 2766 a
3395 2731 3492 2769 me.

1926 2798 2078 2852 Nunc
2105 2799 2233 2853 dicit
2262 2814 2452 2854 causas
2480 2816 2644 2868 quare
2676 2802 2783 2855 vias
2815 2803 3019 2856 Domini
3043 2805 3376 2870 custodierit,
3401 2815 3493 2862 aut

1925 2890 2087 2959 impie
2118 2906 2223 2945 non
2270 2892 2520 2958 gesserit,
2549 2894 2684 2946 sicut
2732 2896 2976 2962 superius
3013 2899 3187 2963 posuit
3210 2914 3223 2950 :
3250 2897 3375 2963 quia
3398 2898 3494 2966 ju-

1926 2980 2063 3051 giter
2104 2979 2304 3050 judicia
2351 2981 2466 3049 ejus
2516 2983 2774 3038 terribilia
2816 2984 3100 3053 cogitabat.
3146 2986 3397 3052 Addidit,
3448 2995 3494 3041 et

1916 3073 2152 3146 justitias
2182 3074 2292 3143 ejus
2330 3088 2430 3126 non
2459 3074 2625 3143 repuli
2665 3091 2696 3126 α
2738 3091 2837 3129 me.
2881 3076 3029 3142 Quod
3076 3075 3275 3130 faciunt
3320 3080 3495 3133 carnis

235 3165 426 3234 quitur
457 3160 559 3215 :ln
590 3163 986 3233 dieafﬂictiom's,
1008 3165 1220 3232 quando
1238 3162 1659 3216 Christianorum
1685 3177 1827 3216 mar-
1853 3162 1899 3226 ρ
1930 3165 2213 3234 fragilitate
2241 3165 2497 3233 superati,
2529 3166 2618 3233 qui
2647 3164 2803 3235 longa
2832 3168 3205 3241 observatione
3234 3167 3495 3223 deiicien-

236 3257 377 3324 tyria
405 3242 843 3309 celebrabantur.
883 3252 949 3306 Et
987 3253 1151 3323 factus
1177 3261 1252 3306 est
1294 3250 1544 3305 Dominus
1569 3259 1824 3320 protector

237 3363 402 3400 utens.
434 3344 566 3399 Ideo
600 3345 736 3398 Deus
763 3354 1038 3415 protector,
1078 3344 1198 3415 quia
1230 3343 1390 3397 homo
1415 3343 1619 3398 exstitit
1649 3343 1825 3412 impu-

240 3449 456 3505 gnator.
494 3434 601 3490 Sed
625 3442 844 3504 utraque
870 3435 1028 3489 simul
1055 3434 1213 3505 longe
1237 3435 1337 3488 sibi
1381 3433 1659 3488 dissimilia
1691 3449 1825 3490 con-

242 3540 539 3592 venerunt,
560 3528 888 3597 impugnatio
903 3526 1232 3598 temporalis,
1247 3538 1300 3581 et
1316 3538 1514 3581 aeterna
1542 3528 1823 3594 protectio.

313 3622 474 3676 Ven.
508 3622 602 3674 22.
629 3619 694 3674 Et
722 3622 960 3690 produxit
990 3619 1143 3692 [mss.
1174 3622 1264 3686 A.,
1296 3620 1380 3685 B.,
1416 3619 1500 3685 F.,
1527 3617 1725 3689 eduxit]
1748 3635 1826 3673 me

243 3712 293 3762 in
311 3712 684 3773 latitudinem;
707 3710 900 3764 salvum
929 3727 1007 3764 me
1041 3712 1182 3779 fecit,
1212 3710 1451 3779 quoniam
1472 3709 1628 3763 voluit
1646 3726 1741 3764 me.
1770 3711 1825 3764 In

246 3800 500 3857 Ecclesia
527 3801 789 3856 catholica
820 3802 961 3856 hunc
987 3815 1108 3856 esse
1139 3817 1342 3856 morem
1386 3801 1617 3855 ﬁdelium
1646 3801 1825 3854 nullus

242 3894 496 3961 ignorat,
526 3904 587 3947 ut
613 3904 809 3963 quanto
850 3893 971 3965 plus
1008 3891 1475 3962 persecutionibus
1502 3892 1826 3961 constt-mgi-

242 3996 351 4050 tur,
384 3991 564 4050 tanto,
595 3986 730 4039 sicut
755 3985 953 4039 dictum
983 3994 1096 4050 est,
1128 3984 1355 4053 amplius
1387 3984 1507 4037 fidei
1538 3992 1827 4052 augmento

240 4074 347 4144 61
380 4075 666 4128 dilatetur.
693 4073 842 4128 Tunc
864 4074 1008 4129 enim
1042 4087 1137 4142 per
1160 4073 1387 4142 gratiam
1419 4071 1507 4125 Dei
1535 4078 1830 4140 exsurgunt

239 4163 433 4217 invicti
468 4165 663 4230 animi,
693 4172 815 4218 tunc
843 4164 1146 4218 incendium
1177 4162 1455 4217 cbaritatis
1484 4163 1751 4229 ardescit,
1774 4172 1829 4217 et

239 4250 387 4307 iacto
420 4253 637 4321 agmine
661 4252 715 4306 in
736 4254 937 4323 gladios
966 4254 1201 4307 suaviter
1228 4261 1418 4318 ruunt,
1461 4254 1583 4322 quia
1610 4262 1826 4308 interna:

237 4343 365 4395 vita
391 4342 616 4411 ptanda
638 4345 1039 4413 concupiscunt.
1070 4343 1327 4397 Producta
1347 4352 1421 4396 est
1444 4358 1571 4411 ergo
1594 4343 1826 4398 Ecclesia

238 4432 288 4483 in
321 4433 694 4496 latitudinem,
714 4435 926 4502 quando
958 4449 1053 4502 per
1081 4435 1337 4488 saxvitiam
1390 4444 1820 4504 persecuturum,

1930 3266 2030 3320 tes,
2064 3255 2369 3323 asquitatem
2419 3256 2681 3310 interdum
2731 3254 3002 3322 deserunt,
3035 3272 3191 3327 quam
3220 3268 3496 3328 coeperant

1928 3346 2221 3401 custodire.
2249 3347 2344 3401 llic
2373 3347 2514 3401 enim
2540 3347 2726 3401 beatus
2755 3350 2980 3418 populus
3008 3364 3274 3419 nunquam
3306 3350 3497 3419 repulit

1926 3437 2185 3506 justitiam
2236 3437 2463 3503 Domini,
2496 3437 2617 3505 quia
2664 3452 2875 3506 semper
2919 3439 2970 3491 in
3012 3437 3128 3507 ejus
3174 3438 3337 3494 corde
3378 3453 3498 3509 per-

1927 3527 2141 3583 mansit.

2004 3617 2147 3670 \'ers.
2179 3615 2270 3669 26.
2319 3614 2382 3667 Et
2412 3631 2497 3669 ero
2519 3615 2877 3669 immaculatus
2904 3632 3074 3669 coram
3103 3616 3253 3689 [mss.
3288 3618 3377 3683 A.,
3405 3618 3493 3685 8.,

1930 3706 2014 3770 F.,
2045 3705 2182 3776 cum]
2209 3722 2265 3758 eo
2288 3721 2305 3757 :
2329 3717 2375 3758 et
2404 3705 2677 3759 observabo
2702 3722 2779 3758 me
2808 3712 2870 3759 ab
2911 3708 3173 3771 iniquitate
3208 3722 3335 3760 mea.
3363 3709 3498 3761 Fru-

1926 3808 2067 3852 ctum
2102 3799 2443 3851 beatitudinis
2488 3812 2598 3850 sue
2643 3797 2897 3863 reddidit,
2930 3805 2984 3851 et
3013 3798 3139 3866 quid
3174 3799 3412 3866 proliciat
3451 3797 3499 3856 si

1923 3886 2161 3955 justitias
2207 3886 2416 3941 Domini
2449 3902 2554 3941 non
2602 3888 2845 3955 repellat,
2876 3887 3075 3941 scilicet.
3109 3897 3167 3941 ut
3205 3889 3273 3941 sit
3304 3889 3499 3942 immac

1927 3975 2154 4031 culatus.
2208 3977 2398 4030 Verum
2446 3990 2551 4031 non
2594 3986 2651 4030 ut
2694 3976 2784 4029 ille
2832 3976 3110 4041 Dominus,
3144 3977 3232 4044 qui
3284 3985 3501 4044 peccata

1929 4080 2035 4119 non
2063 4066 2276 4132 habuit;
2308 4066 2399 4120 sed
2429 4075 2490 4121 ut
2529 4069 2627 4121 iste
2660 4081 2819 4134 quem
2870 4066 3118 4135 lacryma:
3169 4069 3436 4134 supplices
3465 4083 3499 4123 ι

1928 4159 2220 4211 contractis
2265 4157 2513 4211 sordibus
2560 4157 2860 4210 abluerunt.
2906 4157 3011 4212 Sed
3059 4158 3173 4211 hinc
3220 4160 3395 4211 omnia
3445 4158 3499 4213 in

1930 4250 2077 4304 illum
2106 4251 2321 4303 modum
2350 4250 2656 4318 accipienda
2687 4261 2833 4315 sunt,
2863 4263 3021 4318 quem
3053 4251 3296 4318 superius
3326 4264 3494 4317 espo-

1927 4342 2146 4403 suimus,
2178 4340 2265 4394 ubi
2294 4340 2459 4395 verbo
2505 4340 2771 4410 geminato
2818 4343 2910 4404 ait,
2964 4340 3199 4393 retribuet
3226 4355 3245 4393 :
3269 4356 3336 4395 ne
3364 4342 3492 4409 quid

1928 4438 2110 4484 sancta
2143 4431 2438 4497 humilitas,
2469 4445 2576 4483 non
2614 4432 2680 4484 de
2708 4431 2954 4499 supernis
2983 4430 3280 4499 beneficiis,
3310 4433 3403 4487 sed
3433 4433 3503 4489 de

237 4537 537 4577 numerum
566 4524 614 4575 ei
664 4534 870 4576 conth
909 4523 1146 4578 crevis‘e
1177 4523 1434 4577 ﬁdelium.
1464 4524 1617 4589 Quod
1646 4537 1824 4577 autem
1857 4525 1905 4585 D
1932 4536 2009 4588 se,
2048 4523 2189 4591 quod
2232 4523 2391 4585 absit,
2425 4536 2747 4590 praesumere
2794 4521 3057 4575 videatur.
3104 4522 3395 4591 Sequitur:
3427 4522 3495 4577 Et

239 4616 401 4679 dixit,
434 4612 643 4667 salvum
668 4616 902 4683 mefecit,
932 4631 1040 4669 non
1071 4627 1304 4681 moveat,
1330 4616 1451 4684 quia
1479 4616 1544 4669 ad
1577 4616 1827 4669 masculi-

238 4721 369 4758 num
394 4719 572 4774 genus
598 4706 822 4759 deducta
850 4716 965 4771 est;
992 4709 1241 4775 quoniam
1274 4722 1377 4760 non
1406 4708 1611 4761 videtur
1641 4708 1831 4761 absur-

238 4798 370 4851 dum
405 4799 513 4849 hoc
553 4796 603 4850 ei
651 4811 843 4850 nomen
874 4797 1069 4865 aptari,
1121 4812 1241 4865 qua:
1268 4807 1474 4850 constat
1513 4812 1575 4849 ex
1613 4798 1827 4865 populo.

240 4891 446 4946 nerito
470 4904 600 4958 ergo
623 4893 895 4943 beatorum
922 4892 1060 4944 istud
1086 4905 1275 4959 agmen
1317 4890 1590 4943 exsultans
1627 4892 1824 4944 salvum

236 4998 299 5037 se
356 4983 494 5037 dicit
553 4982 779 5050 factum,
837 4982 979 5051 quod
1007 4982 1073 5036 ad
1120 4981 1432 5037 Christiana:
1464 4982 1585 5036 lidei
1636 4980 1832 5037 meruit

238 5075 543 5144 pervenire
571 5072 860 5143 fastigium.
896 5074 1153 5139 Quoniam
1184 5072 1340 5126 voluit
1371 5090 1468 5139 me,
1495 5074 1544 5126 id
1584 5085 1663 5126 est
1693 5088 1829 5142 quo-

248 5171 405 5219 nias-
431 5180 517 5219 me
536 5165 720 5233 elegit,
743 5167 829 5232 qui
857 5166 1023 5235 gratis
1050 5174 1202 5218 vocat
1224 5165 1530 5225 universos;
1561 5179 1658 5217 nec
1687 5164 1859 5231 prius-

236 5255 574 5311 beueﬁcium
597 5254 790 5322 accipit
811 5270 969 5324 quam
998 5262 1250 5323 praestare
1271 5255 1536 5321 dignetur;
1562 5255 1698 5307 sicut
1720 5258 1833 5322 ipse

237 5352 296 5403 in
332 5348 635 5416 Evangelio
674 5348 801 5401 dicit
843 5364 856 5401 :
901 5346 1023 5400 Non
1066 5365 1151 5401 vos
1192 5362 1269 5399 me
1306 5347 1560 5415 elegistis,
1601 5346 1689 5399 sed
1736 5361 1830 5416 ego

235 5440 375 5510 elegi
404 5455 490 5491 eos
521 5436 702 5508 (Joan.
732 5454 824 5504 xv,
860 5440 970 5511 16).

322 5532 480 5585 Ven.
507 5530 601 5583 25.
630 5529 699 5584 Et
738 5530 976 5585 retribuet
1016 5532 1136 5583 milii
1171 5530 1420 5585 Dominus
1447 5533 1723 5586 secundum
1738 5532 1832 5602 ju-

237 5624 445 5677 stitiam
470 5638 666 5687 meam;
697 5632 740 5675 et
764 5625 1040 5676 secundum
1062 5625 1399 5677 innocentiam
1422 5639 1666 5676 manuum
1695 5638 1837 5675 mea-

237 5734 362 5770 rum
414 5715 650 5769 retribuet
694 5716 839 5769 mihi.
888 5716 1099 5786 Optime
1145 5723 1427 5783 utrumque
1468 5714 1725 5769 servavit.
1766 5711 1831 5769 Et

1934 4613 2201 4667 observabo
2234 4628 2312 4665 me
2339 4613 2402 4666 ab
2441 4614 2705 4683 iniquitate
2744 4629 2876 4667 mea.
2907 4614 3184 4669 Subtiliter
3225 4614 3362 4669 beati
3397 4616 3502 4671 vita

1934 4705 2283 4770 describitur,
2314 4705 2400 4775 qui
2431 4707 2643 4774 quando
2672 4706 2736 4759 ad
2768 4706 3000 4775 aliquam
3044 4721 3101 4760 se
3145 4711 3365 4775 gratiam
3397 4707 3503 4761 Do-

1936 4798 2062 4851 mini
2095 4812 2397 4866 pervenisse
2426 4798 2717 4866 cognoscit,
2750 4809 2899 4850 cavet
2933 4813 2999 4851 ne
3033 4799 3220 4850 iterum
3250 4798 3504 4866 iniquita-

1938 4889 2003 4942 tis
2030 4889 2263 4958 antiquze
2293 4889 2680 4943 calamitatibus
2709 4890 3008 4942 ionudetur.

2002 4979 2152 5034 Vers.
2184 4982 2273 5033 9.7.
2309 4977 2371 5031 Et
2403 4981 2635 5031 retribuet
2669 4980 2791 5031 mihi
2824 4979 3073 5031 Dominus
3107 4984 3384 5032 secundum
3406 4980 3500 5049 ju-

1930 5072 2119 5125 stitiam
2148 5088 2331 5136 meum,
2360 5083 2407 5124 et
2436 5071 2715 5124 secundum
2740 5072 3079 5123 innocentiam
3110 5087 3349 5123 manuum
3371 5087 3505 5123 mea-

1935 5184 2045 5219 rum
2063 5171 2114 5219 in
2134 5177 2398 5234 conspectu
2417 5167 2677 5219 oculorum
2701 5171 2829 5235 ejus.
2854 5166 3083 5235 Exponit
3097 5168 3237 5235 quod
3259 5170 3505 5235 superius

1935 5256 2197 5311 dixit:Et
2245 5272 2329 5309 ero
2377 5258 2728 5309 immaculattts
2772 5271 2941 5308 coram
2987 5272 3066 5308 eo.
3114 5256 3246 5309 Nam
3294 5258 3505 5325 quando

1938 5348 2063 5401 illud
2116 5362 2231 5401 esse
2283 5349 2587 5415 contigerit,
2638 5358 2760 5399 tunc
2815 5346 2953 5398 ί›ιυ‹ι
3008 5348 3122 5399 sine
3174 5347 3504 5401 dubitatione

1936 5439 2299 5507 subsequitur,
2332 5446 2386 5490 ut
2414 5436 2688 5489 secundum
2710 5437 2966 5505 justitiam
2998 5451 3166 5497 suam,
3201 5452 3358 5504 quam
3391 5437 3507 5504 ipse

1938 5540 2116 5584 tamen
2146 5530 2345 5583 donare
2381 5529 2645 5597 dignatur,
2679 5530 2959 5596 unicuique
2990 5530 3193 5591 reddat,
3223 5539 3277 5582 et
3305 5544 3497 5583 secun-

1937 5622 2060 5675 dum
2124 5621 2403 5689 puritatem
2464 5630 2673 5674 actuum
2737 5622 2945 5687 dignam
3014 5624 3502 5688 compensationem

1939 5713 2198 5769 restituat.
2234 5709 2461 5767 Pulchre
2511 5721 2683 5766 autem
2725 5711 2961 5765 additum
3011 5724 3111 5776 est.
3144 5716 3193 5768 in
3240 5728 3512 5785 conspectu
