4014 6188
484 280 575 333 1η
1650 268 1715 320 Μ.
1764 264 2033 319 ΛΗΠΕῌΙ
2077 262 2478 317 ιιιεειοιδιιιιι

3634 253 3738 309 139.

483 391 747 445 oculorum
777 394 908 461 ejus,
946 388 1085 457 quod
1134 388 1313 454 utique
1355 399 1460 439 non
1504 392 1699 451 potest,
1732 382 1829 435 nisi
1885 380 2052 434 licatis
2089 382 2134 436 Α
2163 377 2595 446 (Ιυιὶιιιιιιιειιι.1ιιιε
2640 378 2825 441 datur,
2855 386 2911 428 ut
2959 389 3047 443 per
3092 376 3308 427 vtirhum
3339 371 3742 428 illuminationis

482 486 724 546 evenire;
760 493 816 536 ut
859 482 992 535 sicut
1037 480 1114 533 ilii
1162 492 1375 544 semper
1422 475 1584 530 corde
1617 476 1896 529 Dominum
1930 487 2055 526 con-

485 583 716 635 tueutur,
753 572 820 624 ita
853 586 944 623 eos
969 570 1170 637 jugiter
1199 570 1367 620 virtus
1398 566 1575 619 divina
1606 565 1874 633 respiciat.

560 663 711 716 Vers.
733 660 822 715 28.
856 660 977 713 Cum
1002 668 1177 713 sancto
1202 668 1406 710 sanctus
1431 659 1548 719 eris,
1572 665 1620 709 et
1646 673 1757 707 cum
1778 656 1886 706 viro
1913 654 2062 705 inno-

487 763 625 804 cente
651 751 889 803 innocens
925 750 1043 803 eris.
1082 747 1142 801 Et
1170 764 1283 800 cum
1322 748 1480 802 electo
1509 748 1697 799 electus
1721 748 1841 809 eris,
1876 756 1923 797 et
1948 761 2063 795 cum

489 860 718 912 perverso
746 844 1064 896 subverteris.
1100 842 1229 896 Cum
1276 842 1341 896 de
1378 841 1585 911 justitia
1616 853 1848 906 superna
1875 838 2064 905 loque-

488 935 792 1003 retur,quia
814 933 1090 1001 unicuique
1113 932 1285 987 reddit
1301 931 1587 985 secundum
1612 945 1826 983 suorum
1850 940 2062 982 actuum

488 1026 821 1094 qualitatem,
868 1039 1005 1078 nunc
1032 1025 1250 1092 exponit
1286 1021 1734 1092 quemadmodum
1769 1019 1936 1087 possit
1966 1020 2067 1073 im-

494 1118 626 1186 pleri
656 1116 795 1186 quod
830 1118 913 1170 lex
947 1117 1187 1183 praecipit
1222 1116 1512 1169 observari.
1546 1112 1894 1168 Conversatio
1922 1111 2063 1165 enim

497 1218 675 1261 nostra
703 1224 766 1262 ex
799 1206 1064 1276 prioribus
1096 1214 1187 1259 aut
1226 1204 1448 1259 ducibus
1500 1204 1611 1257 suis
1649 1203 1880 1255 maxime
1922 1200 2067 1253 simi-

492 1298 766 1353 litudinem
834 1298 1027 1359 trahit;
1084 1296 1211 1350 dum
1274 1295 1638 1364 unusquisque
1705 1292 1794 1345 tati
1855 1290 2068 1359 ingenio

493 1391 687 1460 gaudet
713 1390 855 1459 quali
886 1389 1042 1443 fuerit
1070 1388 1323 1457 praeditus
1347 1387 1436 1441 ille
1463 1401 1620 1455 quem
1648 1387 1906 1450 sequitur.
1937 1382 2071 1435 Hinc

495 1490 577 1535 est
607 1480 745 1549 quod
779 1479 930 1532 nobis
971 1479 1219 1532 salutaris
1250 1487 1303 1531 et
1332 1477 1548 1530 moralis
1578 1473 1756 1540 regula
1796 1472 1919 1525 data
1965 1479 2066 1534 e~t,

498 1572 637 1641 quod
667 1586 787 1626 cum
818 1579 1003 1623 sancto
1028 1570 1165 1634 viro,
1188 1567 1239 1622 id
1266 1577 1345 1622 est
1376 1567 1597 1620 Domino
1635 1565 1929 1627 Salvatore,
1954 1563 2071 1631 ipso

498 1670 810 1732 pgmstante.
855 1660 1022 1714 sancti
1070 1673 1189 1713 esse
1242 1658 1535 1726 possimus;
1563 1656 1703 1711 sicut
1748 1655 1860 1722 ipse
1907 1652 2067 1705 dicit:

2167 469 2369 538 fugiant
2394 468 2675 523 tenebrosa
2704 468 2924 535 peccati.
2952 469 3285 535 Quapropter
3309 475 3578 520 memento
3600 465 3742 532 quod

2166 560 2249 613 hic
2296 559 2493 612 dicitur
2540 559 2844 613 illuminare
2888 558 3131 621 Patrem;
3166 557 3431 610 illuminat
3462 565 3516 611 et
3548 555 3739 616 Filius.

2165 653 2303 705 sicut
2328 652 2380 704 in
2404 652 2510 705 alio
2539 652 2742 718 psalmo
2779 652 2971 720 legitur
3000 668 3013 704 :
3041 649 3177 703 Deus
3210 647 3457 702 Dominus
3483 658 3531 702 et
3570 648 3745 699 illuxit

2166 742 2439 819 nobis-(Ps.
2455 758 2616 807 cxvn,
2632 741 2753 811 ‘27);
2782 742 3045 794 illuminat
3066 741 3227 794 etiam
3251 738 3481 806 Spiritus
3503 753 3743 798 sanctus,

2166 836 2306 889 sicut
2349 835 2603 903 propheta
2647 835 2814 888 dicit:
2848 833 2971 887 Non
3020 832 3333 886 abscondam
3383 832 3517 884 ultra
3564 830 3748 898 faciem

2168 944 2329 982 meam
2359 929 2421 981 ab
2448 929 2540 992 eis,
2576 942 2666 995 pro
2694 943 2749 980 eo
2778 927 2916 995 quod
2944 925 3115 978 illuxit
3157 924 3384 991 Spiritus
3415 938 3555 977 meus
3594 936 3747 985 super

2168 1022 2449 1073 universam
2467 1021 2671 1073 domum
2698 1018 2859 1071 Israel
2884 1015 3097 1079 iEzech.
3122 1030 3286 1068 xxxrx
3301 1056 3315 1077 ,
3333 1013 3451 1083 29).
3469 1013 3599 1081 Quis
3620 1026 3748 1080 ergo

2170 1111 2240 1165 ita
2277 1112 2457 1164 nubilo
2486 1109 2648 1164 corde
2692 1109 2952 1162 obscurus
2995 1116 3109 1171 est,
3143 1114 3199 1159 ut
3230 1114 3431 1159 sancta:
3469 1101 3749 1156 Trinitatis

2172 1216 2327 1256 unam
2372 1210 2637 1265 naturam,
2670 1212 2827 1252 unam
2872 1196 3315 1260 coaeternitatem,
3344 1209 3500 1251 unam
3530 1208 3636 1248 non
3666 1193 3747 1247 in-

2174 1292 2377 1361 tedigat
2401 1306 2521 1345 esse
2549 1289 2872 1359 potentiam?

2246 1383 2397 1437 Vers.
2431 1383 2519 1436 5|.
2557 1382 2811 1447 Quoniam
2852 1397 2882 1433 a
2925 1389 2974 1433 te
3013 1379 3201 1449 eripiar
3238 1395 3269 1431 a
3304 1377 3668 1437 lentatione.el
3695 1378 3748 1431 in

2176 1472 2285 1526 Deo
2310 1490 2420 1527 meo
2451 1473 2800 1541 transgredior
2828 1488 3047 1524 murum.
3081 1470 3364 1539 lnsigniter
3388 1469 3569 1523 docuit
3594 1484 3750 1538 regn-

2176 1565 2278 1617 lam
2312 1561 2453 1616 ﬁdei.
2488 1563 2529 1615 Α
2565 1572 2611 1615 te
2635 1562 2766 1615 dixit
2795 1562 3006 1629 eriptar,
3031 1575 3135 1613 non
3161 1575 3190 1612 a
3220 1574 3328 1613 me.
3366 1558 3596 1611 Tentatio
3621 1574 3748 1613 vero

2176 1656 2443 1709 diabolum
2493 1654 2776 1739 signiﬁcat,
2802 1652 2892 1722 qui
2944 1652 3230 1705 momentis
3280 1649 3527 1703 omnibus
3556 1658 3746 1711 tentat,

499 1757 675 1813 Sancti
705 1767 874 1818 estote,
898 1755 1141 1822 quoniam
1178 1770 1270 1821 ego
1291 1761 1496 1805 sanctus
1521 1766 1632 1804 sum
1666 1749 1915 1802 Dominus
1937 1746 2073 1800 Deus
2112 1748 2151 1804 Β
2180 1756 2235 1800 ιιι
2265 1761 2293 1797 a
2323 1748 2460 1799 bona
2485 1744 2889 1799 conversatione
2922 1758 3017 1797 nos
3044 1741 3341 1797 abstrahat.
3373 1740 3441 1794 In
3486 1740 3587 1796 Deo
3617 1758 3747 1807 meo,

500 1857 654 1900 vester
670 1846 811 1916 (Lev.
832 1861 937 1909 xtx,
960 1844 1035 1912 οὶ).
1058 1844 1366 1911 Prmcipitur
1384 1843 1540 1895 etiam
1564 1851 1619 1894 ut
1635 1856 1752 1895 cum
1770 1838 2071 1893 innocentia

500 1938 615 2005 ejus
664 1937 975 1999 innocentes
1012 1948 1132 1988 esse
1178 1948 1500 1987 mereamur.
1546 1932 1636 1986 Sic
1672 1932 1810 1985 enim
1853 1929 1919 1983 de
1956 1930 2074 1995 ipso

501 2028 603 2097 iam
654 2028 851 2081 dictum
896 2036 977 2081 est
1005 2043 1017 2077 :
1045 2024 1297 2077 lnnocens
1340 2022 1574 2076 manibus
1615 2030 1664 2075 et
1703 2020 1896 2073 mundo
1924 2021 2074 2071 corde

502 2119 671 2187 (Psal.
706 2134 856 2183 χχιιι,
887 2117 965 2187 ll).
1008 2116 1236 2171 Additur
1281 2115 1517 2176 tertium,
1549 2122 1605 2167 ut
1647 2126 1768 2166 cum
1815 2113 2075 2165 electione

504 2211 671 2279 ipsius
718 2210 989 2278 eligamur.
1046 2207 1120 2261 lta
1178 2206 1374 2275 quippe
1419 2206 1487 2258 de
1537 2205 1655 2273 ipso
1702 2203 1864 2256 Isaias
1907 2202 2072 2255 dicit:

505 2302 707 2355 Electus
747 2316 906 2363 meus,
960 2298 1013 2350 in
1068 2312 1169 2363 quo
1218 2294 1519 2366 complacuit
1565 2294 1737 2346 anima
1780 2308 1887 2344 mea
1930 2289 2072 2359 (Ιειι.

504 2407 635 2456 xLu,
671 2390 745 2458 1).
780 2388 932 2453 Quod
975 2398 1095 2441 tunc
1126 2386 1280 2441 nobis
1308 2386 1519 2453 accidit,
1552 2384 1767 2455 quando
1797 2382 2077 2452 prtecepzis

504 2482 616 2551 ejus
655 2480 959 2535 salutariter
1002 2477 1301 2531 obadimus.
1355 2476 1640 2545 Sequitur,
1675 2491 1791 2527 cum
1841 2487 2073 2544 perverso

508 2570 827 2635 subverteris,
860 2568 909 2622 id
940 2576 1021 2622 est
1065 2582 1186 2620 eum
1218 2565 1429 2619 diabolo
1459 2565 1804 2626 subverteris,
1838 2563 1924 2631 qui
1956 2578 2077 2632 pro-

507 2664 619 2735 pria
651 2663 924 2732 iniquitate
952 2673 1238 2730 perversus
1261 2667 1365 2712 est.
1390 2656 1512 2711 Illos
1540 2656 1682 2710 enim
1710 2653 2079 2723 iniquissimos

514 2754 687 2809 reddit
717 2768 850 2823 quos
878 2751 944 2804 ad
976 2766 1084 2804 sua:
1125 2749 1439 2804 obedientiue
1464 2748 1584 2817 jura
1613 2747 1897 2801 convertit.
1926 2743 2077 2810 Quod

510 2854 879 2914 argumentum
928 2841 1316 2895 nobilissimum
1349 2838 1541 2892 dicitur
1573 2838 1625 2891 in
1671 2838 1862 2905 topicis
1889 2851 1918 2887 a
1952 2849 2077 2903 per-

510 2951 637 2991 sona
685 2935 1017 2990 extrinsecus
1047 2931 1322 2995 attributa,
1366 2929 1577 2998 quando
1622 2928 1740 2995 quis
1769 2937 1858 2981 aut
1883 2926 1949 2979 de
1980 2925 2082 2979 im-

512 3029 691 3095 pruhis
716 3026 902 3080 amicis
930 3025 1186 3095 arguitur,
1213 3034 1301 3077 aut
1332 3022 1399 3076 de
1424 3024 1682 3076 honorum
1708 3018 2082 3089 conjunctione

509 3119 774 3173 laudatur.

584 3212 733 3265 \‘ers.
764 3209 855 3262 ἓξ).
877 3207 1132 3272 Quoniam
1160 3204 1403 3275 populum
1424 3204 1664 3258 humilem
1686 3203 1880 3258 salvum
1907 3202 2082 3273 facies,

513 3312 556 3354 ct
604 3300 779 3354 oculos
827 3301 1158 3367 superboru'u
1205 3297 1520 3352 humiliabis.
1564 3297 1789 3365 Respice
1832 3297 2086 3365 quemad-

516 3390 729 3449 modum
770 3389 1034 3459 prioribus
1065 3389 1338 3443 vet-siculis
1368 3401 1490 3457 apte
1520 3403 1831 3457 responsum
1862 3396 1965 3455 est,
1994 3388 2084 3454 qui

516 3480 785 3535 sanctitati
824 3479 907 3532 vel
943 3479 1278 3544 innocentizc,
1308 3492 1407 3533 nec
1455 3494 1559 3534 non
1590 3478 1835 3532 electioni
1878 3477 2085 3531 Domini

514 3574 586 3627 sit
612 3572 865 3635 devotus;
894 3580 949 3625 et
995 3571 1080 3625 hic
1130 3571 1309 3624 salvus
1340 3570 1611 3625 faciendus
1641 3580 1744 3635 est,
1770 3584 1891 3625 cum
1922 3571 1974 3623 in
1999 3570 2085 3623 die

515 3662 697 3733 iudicii
725 3662 791 3716 ad
818 3663 1091 3716 dexteram
1121 3662 1488 3716 collocabitur.
1521 3660 1671 3715 Oculi
1699 3673 1876 3717 autem
1904 3677 2087 3729 super-

517 3758 691 3808 borum
712 3752 1019 3805 ltumiliandl
1037 3762 1174 3820 sunt,
1197 3755 1285 3822 qui
1317 3769 1435 3807 cum
1468 3769 1719 3823 perverso
1748 3764 1963 3808 auctore
1990 3768 2088 3808 suo

517 3844 726 3898 diabolo
769 3844 1175 3909 subvertentur,
1206 3845 1332 3899 dum
1389 3845 1457 3899 ad
1509 3846 1777 3901 sinistram
1822 3847 1996 3915 positi,
2031 3846 2089 3900 in

518 3945 766 3991 aeternam
811 3936 1189 3991 cruciationem
1243 3936 1486 3992 mittendi
1528 3946 1671 3991 sunt.
1708 3938 1967 3991 Deccnter
1994 3953 2089 3990 an-

520 4036 624 4082 tem
658 4027 883 4095 positum
914 4036 995 4081 est
1024 4037 1266 4092 econtra,
1284 4028 1457 4082 oculos
1486 4028 1818 4097 superborum
1847 4028 2090 4081 humilia-

520 4120 613 4183 bis,
642 4120 761 4188 quia
795 4130 940 4172 tanto
984 4128 1294 4188 arrogantes
1340 4121 1391 4173 in
1440 4123 1622 4174 tartari
1668 4121 2086 4190 profunditatem

520 4210 874 4274 descendunt,
907 4220 1105 4279 quanto
1155 4226 1212 4265 se
1262 4211 1451 4266 altiora
1504 4213 1815 4282 contingere
1864 4223 2085 4280 putave-

522 4310 669 4355 runt.

594 4389 743 4442 Vers.
788 4388 877 4441 50.
925 4389 1177 4454 Quoniam
1219 4400 1273 4441 tu
1310 4390 1567 4443 illuminas
1608 4392 1863 4443 lucernam
1901 4406 2088 4453 meam,

2179 1840 2227 1893 id
2259 1849 2343 1894 est
2371 1839 2488 1907 ejus
2526 1840 2723 1892 virtute
2769 1838 3077 1903 roborante,
3108 1835 3438 1890 obstaculnm
3480 1843 3750 1904 transgre-

2177 1932 2293 1986 diar
2322 1940 2689 1999 peccatorum,
2718 1929 2860 1999 quod
2891 1930 3029 1985 inter
3060 1930 3225 1983 Deum
3254 1937 3310 1982 et
3340 1926 3583 1981 homines
3610 1941 3749 1981 mor-

2178 2024 2359 2077 talium
2389 2032 2737 2078 construxere
2774 2020 3047 2090 nequitiaa.
3095 2020 3193 2085 Qui
3226 2034 3401 2071 murus
3433 2019 3621 2072 mortis
3647 2027 3751 2080 est,

2179 2132 2283 2169 non
2319 2115 2524 2177 salutis,
2560 2128 2659 2168 nec
2686 2113 2754 2166 ad
2799 2112 3068 2166 munimen
3099 2110 3342 2179 erigitur,
3373 2107 3466 2163 Sed
3498 2107 3563 2161 ad
3594 2114 3752 2161 teter-

2180 2222 2303 2260 num
2335 2206 2609 2261 interitum
2641 2211 2991 2273 pireparatur.
3028 2201 3168 2254 Bene
3198 2199 3356 2258 dixit,
3385 2197 3752 2266 transgredior,

2180 2313 2284 2350 non
2312 2296 2747 2364 irrump:im,non
2771 2292 2976 2346 diruam
3012 2308 3023 2340 :
3048 2289 3171 2358 quia
3203 2303 3376 2341 murus
3408 2286 3497 2340 ille
3525 2287 3753 2339 humauit

2177 2388 2363 2457 generi
2419 2385 2710 2440 immobilis
2761 2390 2959 2449 manet,
2992 2381 3152 2435 etiam
3207 2394 3328 2433 cum
3382 2392 3504 2431 eum
3558 2374 3761 2429 sanctis

2182 2476 2439 2533 beneﬁcio
2469 2474 2765 2529 Divinitatis
2794 2471 3065 2525 transilire
3095 2469 3398 2536 contigerit.

2253 2569 2405 2622 Vers.
2450 2566 2538 2621 52.
2579 2564 2717 2618 Deus
2764 2579 2925 2627 meus,
2966 2560 3236 2631 impolluta
3270 2559 3349 2611 via
3380 2560 3526 2627 ejus;
3556 2555 3759 2623 eloquia

2181 2664 2390 2717 Domini
2418 2664 2533 2733 igne
2561 2661 2883 2728 examinata;
2916 2667 3166 2726 protector
3190 2667 3263 2711 est
3293 2656 3517 2709 omnium
3544 2670 3753 2721 speran-

2182 2757 2305 2809 tium
2336 2755 2387 2805 in
2417 2769 2491 2806 se.
2525 2751 2682 2805 Aliud
2734 2764 2920 2803 versus
2969 2751 3068 2803 istc
3113 2748 3413 2811 inchoasse,
3444 2745 3584 2800 aliud
3628 2746 3755 2798 sub-

2176 2844 2417 2915 junxisse
2465 2842 2708 2896 sentitur.
2766 2841 2903 2895 Deus
2950 2856 3111 2908 meus,
3150 2854 3432 2908 aggressus
3468 2837 3756 2893 estdicere

2184 2935 2362 2989 nescio
2387 2935 2513 3004 quid
2542 2933 2901 2999 exorativum,
2927 2942 2979 2986 et
3020 2931 3294 3000 subjunxit
3318 2931 3367 2986 ei
3399 2931 3603 2985 exitum
3636 2930 3756 2983 ino-

2186 3028 2444 3097 pinatum,
2492 3025 2764 3093 impolluta
2809 3026 2889 3078 via
2936 3026 3065 3095 ejus.
3118 3023 3248 3078 Nam
3278 3024 3321 3077 si
3353 3023 3645 3093 propositio
3673 3038 3757 3077 sec

2113 3123 2156 3184 C
2189 3116 2469 3185 quentibus
2508 3114 2857 3169 concordaret
2880 3155 2895 3179 ,
2928 3113 3023 3168 Dei
3070 3113 3173 3167 mei
3215 3113 3450 3167 dicturus
3478 3120 3621 3174 erat.
3656 3126 3756 3165 non

2189 3206 2325 3262 Deus
2354 3223 2510 3261 meus.
2540 3205 2668 3273 Qua:
2700 3205 2858 3272 ﬁgura
2890 3203 3082 3257 dicitur
3109 3201 3547 3272 paraprosdoxia,
3571 3200 3759 3256 Latine

2188 3299 2490 3368 inOpinatus
2519 3298 2710 3359 exitus,
2737 3310 2858 3350 cum
2883 3294 3023 3348 aliud
3057 3295 3391 3363 proponitur,
3419 3293 3561 3348 aliud
3592 3293 3762 3360 expli-

2186 3401 2353 3445 catur.
2387 3387 2665 3459 Impolluta
2688 3389 2768 3441 via
2797 3392 2906 3458 ejus
2934 3386 3198 3458 significat
3223 3385 3466 3440 semitam
3498 3384 3615 3453 ejus
3639 3398 3762 3437 esse

2192 3480 2555 3545 purissimam.
2618 3478 2742 3532 Sive
2802 3477 2903 3531 hoc
2949 3478 3013 3529 ad
3064 3478 3483 3530 inrarnationem
3538 3475 3763 3544 pertinet

2193 3571 2352 3627 Verbi
2371 3614 2385 3637 ,
2415 3586 2571 3641 quam
2601 3579 2811 3625 constat
2839 3570 3187 3638 pollutionem
3217 3585 3321 3624 non
3364 3570 3613 3624 habuisse
3641 3585 3764 3637 pec-

2188 3667 2313 3719 cati.
2327 3665 2600 3734 Sequitur,
2620 3662 2820 3734 eloquiu
2840 3663 3045 3716 Domini
3064 3664 3181 3734 igne
3195 3662 3507 3715 examinata.
3528 3662 3762 3714 Flamma

2191 3758 2335 3817 ﬁdei,
2362 3758 2445 3811 lex
2489 3773 2715 3825 superna
2763 3756 3073 3821 discutitur,
3118 3757 3330 3824 quando
3374 3755 3578 3809 sciendi
3623 3754 3765 3807 desi-

2190 3850 2341 3905 detio
2388 3851 2562 3904 divina
2608 3850 2815 3919 eloquia
2862 3853 3259 3918 perquiruntur.
3308 3848 3399 3904 Sic
3425 3860 3479 3903 et
3503 3848 3760 3903 Jercmias

2193 3942 2450 4011 prOpheta
2477 3942 2681 4010 eloquia
2717 3941 2922 3995 Domini
2953 3940 3175 3995 mirillca
3203 3940 3513 3996 deﬁnitione
3551 3940 3764 3993 concluo

2190 4034 2258 4087 sit
2278 4034 2460 4087 dicens
2484 4051 2496 4087 :
2524 4030 2709 4086 Nonne
2730 4032 2876 4085 verba
2899 4048 3009 4084 mea
3031 4032 3160 4085 sicut
3180 4032 3335 4101 ignis,
3354 4031 3475 4083 dicit
3498 4028 3762 4093 Dominus,

2190 4130 2236 4176 el
2264 4124 2392 4175 sicut
2420 4123 2608 4175 securis
2635 4121 2902 4175 concidens
2931 4133 3122 4188 petram
3150 4119 3283 4190 (λεν.
3315 4134 3467 4183 nm,
3497 4119 3623 4186 29)?
3652 4119 3764 4171 Ad-

2193 4218 2302 4272 dita
2332 4227 2413 4271 est
2442 4232 2653 4285 quoque
2682 4215 2945 4284 generalis
2972 4214 3275 4283 promissio,
3308 4222 3361 4265 ut
3389 4212 3596 4265 animos
3625 4212 3765 4265 rele-

2194 4318 2341 4361 varet
2404 4307 2661 4360 lmmauos
2708 4324 2722 4360 :
2766 4320 2831 4359 ne
2893 4314 3166 4374 putaretur
3220 4304 3603 4373 protectionem
3660 4319 3766 4357 non

2197 4397 2423 4465 mereri,
2454 4399 2540 4463 qui
2568 4412 2595 4448 a
2625 4404 2844 4465 peccato
2872 4410 2975 4448 non
3007 4396 3189 4449 luisset
3218 4394 3487 4448 immunis.
3536 4393 3768 4447 Dicenda

523 4479 767 4543 Domine;
804 4478 937 4531 Deus
981 4496 1141 4542 meus,
1182 4481 1417 4534 illumina
1448 4482 1679 4535 tenebras
1710 4496 1867 4536 meas.
1901 4484 2079 4551 L0qui-

2197 4489 2357 4551 enim,
2389 4487 2615 4540 onmium
2643 4487 2954 4553 sperantium
2981 4487 3032 4537 in
3060 4500 3143 4548 se,
3174 4485 3351 4537 nullus
3380 4494 3634 4551 exceptus
3659 4494 3766 4551 e-t,

524 4581 606 4623 tur
631 4569 804 4623 adhuc
831 4570 942 4623 sive
975 4571 1229 4635 Ecclesia,
1260 4574 1371 4626 sive
1415 4574 1639 4641 populus
1674 4574 1762 4628 ille
1788 4575 2088 4639 beatorum,

525 4661 752 4715 mirabili
802 4662 995 4716 decore
1042 4664 1348 4721 verborum.
1380 4663 1610 4718 Lucerna
1650 4666 1791 4721 enim
1839 4666 2090 4719 Ecclesia:

525 4752 756 4819 Baptism
785 4752 1019 4808 Joannes
1055 4764 1155 4819 est,
1182 4756 1248 4809 de
1289 4772 1394 4824 quo
1440 4756 1696 4810 Dominus
1724 4757 1773 4810 in
1805 4756 2093 4824 Evangelia

523 4842 681 4897 dicit:
708 4842 806 4898 Ille
832 4855 937 4898 erat
960 4847 1164 4900 lucerna
1188 4849 1389 4912 ardens,
1411 4858 1456 4901 et
1482 4864 1565 4901 vos
1588 4850 1817 4903 voluistis
1840 4849 2093 4903 exsultare

523 4936 577 4986 in
602 4935 791 4989 lumine
810 4939 942 5008 ejus.
973 4936 1150 5006 (Joau.
1174 4954 1227 5002 ν,
1251 4939 1361 5007 55).
1398 4940 1538 4993 Idem
1566 4941 1675 5010 62
1703 4942 1813 5009 ipse
1841 4941 1891 4993 in
1921 4941 2094 4995 Evan-

523 5027 662 5095 gelio
688 5028 814 5081 dicit
839 5046 852 5083 :
882 5028 1046 5081 Nemo
1074 5031 1304 5083 accendit
1334 5033 1593 5084 lucernam
1617 5042 1663 5085 et
1693 5034 1835 5100 ponit
1864 5049 1975 5085 eam
2000 5032 2092 5086 sub

525 5118 694 5170 modio
732 5116 881 5188 (Luc.
928 5135 1004 5184 ιι,
1047 5120 1162 5187 55).
1212 5122 1414 5176 Sensus
1458 5136 1585 5191 ergo
1630 5124 1750 5176 talis
1795 5133 1877 5177 est
1905 5139 1920 5176 :
1950 5121 2093 5177 Patri

529 5208 749 5261 Domino
775 5208 902 5263 dicit
926 5226 939 5263 :
968 5210 1219 5275 Quoniam
1247 5220 1301 5264 tu
1334 5213 1588 5265 lucernam
1619 5229 1780 5266 meam
1810 5214 2092 5277 illuminas,

527 5301 575 5353 id
612 5310 692 5355 est
729 5301 989 5356 Jonnncm
1020 5303 1305 5371 Baptistam
1337 5313 1391 5357 ct
1418 5314 1640 5359 caatcros
1683 5307 1974 5373 apostolos,
2008 5308 2087 5359 vel

524 5407 617 5446 eos
643 5395 730 5462 qui
760 5394 963 5448 cmlesti
1006 5393 1205 5448 lumine
1252 5395 1459 5449 radiare
1498 5408 1809 5450 noscuntur.
1844 5395 2091 5450 Illuntina

523 5482 752 5537 tenebras
786 5501 940 5549 mas,
967 5482 1068 5538 hoc
1096 5493 1179 5539 est
1206 5499 1297 5553 per
1322 5500 1416 5539 eos
1456 5485 1657 5556 reliqua
1689 5488 1926 5541 membra
1957 5501 2085 5541 cre-

522 5571 781 5639 dentium,
812 5591 927 5643 qua:
975 5576 1146 5629 adhuc
1188 5578 1238 5629 in
1272 5578 1450 5632 carnis
1496 5578 1824 5632 obscuritate
1869 5593 2092 5631 versan-

525 5678 628 5724 tur.
678 5669 907 5724 Lucerna
958 5674 1099 5728 enim
1147 5674 1315 5731 noctis
1363 5682 1446 5729 est
1499 5673 1699 5742 lumen,
1732 5688 1849 5746 qua:
1900 5674 2088 5729 merito

2198 4580 2296 4633 nisi
2326 4580 2411 4647 qui
2442 4580 2492 4632 in
2520 4593 2641 4633 eum
2669 4593 2885 4646 sperare
2921 4577 3233 4645 neglexerit.
3276 4576 3372 4643 Qui
3412 4592 3599 4631 versus
3639 4575 3769 4631 bre-

2198 4672 2442 4725 vissimus
2470 4670 2683 4724 laudum
2712 4669 3107 4723 deﬁnitionibus
3135 4668 3449 4736 explicatur.

2268 4760 2421 4815 V'ers.
2452 4761 2539 4814 '55.
2568 4760 2821 4824 Quoniam
2847 4759 2957 4826 quis
2984 4759 3108 4811 deus
3134 4766 3317 4828 praeter
3349 4756 3644 4820 Dominum,
3674 4766 3770 4809 aut

2196 4855 2310 4924 quis
2350 4854 2472 4907 deus
2504 4862 2683 4921 pra'tcr
2712 4850 2873 4904 Deum
2898 4851 3166 4904 nostrum?
3193 4849 3303 4903 lloc
3330 4856 3516 4902 cnntra
3548 4862 3769 4918 pagano-

2197 4960 2313 5000 rum
2343 4944 2663 4998 dementiam
2708 4941 2922 5006 dicitur,
2953 4941 3043 5008 qui
3073 4940 3201 4993 deos
3230 4940 3327 4992 Sibi
3359 4938 3645 4992 multifaria
3678 4954 3769 4991 va-

2198 5035 2361 5088 nitate
2408 5032 2693 5086 ﬂnxerunt.
2732 5031 3003 5082 Dominum
3033 5029 3227 5097 posuit,
3261 5028 3383 5095 quia
3430 5029 3594 5094 ipsius
3630 5030 3768 5082 servi

2196 5139 2410 5186 sumus;
2458 5120 2659 5184 Deum,
2706 5120 2827 5189 quia
2875 5134 2994 5172 eum
3043 5118 3341 5187 justissime
3387 5117 3671 5171 adoramus
3719 5126 3767 5170 et

2194 5216 2438 5270 colimus.
2487 5213 2593 5269 Sed
2644 5214 2745 5266 iste
2797 5212 2930 5265 Deus
2974 5211 3208 5264 Trinitas
3250 5220 3335 5264 est
3374 5210 3767 5276 inseparabilis,

2193 5319 2540 5374 personarum
2606 5313 2837 5369 tantum,
2890 5317 2994 5355 non
3056 5300 3369 5354 substantiae
3423 5299 3766 5353 distinctione

2194 5398 2447 5452 discreta.
2499 5394 2893 5449 Convenieuter
2935 5404 3109 5446 autem
3152 5392 3266 5446 laus
3297 5391 3505 5445 Domini
3539 5390 3765 5445 breviter

2194 5488 2463 5556 prtemissa
2492 5494 2594 5551 est,
2619 5484 2867 5553 qu0uiam
2900 5483 3012 5552 ipse
3032 5491 3145 5536 erat
3170 5482 3222 5535 in
3252 5480 3592 5550 subsequenti
3623 5491 3764 5549 parte

2195 5578 2484 5633 locuturus.

2270 5670 2416 5725 Vers.
2450 5668 2535 5722 54.
2588 5668 2723 5723 Deus
2764 5670 2850 5733 qui
2890 5666 3154 5736 prtecinxit
3184 5682 3259 5721 me
3286 5666 3486 5730 virtute,
3519 5673 3564 5719 et
3595 5661 3760 5733 posuit
