4008 6182
266 293 362 348 133

1199 300 1558 358 ΕΧΡΟΞΙΪΙυ
1596 303 1660 358 ΙΝ
1701 303 2156 359 PSALTERILM.
2193 306 2378 361 PSAL.
2426 307 2581 362 XVII.

3410 330 3505 390 13$

259 413 643 466 immaculatum
691 414 820 464 uina
869 430 1048 468 meam.
1099 416 1328 472 Ventum
1379 429 1464 474 est
1497 420 1564 474 ad
1599 421 1838 475 ordinem
1869 426 1919 483 Α
1945 423 2314 487 commoverit,
2347 426 2462 490 ejus
2491 436 2663 477 tamen
2697 423 2913 493 vestigia
2948 440 3160 479 movere
3189 440 3292 480 non
3321 427 3511 495 potuit,

261 503 498 568 tertium,
544 503 632 556 ubi
674 503 968 572 potentiam
992 521 1140 560 suam
1174 508 1434 565 Dominus
1463 511 1708 566 Salvator
1737 528 1834 567 ex-

258 597 426 662 ponit.
473 596 623 662 Quod
654 597 765 650 ait:
798 596 1073 652 Pra’cinxit
1103 617 1180 653 me
1207 603 1413 669 uirtute,
1445 613 1497 657 et
1527 603 1834 672 dignitatem

257 689 518 756 signiﬁcat
542 697 598 742 et
625 687 1013 746 fortitudinem.
1060 692 1212 758 Quod
1254 705 1536 762 utrumque
1575 697 1674 764 ipsi
1711 711 1831 750 con-

257 780 437 834 venire
485 781 828 836 manifestum
876 794 988 849 est,
1019 785 1107 855 qui
1155 796 1415 855 potestate
1466 789 1681 842 virtutis
1722 803 1832 842 suae

251 871 590 945 jndicaturus
631 881 715 928 εει
754 874 1030 928 mundum.
1079 874 1471 932 Convenienter
1518 886 1694 933 autem
1743 893 1828 932 sc‘

254 966 454 1030 quitur,
501 965 674 1031 posuit
702 965 834 1017 viam
863 983 1044 1031 meant,
1077 967 1127 1020 id
1167 975 1251 1022 est
1285 969 1645 1023 constabilivit
1672 979 1836 1037 atque

254 1055 506 1119 ﬁrmavit,
540 1065 598 1107 ut
625 1056 771 1110 nulla
807 1058 990 1111 stet-uli
1037 1059 1326 1114 ambitione
1356 1070 1678 1115 moveretur.
1726 1061 1836 1114 lm-

252 1148 562 1198 maculatam
605 1163 731 1200 vero
779 1149 911 1201 viam
958 1148 1110 1216 dicit,
1143 1151 1301 1206 vitam
1353 1152 1688 1220 purissimam
1720 1156 1836 1209 sine

252 1236 409 1289 sorde
440 1235 644 1300 delicti,
671 1252 828 1306 quam
864 1239 954 1293 ille
982 1240 1129 1294 solus
1157 1242 1468 1308 ambulavit,
1495 1243 1586 1313 qui
1619 1259 1834 1313 peccata

253 1343 352 1380 non
385 1328 595 1382 habuit.
629 1328 735 1383 Sed
779 1330 876 1385 has
914 1346 1100 1387 omnes
1137 1333 1455 1404 allegoricus
1500 1337 1835 1405 tropicasque

252 1419 552 1474 locutiones
601 1435 719 1489 qua:
772 1421 928 1475 dicta:
971 1432 1095 1476 sunt
1140 1427 1254 1478 sive
1283 1441 1402 1493 quae
1430 1438 1739 1496 sequentur,
1770 1429 1834 1483 ad

252 1509 676 1565 incarnationem
707 1513 919 1566 Domini
949 1517 1333 1570 convenienter
1358 1527 1622 1586 aptamus.

318 1604 476 1659 γει-ε.
506 1605 598 1658 55.
649 1606 748 1670 Qui
775 1607 986 1676 perfecit
1020 1610 1172 1676 pedes
1218 1625 1352 1662 meos
1393 1618 1632 1679 tanquam
1661 1614 1795 1664 cervi
1815 1653 1830 1679 ,

249 1704 290 1748 et
314 1711 472 1765 super
497 1696 702 1750 excelsa
727 1698 904 1751 statuit
932 1715 1026 1753 me.
1063 1698 1394 1770 Frequenter
1422 1703 1520 1756 hoc
1550 1703 1745 1756 animal
1780 1704 1830 1757 in

1939 512 2044 581 63
2100 529 2214 581 qua:
2273 515 2362 569 ille
2406 531 2472 570 ne
2520 515 2708 570 Petrus
2752 516 2803 568 in
2851 517 2983 569 mari
3029 531 3358 586 mergeretur
3411 525 3510 575 lixa

1940 602 2208 655 solidavit.

2011 690 2163 746 νει-ε.
2196 692 2282 746 59.
2321 692 2600 761 Persequar
2629 695 2856 748 inimicis
2888 714 3046 762 meos,
3097 709 3142 751 et
3187 701 3514 770 comprehen-

1941 783 2056 834 dam
2086 799 2168 836 eos
2187 800 2206 847 ;
2228 793 2274 836 et
2302 801 2400 837 non
2423 797 2683 838 convertar
2711 787 2868 840 donec
2889 790 3145 856 deficiant.

2020 870 2172 927 Vers.
2221 873 2310 926 40.
2348 875 2570 944 Aﬂligam
2617 876 2771 941 illos,
2808 895 2898 930 nec
2934 889 3167 946 poterunt
3203 891 3337 934 stare
3367 897 3386 935 :
3427 898 3513 934 ca-

1940 960 2060 1013 dent
2089 962 2182 1015 sub
2215 963 2426 1032 pedibus
2468 968 2610 1020 meis.
2644 965 2779 1021 Istos
2809 969 2942 1022 duos
2976 985 3160 1023 versus
3205 971 3270 1027 de
3299 973 3408 1026 illis
3432 974 3511 1028 itt-

1943 1051 2104 1119 telligi
2149 1068 2252 1104 non
2283 1053 2503 1107 dubium
2535 1065 2615 1108 est
2659 1056 2747 1124 qui
2797 1058 2964 1122 primo
2997 1071 3181 1113 contra
3231 1061 3508 1117 Dominum

1939 1144 2236 1212 eriguntur,
2275 1155 2456 1209 postea
2486 1149 2728 1202 conversi
2758 1150 2872 1218 ejus
2899 1150 3120 1217 pedibus
3154 1151 3508 1220 inclinantur;

1939 1244 1988 1286 et
2022 1233 2186 1285 vitam
2221 1244 2496 1287 merentur
2517 1237 2746 1298 subditi,
2777 1241 2866 1305 qui
2907 1248 3134 1292 mortem
3178 1241 3511 1296 incurrerunt

1938 1332 2301 1378 contumaces.
2363 1325 2691 1396 Persequitur
2727 1331 2869 1383 enim
2926 1333 3156 1385 inimicos
3203 1348 3328 1388 suos
3377 1335 3512 1389 affli-

1938 1416 2170 1468 ctionum
2203 1417 2414 1470 diversa
2447 1420 2600 1472 clade
2630 1418 2896 1489 fatigatos,
2927 1433 2975 1476 et
3009 1425 3392 1490 comprehcndit
3418 1443 3512 1481 eos

1939 1521 2071 1574 quos
2118 1509 2184 1560 ab
2228 1511 2405 1562 s-‘udio
2454 1525 2702 1578 perverso
2750 1518 3053 1568 mutaverit.
3098 1515 3204 1570 Sed
3257 1518 3381 1572 fefix
3430 1529 3511 1573 est

1937 1597 2157 1650 omnino
2182 1601 2268 1667 qui
2292 1602 2521 1668 capitur,
2547 1603 2664 1654 felix
2690 1603 2777 1671 qui
2804 1604 2917 1657 iilas
2943 1622 3130 1660 manus
3149 1607 3377 1662 evadere
3404 1623 3510 1662 non

1941 1701 2208 1757 meretur;
2243 1701 2364 1747 tunc
2397 1695 2565 1762 magis
2597 1695 2731 1749 liber
2757 1697 2997 1752 redditur
3020 1741 3034 1763 ,
3067 1714 3186 1753 cum
3234 1701 3395 1755 fuerit
3422 1703 3511 1757 tali

248 1785 539 1855 Scripturis
570 1787 769 1843 divinis
794 1790 843 1842 in
870 1790 1008 1844 bono
1037 1792 1271 1860 ponitur,
1298 1803 1351 1846 ut
1379 1803 1463 1848 est
1488 1793 1614 1847 illud
1643 1812 1653 1846 :
1682 1795 1830 1850 Sicut

1942 1793 2082 1834 sorte
2109 1783 2372 1850 captivus.
2403 1783 2659 1852 Sequitur
2691 1802 2702 1839 :
2737 1785 2801 1838 Et
2831 1804 2930 1840 non
2951 1801 3214 1842 convertar
3234 1792 3388 1845 donec
3416 1793 3511 1845 de-

249 1893 424 1931 ccrsus
444 1879 702 1932 desiderat
733 1880 801 1932 ad
827 1883 994 1950 fontes
1021 1901 1269 1952 aqu-vrum
1293 1883 1467 1954 (Psal.
1493 1900 1599 1950 xu,
1625 1885 1685 1953 2)
1703 1902 1715 1936 :
1733 1886 1828 1951 ibi,

248 1972 368 2036 quia
422 1973 651 2025 nimium
695 1971 913 2040 sitiunt;
962 1974 1068 2039 hic,
1115 1975 1238 2045 quia
1286 1976 1541 2030 velociter
1588 1985 1828 2032 curmnt.

248 2061 454 2116 Norunt
484 2063 633 2117 enim
674 2063 900 2118 saltibus
929 2069 1145 2133 spinosa
1190 2066 1589 2131 transcendere,
1621 2077 1673 2122 et
1716 2068 1831 2121 loca

247 2153 550 2220 periculose
581 2153 782 2208 hiantia
815 2156 1103 2220 transilire,
1133 2157 1270 2210 sicut
1301 2156 1391 2211 ille
1417 2157 1609 2212 delicta
1649 2157 1833 2212 szeculi

249 2245 539 2298 humanam
570 2246 800 2300 salutem
834 2247 1138 2317 pungentis,
1166 2256 1221 2302 et
1252 2247 1432 2301 foveas
1477 2247 1834 2318 profundissi-

247 2352 362 2390 mas
407 2348 753 2404 peccatorum
797 2340 998 2395 sanctis
1046 2340 1318 2410 gressibus
1367 2342 1732 2396 transmeatit.
1771 2344 1834 2397 Et

247 2428 467 2482 in'ende
513 2429 966 2496 quemadmodum
1009 2432 1060 2484 in
1105 2432 1503 2500 comparatione
1549 2446 1829 2487 cervorum

248 2529 584 2584 permaneat,
608 2521 697 2589 qui
720 2521 933 2589 quando
961 2523 1113 2591 plana
1145 2523 1370 2592 fugiunt,
1401 2525 1660 2578 montium
1689 2538 1732 2577 c.
1755 2524 1831 2577 lsa

247 2611 638 2664 conscendunt.
664 2611 934 2680 Signiﬁcat
961 2623 1137 2666 autem
1169 2628 1227 2668 se
1252 2629 1413 2682 super
1439 2629 1652 2669 omnem
1684 2629 1834 2668 crea-

247 2714 489 2755 turarum
523 2703 869 2757 eminentiam
897 2705 1268 2770 constitutum,
1294 2705 1428 2759 sicut
1451 2705 1580 2759 dicit
1605 2707 1832 2774 Aposto-

246 2796 326 2848 lus
348 2810 366 2850 :
398 2793 464 2847 Et
487 2794 699 2849 donauit
723 2795 801 2848 illi
823 2812 1003 2850 nomen
1027 2797 1162 2863 quod
1183 2805 1253 2850 est
1282 2805 1433 2865 super
1457 2813 1604 2850 omne
1626 2813 1829 2863 nomen,

245 2892 295 2935 ut
323 2885 380 2937 in
410 2887 619 2938 nomine
645 2883 769 2940 Jesu
795 2902 943 2940 omne
975 2904 1109 2956 genu
1146 2889 1376 2956 ﬂectatur
1402 2888 1698 2954 cazlestium,
1729 2899 1830 2941 ter-

245 2977 487 3030 restrium
515 2987 561 3029 et
596 2977 911 3047 inferuerunt
941 2976 1164 3049 (Philip.
1193 2993 1250 3045 ιι,
1279 2979 1333 3043 9,
1367 2978 1479 3047 10).

319 3067 481 3121 \‘ers.
527 3068 619 3122 56.
668 3068 770 3134 Qui
807 3069 953 3122 docet
994 3085 1177 3123 manus
1224 3087 1362 3123 meas
1399 3070 1466 3122 ad
1499 3070 1755 3136 prmlium,
1785 3078 1832 3123 et

1937 1872 2132 1938 ﬁciant.
2162 1873 2293 1925 Cum
2326 1890 2430 1927 nun
2459 1877 2794 1930 convertitur
2825 1878 3116 1945 Dominus,
3159 1883 3334 1948 praeda
3383 1893 3510 1939 tunc

1937 1963 2168 2030 capitur;
2197 1973 2248 2018 et
2287 1979 2315 2016 a
2346 1981 2509 2033 pravo
2545 1968 2723 2021 studio
2755 1984 2853 2022 SttO
2897 1969 3132 2037 desinit,
3163 1973 3254 2041 qui
3280 1973 3508 2027 vincitur

1939 2055 2001 2105 ad
2027 2055 2274 2108 salutem.
2303 2056 2517 2110 Addidit
2547 2075 2560 2111 :
2589 2058 2820 2128 Aﬁligam
2850 2060 2986 2128 illos,
3019 2077 3110 2115 nec
3139 2071 3374 2129 poterunt
3403 2074 3508 2116 sta-

1936 2163 2011 2200 re.
2047 2147 2239 2200 Alﬁicti
2269 2151 2462 2217 quippe
2486 2150 2712 2204 diversis
2736 2151 3146 2216 calamitatibus,
3179 2155 3229 2206 in
3268 2171 3359 2206 sua
3387 2171 3509 2223 per-

1937 2240 2129 2293 tinacia
2160 2251 2304 2294 stare
2337 2258 2441 2295 non
2479 2255 2722 2310 possunt,
2756 2244 2965 2312 quando
3002 2246 3139 2300 vires
3171 2248 3418 2314 nequitiae
3452 2249 3503 2302 in

1936 2330 2046 2384 suis
2094 2334 2313 2385 ausibus
2360 2334 2722 2400 perdiderunt.
2762 2335 2912 2389 Tunc
2967 2336 3022 2388 ﬁt
3072 2337 3196 2390 illud
3236 2339 3376 2406 quod
3418 2353 3509 2392 se-

1936 2423 2165 2489 quitur:
2210 2423 2404 2476 Cadent
2451 2424 2540 2478 sub
2570 2427 2782 2492 pedibus
2827 2429 2970 2480 meis.
3017 2428 3116 2494 Qui
3163 2429 3254 2482 sub
3299 2430 3508 2500 pedibus

1936 2514 2072 2565 cadit
2105 2513 2336 2579 Domitii,
2366 2516 2648 2570 adversum
2675 2519 2821 2572 illum
2855 2519 2989 2572 ultra
3014 2535 3118 2574 non
3153 2522 3374 2589 patitur,
3410 2538 3506 2575 cu-

1932 2605 2016 2674 jus
2035 2604 2146 2674 jam
2182 2607 2405 2662 tuitioue
2437 2609 2662 2662 vallatur
2687 2627 2700 2674 ;
2740 2610 2832 2664 sed
2861 2635 2870 2653 ν
2895 2621 3069 2665 rectus
3099 2621 3222 2666 tunc
3248 2613 3506 2683 redditur,

1936 2699 2151 2769 quando
2181 2701 2254 2754 illi
2286 2701 2447 2754 fut-rit
2475 2702 2662 2756 humili
2691 2703 3060 2758 satisfactione
3082 2704 3376 2772 subjectus.

2015 2790 2163 2846 Vers.
2187 2793 2279 2846 Η.
2311 2790 2377 2844 Et
2401 2794 2712 2860 prtecina‘isti
2733 2810 2810 2846 me
2827 2795 3011 2848 virtute
3032 2797 3102 2848 ad
3129 2796 3315 2849 bellum
3341 2813 3362 2850 :
3389 2813 3508 2868 sup-

1937 2882 2183 2952 plantasti
2216 2883 2532 2951 insurgentes
2574 2882 2626 2934 in
2658 2899 2736 2935 me
2772 2883 2950 2936 subtus
2988 2900 3085 2938 me.
3137 2885 3248 2940 ΙΙοε
3287 2886 3395 2954 jam
3444 2887 3512 2940 de

1937 2971 2214 3040 spiritibus
2272 2970 2561 3024 immundis
2608 2970 2829 3036 dicitur,
2885 2973 2970 3040 qui
3017 2973 3068 3027 ei
3113 2989 3206 3038 per
3239 2975 3511 3029 contradi-

1937 3064 2144 3118 ctiones
2180 3063 2487 3118 Judteorum
2528 3063 2705 3132 iniqua
2743 3064 3038 3118 certamina
3081 3077 3510 3121 commoverunt.

243 3159 418 3226 posuit
463 3166 522 3210 ut
561 3175 739 3212 arcum
784 3176 974 3213 cereum
1021 3161 1227 3213 brachia
1265 3179 1392 3214 mea.
1440 3161 1624 3216 Doceri
1653 3173 1734 3217 est
1763 3164 1829 3216 ab

1942 3153 2255 3208 Prcecinetus
2283 3165 2356 3208 est
2383 3155 2523 3209 enim
2548 3153 2760 3220 virtute,
2808 3155 3021 3222 quando
3049 3157 3316 3227 patientiae
3356 3156 3510 3213 forti-

244 3249 663 3303 imminentihus
704 3249 910 3304 insidiis
939 3260 1153 3305 cautum
1184 3252 1316 3305 ﬁeri.
1349 3250 1536 3305 Manus
1563 3254 1830 3320 Operatio-

244 3355 344 3395 nes
395 3340 734 3411 signiﬁcant;
767 3342 1027 3408 puellum,
1055 3343 1254 3398 diaboli
1301 3354 1570 3398 certamen
1611 3344 1832 3399 demon-

245 3440 400 3494 strat,
431 3447 557 3486 cum
609 3447 715 3499 quo
756 3433 1104 3501 spiritualiter
1135 3436 1472 3505 cenlligitur;
1516 3437 1636 3505 quia
1668 3436 1838 3491 inces-

246 3524 513 3578 sabilibus
553 3524 1023 3580 collu-tationibus
1066 3540 1279 3596 semper
1321 3538 1580 3582 armatur.
1615 3529 1836 3584 Brachia

249 3631 378 3669 vero
418 3614 626 3668 Christi
654 3616 922 3685 propheta:
951 3626 1076 3671 sunt
1097 3630 1148 3673 et
1179 3620 1430 3688 apostoli,
1460 3634 1553 3688 per
1582 3636 1716 3691 quos
1746 3623 1837 3676 de-

251 3708 518 3762 siderium
546 3723 656 3761 suae
700 3708 986 3763 voluntatis
1017 3719 1265 3778 operatus
1293 3717 1396 3764 est.
1434 3710 1524 3763 llis
1565 3721 1840 3780 comparat

249 3817 444 3852 (thum
489 3816 691 3865 arcum,
719 3803 840 3869 quia
885 3802 1130 3856 nesciunt
1168 3801 1261 3857 Dei
1311 3804 1453 3857 servi
1501 3804 1838 3871 praedicando

250 3891 598 3959 ll].t"e:C€l'e,
628 3892 720 3946 sed
755 3893 804 3945 in
836 3894 1041 3946 caelesti
1088 3893 1393 3948 fortitudine
1441 3905 1836 3964 permanentes,

250 3983 434 4037 \Clbis
473 3983 797 4037 salutaribus
837 3984 1073 4049 emissis,
1103 3995 1352 4054 tanquam
1397 3986 1601 4055 sagittis
1629 3985 1840 4041 eminus

248 4073 548 4142 jaculatis,
603 4075 924 4129 devotorum‘
999 4075 1273 4130 hominum
1346 4077 1507 4132 corda
1577 4091 1838 4148 compun-

247 4175 411 4236 sunt.

324 4255 488 4311 τετε.
518 4258 608 4312 57.
654 4256 718 4312 Et
746 4259 844 4311 ded
865 4264 933 4312 sti
960 4258 1084 4312 mihi
1109 4261 1470 4330 protectionem
1497 4261 1676 4316 salutis
1705 4271 1840 4329 tute;

247 4361 292 4401 ct
324 4349 543 4401 dextera
569 4360 656 4402 tua
681 4352 896 4422 suscepit
939 4365 1057 4416 me;
1099 4359 1143 4404 et
1171 4351 1443 4421 disciplina
1484 4361 1572 4406 tua
1609 4353 1719 4422 ipsa
1762 4369 1841 4408 me

251 4443 484 4496 docebit.
533 4439 788 4496 Protectio
817 4443 999 4497 salutis
1027 4443 1247 4512 gloriam
1294 4443 1560 4513 signiﬁcat
1600 4459 1842 4500 resurre-

1938 3250 2122 3304 tudine
2152 3248 2452 3318 iniquorum
2491 3247 2716 3302 adversa
2746 3248 3034 3316 superavit.
3065 3248 3166 3318 Ipsi
3204 3257 3379 3305 tamen
3419 3251 3508 3320 qui

1936 3349 2118 3396 contra
2161 3355 2283 3395 eum
2334 3339 2518 3393 insana
2560 3338 2957 3408 conspiratione
2998 3348 3341 3407 tumuerunt,
3393 3341 3512 3410 ejus

1936 3441 2060 3485 sunt
2086 3431 2289 3501 judicio
2316 3432 2433 3486 sine
2470 3431 2803 3489 dubitatione
2832 3435 3095 3491 subdendi
3121 3476 3136 3502 ,
3182 3446 3240 3490 ut
3269 3453 3387 3492 cum
3418 3454 3512 3493 suo

1939 3522 2250 3592 instigatore
2276 3531 2535 3591 pereant,
2568 3525 2657 3593 qui
2688 3526 2894 3580 auctori
2933 3543 3030 3582 suo
3071 3527 3296 3583 credere
3327 3529 3515 3585 ιιυιιιε⁴

1938 3623 2083 3668 runt.

2013 3707 2165 3763 Vers.
2198 3708 2288 3764 42.
2323 3709 2387 3764 Et
2411 3713 2732 3767 inimicorum
2766 3730 2990 3768 nieorum
3019 3713 3206 3768 dedisti
3232 3715 3356 3768 mihi
3387 3716 3515 3770 dor-

1940 3816 2076 3868 sum,
2120 3811 2166 3854 ct
2195 3803 2422 3857 odientes
2464 3821 2541 3860 me
2581 3806 2949 3874 disperdidisti.
2983 3806 3218 3877 Dttplicia
3263 3806 3394 3876 legis
3433 3823 3515 3862 sa~

1941 3903 2212 3946 cramenta
2257 3909 2446 3950 versus
2485 3897 2584 3950 iste
2632 3898 2942 3966 complexus
2991 3905 3092 3950 est.
3146 3895 3385 3950 Primum
3429 3905 3515 3951 est

1943 3984 2082 4053 quod
2120 3985 2328 4039 dorsum
2359 3989 2763 4043 conversionem
2814 4002 2998 4041 eorum
3031 3987 3294 4056 signiﬁcat
3332 3987 3419 4056 qui
3451 4002 3516 4041 ex

1947 4074 2320 4130 resistentibus
2349 4077 2464 4146 ejus
2498 4078 2699 4131 nomini
2729 4118 2743 4137 .
2775 4077 2828 4130 in
2868 4075 3196 4129 salutiferam
3238 4075 3516 4129 victoriam

1859 4163 1862 4166 ’
1945 4165 2131 4236 fugati,
2158 4180 2492 4222 emerserunt
2520 4169 2698 4222 subito
2718 4167 3004 4220 Christiani
3024 4207 3037 4228 ,
3067 4177 3124 4219 ut
3162 4166 3356 4220 Paulus
3392 4182 3518 4234 apo.

1945 4259 2118 4314 stolus
2146 4258 2213 4314 de
2239 4269 2578 4328 persecutore
2601 4259 2895 4315 saevissimo
2913 4301 2927 4325 ,
2953 4269 3072 4327 post
3105 4259 3311 4314 Domini
3343 4260 3518 4315 incre-

1946 4354 2214 4422 pationem
2238 4351 2481 4422 apparuit
2511 4361 2731 4424 repente
2759 4353 3072 4423 discipulus.
3104 4351 3409 4409 Secundum
3437 4363 3522 4410 est

1948 4443 2088 4511 quod
2116 4442 2341 4498 odientes
2366 4457 2424 4500 se
2452 4443 2818 4511 disperdendos
2859 4458 2979 4497 esse
3009 4443 3318 4507 denuntiat,
3349 4443 3436 4512 qui
3467 4444 3520 4498 in

250 4535 496 4596 ctionis,
544 4532 756 4602 quando
804 4534 1013 4588 mortali
1056 4547 1218 4588 carne
1262 4535 1541 4603 deposita,
1591 4536 1834 4590 eamdem
1864 4530 1917 4590 D
1944 4535 2180 4604 perﬁdiae
2208 4550 2318 4589 sute
2361 4535 2718 4589 obstinatione
2759 4542 3108 4600 manserunt;
3149 4534 3285 4589 sicut
3334 4533 3400 4588 de
3426 4533 3521 4589 Ju-

252 4623 730 4692 incorruptibilem
775 4633 829 4678 ει
871 4624 1220 4694 gloriticatam
1265 4626 1574 4696 resumpsit.
1621 4625 1844 4680 Dextera

253 4714 503 4783 potentia
537 4714 838 4768 Divinitatis
885 4726 986 4780 est,
1014 4729 1132 4785 qua:
1172 4726 1498 4786 assumptum
1546 4715 1842 4770 humanita-

255 4819 366 4860 tem
399 4808 454 4860 in
481 4818 682 4861 aeterna
715 4803 995 4876 majestate
1023 4807 1318 4863 constituit.
1353 4808 1420 4862 Et
1466 4807 1600 4863 bene
1626 4825 1686 4864 se
1713 4808 1843 4863 dicit

253 4915 382 4956 esse
429 4897 757 4970 docendum,
790 4909 846 4954 ut
873 4901 986 4956 veri
1030 4901 1259 4956 hominis
1299 4901 1621 4970 exprimeret
1671 4903 1844 4971 quali-

255 5002 454 5046 tatem.

334 5085 493 5138 Vera.
534 5083 624 5139 38.
660 5083 904 5138 Dilatasti
949 5101 1150 5155 gressus
1178 5101 1311 5140 meos
1339 5087 1515 5140 subtus
1545 5103 1642 5151 me,
1668 5097 1715 5140 et
1743 5103 1844 5140 non

253 5188 377 5231 sunt
406 5176 670 5243 inﬁrmata
699 5179 904 5246 vestigia
944 5194 1077 5232 mea.
1111 5179 1494 5234 incarnationis
1515 5197 1624 5234 sua!
1648 5182 1847 5250 glorio-

259 5270 517 5323 sissimos
546 5278 716 5333 actus,
743 5270 833 5338 qui
867 5271 1197 5324 monstrandi
1242 5282 1396 5326 erant
1439 5273 1849 5327 conversatione

257 5360 625 5425 sanctissima,
661 5361 786 5414 dicit
821 5375 940 5415 esse
975 5361 1243 5416 dilatatos.
1302 5361 1524 5433 Vestiqia
1552 5378 1677 5416 vero
1707 5363 1846 5416 viam

259 5450 660 5506 informationis
709 5452 1017 5519 ostendunt,
1049 5469 1205 5524 quam
1239 5454 1598 5508 ﬁrmissimam
1638 5454 1850 5522 reliquit

259 5543 546 5608 apostolis,
567 5542 654 5596 ubi
685 5544 796 5611 ipse
825 5560 1043 5613 gressus
1070 5545 1380 5614 imprimens
1411 5546 1609 5598 sanctis
1640 5546 1849 5598 actibus

261 5634 581 5690 ambulavit.
635 5634 759 5689 llaec
787 5651 914 5706 ergo
943 5638 1152 5707 vestigia
1180 5638 1246 5691 ab
1277 5637 1504 5692 inimicis
1533 5636 1850 5690 inﬁrmanda

254 5728 380 5792 jure
411 5729 716 5794 denegavit,
745 5728 867 5798 quia
899 5730 1022 5786 licet
1049 5745 1109 5786 sc
1136 5739 1358 5786 ventosa
1404 5728 1584 5785 mundi
1614 5727 1852 5796 procella

1949 4624 2079 4680 datis
2100 4625 2629 4680 animadvertendum
2652 4635 2754 4689 est,
2787 4626 2873 4694 qui
2899 4624 3060 4692 impia
3083 4638 3213 4678 voce
3236 4624 3516 4678 dixerunt:

1949 4716 2174 4786 Sanguis
2195 4717 2306 4786 ejus
2326 4732 2478 4786 super
2519 4732 2632 4782 nos,
2662 4726 2707 4769 et
2733 4732 2890 4786 super
2913 4715 3047 4781 ﬁlios
3075 4726 3274 4768 nostros
3299 4713 3517 4785 (Matth.

1947 4823 2110 4870 xxvn.
2142 4806 2256 4875 25).

2025 4899 2178 4952 Vers.
2209 4896 2298 4952 45.
2331 4896 2707 4963 Clamaverunt,
2733 4914 2821 4951 nec
2847 4907 2956 4951 erat
2988 4898 3075 4966 qui
3109 4899 3274 4952 salvos
3309 4898 3520 4968 faceret,

1949 4989 2016 5043 ad
2045 4989 2319 5042 Dominum
2345 5028 2360 5054 ,
2390 5005 2481 5043 nec
2514 4990 2770 5042 exaudiuit
2802 5005 2907 5041 eos.
2938 4988 3212 5043 Clamores
3239 4989 3366 5043 dicit
3399 4991 3522 5044 irri-

1951 5092 2054 5144 tos,
2087 5095 2220 5150 quos
2250 5081 2402 5149 impii
2431 5081 2482 5132 in
2511 5081 2600 5133 illa
2633 5080 2956 5148 judicatioue
2989 5080 3203 5133 missuri
3225 5089 3385 5145 sunt;
3419 5081 3524 5135 sic—

1952 5187 2007 5228 ut
2047 5175 2098 5228 in
2133 5173 2425 5241 Evangelia
2456 5171 2524 5227 de
2565 5171 2880 5226 damnandis
2908 5172 3019 5225 ait:
3057 5169 3140 5223 lbi
3167 5171 3258 5224 erit
3287 5174 3436 5241 ﬂetus
3475 5179 3523 5224 et
3600 5197 3602 5200 ν

1958 5269 2148 5320 stridor
2169 5267 2394 5320 dentium
2423 5263 2635 5335 (Matth.
2668 5279 2784 5330 χιιι,
2812 5263 2924 5334 42).
2959 5265 3234 5319 Clamores
3263 5266 3402 5317 enim
3435 5264 3521 5317 isti

1953 5356 2132 5410 salvos
2179 5355 2356 5410 facere
2398 5363 2696 5422 nequeunt,
2747 5355 2834 5422 qui
2887 5354 3071 5407 salutis
3118 5363 3388 5407 auctorem
3439 5352 3524 5407 hic

1956 5447 2296 5502 temnendntn
2349 5461 2466 5501 esse
2494 5447 2872 5501 decreverunt.
2933 5445 3044 5499 Nec
3083 5455 3191 5498 erat
3223 5444 3308 5513 qui
3355 5444 3523 5498 salvos

1956 5539 2142 5609 faceret
2169 5548 2426 5607 :propter
2454 5536 2722 5590 diabolum
2754 5536 2911 5600 dicit,
2942 5551 3046 5602 quo
3083 5535 3400 5589 imtnittentc
3429 5535 3523 5590 de-

1956 5633 2245 5699 liquerunt.
2279 5628 2407 5694 Quis
2426 5635 2575 5691 enim
2620 5627 2754 5681 tales
2779 5627 3014 5681 facturus
3042 5636 3124 5681 est
3151 5623 3371 5691 ‘salvos,
3402 5643 3522 5682 cum

1959 5722 2234 5792 instigator
2265 5730 2319 5777 et
2348 5719 2596 5791 princeps
2640 5733 2828 5775 eorum
2876 5718 2946 5772 sit
2977 5720 3179 5790 primus
3219 5721 3332 5793 ipse
3375 5721 3518 5777 datm
