4014 6188
456 262 555 316 135

1667 260 1732 315 Μ.
1775 260 2048 315 Αυῐιῐειιι
2087 258 2493 316 CASSIODORI

3594 228 3685 313 ise

451 376 687 429 trandus?
715 374 816 429 Sed
849 376 899 428 hi
932 390 1047 427 cum
1080 373 1310 427 viderint
1345 388 1490 440 spent
1520 388 1668 426 suam
1712 374 1761 425 iu
1792 374 2005 427 diabolo
2039 374 2095 437 Α
2124 389 2263 426 casse
2295 389 2313 427 :
2343 374 2465 442 quia
2511 372 2602 426 lilii
2649 371 2854 425 Domini
2903 372 3063 425 rectis
3114 372 3381 440 gressibus
3412 372 3685 429 ambulare

451 470 745 527 corruisse,
778 466 1065 519 clamabunt
1093 466 1305 534 quidem
1338 465 1402 516 ad
1450 464 1751 525 Dominum,
1787 466 1878 517 sed
1917 482 2018 517 non

452 559 684 610 exaudiet
727 573 811 608 eos
840 570 857 607 .'
888 555 1134 622 quoniam
1190 556 1513 606 inl’rucluOsu
1564 556 1671 608 illic
1715 556 2019 623 agtiosritur

458 649 655 712 timuitu
681 645 750 706 lo,
785 643 875 695 ubi
902 644 1009 711 jam
1038 652 1118 695 est
1141 644 1284 710 justa
1310 643 1599 695 damnatio.

530 736 672 785 \‘ers.
706 732 793 784 sil.
823 731 884 784 Et
916 735 1165 785 comminu
1187 750 1251 783 .m
1286 750 1367 784 eos
1413 744 1467 785 ut
1508 732 1757 801 pulverem
1781 744 1897 785 ante
1940 737 2022 801 {a-

452 828 573 877 ciem
605 828 768 889 venti;
816 834 868 877 ut
911 824 1075 878 lutum
1108 827 1392 893 platearum
1437 825 1613 876 delebo
1658 841 1763 880 eos.
1813 824 1908 877 Ubi
1940 832 2023 878 est

458 918 545 969 i‘la
583 918 754 983 lingua
788 917 1137 985 grandiloqua
1184 924 1237 969 et
1267 927 1482 969 ventosa
1522 916 1813 982 superbia?
1846 914 2023 983 Usque

454 1010 516 1060 ad
552 1009 824 1075 pulverem
870 1024 929 1061 se
960 1007 1398 1061 comminuendas
1428 1007 1759 1074 intelligant,
1793 1008 1880 1074 qui
1924 1006 2025 1059 Do:

455 1102 600 1153 Itiitto
632 1103 804 1168 pravis
828 1101 1091 1153 menizbus
1122 1099 1490 1152 contradicere
1519 1100 1831 1151 moliuntur.
1866 1098 1932 1150 Et
1959 1112 2023 1151 ne

457 1202 638 1258 putent
672 1206 728 1245 se
752 1194 992 1259 quamvis
1021 1191 1245 1243 detritos
1276 1203 1432 1257 posse
1455 1190 1751 1257 quiescere,
1781 1189 1980 1241 addidit
2005 1231 2020 1255 ,

456 1296 573 1338 ante
596 1285 777 1353 faciem
808 1285 973 1346 renti;
1005 1291 1062 1334 ut
1087 1282 1369 1349 quiescere
1392 1296 1495 1333 non
1522 1281 1748 1347 possint,
1768 1294 1886 1333 cum
1911 1278 2025 1333 fue-

458 1380 559 1431 rint
594 1375 877 1428 imminuti.
911 1373 1051 1427 Bene
1092 1383 1268 1426 autem
1303 1372 1408 1424 luto
1439 1373 1723 1438 platearum
1749 1380 2023 1437 comparat

459 1478 796 1535 peccatores,
849 1463 986 1532 quod
1036 1459 1362 1515 letidissimis
1404 1460 1651 1513 sordibus
1681 1459 2022 1527 inquinatur,

460 1574 557 1612 nec
584 1559 850 1624 excipitur
875 1571 903 1608 a
930 1554 1337 1608 conculcatione
1358 1549 1561 1619 pepuli,
1591 1558 1652 1602 ut
1673 1564 1887 1617 semper
1911 1550 2027 1615 ejus

461 1648 598 1701 fetor
630 1649 867 1700 itaretur.
910 1643 1092 1695 Delebo
1132 1658 1216 1694 eos
1241 1681 1255 1703 ,
1302 1640 1350 1692 id
1398 1648 1480 1691 cst
1506 1638 1570 1691 de
1602 1638 1776 1691 medio
1806 1640 1987 1690 tollam
2008 1679 2023 1702 ,

2122 475 2433 519 noscuntur.
2471 465 2598 519 Nam
2651 466 2941 517 claudicare
2971 466 3179 532 proprio
3214 466 3437 521 dicimus
3464 481 3558 521 eos
3601 469 3688 535 qui

2122 570 2226 607 uno
2257 555 2390 621 pt-de
2438 564 2559 607 sunt
2592 554 2810 607 debiles.
2862 556 3007 618 Quod
3042 554 3240 608 iudicis
3286 557 3543 610 accidisse
3580 571 3688 609 ma-

2124 645 2368 697 nifestum
2398 657 2511 705 est,
2545 645 2631 710 qui
2671 644 2829 697 Vetus
2865 643 3259 698 Testamentum
3291 647 3577 701 carnaliter
3618 660 3693 701 te.

2123 744 2330 795 nentes,
2355 734 2483 784 Novi
2512 737 2733 799 gratiam
2756 744 3103 801 reSpnerunt:
3135 746 3186 787 ct
3218 737 3335 788 hinc
3362 736 3554 789 faetum
3590 748 3691 800 est,

2125 837 2179 879 ut
2211 843 2309 878 una
2341 840 2488 893 parte
2518 826 2723 879 debiles
2752 829 2941 879 tuentis
2969 843 3077 879 sum
3109 829 3379 894 gressibus
3424 828 3694 881 claudica-

2126 928 2260 970 rcut.
2290 919 2396 970 lloc
2416 920 2579 971 etiam
2608 922 2658 970 in
2676 918 2761 971 illa
2786 919 3022 987 angelica
3044 922 3444 974 concertatione
3468 927 3696 991 patriar-

2124 1009 2239 1061 cha:
2270 1009 2435 1062 Jacob
2466 1008 2617 1075 (Gen.
2647 1023 2812 1071 xxxii,
2836 1009 2948 1077 9.4),
2974 1010 3182 1077 quidam
3225 1020 3471 1062 aSserunt
3503 1028 3695 1074 pra-sa-

2125 1109 2326 1169 gttum,
2351 1102 2563 1168 quando
2605 1108 2747 1153 tacto
2779 1116 2940 1153 nerVo
2963 1142 2977 1163 ,
3025 1116 3127 1155 uno
3156 1104 3287 1170 pede
3316 1104 3537 1157 claudus
3572 1108 3701 1159 elice

2131 1203 2247 1244 eius
2287 1202 2387 1245 est.
2434 1191 2539 1243 Nec
2597 1191 2722 1243 illud
2762 1202 2914 1243 vacat
2959 1192 3097 1258 quod
3144 1192 3346 1245 addidit
3400 1196 3533 1254 suis.
3574 1196 3696 1263 quia

2128 1280 2441 1335 deserentes
2472 1281 2798 1334 intellectum
2839 1282 3000 1348 legis,
3062 1282 3173 1335 suis
3226 1285 3697 1349 superstit'onilius

2130 1372 2458 1437 agebantur;
2493 1381 2546 1425 ut
2584 1388 2686 1425 non
2720 1373 3035 1435 recipientes
3066 1374 3384 1440 promissum
3422 1375 3696 1432 Dominum

2128 1461 2497 1526 Salvatorem,
2535 1461 2602 1515 de
2647 1463 2883 1515 lavandis
2926 1462 3168 1515 manibus
3211 1472 3265 1516 et
3310 1466 3562 1518 calicibus
3591 1467 3700 1535 ϐξ.

2130 1550 2341 1604 insanus
2366 1552 2655 1604 calumnias
2680 1563 3107 1616 commoverent;
3140 1567 3325 1607 revera
3349 1558 3571 1619 sordidi,
3605 1560 3700 1610 Sed

2134 1656 2237 1693 non
2287 1642 2377 1694 tali
2432 1643 2810 1697 observatione
2859 1645 3170 1698 mundanli.
3223 1645 3509 1699 Potuerant
3556 1649 3701 1702 enim

461 1741 597 1809 quod
630 1739 858 1807 pertinet
883 1739 949 1790 ad
968 1737 1128 1789 lutum
1154 1738 1437 1803 platearum
1482 1733 1595 1787 Vim
1619 1745 1830 1802 quoque
1863 1736 2026 1798 ipsam
2060 1730 2107 1788 B
2135 1733 2345 1801 propria
2380 1736 2506 1786 hcce
2538 1735 2786 1802 purgari,
2819 1736 2862 1789 si
2889 1736 3154 1789 lavacrum
3187 1739 3321 1789 sacri
3365 1737 3705 1806 baptfsmatis

462 1830 866 1898 comparationis
893 1827 1249 1896 intelligezait
1270 1829 1432 1891 enim,
1458 1838 1509 1878 ut
1534 1828 1699 1877 lutum
1724 1824 2029 1890 platearum,

462 1925 597 1993 quod
631 1924 786 1976 facile
816 1922 1041 1987 tollituy
1069 1921 1190 1991 quia
1220 1920 1590 1973 mollissimum
1628 1915 2028 1983 comprobatur.

535 2015 685 2068 Vers.
716 2013 807 2069 45.
861 2013 1062 2081 Eripies
1112 2028 1190 2063 me
1235 2012 1297 2063 de
1328 2007 1808 2064 contradictionibus
1832 2004 2027 2076 populi,

464 2107 739 2159 constitues
778 2121 855 2157 me
881 2105 934 2157 in
975 2113 1128 2174 caput
1169 2101 1393 2174 gentium
1424 2116 1442 2154 :
1484 2099 1705 2168 populus
1741 2113 1887 2168 quem
1929 2111 2031 2149 non

464 2196 671 2267 cognovi
697 2195 897 2249 servivit
922 2193 1067 2248 mihi.
1114 2191 1333 2262 Ereptus
1378 2200 1452 2244 cst
1480 2190 1639 2259 plane
1678 2189 1740 2240 de
1777 2184 2034 2239 contradi-

468 2288 718 2340 ctionibus
747 2285 923 2354 pepuli
954 2299 971 2336 :
998 2282 1210 2353 quando
1237 2282 1467 2350 esplosis
1496 2280 1713 2351 perﬁdis
1741 2277 1940 2332 ludatis
1967 2275 2031 2329 ad

467 2381 704 2449 gentium
738 2377 894 2431 ﬁdem
937 2376 1385 2441 devotionemque
1426 2371 1715 2426 translatus
1762 2378 1863 2423 est.
1897 2366 2035 2419 Con-

469 2469 796 2523 tradictioues
826 2481 951 2521 vero
981 2466 1098 2519 illas
1136 2465 1300 2530 dicit,
1330 2477 1461 2533 quas
1490 2464 1538 2518 ei
1587 2462 1850 2517 scelerata
1883 2459 2032 2512 turba

469 2559 832 2627 multipliciter
864 2557 1160 2625 ingerebat.
1194 2555 1323 2609 Nam
1353 2553 1491 2623 quod
1520 2554 1627 2616 ait,
1655 2552 1932 2606 constitues
1956 2564 2035 2602 me

471 2653 521 2705 in
545 2660 695 2721 caput
717 2650 960 2720 gentium,
986 2648 1192 2717 signum
1225 2647 1354 2701 dicit
1383 2646 1502 2701 ﬁdei
1530 2645 1848 2699 Christianae
1874 2660 1888 2695 :
1914 2642 2036 2709 quia

472 2743 527 2796 in
560 2744 731 2796 lronte
754 2740 1013 2811 gentium,
1051 2740 1229 2793 crucis
1259 2738 1558 2791 habuerunt
1584 2736 1778 2790 resilla
1802 2733 2033 2789 radiare.

476 2828 731 2897 Populum
761 2844 907 2898 quem
932 2843 1030 2880 non
1058 2828 1290 2897 coqnovi,
1316 2826 1366 2880 id
1392 2835 1472 2879 est
1491 2825 1557 2878 ad
1585 2839 1743 2893 quem
1774 2837 1876 2876 non
1897 2822 2035 2886 veni,

474 2939 691 2987 novum,
725 2923 943 2984 rudem,
977 2929 1136 2987 atque
1167 2930 1324 2973 antea
1362 2934 1465 2971 non
1495 2926 1790 2986 receptum.
1825 2913 2038 2969 Servirit

474 3020 647 3065 autem
670 3048 685 3073 ,
712 3006 937 3063 credidt
966 3006 1130 3071 dicit,
1163 3007 1411 3075 quoniam
1443 3005 1747 3075 quicunque
1788 3002 1958 3057 credit
1985 3009 2039 3056 et

2133 1824 2499 1891 expetiisseut.

2206 1915 2355 1968 Vers.
2385 1914 2475 1968 48.
2519 1914 2648 1968 Vivit
2678 1916 2946 1986 Dominus,
2970 1927 3021 1972 et
3060 1918 3340 1975 benedictus
3366 1919 3497 1975 Deus
3522 1939 3658 1977 meus
3682 1939 3702 1989 ;

2132 2016 2178 2059 et
2203 2006 2455 2059 exaltetur
2498 2005 2636 2061 Deus
2663 1991 2846 2062 salutis
2871 2026 3012 2065 mem.
3040 2011 3227 2078 Quarti
3261 2014 3464 2068 ordinis
3502 2013 3523 2084 j
3546 2031 3662 2067 uiua
3682 2059 3700 2084 ,

2134 2113 2251 2167 qua:
2275 2108 2542 2168 superest,
2576 2102 2814 2170 aperitur
2844 2121 2856 2157 :
2893 2105 2981 2159 ubi
3014 2105 3205 2160 iterum
3236 2106 3472 2160 Ecclesia
3515 2108 3703 2160 catho-

2134 2190 2233 2243 lica
2279 2190 2512 2260 loquitur
2541 2202 2651 2244 toto
2688 2193 2821 2247 orbe
2847 2192 3065 2249 dilatata
3087 2235 3102 2260 ,
3150 2212 3269 2264 qua:
3298 2198 3599 2250 summatim
3645 2207 3705 2252 et

2134 2280 2393 2336 lieni-ﬁcia
2427 2281 2586 2336 refert
2626 2282 2866 2347 Domini,
2899 2294 2954 2339 et
2991 2286 3241 2356 hymnum
3273 2288 3421 2341 suavi
3462 2288 3703 2341 delecta-

2136 2372 2280 2425 tione
2308 2372 2595 2439 profundit.
2622 2372 2783 2427 Recte
2802 2372 3009 2428 dicebat
3036 2392 3050 2427 :
3084 2374 3220 2430 Viuit
3246 2376 3514 2441 Dominus,
3543 2394 3705 2446 quem

2135 2461 2189 2514 in
2238 2476 2336 2515 suo
2396 2463 2560 2516 corde
2611 2461 2722 2532 jugi
2766 2464 3191 2519 consideratione
3239 2467 3514 2524 cernebit.
3569 2468 3707 2523 Viuit

2135 2555 2302 2620 enim,
2335 2553 2507 2617 dixit,
2541 2568 2777 2621 priesens
2808 2563 2891 2608 est
2928 2556 3076 2608 ﬁrma
3120 2556 3439 2611 credulitate
3482 2572 3709 2626 conspe.

2137 2654 2276 2699 ctus.
2306 2642 2611 2697 Benedictus
2632 2654 2809 2699 autem
2842 2645 3036 2700 dicitur
3062 2645 3222 2713 Deus,
3254 2663 3373 2703 cum
3403 2650 3451 2703 ei
3480 2650 3594 2703 laus
3620 2665 3710 2703 ω·

2140 2737 2425 2793 leberriina
2457 2738 2741 2792 devotione
2786 2739 2978 2793 mentis
3005 2738 3252 2806 oliertnr;
3300 2742 3436 2795 sicut
3483 2751 3537 2795 et
3578 2741 3711 2797 alibi

2141 2829 2333 2899 legitur
2355 2847 2369 2884 :
2389 2830 2686 2885 Benedictus
2714 2831 2803 2900 qui
2826 2833 2951 2885 venit
2972 2833 3024 2884 in
3046 2835 3245 2887 nomine
3271 2833 3493 2903 Domini,
3520 2834 3712 2888 bosan-

2140 2937 2209 2974 na
2234 2922 2288 2975 in
2316 2924 2521 2976 excelsis
2544 2923 2756 2995 (Matth.
2787 2939 2899 2989 ut,
2930 2925 3042 2994 10).
3066 2925 3381 2995 Ιηιυιιίεἰτω·
3404 2928 3561 2981 etiam
3587 2943 3712 2996 pro-

2145 3015 2262 3081 prie
2301 3009 2595 3066 benedictus
2622 3052 2636 3076 ,
2678 3012 2815 3080 quod
2845 3013 2957 3079 ipse
3000 3014 3174 3067 omnia
3207 3016 3465 3083 propitius
3494 3016 3716 3071 benedi-

475 3102 674 3161 scrvit;
705 3098 843 3167 quod
869 3098 1064 3150 factum
1087 3107 1171 3150 est
1195 3111 1223 3148 a
1255 3096 1523 3165 gentibus,
1549 3109 1669 3162 quae
1700 3108 1804 3146 nun
1831 3093 2039 3145 fuerat“
2063 3086 2113 3149 C
2144 3111 2231 3157 cat
2262 3119 2275 3156 :
2307 3103 2447 3156 sicut
2477 3113 2529 3155 et
2558 3102 2673 3154 rivit
2702 3102 2970 3168 Dominus,
2999 3103 3139 3173 quod
3164 3105 3278 3173 ipse
3305 3104 3551 3160 viviﬁcet.
3590 3107 3718 3162 ﬂare

476 3204 508 3245 a
533 3191 743 3245 Christo
781 3188 1066 3243 carnaliter
1097 3186 1379 3255 inquisiuit.
1433 3182 1561 3237 Natu
1601 3182 1725 3251 quid
1774 3191 1858 3235 est
1902 3180 2041 3249 quod
2078 3178 2079 3181 “

476 3280 565 3337 ille
594 3294 698 3335 non
728 3287 1034 3349 cognoscat,
1066 3276 1155 3346 qui
1189 3290 1343 3331 renes
1376 3274 1651 3329 hominum
1681 3282 2046 3343 perscrutatur

478 3385 530 3432 et
555 3374 713 3430 corda
732 3376 754 3427 1!

551 3468 704 3522 Vers.
736 3465 826 3521 46.
861 3466 1119 3520 Obauditu
1140 3466 1280 3519 auris
1302 3465 1565 3519 obaudiuit
1588 3465 1746 3527 mihi;
1769 3466 1863 3535 lilii
1888 3466 2046 3519 alieni

478 3559 673 3613 mentiti
693 3568 811 3612 sunt
838 3560 981 3612 mihi.
1016 3558 1153 3612 Laus
1180 3559 1280 3612 iSta
1308 3559 1571 3627 gentium,
1596 3558 1939 3626 exprobratio
1964 3568 2048 3613 est

479 3662 668 3715 magna
697 3648 1031 3721 iudicaram;
1064 3657 1119 3700 ut
1141 3648 1405 3701 servirent
1433 3649 1521 3717 qui
1546 3663 1651 3701 non
1681 3648 1963 3713 viderunt;
1989 3657 2046 3703 ut

478 3739 722 3793 audirent
760 3736 950 3806 quibus
1002 3752 1069 3791 ex
1118 3752 1213 3792 ore
1261 3737 1375 3804 ejus
1420 3737 1783 3791 sacratissima
1827 3738 2046 3793 minime

481 3829 643 3883 verba
671 3836 993 3893 sonuerunt;
1026 3827 1164 3881 sicut
1196 3828 1451 3896 scriptum
1482 3837 1564 3882 est
1593 3845 1607 3880 :
1640 3829 1832 3894 Quibus
1853 3845 1951 3882 non
1975 3838 2045 3884 est

480 3920 766 3974 nuntiatum
788 3918 851 3971 de
870 3933 929 3972 eo
964 3917 1243 3982 uidebunt;
1279 3929 1323 3971 et
1357 3919 1444 3986 qui
1474 3934 1574 3971 non
1614 3919 1884 3972 audierunt
1923 3935 2047 3974 con-

481 4011 858 4079 templabuntur
909 4007 1039 4080 (Isa.
1067 4024 1158 4074 Li],
1193 4010 1304 4076 15).
1345 4008 1447 4064 Sed
1492 4009 1795 4064 intellectus
1841 4009 2040 4076 trahit,

479 4110 540 4156 ut
565 4100 900 4169 adjiciamus.
935 4099 1344 4154 ilcbrmiautem
1381 4099 1471 4169 qui
1516 4099 1763 4154 viderunt
1791 4110 1845 4154 et
1866 4099 2046 4155 audie-

480 4202 622 4259 rnnt,
655 4194 789 4246 sicut
821 4192 1044 4247 inferius
1073 4191 1202 4246 dicit
1232 4233 1247 4257 ,
1277 4201 1440 4246 totum
1487 4194 1753 4247 contraria
1776 4194 2048 4249 voluntate

480 4282 740 4336 fecerunt.
782 4281 932 4347 Quod
970 4280 1107 4335 idem
1149 4281 1383 4349 praedicit
1438 4283 1647 4337 lsaias:
1699 4282 1917 4337 Exercet:
1957 4300 2048 4339 cor

480 4372 657 4442 populi
687 4373 873 4443 hujus,
902 4382 949 4424 et
987 4388 1139 4423 aures
1180 4374 1292 4442 ejus
1338 4390 1593 4443 aggrava,
1630 4384 1677 4428 et
1724 4377 1897 4430 oculos
1937 4379 2046 4447 ejus

479 4461 659 4515 claude
687 4476 707 4513 :
738 4476 798 4512 ne
825 4460 957 4530 forte
988 4459 1188 4513 videant
1219 4461 1381 4514 oculis
1402 4463 1506 4514 suis
1526 4501 1541 4526 ,
1584 4474 1672 4515 aut
1707 4466 1915 4519 auribus
1939 4466 2045 4520 suis

481 4551 716 4619 audiant,
747 4550 825 4604 vel
855 4549 1005 4603 corde
1045 4567 1136 4603 suo
1162 4551 1481 4622 intelligant,
1510 4561 1557 4604 et
1583 4565 1969 4620 convertantur,
1997 4568 2046 4611 et

482 4657 653 4696 sanein
683 4657 766 4695 eos
807 4638 943 4712 (Isa.
971 4656 1046 4706 vi,
1076 4641 1187 4711 10).
1233 4643 1361 4707 Qua:
1390 4642 1553 4713 ﬁgura
1597 4644 1791 4699 dicitur
1832 4647 2045 4714 aposio-

486 4736 647 4805 pesis,
684 4736 735 4789 id
759 4744 840 4789 est
864 4735 1023 4789 dictio
1061 4735 1210 4803 cujus
1243 4735 1361 4789 linis
1392 4737 1677 4802 reticetnr;
1716 4747 1773 4791 ut
1802 4748 1891 4791 aut
1934 4748 2044 4792 ti-r-

482 4834 683 4888 reatur,
709 4834 801 4880 aut
828 4824 893 4878 ad
939 4825 1261 4879 desiderium
1298 4836 1611 4893 provocetur
1653 4830 1883 4884 auditor.
1919 4829 2047 4885 Filii

482 4923 655 4986 alieni,
688 4922 779 4975 ﬁlii
822 4920 1036 4985 diaboli,
1068 4920 1260 4989 quibus
1302 4922 1414 4987 ipse
1451 4920 1503 4974 in
1551 4922 1834 4991 Evangelio
1874 4923 2045 4978 dicit:

488 5012 593 5067 Vos
625 5029 690 5066 ea:
720 5022 864 5079 patre
910 5010 1117 5063 diabolo
1146 5012 1263 5063 estis
1308 5010 1492 5079 (Joan.
1528 5027 1639 5076 viti,
1687 5012 1817 5080 44),
1852 5015 2049 5067 mentiti

482 5113 598 5157 sunt
625 5102 770 5165 mihi,
796 5099 1006 5170 quando
1033 5100 1281 5154 dicebant
1310 5117 1323 5153 :
1361 5099 1623 5170 Magister,
1655 5108 1841 5156 scimus
1865 5104 1985 5173 quia
2012 5121 2046 5157 a

485 5194 590 5248 Deo
622 5193 811 5252 venisti.
836 5201 882 5244 et
908 5193 960 5244 in
988 5191 1197 5244 vrritate
1224 5193 1353 5243 viam
1383 5191 1476 5243 Dei
1499 5196 1646 5245 doces
1674 5192 1884 5263 (Matth.
1912 5210 2039 5258 xxii,

487 5286 601 5354 16).
632 5282 841 5336 Meniiri
866 5282 1007 5337 enim
1034 5291 1117 5336 est
1141 5291 1322 5336 contra
1353 5291 1583 5335 mentem
1615 5284 1798 5352 loqui,
1829 5295 1881 5338 et
1912 5286 2040 5340 illud

482 5374 659 5443 lingua
689 5388 930 5442 proruere
956 5373 1096 5443 quod
1127 5386 1556 5441 unumquemque
1590 5384 1798 5427 constat
1832 5375 1882 5427 in
1925 5374 2044 5429 aui-

487 5480 577 5519 mo
607 5481 711 5518 non
738 5464 952 5519 habere.

556 5554 709 5609 Vcrs.
742 5555 829 5609 47.
860 5554 986 5607 Filii
1013 5554 1170 5607 alieni
1209 5554 1627 5616 inveteraverunt,
1659 5560 1705 5603 et
1735 5552 2050 5606 rlaudicave-

488 5654 604 5697 runt
630 5660 659 5695 a
686 5644 872 5696 semitis
912 5645 1035 5698 suis.
1082 5644 1223 5698 Bene
1263 5641 1396 5696 dixit
1442 5641 1633 5695 alienos
1678 5640 1813 5709 ﬁlios
1854 5640 2053 5695 cluuili—

2148 3200 2325 3245 autem
2354 3200 2407 3245 et
2436 3190 2518 3244 his
2535 3189 2747 3259 similia,
2778 3192 2913 3246 sicut
2939 3207 3081 3262 sirpe
3106 3192 3366 3261 diximus,
3391 3195 3610 3264 tropicis
3636 3197 3720 3249 al-

2146 3282 2441 3337 lusionibus
2464 3281 2753 3350 probantur
2773 3282 2929 3337 edici.
2955 3281 3223 3337 Exaltetur
3245 3299 3371 3339 vero
3393 3285 3585 3353 posuit,
3601 3293 3719 3339 toto

2147 3373 2279 3428 orbe
2326 3373 2595 3429 credatur.
2626 3373 2756 3427 Nam
2789 3374 3230 3442 quemadmodum
3283 3374 3439 3429 aliter
3483 3377 3718 3431 exaltari

2147 3474 2375 3534 pcterat,
2406 3465 2494 3532 qui
2524 3464 2734 3531 prOprie
2758 3475 2977 3519 vocatur
3005 3464 3349 3519 Altissimus?

2225 3555 2373 3609 Vers.
2401 3554 2491 3610 49.
2522 3554 2659 3608 Deus
2678 3554 2766 3624 qui
2795 3555 2887 3608 das
2909 3555 3179 3607 uindictam
3206 3554 3350 3620 mihi,
3370 3564 3416 3608 et
3445 3554 3721 3610 subdidisti

2148 3648 2304 3716 (mss.
2340 3652 2429 3711 Α..
2463 3648 2555 3712 Β..
2598 3647 2685 3715 F.,
2719 3655 2764 3700 et
2795 3646 2993 3717 subdis)
3034 3648 3249 3716 populos
3277 3647 3368 3700 sub
3390 3664 3488 3700 me.
3524 3646 3579 3702 In
3612 3651 3721 3703 isto

2148 3739 2347 3794 mundo
2400 3739 2789 3807 prmconialiter
2844 3738 3145 3791 vindicatur
3179 3738 3449 3806 Ecclesia,
3498 3741 3721 3806 (pianda

2147 3829 2448 3897 blasphemi
2478 3838 2533 3883 et
2569 3828 2813 3884 inﬁdeles
2839 3828 2904 3882 ad
2945 3844 3085 3883 vera:
3115 3830 3392 3899 religionis
3423 3828 3720 3897 penetralia

2148 3919 2538 3987 perducuntur;
2578 3926 2632 3970 ut
2668 3918 2756 3985 qui
2797 3924 2921 3971 ante
2963 3925 3306 3970 contumaces
3348 3918 3714 3987 exstiterunt,

2148 4007 2279 4061 ﬁant
2301 4007 2375 4061 illi
2405 4005 2638 4075 prolicua
2677 4005 2966 4059 devotione
2999 4004 3243 4071 subjecti.
3277 4006 3414 4059 Ecce
3443 4019 3566 4058 vere
3600 4005 3720 4057 rin-

2148 4098 2287 4150 dicta
2324 4099 2411 4165 pia
2434 4140 2448 4164 ,
2472 4095 2720 4149 salutaris
2748 4108 2935 4164 pinna,
2976 4093 3110 4147 ultio
3141 4094 3392 4162 gloriosa.
3431 4094 3529 4161 Ipsi
3565 4094 3715 4147 enim

2150 4186 2410 4241 Ecclesia:
2454 4185 2787 4252 subduntur,
2818 4185 2908 4252 qui
2940 4182 3093 4237 liberi
3131 4183 3418 4251 probantur
3459 4196 3491 4235 a
3525 4182 3709 4248 vitiis;

2149 4294 2270 4334 nam
2314 4278 2401 4347 qui
2433 4276 2503 4331 ab
2535 4278 2647 4345 ipsa
2685 4275 2933 4342 deviant,
2974 4289 3095 4329 mos
3130 4275 3375 4344 laqueum
3405 4275 3580 4329 noxiae
3624 4289 3720 4330 ca-

2151 4370 2407 4438 ptivitatis
2446 4368 2749 4427 incurrunt.

2076 4442 2127 4503 θ
2226 4462 2380 4516 Vers.
2404 4460 2494 4516 50.
2529 4460 2792 4514 Liberator
2811 4476 2948 4514 meus
2975 4459 3037 4514 de
3063 4459 3294 4530 gentibus
3322 4460 3581 4513 iracundis
3607 4475 3628 4516 :
3653 4458 3719 4514 ab

2153 4552 2523 4623 insurgentibus
2548 4551 2601 4604 in
2639 4565 2720 4605 me
2749 4551 2995 4605 exultabis
3021 4567 3119 4613 me,
3146 4568 3179 4603 a
3206 4553 3313 4605 uiro
3334 4553 3519 4621 iniquo“
3533 4553 3720 4622 eripies

2153 4658 2252 4696 me.
2282 4642 2503 4695 Addidit
2531 4641 2800 4695 liberatori
2831 4641 3063 4706 laudem,
3094 4640 3219 4695 dum
3248 4641 3398 4705 dicit,
3428 4642 3715 4695 iracundis.

2155 4735 2326 4787 Minus
2354 4741 2437 4786 est
2456 4732 2597 4786 enim
2630 4731 3015 4799 periclitantem
3043 4731 3267 4785 liberare
3286 4732 3353 4785 ab
3376 4732 3605 4785 inimicis
3637 4745 3718 4785 ie-

2158 4824 2304 4893 pidis,
2339 4821 2433 4876 sed
2462 4822 2631 4874 multo
2651 4821 2934 4889 g|0riosius
2956 4838 2982 4871 a
3012 4820 3214 4875 fervida
3241 4823 3568 4892 malignitate
3594 4836 3716 4876 suc-

2154 4915 2350 4969 censis.
2373 4912 2624 4979 Sequitur
2652 4911 2848 4965 decora
2876 4912 3189 4972 diversitas,
3235 4921 3292 4965 ut
3328 4922 3525 4981 quanto
3554 4914 3717 4967 altius

2153 5009 2206 5061 in
2236 5007 2367 5060 iram
2405 5016 2753 5057 surrexerunt
2797 5003 3029 5065 inimici,
3065 5014 3213 5056 tanto
3242 5005 3473 5073 amplius
3499 5005 3713 5058 exalta-

2154 5108 2301 5153 retur
2323 5096 2565 5163 illa,qu:e
2589 5095 2824 5163 pertulit.
2846 5092 3085 5157 Iniquum
3108 5095 3290 5159 virum,
3313 5094 3711 5149 schismaticum

2152 5189 2417 5255 designat,
2445 5186 2535 5254 qui
2570 5185 2805 5247 perversi
2830 5185 3089 5253 dogmatis
3119 5184 3392 5252 iniquitate
3418 5196 3711 5254 grassatur.

2228 5278 2375 5331 Vers.
2409 5279 2498 5331 5i.
2530 5275 2806 5342 Propterea
2840 5276 3111 5344 conﬁtebor
3140 5278 3229 5329 tibi
3256 5278 3307 5329 in
3338 5278 3574 5347 populis,
3611 5277 3711 5329 ου.

2146 5371 2301 5434 mine,
2330 5378 2375 5421 et
2400 5368 2649 5434 psalmum
2681 5368 2847 5419 dicam
2889 5369 2977 5420 tibi
3013 5369 3143 5421 inter
3168 5378 3357 5439 gentes.
3393 5369 3665 5439 Propterea
3692 5409 3709 5431 ,

2149 5471 2365 5531 pr0pter
2394 5460 2478 5513 illa
2511 5476 2627 5527 quae
2659 5462 2903 5528 superius
2943 5462 3078 5515 dicta
3103 5473 3245 5515 sunt.
3282 5462 3571 5531 Conﬁtcbor
3600 5462 3710 5524 tibi,

2151 5553 2201 5605 id
2231 5560 2313 5604 est
2350 5548 2559 5603 laudem
2610 5560 2660 5603 te
2708 5565 2799 5617 per
2836 5553 3054 5619 populos
3085 5552 3442 5619 Christianos,
3484 5565 3706 5621 quarunt

2152 5642 2331 5706 utique
2356 5639 2530 5706 lingua
2567 5638 2815 5694 Ecclesia:
2842 5657 2938 5696 vos
2962 5654 3062 5698 est.
3089 5641 3327 5697 Psalmus
3347 5652 3549 5707 autem.
3571 5642 3710 5697 sicut
