4008 6182
334 281 434 336 157

1254 277 1609 334 EXPOSITIO
1647 277 1713 333 IN
1753 275 2207 334 PSALTERIUM.
2252 278 2443 335 PSAL.
2487 278 2667 334 XVIII.

3495 282 3594 339 133

326 394 532 452 dictum
557 405 670 462 est,
702 410 837 465 opus
863 393 1126 466 signiﬁcat
1154 393 1402 449 actuale:
1435 392 1577 448 unde
1610 406 1706 460 per
1745 405 1910 460 opera
1939 395 1989 452 Α
2019 388 2179 446 faciat
2209 408 2327 448 esse
2359 395 2710 462 psalmistam.
2765 395 2866 450 Per
2909 411 3028 468 qum
3078 395 3424 466 intelligimus
3472 400 3595 455 illos

329 488 567 544 ﬁdelium
600 490 708 542 Deo
735 488 869 543 dicit
903 488 1105 556 gratias
1130 526 1146 552 ,
1193 500 1322 554 quas
1355 485 1476 554 plus
1513 483 1770 538 Divinitas
1818 495 1913 536 no-

329 585 497 634 scitur
533 577 792 634 exaudire
831 593 991 648 quam
1041 591 1222 632 voces.
1265 573 1413 630 Inter
1462 585 1632 644 gentes
1674 574 1918 642 designat

331 670 1048 740 universitatem,quoniam
1097 675 1216 723 erat
1250 665 1486 721 Ecclesia
1531 666 1768 736 gentium
1815 676 1914 716 nu-

331 761 640 816 merositate
667 760 966 814 dilatanda.

400 853 558 908 Vers.
587 853 678 907 52.
719 851 1068 921 Magniﬁcam
1105 851 1333 904 salutare
1360 849 1492 918 regis
1525 848 1687 916 ipsius
1711 888 1725 914 ,
1760 853 1808 900 et
1837 846 1918 913 fa-

330 945 470 997 tiens
496 942 907 996 misericordiam
931 940 1134 994 Christo
1165 956 1258 994 suo
1288 939 1455 994 Dauid
1472 982 1488 1008 ,
1529 947 1574 992 et
1598 937 1778 991 semini
1803 939 1914 1008 ejus
1939 996 1941 1000 ,

330 1050 495 1103 usque
520 1035 574 1086 in
605 1033 874 1088 steculum.
901 1031 1133 1101 Exponit
1153 1031 1362 1100 qualem
1386 1029 1647 1099 psalmum
1669 1026 1917 1097 superius

331 1125 556 1189 dixerit,
584 1123 678 1192 qui
711 1121 1020 1192 magniﬁcet
1053 1121 1217 1176 ﬁlium
1247 1121 1416 1190 ipsius
1450 1128 1562 1176 toto
1590 1120 1724 1174 orbe
1748 1129 1918 1173 terra-

330 1229 470 1269 rum.
507 1212 742 1267 Christus
770 1224 898 1267 ante
914 1211 1191 1266 dicebatur
1206 1211 1380 1266 omnis
1407 1221 1598 1265 unctus
1621 1211 1674 1264 in
1699 1225 1914 1278 regem;

331 1307 468 1361 sicut
496 1315 554 1359 et
575 1305 644 1359 de
673 1304 833 1359 Saule
860 1304 1062 1359 dictum
1087 1314 1169 1358 est
1198 1321 1211 1356 :
1243 1301 1344 1357 Cur
1373 1319 1531 1357 ausus
1560 1302 1705 1374 fuisti
1727 1302 1918 1371 inferre

332 1412 542 1450 martum
568 1397 621 1449 in
663 1395 908 1449 Christum
935 1394 1147 1448 Domini
1166 1393 1250 1465 (ll
1283 1393 1411 1463 Reg.
1431 1409 1469 1458 t,
1501 1392 1630 1462 ii)?
1661 1390 1717 1444 In
1749 1389 1916 1444 Dauid

332 1503 460 1557 ergo
486 1488 609 1556 fecit
646 1487 1067 1553 misericordiam,
1099 1486 1221 1554 quia
1249 1495 1473 1551 enm,ut
1486 1485 1670 1540 titulus
1684 1483 1838 1548 dixit,
1853 1482 1920 1538 de

333 1580 778 1649 persequentium
822 1576 1100 1633 ferocitate
1131 1576 1396 1632 liberavit.
1445 1574 1514 1628 Et
1558 1575 1740 1629 semini
1773 1575 1916 1644 ejus,

336 1672 628 1726 Dominum
658 1671 927 1741 signiﬁcat
959 1670 1321 1734 Salvatorem,
1357 1669 1445 1738 qui
1474 1666 1772 1723 secundum
1800 1681 1922 1722 car-

335 1777 464 1818 nem
492 1762 566 1817 ab
595 1761 765 1832 ipsius
781 1763 1128 1832 generatione
1154 1761 1456 1816 descendit.
1485 1759 1619 1815 Dicit
1637 1773 1767 1829 ergo
1797 1766 1924 1814 tunc
1952 1759 2002 1821 Β

335 1857 752 1910 misericordiam
793 1857 980 1926 {actam
1025 1855 1205 1910 semini
1234 1855 1342 1924 ejus
1364 1895 1380 1921 ,
1412 1852 1626 1925 quando
1654 1862 1776 1922 post
1818 1855 1920 1908 tri-

334 1945 501 1999 tinum
534 1945 832 2000 resurrexit
858 1959 889 1999 a
919 1945 1168 2009 mortuis,
1196 1942 1438 1997 ascendit
1466 1943 1519 1996 in
1547 1943 1736 2007 ctelos,
1765 1943 1921 1999 sedet

332 2034 400 2085 ad
435 2031 718 2088 dexteram
746 2031 938 2087 Patris.
979 2030 1149 2101 Usque
1193 2031 1247 2084 in
1285 2031 1528 2084 steculum
1575 2031 1836 2099 accipitur
1867 2031 1922 2087 in

333 2135 632 2191 aeternum;
684 2124 820 2180 sicut
869 2123 923 2180 in
971 2120 1250 2192 superiore
1295 2121 1502 2193 psalmo
1548 2121 1749 2179 dictum
1796 2129 1919 2189 est,

281 2217 288 2224 '
333 2236 500 2288 usque
526 2221 580 2273 in
609 2219 763 2287 ﬁnem
787 2233 808 2273 :
841 2217 954 2274 haec
981 2218 1128 2272 enim
1167 2216 1328 2272 verba
1349 2217 1577 2286 idipsum
1597 2215 1917 2286 signiﬁcant,

333 2316 584 2386 quamvis
625 2322 845 2384 propter
888 2312 1112 2382 gratiam
1145 2311 1396 2366 novitatis
1436 2310 1636 2370 variata
1681 2323 1802 2365 esse
1842 2308 1922 2363 vi-

333 2409 584 2460 dcantur.
975 2473 980 2475 _

793 2520 796 2522 ·
871 2494 1150 2551 Conclusio
1180 2494 1387 2565 psalmi.

405 2613 581 2683 Quam
616 2612 849 2667 mirabili
881 2611 1224 2666 contextione
1252 2608 1538 2664 verborum
1579 2607 1738 2678 hujus
1771 2608 1917 2676 psal-

334 2715 413 2762 mi
439 2706 625 2762 drama
666 2705 951 2759 decursum
993 2713 1110 2768 est,
1154 2701 1296 2772 quod
1332 2701 1624 2757 variatione
1663 2713 1919 2767 persona-

332 2814 461 2856 sum
492 2795 970 2866 semper_elﬁcitur
995 2839 1008 2863 ,
1046 2794 1170 2848 dum
1204 2792 1438 2848 vicarius
1479 2791 1580 2845 sibi
1628 2803 1808 2844 sermo
1839 2789 1921 2842 ιιι-

331 2900 543 2947 terutra
611 2887 1001 2958 permutatione
1059 2884 1336 2940 succedit!
1387 2881 1495 2938 Sed
1560 2881 1923 2950 intelligamus

328 2989 540 3051 quanta
571 2980 642 3033 sit
675 2969 832 3048 hujus
863 2975 1014 3032 chori
1057 2975 1288 3046 gloriosa
1315 2975 1550 3030 societas
1577 2989 1592 3038 ;
1626 2981 1680 3027 ut
1711 2981 1764 3027 et
1805 2972 1920 3038 ipse

328 3088 552 3144 quoque
571 3072 830 3126 Dominus
857 3071 1009 3125 simul
1034 3067 1451 3139 dignatusl‘uerit
1477 3066 1730 3122 salutaria
1761 3064 1917 3122 verba

331 3165 615 3230 miscere,
654 3177 748 3233 pro
795 3164 987 3230 quibus
1031 3158 1148 3216 'non
1188 3168 1502 3229 aspernatus
1563 3168 1646 3214 est
1697 3158 1916 3213 humili-

329 3266 507 3313 tatem
534 3254 922 3310 incarnationis
951 3265 1243 3306 assumere.
1277 3249 1405 3304 Nam
1439 3257 1492 3303 et
1521 3263 1772 3303 numerus
1802 3249 1918 3317 ipse

332 3363 536 3417 magna
566 3346 702 3416 legis
722 3355 1054 3413 sacramenta
1083 3344 1371 3399 concludit.
1398 3342 1656 3396 Denarius
1687 3343 1919 3411 pertinet

333 3440 409 3494 ad
445 3441 769 3508 Decalogum
806 3439 1015 3492 Veteris
1061 3435 1426 3499 Testamenti,
1474 3434 1806 3503 septenarius
1850 3433 1916 3488 ad

332 3531 709 3601 septiformem
739 3529 991 3598 Spiritum
1027 3529 1154 3598 (εὼ,
1187 3528 1416 3597 Spiritus
1443 3525 1713 3596 gratiam);
1745 3525 1835 3595 qui
1865 3526 1917 3580 in

335 3639 497 3676 unam
522 3621 835 3677 societatem
869 3620 1106 3684 deducti,
1139 3618 1380 3674 efﬁciunt
1403 3617 1587 3672 decem
1611 3626 1664 3672 ct
1685 3627 1912 3686 septem.

333 3714 428 3768 Sic
455 3715 725 3782 przecipua
759 3710 1009 3781 mysteria
1038 3718 1234 3764 sanetae
1259 3709 1388 3779 legis
1423 3709 1608 3778 psalmi
1638 3709 1792 3765 istius
1814 3723 1916 3762 nu-

339 3821 491 3860 mero
521 3805 890 3859 continentur.

611 3907 973 3969 ΕΧΡΟΞΠΙΟ
1014 3912 1077 3967 lN
1115 3912 1438 3970 PSALMUM
1477 3910 1665 3966 XVI".

777 4003 841 4058 In
869 4007 1020 4071 ﬁnem
1046 4003 1274 4075 psalmus
1302 4003 1490 4058 David.
1608 4004 1640 4012 ““

414 4120 697 4185 Inscriptio
738 4118 836 4172 ista
892 4117 1202 4186 frequenter
1247 4119 1489 4187 exposita
1544 4127 1665 4186 est,
1724 4116 1916 4187 psalmi

336 4212 481 4264 dit-ta
515 4211 757 4263 referens
782 4209 845 4261 ad
883 4208 1162 4262 Dominum
1190 4207 1457 4262 Christum
1485 4225 1498 4261 :
1531 4209 1598 4263 de
1636 4209 1788 4278 cujus
1811 4208 1920 4277 pri-

335 4318 433 4356 mo
463 4301 693 4354 adventa
743 4301 1000 4370 propheta
1046 4302 1285 4355 dicturus
1340 4311 1453 4367 est,
1505 4302 1646 4356 unde
1683 4299 1918 4370 suscepit

334 4396 595 4450 inimicus
623 4408 893 4460 occasum,
927 4405 977 4448 et
1004 4395 1285 4448 humanum
1306 4408 1471 4466 genus
1497 4394 1764 4463 singulare
1782 4407 1918 4463 pra!-

2018 483 2163 538 solos
2189 499 2371 539 revera
2399 485 2611 539 Domini
2645 484 2828 540 laudes
2850 500 3064 552 canere,
3112 487 3203 557 qui
3235 489 3302 543 ab
3353 489 3474 558 ejus
3501 507 3593 544 ue—

2017 575 2193 628 sciuut
2223 577 2690 645 praedicationibus
2715 575 3046 646 discrepare.

2554 727 2821 794 Expositio
2849 729 3050 800 psalmi.

2093 874 2244 933 Vers.
2298 880 2345 932 l.
2380 879 2502 933 Caeli
2529 890 2767 932 enat-rant
2795 879 3012 950 gloriam
3042 881 3137 934 Dei
3162 924 3174 943 ,
3205 891 3254 935 et
3293 898 3452 951 opera
3481 900 3592 936 ma-

2020 983 2182 1023 nuum
2227 970 2344 1040 ejus
2395 970 2668 1023 annuntiat
2713 969 3112 1037 firmamentum.
3143 971 3394 1038 Quamvis
3441 983 3496 1028 et
3525 973 3594 1028 ad

2019 1059 2248 1116 litteram
2273 1061 2440 1129 possit
2469 1060 2711 1130 intelligi,
2737 1062 2904 1116 caelos
2926 1075 3205 1117 enarrasse
3228 1059 3451 1132 gloriam
3480 1064 3595 1128 Dei,

2019 1165 2141 1206 cum
2172 1151 2350 1221 Magos
2390 1152 2454 1205 ad
2494 1152 2768 1207 Bethleem
2809 1151 3086 1207 venientes
3121 1153 3228 1207 dux
3264 1154 3421 1209 stella
3460 1169 3598 1222 prat-

2021 1244 2280 1310 cesserit,
2311 1258 2429 1313 qua:
2459 1252 2608 1298 stans
2648 1258 2806 1314 supra
2854 1244 3116 1298 cunabula
3157 1244 3274 1314 ejus
3300 1286 3315 1308 ,
3361 1247 3597 1300 ostendit

2022 1336 2236 1390 Domini
2262 1336 2555 1392 Salvatoris
2599 1336 2886 1391 adventum
2910 1334 3124 1407 (Matth.
3150 1351 3213 1400 tt,
3241 1334 3330 1409 {0)
3357 1376 3372 1401 ,
3421 1347 3596 1392 tamen

2023 1426 2127 1482 hoc
2164 1428 2355 1482 melius
2377 1428 2442 1480 ad
2472 1428 2745 1495 apostolos
2775 1428 3139 1484 convertimus
3176 1436 3231 1483 et
3269 1428 3556 1498 prophetas
3582 1471 3596 1494 .

2024 1521 2116 1592 qui
2142 1521 2211 1577 de
2251 1521 2479 1578 adventu
2527 1522 2693 1591 ipsius
2737 1523 3071 1591 disserendo,
3098 1523 3284 1580 orbem
3336 1533 3597 1580 terrarum

2026 1611 2223 1666 sanctis
2245 1609 2694 1666 admonitionibus
2724 1611 3097 1681 impleverunt.
3132 1613 3188 1668 In
3233 1614 3429 1685 quibus
3461 1617 3611 1670 Dcus’

2029 1709 2282 1773 tanquam
2313 1702 2365 1756 in
2391 1701 2552 1757 caelis.
2572 1701 2851 1770 habitavit,
2877 1704 2968 1772 qui
2989 1715 3177 1759 cuncta
3205 1706 3313 1761 late
3361 1707 3610 1775 comple--

2027 1794 2209 1862 ctitur,
2227 1809 2330 1848 non
2359 1810 2422 1850 ex
2439 1801 2608 1862 parte,
2623 1794 2716 1848 sed
2750 1803 2856 1849 tota
2885 1810 2978 1850 eos
2999 1795 3104 1866 65
3131 1796 3460 1865 plenitudine
3487 1814 3597 1851 sum

2024 1884 2318 1954 maiestatis
2338 1883 2663 1954 ingrediens.
2691 1884 2819 1940 Pars
2841 1885 2984 1940 enim
3011 1885 3064 1939 in
3091 1886 3200 1941 Deo
3230 1902 3336 1942 non
3365 1897 3469 1952 est,
3502 1889 3596 1940 sed

2030 1977 2226 2049 ubique
2256 1985 2396 2032 totus
2416 1984 2470 2032 et
2491 1977 2679 2044 plenus
2709 1987 2812 2032 est.
2845 1977 3010 2044 lmpio
3034 1978 3230 2048 quippe
3256 1976 3448 2034 dicitur
3478 1994 3492 2032 :
3519 1977 3599 2032 Tu

2009 2069 2130 2145 quis
2156 2084 2230 2137 es,
2257 2070 2347 2139 qui
2366 2084 2578 2124 enarras
2615 2069 2832 2140 gloriam
2864 2084 3026 2123 meam
3051 2067 3165 2142 (Ps.
3184 2086 3326 2138 χιιι,
3352 2071 3470 2139 16)?
3500 2072 3598 2126 Sa-

2020 2160 2222 2233 quitur,
2254 2173 2299 2216 et
2327 2179 2482 2232 opera
2508 2179 2753 2216 manuum
2779 2164 2910 2233 ejus,
2951 2163 3139 2232 idest,
3173 2164 3287 2233 ipse
3325 2163 3485 2218 homo
3510 2164 3599 2233 qui

2021 2255 2268 2311 manibus
2297 2256 2414 2326 ejus
2443 2256 2616 2310 factus
2645 2266 2748 2311 est.
2773 2257 2879 2311 Sed
2917 2255 3021 2312 hoc
3049 2256 3116 2311 ad
3167 2256 3377 2312 laudem
3406 2257 3599 2312 dicitur

2022 2349 2422 2417 prophetarum,
2472 2357 2529 2401 ut
2579 2347 2863 2403 cum'sint
2905 2362 3066 2417 opera
3111 2347 3248 2417 ejus,
3281 2349 3600 2402 annuntiara

2022 2450 2332 2495 mereantur
2344 2437 2618 2495 Creatoris
2640 2441 2720 2496 sui
2744 2440 3036 2496 reverenda
3063 2442 3334 2512 mysteria.
3359 2440 3598 2506 Addidit,
3655 2461 3660 2464 ·

2024 2531 2296 2584 annuntiat
2325 2531 2722 2600 ﬁrmamentum,
2758 2533 3165 2601 prmdicationes
3188 2533 3399 2589 scilicet
3427 2533 3597 2588 incar-

2023 2620 2253 2674 nationis
2279 2619 2413 2689 ejus,
2445 2635 2539 2689 per
2568 2637 2725 2689 quam
2761 2621 2886 2677 ﬁdei
2916 2631 3114 2678 nostrae
3143 2623 3385 2678 soliditas
3413 2623 3597 2678 incon-

2025 2725 2178 2766 cussa
2217 2712 2478 2780 provenit.
2517 2713 2583 2765 Et
2623 2721 2746 2766 nota
2775 2713 2897 2782 quia
2937 2715 3021 2768 liic
3049 2715 3274 2781 dicitur,
3307 2715 3469 2770 homo
3507 2715 3598 2771 Dei

2024 2803 2270 2857 manibus
2298 2801 2490 2858 lactus.
2534 2804 2662 2857 item
2690 2803 2880 2872 legitur
2907 2823 2919 2856 :
2952 2804 3018 2856 Et
3046 2807 3246 2860 aridum
3277 2815 3456 2861 manus
3485 2811 3598 2877 ejus

2023 2894 2283 2962 ﬁnxerunt
2311 2892 2483 2964 (Psal.
2515 2909 2656 2961 χειν,
2684 2891 2760 2965 5).
2799 2893 2909 2949 Sed
2930 2895 3029 2949 hoc
3057 2895 3300 2950 humanm
3337 2899 3598 2965 operatio-

2025 2983 2110 3037 nis
2140 2983 2332 3038 allusio
2360 2993 2466 3050 est,
2502 2999 2622 3054 quae
2652 2984 2772 3040 sine
2811 2985 3056 3038 manibus
3092 2986 3287 3054 aliquid
3338 2987 3599 3043 fabricare

1943 3117 1994 3182 ο
2028 3090 2134 3130 non
2166 3077 2443 3145 praeralet.
2477 3078 2742 3131 (Steterunt
2775 3079 2955 3131 omnia
2982 3078 3126 3132 Deus
3171 3079 3462 3133 voluntatis
3483 3094 3597 3133 sua:

2022 3167 2227 3222 creavit
2280 3168 2538 3237 imperio,
2591 3173 2729 3223 sicut
2779 3169 3012 3238 legitur:
3059 3169 3183 3239 Ipse
3232 3172 3360 3225 dixit
3393 3182 3438 3226 et
3465 3174 3600 3243 facta

2021 3269 2157 3325 sunt,
2189 3261 2299 3330 ipse
2325 3263 2583 3314 mandavit
2611 3271 2656 3316 et
2683 3270 2855 3316 creata
2881 3271 3001 3315 sunt
3039 3262 3057 3332 (
3080 3261 3226 3317 Psal.
3257 3278 3471 3333 cxu'ttt,
3497 3264 3529 3319 5
3556 3266 3596 3335 ).

2097 3368 2244 3424 Vers.
2274 3370 2328 3424 2.
2361 3369 2481 3425 Dies
2512 3371 2613 3424 diei
2641 3381 2831 3426 eructat
2858 3373 3086 3440 verbum,
3131 3383 3178 3427 et
3210 3391 3311 3428 πω)
3343 3378 3478 3429 uorti
3515 3378 3598 3430 in-

2021 3465 2158 3518 dicat
2182 3467 2461 3521 scientiam.
2509 3466 2626 3519 Dies
2672 3468 2773 3520 diei
2810 3467 3068 3522 eructabal
3109 3471 3332 3536 verbum,
3387 3473 3599 3541 quando

2021 3557 2278 3612 Dominus
2312 3559 2624 3627 loquebatur
2651 3560 2927 3629 apostolis.
2963 3561 3079 3630 Ipse
3109 3561 3250 3616 enim
3283 3564 3460 3618 divina
3482 3563 3608 3619 cla?

2020 3650 2178 3705 ritate
2209 3650 2493 3716 irradians,
2523 3652 2684 3706 corde
2715 3653 3012 3720 purissimis
3047 3655 3208 3709 verba
3241 3657 3477 3711 ctelestis
3516 3660 3597 3710 ιιι-

2023 3743 2179 3797 minis
2227 3743 2522 3798 inlitnabat.
2563 3735 2849 3799 'Eructabat
2900 3746 3042 3801 enim
3096 3749 3321 3815 verbum,
3375 3765 3495 3803 cum
3529 3751 3595 3805 de

2024 3834 2145 3888 imis
2186 3835 2546 3902 penetrabbus
2596 3851 2872 3890 sermones
2919 3837 2970 3891 in
3005 3850 3310 3892 sanctorum
3357 3842 3598 3894 notitiam

2022 3924 2366 3994 perducebat.
2417 3925 2538 3980 No.1:
2585 3937 2760 3982 autem
2812 3931 2944 3982 nocti
2992 3930 3250 3982 indicabat
3298 3933 3594 3997 scientiam,

2022 4020 2234 4089 quando
2279 4019 2443 4074 ludas
2471 4017 2741 4072 Christum
2782 4020 2980 4074 Judaeis
3016 4022 3244 4088 prodidit
3290 4038 3350 4075 ac
3383 4024 3599 4076 tradidit

2021 4113 2368 4168 occidendum
2407 4112 2618 4183 (Matth.
2659 4130 2811 4183 xxvi,
2850 4121 2957 4181 tis).
2993 4113 3236 4169 Indicare
3262 4118 3400 4170 enim
3431 4120 3597 4186 perii-

2022 4195 2111 4261 net
2135 4205 2199 4258 ad
2230 4207 2608 4274 prodltionetn.
2637 4206 2764 4260 Tale
2795 4207 2937 4260 enim
2967 4207 3104 4261 inter
3127 4223 3184 4264 se
3213 4209 3450 4265 fecerant
3473 4227 3599 4266 eon-

2022 4299 2296 4364 stitutum,
2329 4307 2385 4352 ut
2410 4298 2555 4352 illum
2589 4307 2854 4365 tenerent,
2887 4316 3042 4370 quem
3074 4301 3262 4356 luisset
3291 4307 3596 4358 sceleratis-

2022 4391 2190 4448 simus
2228 4393 2520 4448 osCtilatus.
2569 4393 2614 4448 0
2662 4393 3100 4449 nefandissimum
3154 4397 3507 4464 proditorem,
3546 4410 3604 4472 et.

335 4488 561 4542 sidiam.
595 4487 698 4541 Per
739 4487 877 4540 hunc
904 4489 1044 4541 enim
1079 4496 1333 4556 tyrannus
1364 4487 1452 4542 ille
1495 4488 1746 4554 religatus
1771 4487 1918 4556 inge-
1949 4481 2161 4552 Djuste
2201 4498 2230 4536 a
2258 4482 2533 4537 beatorum
2580 4484 2835 4538 societate
2865 4483 3186 4539 discretum!
3213 4486 3314 4540 l’t-r
3355 4489 3594 4542 osculum

335 4580 476 4633 niuit
497 4621 513 4645 ,
546 4589 600 4634 et
643 4579 916 4633 absolutus
961 4590 1044 4633 est
1084 4579 1246 4632 homo
1273 4582 1476 4647 potius,
1508 4579 1595 4647 qui
1627 4577 1919 4632 mortiferis

337 4673 573 4725 vinculis
603 4671 883 4725 tenebatur
918 4672 1200 4726 obnoxius.
1233 4672 1501 4726 Memento
1533 4685 1662 4725 vero
1692 4671 1815 4739 quia
1851 4670 1919 4725 de

335 4767 530 4818 eadem
565 4777 624 4816 re
652 4761 738 4815 hic
770 4763 968 4829 primus
995 4774 1074 4816 est
1099 4762 1364 4831 psalmus;
1401 4773 1696 4832 sequuntur
1737 4771 1915 4815 autem

335 4856 429 4907 alii
470 4866 735 4924 quatuor,
771 4853 822 4908 id
855 4863 964 4918 est,
998 4855 1421 4924 septuagesimus
1457 4868 1662 4924 nonus,
1695 4863 1917 4924 octnge-

335 4953 516 5001 δίωκε
535 4960 760 5016 quartus
785 4987 799 5013 ,
833 4948 1205 5017 nonagesimus
1235 4958 1439 5012 sextus,
1464 4954 1518 5003 et
1538 4946 1919 5018 nonagesimus

333 5045 626 5108 septimus.

922 5132 1114 5188 Diuisio
1139 5133 1347 5206 psalmi.
1379 5109 1397 5138 ‘

410 5244 516 5299 Per
542 5252 710 5298 totum
750 5245 1008 5312 psalmum
1037 5247 1314 5314 propheta:
1341 5246 1500 5302 verba
1534 5254 1677 5300 sunt.
1734 5245 1907 5300 Prima

331 5338 574 5392 rnmtio
603 5338 721 5405 ejus
750 5337 930 5390 laudat
961 5339 1168 5392 Domini
1199 5339 1596 5408 prtedicatores,
1631 5339 1745 5405 ipse
1789 5353 1920 5406 quo-

328 5445 437 5499 que
460 5430 531 5484 de
559 5429 681 5496 ejus
708 5429 791 5482 inc
814 5427 1074 5483 rnatione
1117 5429 1528 5496 speciosissimis
1556 5429 1914 5497 Comparatio-

332 5527 495 5576 nibus
525 5521 692 5575 verba
736 5519 1082 5588 snlojutigcns.
1133 5521 1383 5576 Secunda
1424 5522 1606 5576 laudat
1648 5532 1907 5589 praecepta

328 5617 464 5672 \‘.ni
491 5623 546 5667 et
574 5611 784 5665 Veteris
811 5609 1159 5665 Tectamenti.
1193 5613 1367 5665 Tertia
1416 5614 1482 5664 ali
1511 5613 1734 5666 occultis
1770 5613 1911 5664 vitiis

325 5704 550 5773 purgari
576 5721 638 5760 se
667 5719 696 5756 a
723 5706 850 5757 llom
879 5719 946 5756 no
972 5704 1314 5770 deprecatur;
1348 5717 1400 5760 tit
1426 5723 1546 5762 eum
1571 5706 1671 5760 sibi
1696 5708 1909 5775 lllgllllill

617 5796 900 5856 PaTROL.
950 5795 1144 5859 LXX.

2024 4592 2238 4632 causam
2267 4576 2393 4631 fecit
2421 4576 2604 4630 venire
2654 4575 2921 4646 interitus,
2957 4593 3052 4645 per
3082 4577 3222 4648 quod
3254 4577 3468 4634 humani
3501 4597 3599 4652 ge-

2024 4668 2168 4721 neris
2196 4667 2497 4721 declaratur
2525 4665 2768 4720 allectus.
2802 4665 2932 4720 Nam
2965 4667 3102 4736 quod
3132 4669 3265 4720 diem
3296 4669 3397 4721 diei
3423 4680 3465 4722 et
3503 4687 3599 4724 no-

2023 4769 2148 4812 ctem
2172 4760 2306 4812 nocti
2335 4759 2684 4827 comparavit,
2719 4769 3094 4827 argumentum
3123 4771 3204 4814 cst
3234 4760 3373 4832 quod
3401 4761 3598 4817 dicitur

2025 4865 2053 4903 a
2097 4851 2243 4918 pari;
2275 4849 2412 4903 sicut
2440 4858 2492 4902 et
2520 4850 2573 4902 in
2614 4850 3023 4920 quadragesimo
3065 4851 3235 4918 primo
3283 4851 3488 4918 psalmo
3520 4852 3600 4905 tli-

2025 4951 2206 4995 cturus
2222 4950 2303 4995 est
2333 4955 2346 4994 :
2371 4941 2592 5009 Abyssus
2621 4943 2855 5010 abyssum
2895 4942 3106 5006 invocat,
3136 4942 3187 4994 in
3236 4957 3350 4994 uoce
3396 4951 3601 4994 catara-

1995 5045 2218 5105 ‘clarum
2245 5043 2446 5086 tuarum
2476 5031 2644 5102 (Psal.
2677 5047 2760 5086 XLI
2781 5073 2794 5094 ,
2833 5033 2912 5100 8).

2103 5145 2249 5200 Vers.
2281 5148 2334 5200 ὃ.
2363 5145 2480 5198 Non
2503 5155 2616 5199 sunt
2643 5145 2859 5213 loquela:
2882 5162 3039 5215 neque
3069 5161 3349 5212 sermones,
3373 5163 3590 5214 quorum

2030 5259 2129 5295 non
2159 5241 2434 5294 audiantur
2459 5256 2600 5294 uoces
2621 5255 2814 5293 eorum.
2850 5239 3100 5307 Negando
3123 5239 3297 5294 nullos
3326 5253 3448 5294 esse
3495 5257 3600 5293 ser-

2029 5351 2198 5388 mones
2221 5350 2392 5404 ncque
2420 5335 2645 5402 loquelas
2670 5347 2804 5401 quas
2837 5331 3064 5400 apo~tuli
3091 5331 3448 5395 reticuissent,
3476 5332 3602 5386 illud

2029 5427 2236 5479 videtur
2273 5424 2563 5492 praedicare
2591 5423 2729 5490 quod
2771 5422 2964 5491 linguis
3000 5429 3153 5474 erant
3184 5420 3422 5475 omnium
3467 5437 3602 5492 gen-

2029 5520 2156 5572 tiutn
2199 5515 2379 5569 divina
2427 5515 2773 5581 inSpirationc
2816 5513 3063 5569 locuturi.
3098 5512 3374 5568 Sermones
3403 5516 3601 5585 quippe

2029 5611 2262 5678 ipsorum
2290 5617 2346 5663 ct
2373 5608 2586 5677 loquela:
2617 5623 2712 5673 per
2738 5609 2921 5662 orbem
2971 5616 3230 5662 terrarum
3263 5609 3599 5678 praedicatio.

2030 5707 2108 5758 nis
2140 5705 2379 5757 libertate
2407 5707 2718 5756 sonuerunt.
2755 5700 3030 5754 Sermones
3060 5701 3329 5768 pertinent
3362 5703 3428 5756 ad
3454 5718 3600 5758 tom-

3156 5792 3193 5854 5
