4008 6182
402 343 442 397 ’⁵1
456 342 522 397 39

1638 333 1707 390 Μ.
1751 333 2026 391 AURELII
2064 330 2462 391 CASSIODORI

3561 335 3661 392 1ῑο

420 467 605 510 munus
647 452 995 517 narrationes,
1025 449 1235 521 loquelas
1262 448 1329 501 ad
1378 446 1617 517 publicas
1670 448 1982 515 suasiones;
2017 450 2067 510 Α
2091 445 2342 501 occurrit.
2378 445 2546 514 Usque
2572 446 2641 499 ad
2668 462 2922 502 summum
2966 453 3094 520 ejus,
3147 452 3338 506 iterum
3368 451 3661 507 secundum

418 546 557 615 quod
592 554 873 613 utrumque
902 544 1173 610 apostolos
1202 539 1391 593 fecisse
1420 537 1787 594 certissimum
1812 546 1917 593 est.

490 637 641 691 Vcrs.
674 639 728 692 4.
762 633 827 688 In
852 650 1051 688 omnem
1075 641 1263 686 terram
1293 631 1449 685 exivit
1472 646 1626 685 sonus
1646 646 1844 693 eorum,
1869 639 1915 683 et
1940 630 1991 683 in

419 728 544 794 ﬁnes
569 728 702 779 orbis
733 736 881 777 terra:
909 723 1057 778 verba
1081 738 1296 784 eorum;
1328 722 1379 774 in
1407 723 1516 775 sole
1546 724 1712 790 posuit
1748 723 1990 773 taberna-

416 818 587 869 culum
608 831 776 869 suum.
811 814 1017 868 Terram
1046 814 1131 868 hic
1155 813 1423 866 hominem
1447 812 1701 866 debemus
1722 811 1988 879 accipere,

418 907 507 976 qui
541 915 595 960 et
622 904 809 960 audire
837 905 1004 973 possit
1038 915 1090 959 et
1119 904 1361 959 credere.
1402 903 1574 958 Sanus
1603 915 1736 957 vero
1766 901 1994 956 miracu-

422 999 593 1052 lorum
627 997 764 1050 fama
796 1005 899 1061 eSt,
934 1011 1052 1066 qua:
1099 1010 1195 1064 pro
1247 996 1359 1065 ipsa
1408 993 1643 1048 novitate
1674 1007 1768 1061 per
1806 1000 1993 1062 gentes

422 1088 657 1161 singulas
684 1087 973 1144 excellenti
1012 1086 1264 1157 opinione
1312 1085 1583 1140 cnrrebat.
1625 1082 1781 1138 Fines
1811 1090 1989 1138 autem

418 1191 570 1236 terra:
598 1192 719 1235 sunt
755 1195 927 1249 reges,
951 1179 1041 1247 qni
1069 1179 1221 1248 quasi
1243 1178 1455 1232 termini
1486 1192 1737 1247 agrorum
1767 1191 1859 1230 sua
1906 1190 1993 1231 re-

419 1288 524 1343 gna
560 1274 897 1334 custodiunt;
932 1282 990 1335 ut
1018 1287 1123 1327 non
1172 1273 1344 1326 solum
1383 1272 1449 1325 ad
1503 1271 1750 1336 humiles,
1806 1285 1989 1325 verum

419 1366 581 1420 etiam
620 1364 685 1423 ad
716 1365 981 1433 principes
1023 1364 1259 1433 gentium
1292 1362 1564 1430 Evangelii
1596 1361 1754 1417 verba
1800 1376 1989 1430 perve-

420 1459 568 1511 nisse
614 1455 973 1512 declarentur.
1016 1454 1268 1523 Sequitur
1310 1453 1379 1507 de
1435 1451 1801 1507 incarnatione
1834 1449 1992 1505 Verbi

425 1548 697 1614 propheta:
727 1554 909 1599 sancta
942 1544 1286 1613 praedicatio;
1318 1553 1376 1596 ut
1405 1546 1506 1597 hoc
1534 1543 1675 1610 quod
1704 1541 1835 1594 alios
1871 1554 1994 1609 ges-

422 1640 559 1693 sisse
603 1637 857 1707 laudavit,
914 1638 1029 1706 ipse
1076 1649 1287 1705 quoque
1330 1632 1525 1688 fecisse
1567 1632 1859 1686 videretur.
1911 1631 1993 1685 Ab

422 1730 677 1800 apostolis
706 1731 903 1800 quippe
935 1728 1145 1781 transiit
1177 1726 1244 1781 ad
1283 1741 1566 1796 personam
1600 1726 1827 1781 Domini.
1864 1726 1992 1793 Quae

2093 539 2369 604 deitatem,
2416 552 2519 605 qua
2550 537 2692 593 Patri
2723 538 2884 594 Filius
2910 554 3125 611 semper
3153 542 3371 612 :equalis
3398 542 3664 597 estNam

2093 641 2215 682 cum
2245 627 2392 681 venit
2419 643 2452 680 a
2476 643 2691 694 summa,
2726 629 2780 683 in
2814 630 2957 685 nullo
2984 632 3162 686 minor
3194 632 3320 697 fuit;
3357 647 3477 687 cum
3506 633 3667 689 rediit

2093 717 2158 771 ad
2196 730 2495 788 summum,
2530 718 2673 773 Deus
2720 720 2879 775 homo
2922 722 3142 792 aequalis
3171 724 3313 779 Patri
3357 723 3411 779 in
3453 724 3667 781 deitatis

2094 810 2411 875 substantia,
2444 809 2586 864 sicut
2613 820 2858 876 venerat,
2910 825 3239 881 perseverat,
3290 818 3374 870 cui
3411 817 3542 873 nihil
3570 819 3667 873 hu-

2094 913 2250 953 mana
2276 899 2508 954 detraxit
2537 900 2829 956 humilitas.
2854 902 2991 959 Nam
3016 906 3161 974 quod
3192 908 3264 961 ait
3294 925 3307 959 :
3343 906 3453 963 Nec
3478 916 3552 963 est
3577 911 3666 980 qui

2093 1006 2147 1043 se
2174 991 2449 1045 abscondat
2472 1008 2509 1044 α
2536 993 2706 1046 calore
2731 994 2864 1063 ejus,
2894 992 3155 1063 Spiritum
3184 1007 3426 1053 sanctum
3452 1000 3666 1057 videtur

2094 1083 2415 1152 significare,
2443 1100 2599 1154 quem
2638 1099 2757 1155 post
2792 1089 3162 1144 ascensionem
3198 1090 3473 1162 discipulis
3498 1093 3663 1150 misit.

2095 1176 2151 1229 In
2204 1176 2424 1230 Actibus
2472 1178 2612 1231 enim
2654 1169 3029 1246 apostolorum
3084 1181 3289 1251 legitur
3329 1184 3462 1253 (Act.
3514 1199 3574 1254 tt,
3604 1187 3663 1257 5)

2095 1267 2268 1335 ignem
2305 1267 2644 1336 apparuisse,
2688 1270 2776 1338 qui
2815 1284 2974 1339 supra
3012 1286 3443 1342 unumquemque
3479 1290 3662 1331 eorum

2095 1358 2357 1424 insidens,
2395 1360 2631 1429 gentium
2675 1361 2837 1416 variis
2872 1362 3068 1433 linguis
3102 1378 3195 1419 eos
3233 1365 3457 1421 faciebat
3490 1367 3661 1423 effari.

2098 1449 2216 1518 Ipse
2243 1463 2372 1518 ergo
2398 1452 2538 1503 calor
2564 1460 2663 1516 eet,
2696 1466 2725 1505 a
2754 1466 2859 1521 quo
2888 1467 3044 1507 nemo
3073 1454 3243 1522 possit
3266 1456 3548 1522 abscondi,
3572 1460 3662 1528 qui

2094 1538 2309 1594 deitatis
2340 1555 2451 1595 suae
2478 1542 2713 1611 petentia
2742 1542 3158 1615 uniuscujusque
3184 1546 3344 1601 corda
3372 1550 3660 1619 cognoscit.

2099 1634 2170 1688 lta
2200 1634 2302 1689 hoc
2342 1650 2449 1690 uno
2470 1638 2756 1703 versiculo,
2784 1647 2981 1693 sanetae
3009 1638 3289 1695 Trinitatis
3316 1641 3544 1711 ingentis
3574 1658 3664 1698 sa-

2096 1737 2366 1781 cramenta
2394 1728 2753 1785 declarantur.
2785 1733 2850 1786 Et
2886 1731 3093 1786 intuere
3118 1733 3566 1803 quemadmodum
3599 1737 3662 1789 ιε.

426 1824 591 1891 ligura
616 1821 811 1879 dicitur
839 1819 1099 1889 exaltage,
1132 1817 1183 1872 id
1212 1827 1295 1873 est
1320 1819 1660 1886 permutatio.
1696 1816 1757 1869 In
1780 1818 1905 1883 sole,
1937 1816 1992 1871 in
2026 1810 2071 1876 Β
2096 1825 2182 1872 cet
2205 1816 2273 1872 de
2292 1818 2467 1872 tribus
2512 1821 2754 1885 personis
2800 1820 3025 1888 dicatur,
3054 1824 3558 1881 consubstantialem
3589 1838 3663 1883 ta-

426 1910 855 1967 ntanifestatione
882 1910 1063 1963 mundi
1093 1908 1245 1963 dicit.
1277 1906 1699 1973 Tabernaculum,
1728 1906 1781 1961 id
1811 1915 1894 1961 est
1915 1908 1994 1960 iu-

424 2003 780 2065 habitaculum
806 2002 1045 2073 corporis
1066 2002 1168 2056 sui.
1200 2001 1349 2070 Quod
1376 2001 1496 2057 ideo
1516 2002 1747 2055 arbitror
1770 2000 1991 2065 dictum,

422 2101 478 2153 in
514 2098 621 2153 sole
661 2099 990 2173 positum,-ut
1013 2098 1101 2164 qui
1133 2098 1345 2153 oculum
1370 2096 1547 2151 cordis
1580 2095 1739 2149 habet
1764 2094 1993 2163 purissi-

426 2205 594 2256 mum,
623 2188 945 2244 sacramenti
974 2188 1117 2242 illius
1144 2189 1439 2243 claritatem
1470 2194 1526 2242 et
1554 2186 1690 2241 ferre
1727 2186 1895 2255 possit
1931 2193 1995 2241 et

426 2298 685 2349 cernere;
714 2283 803 2353 qui
846 2298 975 2338 vero
1020 2284 1268 2337 limretica
1298 2284 1555 2352 pravitate
1604 2281 1860 2336 confusus
1888 2290 1991 2348 est,

426 2374 808 2429 incarnationis
846 2372 962 2442 ejus
988 2373 1191 2442 fulgore
1234 2386 1535 2442 percussus,
1566 2372 1762 2426 erroris
1787 2371 1868 2427 sui
1892 2370 1993 2439 lip-

426 2464 664 2534 pitudine
692 2473 932 2519 sancwm
970 2464 1170 2520 lumen.
1188 2464 1396 2519 Domini
1438 2478 1543 2519 non
1587 2464 1874 2532 praevaleat
1914 2463 1993 2517 in-

430 2559 588 2613 tueri.

496 2647 647 2704 Vers.
673 2648 727 2705 5.
760 2647 825 2704 Et
850 2649 958 2721 ipse
980 2658 1222 2721 tanquam
1247 2665 1461 2719 sponsus
1490 2648 1771 2719 procedens
1800 2647 1862 2701 de
1880 2646 1993 2700 tha-

424 2743 559 2798 lamo
602 2760 716 2811 suo,
746 2745 1014 2800 exsultavit
1047 2757 1099 2801 ut
1127 2746 1270 2816 gigas
1314 2744 1382 2797 ad
1410 2743 1715 2798 currendum
1738 2743 1892 2798 viam.
1925 2738 1993 2795 Et

422 2836 548 2901 ipse,
575 2835 847 2891 Christum
890 2835 1175 2889 Dominum
1207 2834 1359 2902 dicit,
1389 2834 1479 2903 qui
1507 2846 1748 2903 unquam
1775 2849 1993 2903 sponsus

425 2926 676 2982 Ecclesia:
704 2941 834 2990 suae,
882 2931 1126 2999 processit
1174 2927 1239 2981 de
1278 2926 1500 2980 thalamo
1542 2942 1658 2991 suo,
1690 2926 1739 2980 id
1792 2934 1877 2982 est
1923 2926 1994 2982 de

424 3024 577 3069 utero
622 3016 888 3087 virginali.
941 3016 1124 3086 Magna
1182 3016 1537 3073 similitudine
1594 3027 1990 3072 sacramentum

424 3108 537 3175 ejus
578 3108 958 3165 incarnationis
995 3110 1258 3178 exposuit.
1288 3110 1370 3163 0b
1397 3108 1497 3163 hoc
1524 3110 1666 3165 enim
1694 3110 1762 3165 de
1792 3112 1988 3164 intacto

2094 1922 2216 1962 men
2259 1907 2489 1961 servavit
2518 1912 2797 1964 unitatem.
2828 1912 2918 1966 Sic
2962 1914 3102 1967 enim
3142 1914 3386 1984 loquitur
3410 1917 3659 1984 dicendo,

2094 2000 2227 2069 ejus,
2256 2005 2506 2067 tanquam
2529 1998 2595 2052 de
2617 2014 2724 2053 uno
2755 2018 2768 2053 :
2795 2001 2919 2069 quia
2948 2015 3129 2056 sancta
3153 2003 3389 2059 Trinitas
3416 2020 3553 2061 unus
3582 2018 3664 2063 est

2095 2089 2273 2155 Dens,
2319 2084 2454 2145 sicut
2506 2090 2697 2160 legitur
2737 2110 2749 2144 :
2792 2094 2948 2159 Audi,
2995 2092 3180 2159 Israel,
3237 2094 3484 2152 Dominus
3531 2097 3666 2154 Deus

2095 2187 2229 2249 tuus,
2265 2178 2511 2234 Dominus
2536 2197 2670 2235 unus
2696 2192 2767 2236 est
2789 2182 2964 2255 (Deut.
2993 2198 3066 2245 Vt,
3095 2185 3173 2255 4).

2165 2273 2317 2328 Vere.
2359 2274 2411 2327 7.
2453 2272 2561 2326 Lex
2599 2273 2804 2328 Domini
2847 2276 3328 2343 irrcprchensibilis,
3378 2288 3665 2334 convertens

2094 2364 2313 2421 animas.
2346 2364 2572 2418 Ventum
2604 2372 2689 2419 est
2715 2364 2780 2418 ad
2811 2365 3099 2420 secundam
3128 2369 3486 2424 narrationem
3517 2385 3531 2424 :
3576 2370 3665 2425 ubi

2096 2467 2191 2521 per
2218 2468 2310 2507 sex
2343 2468 2525 2508 versus
2548 2454 2768 2525 singula:
2795 2469 2880 2509 res
2903 2455 3111 2510 diversa
3140 2457 3296 2512 laude
3317 2458 3659 2513 definiuntur.

2098 2545 2219 2600 llzec
2244 2546 2474 2615 septima
2526 2555 2610 2602 est
2652 2548 2864 2615 species
2911 2546 3238 2603 definitionis
3289 2562 3449 2620 quam
3492 2550 3663 2605 (ἔπειτί

2092 2638 2223 2692 κατὰ
2241 2638 2546 2712 μεταφορὰν,
2573 2636 2742 2692 Lstini
2766 2653 2863 2707 per
2884 2638 3285 2695 translationem
3313 2636 3513 2709 dicunt,
3538 2655 3663 2695 cum

2094 2743 2207 2783 rem
2228 2728 2460 2799 aliquam
2480 2730 2582 2785 sub
2598 2730 2745 2784 brevi
2774 2731 3043 2799 prteconio
3067 2745 3186 2801 qua:
3213 2733 3283 2787 sit
3310 2732 3659 2788 ostendimus.

2095 2820 2247 2885 Nunc
2272 2822 2336 2874 ad
2366 2821 2573 2890 singula
2598 2822 2711 2891 66
2739 2820 3035 2876 veniamus.
3069 2821 3177 2876 Lex
3200 2821 3340 2877 enim
3370 2822 3481 2889 illa,
3503 2839 3663 2893 quam

2096 2927 2191 2983 per
2221 2912 2438 2982 Moysen
2469 2912 2637 2979 dedit,
2666 2913 3123 2985 irrepreltensibilis
3151 2922 3242 2980 est,
3276 2915 3398 2983 quia
3430 2913 3663 2983 perfecta

2095 3004 2317 3061 veritate
2343 3005 2607 3069 consistit,
2630 3020 2749 3074 qua:
2777 3020 2869 3074 per
2894 3006 3174 3060 Dominum
3197 3005 3529 3061 Salvatorem
3556 3022 3661 3059 non

2095 3097 2442 3164 reprehensa,
2491 3096 2584 3151 sed
2619 3098 2791 3165 potius
2843 3096 3094 3166 probatur
3122 3096 3374 3165 impleta';
3418 3099 3492 3151 ait
3519 3099 3661 3153 enim

424 3213 577 3256 utero
615 3202 877 3270 processit
926 3200 1277 3270 dispositione
1315 3202 1573 3267 mirabili,
1630 3209 1687 3257 ut
1732 3203 1986 3257 mundum

2096 3190 2141 3244 in
2176 3188 2466 3260 Evangelia
2503 3206 2516 3243 :
2552 3188 2676 3242 Non
2702 3188 2815 3241 reni
2861 3190 3017 3259 legem
3063 3189 3275 3251 solvere,
3317 3188 3404 3241 sed
3456 3190 3663 3258 implere

425 3294 613 3349 Deitati
642 3294 1011 3363 reconcilians,
1062 3294 1351 3348 Ecclesiam
1382 3294 1484 3348 sibi
1513 3295 1693 3363 sponsi
1734 3294 1991 3351 cbaritate

423 3387 673 3442 sociaret.
715 3386 1054 3456 Quapropter
1100 3386 1294 3441 merito
1334 3385 1401 3441 de
1428 3385 1646 3457 Virgine
1675 3397 1828 3444 natus
1880 3399 1985 3458 est,

424 3480 513 3547 qui
543 3480 741 3548 Virgini
771 3487 886 3533 erat
918 3488 1104 3532 sancta
1130 3477 1468 3546 copulatione
1494 3478 1816 3547 iungendus.
1848 3479 1989 3535 Coo-

423 3583 555 3640 grne
582 3582 807 3638 namque
843 3582 1060 3636 sponsus
1086 3582 1113 3619 a
1143 3566 1454 3636 spondendo
1502 3568 1695 3622 dicitur
1723 3568 1986 3637 Chrisms,

424 3658 514 3727 qui
540 3660 694 3713 toties
724 3657 1017 3727 promissus
1037 3667 1115 3711 cst
1146 3671 1241 3726 per
1260 3657 1564 3726 prophetas.
1593 3657 1657 3710 Et
1684 3657 1817 3711 bene
1838 3658 1993 3712 Chri-

424 3759 539 3806 stus
566 3760 745 3804 noster
772 3763 912 3803 nunc
938 3747 1130 3819 giganti
1156 3756 1521 3815 comparatur,
1545 3748 1668 3817 quia
1705 3747 1990 3803 humanam

429 3852 669 3897 naturam
698 3842 945 3910 potentias
974 3855 1085 3894 sure
1116 3840 1479 3909 magnitudine
1508 3853 1791 3908 superans,
1811 3840 1988 3894 omnia

429 3932 747 3987 mundivitia
768 3946 887 3987 cum
913 3944 1011 3984 suo
1036 3929 1487 3985 truculentissimo
1513 3938 1731 3986 auctore
1756 3942 1994 4001 prostra-

426 4025 520 4076 vit.
551 4022 783 4077 Dicendo
804 4021 969 4084 enim,
1008 4021 1076 4073 ad
1102 4020 1401 4074 currendum
1421 4020 1574 4085 viam,
1597 4024 1828 4074 servavit
1850 4020 1991 4089 quod

424 4119 477 4173 in
508 4115 679 4185 primo
709 4115 911 4184 psalmo
940 4113 1092 4179 dixit,
1123 4121 1169 4166 et
1198 4113 1250 4166 in
1280 4113 1359 4166 via
1378 4123 1700 4183 peccatorum
1724 4128 1824 4165 non
1852 4115 1992 4166 stetit

426 4206 596 4279 (l’sal.
638 4221 679 4273 ι,
714 4205 787 4276 l).
830 4205 953 4259 "th
992 4205 1074 4258 via
1118 4217 1332 4257 cursum
1378 4204 1495 4271 ejus
1542 4202 1662 4256 vitas
1707 4200 1989 4272 signiﬁcat,

425 4314 581 4367 quam
614 4298 865 4350 Dominus
895 4294 1002 4364 egit
1033 4294 1192 4349 homo
1224 4303 1399 4357 natus,
1432 4294 1530 4348 hoc
1557 4301 1661 4360 est,
1691 4295 1814 4362 quia
1839 4305 1994 4348 natus

425 4397 526 4450 est,
550 4387 739 4451 crevit,
761 4386 961 4449 docuit,
989 4398 1175 4453 passus
1202 4394 1304 4449 est,
1339 4384 1651 4449 resurrexit,
1677 4384 1914 4440 ascendit
1938 4386 1990 4440 in

425 4477 612 4541 ccelos,
640 4476 788 4530 sedet
814 4474 881 4528 ad
907 4473 1181 4528 dexteram
1227 4473 1419 4529 Patris.
1450 4473 1637 4528 Merito
1678 4487 1806 4543 ergo
1833 4473 1989 4543 dixit,

2095 3281 2308 3351 (Matth.
2341 3296 2396 3349 v,
2426 3280 2540 3352 t7).
2572 3281 2637 3335 Et
2659 3294 2726 3335 ne
2752 3290 2898 3335 esset
2926 3280 3079 3334 nobis
3108 3280 3299 3350 rigoris
3334 3280 3448 3348 ejus
3483 3281 3662 3349 perni-

2092 3374 2239 3428 ciosa
2270 3373 2600 3443 desperatio,
2629 3372 2890 3441 adiunxit,
2930 3383 3224 3427 convertens
3251 3373 3469 3427 animas.
3514 3373 3661 3428 Illius

2092 3468 2233 3521 enim
2280 3464 2628 3521 districtio'llis
2678 3478 2848 3520 metus
2902 3474 3168 3520 errantem
3213 3464 3453 3533 corrigit,
3498 3474 3553 3520 et
3594 3465 3661 3519 ad

2092 3557 2287 3612 Christi
2320 3558 2541 3628 gratiam
2594 3557 2718 3611 facit
2764 3571 3062 3626 recurrere,
3108 3570 3229 3611 cum
3266 3570 3416 3626 spem
3448 3556 3501 3611 in
3548 3559 3664 3614 suis

2092 3650 2352 3717 coeperint
2376 3649 2577 3703 meritis
2606 3664 2709 3702 non
2741 3649 2958 3703 habere.

2161 3760 2316 3817 Vers.
2359 3762 2409 3815 8.
2458 3760 2827 3815 Testimonium
2868 3761 3073 3815 Domini
3128 3763 3301 3831 ﬁdele,
3353 3766 3658 3832 sapientiam

2094 3862 2339 3923 primum
2370 3853 2611 3918 parvulis.
2642 3852 2735 3906 llic
2755 3854 2819 3906 de
2848 3853 3001 3907 Patre
3023 3853 3149 3907 dicit
3173 3870 3186 3906 :
3213 3854 3459 3923 quoniam
3483 3856 3660 3910 omnia

2096 3943 2381 3997 testimonia
2406 3958 2522 4011 qua:
2550 3942 2697 3997 dedit
2724 3943 2916 4012 populo
2940 3943 3248 4011 lsraeliico,
3282 3947 3453 4013 ﬁdelia
3484 3946 3663 4016 utique

2064 4054 2067 4057 ν
2096 4035 2329 4103 fuerunt,
2363 4036 2484 4104 quia
2527 4034 2830 4103 plenissima
2862 4038 3084 4091 veritate
3114 4038 3382 4106 recognita
3410 4047 3533 4092 sunt
3564 4058 3577 4093 :
3609 4048 3665 4093 et

2095 4128 2399 4196 sapientiam
2427 4128 2653 4194 parvulis
2692 4128 3061 4198 praestiterunt,
3114 4143 3215 4183 non
3263 4130 3441 4199 utique
3472 4146 3661 4200 super-

2096 4219 2201 4287 bis,
2235 4234 2334 4273 nec
2361 4218 2563 4273 tumida
2595 4233 2654 4274 se
2683 4220 3274 4288 elationejactantibus,
3302 4223 3393 4274 sed
3420 4221 3665 4287 parvulis.

2098 4309 2309 4363 Parvuli
2362 4318 2537 4362 autem
2585 4317 2711 4363 sunt
2758 4309 2986 4363 humiles
3038 4322 3090 4362 et
3145 4309 3476 4376 innocentes,
3528 4309 3667 4363 sicut

2098 4401 2383 4473 Apostolus
2434 4410 2651 4455 monet:
2685 4400 2858 4453 Nolite
2907 4401 3054 4470 pueri
3100 4400 3223 4469 eﬂici
3278 4402 3528 4461 sensibus,
3577 4399 3667 4452 sed

2098 4496 2294 4549 malitia
2338 4495 2539 4563 parvuli
2590 4504 2742 4547 estote
2789 4491 2843 4566 (1
2871 4492 2990 4547 Cor.
3020 4508 3126 4557 xuv,
3158 4492 3272 4563 9.0).
3303 4490 3668 4546 Testimonium

424 4571 554 4623 viam
585 4570 827 4633 cucurrit,
858 4568 1010 4635 cujus
1040 4566 1092 4621 in
1124 4568 1264 4621 nulla
1294 4567 1476 4621 mundi
1502 4566 1793 4653 ambitione
1822 4570 1994 4638 potuit
2022 4564 2076 4626 Β
2103 4602 2312 4659 quoque
2343 4587 2430 4641 da,
2456 4586 2640 4654 Filius,
2674 4564 2812 4641 sicut
2855 4586 2922 4641 ad
2955 4586 3290 4641 Τίηιοιιιευπη
3339 4590 3412 4640 εει
3439 4587 3669 4656 Apost".

424 4673 574 4717 actus
597 4661 863 4716 haesitare.
899 4661 1023 4715 llaec
1047 4674 1142 4729 per
1160 4659 1470 4729 allegoricus
1499 4648 1873 4718 similitudines
1901 4662 1995 4717 de-

422 4764 606 4810 center
634 4767 886 4823 expressa
931 4762 1076 4821 sunt,
1104 4767 1223 4824 quas
1253 4752 1395 4806 aliud
1442 4753 1703 4820 dicentes,
1736 4754 1880 4810 aliud
1913 4756 1995 4809 in-

425 4850 588 4919 telligi
623 4846 962 4918 persuadent.

496 4940 647 4995 Vers.
676 4938 730 4995 6.
777 4938 821 4992 Α
850 4952 1045 4991 summa
1073 4936 1199 4992 caslo
1246 4938 1465 5007 egressio
1509 4939 1640 5009 ejus,
1670 4947 1715 4990 et
1752 4952 1991 4991 occursus

422 5036 533 5103 eius
570 5050 727 5102 usque
754 5034 823 5087 ad
848 5049 1102 5087 summum
1127 5033 1271 5097 eius;
1301 5047 1391 5084 nec
1420 5040 1492 5084 est
1521 5032 1609 5101 qui
1636 5046 1689 5084 se
1719 5031 1996 5085 abscondat

422 5145 453 5181 α
484 5125 652 5179 calore
694 5125 823 5195 ejus.
868 5122 923 5177 Si
968 5123 1274 5192 diligentius
1320 5122 1645 5187 intueamur,
1697 5122 1858 5175 totius
1910 5122 1996 5177 hic

422 5227 673 5283 tuaesms
704 5212 977 5267 Trinitatis
1009 5214 1325 5268 ostenditur.
1356 5212 1401 5266 Α
1421 5228 1618 5266 summa
1646 5212 1793 5279 celo,
1838 5213 1998 5268 Pater

421 5308 781 5380 significatur;
808 5306 1025 5376 egressio
1053 5306 1183 5377 ejus,
1217 5305 1507 5359 nativitatis
1536 5303 1677 5369 Filii,
1723 5319 1830 5358 non
1860 5312 1997 5358 tetn-

424 5402 642 5469 poralis,
672 5402 765 5456 sed
790 5408 1053 5453 coasterna
1085 5397 1249 5465 Patri,
1278 5412 1398 5467 qua:
1424 5406 1506 5452 est
1526 5404 1649 5450 ante
1669 5411 1828 5451 omne
1852 5399 1997 5466 prin-

422 5495 643 5564 cipium,
667 5491 862 5562 quippe
889 5503 1008 5545 cum
1037 5488 1207 5558 ipsum
1242 5488 1431 5541 Filium
1456 5496 1665 5542 constet
1691 5500 1809 5542 esse
1850 5489 1996 5556 prin-

422 5586 639 5655 cipium.
668 5586 923 5638 Occursus
960 5584 1071 5655 ejus
1116 5579 1408 5636 secundum
1454 5580 1725 5635 hominem
1778 5580 1992 5647 dicitur,

421 5679 543 5749 quia
575 5688 694 5748 post
738 5679 1157 5748 assumptionem
1188 5675 1396 5739 carnis,
1428 5675 1481 5730 in
1525 5685 1750 5745 utraque
1801 5684 1989 5729 natura

420 5769 667 5826 Christus
698 5783 1034 5838 permanens,
1085 5768 1149 5822 ad
1197 5768 1377 5824 sedem
1412 5774 1646 5838 paterna:
1694 5765 1987 5835 majestatis

2103 4680 2185 4734 lus
2217 4699 2231 4735 :
2268 4679 2519 4747 Prwcipio
2548 4679 2634 4731 tibi
2680 4694 2848 4739 coram
2874 4678 3014 4745 Deo,
3045 4680 3133 4746 qui
3159 4678 3374 4747 viviﬁrat
3403 4679 3593 4743 omnia,
3622 4687 3670 4731 et

2104 4768 2304 4824 Christo
2328 4768 2475 4837 Iesu,
2506 4768 2593 4839 qui
2620 4769 2961 4821 testimonium
2992 4768 3211 4821 reddidit
3233 4768 3323 4821 sub
3361 4765 3549 4821 Pontio
3577 4765 3671 4820 Pi-

2106 4858 2209 4912 lato
2240 4858 2290 4931 (ι
2326 4859 2455 4913 Tim.
2486 4875 2559 4925 vt,
2608 4857 2717 4927 il).
2759 4859 2898 4913 Iden
2956 4858 3023 4914 de
3068 4857 3265 4928 Spiritu
3311 4866 3496 4913 sancto
3540 4858 3673 4914 dicit

2103 4950 2387 5019 Apostolus
2417 4967 2431 5004 :
2469 4950 2605 5003 Nam
2636 4960 2682 5003 et
2728 4949 2833 5017 ipse
2864 4950 3087 5020 Spiritus
3131 4949 3474 5003 testinton-‘um
3499 4950 3672 5018 perbi-

2102 5044 2180 5096 bet
2207 5043 2414 5110 spiritui
2442 5052 2615 5097 nostro
2646 5041 2820 5112 (Rom.
2852 5057 2962 5107 vnt,
2998 5041 3107 5109 16).
3142 5040 3300 5094 Vides
3330 5040 3382 5093 in
3434 5039 3518 5094 illa
3548 5054 3673 5095 san-

2102 5144 2185 5190 cta
2230 5133 2511 5198 Trinitate,
2544 5147 2701 5201 quam
2735 5132 2865 5187 nihil
2894 5132 3166 5199 Scriptura
3200 5130 3375 5185 divina
3416 5130 3545 5186 velit
3575 5132 3674 5184 mi-

2104 5240 2203 5280 nus
2226 5226 2467 5293 majusve
2491 5224 2699 5291 sentiri,
2732 5233 2788 5278 ut
2816 5238 2912 5278 nec
2936 5224 3043 5292 ipsa
3071 5222 3282 5276 nomina
3307 5221 3535 5292 patiatur
3554 5236 3674 5277 esse

2105 5317 2297 5372 divisa.

2179 5410 2336 5467 Vers.
2378 5409 2432 5465 9.
2463 5408 2690 5463 Justititz
2718 5407 2926 5463 Domini
2952 5418 3121 5475 rectm,
3153 5388 3469 5475 (militantes
3496 5404 3675 5461 corda.

2105 5499 2308 5553 Revera
2356 5510 2523 5566 rectae,
2580 5500 2705 5570 quia
2758 5515 2863 5553 non
2915 5499 3070 5553 aliter
3100 5498 3439 5570 cognoscitur
3483 5495 3678 5552 fecisse

2103 5604 2259 5660 quam
2312 5589 2493 5644 docuit
2529 5606 2541 5642 :
2576 5592 2697 5660 quia
2748 5591 2961 5646 illorum
3004 5591 3208 5661 iustitia
3237 5597 3383 5646 recta
3432 5602 3539 5643 non
3569 5596 3674 5655 est,

2102 5681 2293 5750 quibus
2335 5681 2472 5735 aliud
2505 5694 2586 5737 eet
2616 5683 2664 5737 in
2696 5698 2806 5747 ore,
2840 5683 2978 5737 aliud
3022 5681 3073 5737 in
3115 5696 3296 5747 opere.
3327 5679 3674 5749 Ltztiﬁcantes

2102 5770 2277 5837 corda,
2310 5769 2529 5825 subaudi
2555 5770 2845 5840 justorum,
2893 5772 2981 5843 qui
3028 5771 3096 5826 de
3141 5769 3342 5840 judicio
3376 5769 3466 5825 Dei
3498 5768 3676 5824 laetiti-
