4008 6182
308 306 404 361 HI

1187 299 1555 360 EXPOSITIO
1590 297 1656 355 iN
1694 295 2147 353 PSALTE’lllUM.
2187 294 2384 353 ‘PSAL.
2428 294 2603 353 XVIII.

3457 297 3557 351 lli

308 426 496 473 cantur
525 435 538 471 :
567 418 693 487 quia
721 426 917 473 norunt
942 430 1003 472 se
1022 413 1407 472 misericordia:
1428 410 1637 467 Domini
1662 406 1879 479 praemia
1910 408 1954 467 Α
1986 406 2272 476 margarita
2299 406 2586 477 plurimum
2640 405 2805 473 valet,
2854 416 2910 463 et
2954 409 3147 477 exiguo
3176 408 3379 465 metalli
3424 426 3555 479 pott-

306 516 725 575 consecuturos,
772 508 912 564 sicut
937 507 1066 563 dicit
1096 505 1382 576 Apostolus
1415 520 1427 557 :
1461 502 1538 557 De
1564 502 1758 569 reliquo
1791 516 1882 554 re-

308 601 475 671 posita
501 610 577 653 est
602 598 731 653 mihi
756 613 949 653 corona
969 598 1208 669 justitite,
1239 611 1395 665 quam
1416 592 1595 648 reddet
1617 590 1745 645 mihi
1776 588 1883 645 Do-

308 690 477 745 minus
502 691 560 744 in
587 689 681 743 illa
708 689 792 743 die
815 690 991 760 justus
1010 687 1175 760 judea:
1204 683 1287 755 (II
1325 684 1459 739 Tim.
1488 699 1560 749 tv,
1590 682 1671 751 8).

1988 495 2138 559 dere,
2179 497 2448 567 ingentem
2497 504 2716 564 supcrat
2761 497 2998 565 pecunia;
3035 499 3406 567 quantitatem.
3452 500 3558 556 Sed

1987 586 2239 655 quoniam
2272 587 2501 643 inveniri
2554 596 2800 655 poterant
2840 586 3199 650 contincntes.
3230 591 3323 660 qui
3348 592 3560 662 cupidi-

1990 683 2149 731 tatem
2194 676 2407 731 noxiam
2439 676 2691 731 laudabili
2723 680 2981 746 parcitate
3010 679 3277 735 calcarent
3307 722 3323 748 ,
3353 683 3561 741 addidit

384 778 537 833 Vers.
588 776 641 831 9.
692 776 1011 846 Prwcepmm
1050 776 1256 831 Domini
1308 774 1559 839 lucidum,
1589 772 1889 826 illuminans
1987 770 2149 827 etiam
2192 782 2415 838 sapores
2446 771 2713 838 praecipua
2758 770 3019 827 suavitate
3064 772 3353 845 iucundos,
3382 778 3483 832 mel
3508 787 3558 833 et

310 868 508 922 oculos.
539 868 743 924 Revera
774 868 1022 935 lucidum,
1056 868 1174 937 quia
1202 867 1413 923 sincere
1461 878 1654 935 purum
1695 871 1751 919 et
1778 864 1877 917 im-

311 958 661 1026 maculatum,
711 958 871 1028 quale
899 971 932 1011 a
959 956 1117 1013 Patre
1161 956 1418 1011 luminum
1444 955 1666 1024 prodire
1706 955 1886 1010 docet.

311 1049 429 1105 Hoc
456 1049 714 1104 illuminat
740 1047 941 1114 oculos,
973 1063 1078 1103 non
1114 1046 1246 1103 istos
1274 1046 1521 1102 carnales
1549 1061 1683 1116 quos
1712 1056 1765 1102 et
1788 1062 1887 1117 pe-

314 1154 445 1195 cora
477 1140 761 1195 nobiscum
793 1146 1018 1209 possunt
1060 1137 1258 1194 habere
1282 1152 1618 1207 communes,
1651 1138 1745 1194 sed
1769 1138 1890 1195 illos

316 1233 502 1302 utique
528 1230 921 1311 interiores‘qui
947 1229 1128 1286 divino
1155 1244 1374 1284 munere
1396 1229 1749 1299 spiritualiter
1776 1230 1886 1286 cla-

318 1323 615 1379 riﬁcantur.

394 1414 547 1468 Vers.
576 1412 663 1469 10.
694 1413 871 1468 Timor
900 1413 1137 1480 Domini,
1168 1421 1370 1467 sanctus
1398 1428 1693 1483 permanens
1720 1412 1771 1466 in
1794 1428 1893 1467 ste-

322 1506 497 1558 culum
549 1504 748 1559 saeculi.
780 1503 1069 1559 Videamus
1115 1503 1242 1574 quid
1289 1502 1391 1558 sibi
1424 1502 1547 1557 velit
1577 1504 1675 1573 ista
1707 1502 1896 1559 delini-

322 1596 419 1650 tio.
451 1596 621 1650 Deum
656 1595 845 1651 timere
874 1610 979 1650 non
1030 1596 1235 1665 trepida
1278 1585 1543 1658 confusio,
1576 1594 1671 1649 sed
1701 1594 1899 1662 imper-

324 1688 539 1743 turbata
569 1689 865 1744 constantia
897 1698 999 1757 est,
1044 1687 1196 1760 cujus
1224 1697 1395 1743 status
1437 1686 1579 1742 nulla
1621 1685 1899 1755 temporali

1993 863 2185 932 favum.
2209 859 2364 916 Unde
2407 858 2567 914 homo
2593 860 2770 915 nullus
2796 861 3075 930 excipitur,
3106 865 3349 932 quamvis
3389 868 3564 921 couti-

1993 968 2124 1010 nens
2168 968 2288 1011 esse
2316 937 2559 1011 videatur
2585 973 2596 1007 :
2626 955 2747 1023 quia
2799 964 3016 1023 propter
3045 952 3210 1010 Vetus
3251 956 3564 1012 TeStamen-

1993 1053 2103 1099 tum
2132 1053 2344 1112 superat
2392 1046 2512 1111 mel,
2547 1054 2764 1115 propter
2794 1044 2999 1099 Novum
3031 1045 3193 1101 vincit
3225 1047 3428 1116 favum?
3458 1049 3560 1103 Ista

1994 1136 2136 1193 enim
2160 1134 2399 1190 faucibus
2421 1144 2624 1193 tantum
2655 1136 2889 1206 sapiunt,
2915 1138 3000 1192 illa
3031 1140 3298 1195 mentibus
3323 1141 3565 1196 absoluto

1996 1225 2325 1283 dulcesCunt.
2375 1227 2527 1293 Quod
2575 1229 2795 1283 schema
2849 1226 3035 1285 Griece
3084 1228 3280 1284 dicitur
3327 1231 3563 1295 anxesis,

1997 1316 2184 1372 Latine
2206 1328 2581 1387 augmentum;
2614 1319 2865 1388 paulatim
2890 1318 3033 1375 enim
3063 1319 3128 1375 ad
3149 1321 3423 1389 superiora
3446 1335 3570 1376 con-

1997 1410 2212 1464 crescit.

2070 1496 2224 1555 Veis.
2268 1499 2357 1555 I2.
2391 1498 2530 1555 Nam
2556 1513 2601 1556 et
2641 1518 2813 1558 servus
2841 1512 2959 1557 tuus
2996 1503 3250 1559 custodiet
3278 1519 3369 1569 ea;
3397 1505 3451 1559 in
3478 1519 3574 1558 cu-

2000 1590 2267 1646 stodiendo
2295 1590 2389 1646 illa
2428 1593 2696 1647 retributio
2779 1596 2956 1651 multa.
2988 1592 3122 1650 Cum
3171 1594 3298 1649 dicit
3334 1612 3346 1647 :
3381 1595 3573 1651 Servus

2004 1689 2140 1747 tuus,
2166 1679 2368 1750 justum
2398 1681 2659 1750 signiﬁcat
2684 1693 2739 1738 et
2763 1684 3033 1741 devotum.
3061 1683 3327 1741 Custodiet
3350 1701 3432 1753 ea,
3456 1686 3574 1740 dul-

320 1779 685 1834 conversione
738 1786 991 1845 mutatur,
1046 1780 1145 1834 sed
1202 1779 1255 1832 in
1312 1778 1540 1848 idipsum
1594 1777 1900 1831 sinceritate
1930 1778 1975 1839 Β
2004 1769 2192 1825 cedine
2219 1770 2424 1827 scilicet
2450 1772 2537 1825 illa
2580 1773 2855 1841 pellectus,
2888 1774 3011 1844 quia
3046 1776 3391 1849 aequissimis
3418 1792 3574 1831 men-

326 1870 485 1924 bene
510 1869 851 1924 conscientia:
880 1878 1205 1939 perseverat.
1236 1868 1367 1923 Nam
1399 1869 1630 1922 humana
1673 1866 1902 1923 formido

326 1975 453 2016 cum
501 1968 748 2029 tempore
775 1970 1153 2025 commutatur,
1199 1967 1255 2014 et
1301 1974 1404 2013 non
1433 1967 1515 2012 est
1544 1966 1749 2023 sancta,
1781 1958 1904 2027 quia

327 2066 439 2107 non
462 2058 645 2119 potest
668 2064 789 2105 esse
818 2049 1083 2119 proficua;
1119 2050 1279 2103 timor
1307 2060 1483 2105 autem
1509 2048 1602 2104 Dei
1631 2048 1763 2103 nihil
1787 2063 1905 2118 pcr-

327 2140 651 2196 tnrbationis
678 2140 860 2196 habet.
909 2140 1039 2196 Nam
1088 2140 1210 2196 licet
1237 2150 1384 2197 recte
1426 2155 1526 2195 auc
1549 2154 1697 2195 orem
1750 2153 1904 2194 suum

325 2236 540 2297 timeat,
570 2234 669 2289 scit
700 2247 824 2288 vere
863 2233 1289 2303 supplicantibus
1320 2231 1719 2287 misericordem
1765 2244 1904 2295 esse,

327 2326 422 2394 qui
472 2324 699 2396 iudicat.
734 2323 788 2378 In
837 2325 983 2379 omni
1032 2339 1161 2393 ergo
1206 2324 1489 2379 sanctitate
1528 2331 1774 2377 versatur
1820 2322 1910 2392 qui

328 2430 490 2470 suum
517 2412 754 2485 iudicem
782 2423 836 2469 et
866 2415 1055 2470 timere
1075 2415 1415 2485 cognoscitur
1441 2421 1498 2470 et
1520 2428 1724 2469 amare.
1748 2413 1911 2467 Mixta

326 2508 480 2562 enim
508 2520 631 2559 cum
676 2512 880 2574 pavore
909 2504 1147 2571 diledio,
1201 2507 1365 2561 timor
1414 2514 1497 2560 est
1527 2504 1760 2573 Domini,
1818 2505 1910 2575 qui

330 2610 439 2651 usu
460 2595 703 2650 smculari
738 2596 1038 2651 reverentia
1066 2604 1423 2665 nuncupatur.

416 2685 569 2757 Vere.
602 2682 693 2740 10.
715 2683 929 2739 Iudicia
957 2684 1050 2741 Dei
1072 2700 1212 2753 ma,
1234 2685 1521 2756 justiﬁcata
1545 2684 1599 2740 in
1624 2685 1914 2754 semetipsa.

327 2776 555 2837 iudicia
582 2774 681 2829 Dei
710 2775 860 2841 dicit,
893 2782 953 2830 ut
994 2776 1250 2843 arbitror,
1300 2761 1549 2831 mandata
1575 2789 1696 2845 quae
1735 2774 1788 2830 in
1817 2775 1919 2832 Ve-

332 2869 443 2923 teri
485 2866 716 2922 etNoro
742 2866 1087 2941 Testamento
1133 2867 1434 2935 conscripta
1483 2866 1793 2937 suntzquia
1830 2880 1919 2922 re-

332 2976 474 3016 vera
504 2974 570 3016 es
624 2960 823 3029 judicio
855 2969 979 3015 sunt
1030 2960 1257 3029 prolata.
1287 2959 1422 3015 Illud
1477 2958 1618 3014 enim
1663 2958 1920 3029 judicium

334 3055 602 3125 singulari
636 3068 860 3110 numero
890 3054 1106 3123 dicitur,
1146 3054 1233 3109 ubi
1263 3051 1389 3110 boni
1418 3051 1650 3123 malique
1675 3050 1922 3107 dividun-

2003 1862 2142 1918 tihus
2166 1862 2364 1932 judicia
2404 1864 2612 1920 Domini
2636 1880 2850 1935 semper
2877 1880 3059 1921 amara
3085 1875 3230 1922 sunt.
3270 1868 3339 1923 Et
3370 1868 3574 1941 inspice

2002 1955 2143 2025 quod
2166 1955 2362 2010 dictum
2391 1964 2494 2021 est,
2525 1957 2771 2011 custodiet
2793 1972 2885 2023 ea;
2914 1967 2973 2013 ut
2993 1972 3101 2013 non
3132 1959 3304 2013 solum
3335 1960 3401 2014 ad
3435 1968 3574 2015 tem-

2008 2059 2107 2115 pus
2135 2060 2320 2101 earum
2361 2060 2543 2101 rerum
2571 2047 2768 2116 suscipi
2793 2048 3036 2103 videatur
3062 2046 3311 2120 affectus,
3346 2033 3462 2107 sed'
3482 2066 3577 2107 us-

2005 2151 2106 2211 que
2135 2135 2187 2191 in
2211 2136 2453 2192 ultimum
2477 2137 2599 2191 vita:
2628 2138 2859 2207 spatium
2884 2137 2937 2192 in
2966 2137 3059 2194 tali
3085 2138 3371 2195 devotione
3397 2153 3576 2197 verse-

2008 2237 2113 2282 tur.
2145 2228 2272 2283 Post
2312 2227 2670 2284 obedientiam
2703 2228 2919 2298 prmmia
2951 2229 3367 2299 subsequuntur,
3412 2231 3466 2286 id
3495 2241 3582 2287 est

2006 2319 2270 2372 retributio
2298 2318 2479 2374 multa.
2507 2319 2676 2374 Tanta
2705 2318 2848 2374 enim
2877 2317 3070 2374 divinae
3113 2318 3413 2375 clementia
3442 2318 3581 2375 dona

2012 2418 2159 2475 sunt,
2198 2424 2316 2479 quae
2359 2417 2631 2480 nequeunt
2661 2408 3067 2479 comprehendi.
3098 2409 3187 2466 Sic
3215 2410 3357 2465 enim
3405 2409 3473 2465 de
3502 2412 3585 2466 his

2014 2501 2302 2567 Apostolus
2338 2500 2468 2556 dicit
2512 2517 2527 2556 :
2576 2500 2726 2568 Quod
2767 2516 2859 2557 nec
2901 2500 3077 2556 oculus
3119 2500 3273 2569 vidit,
3320 2518 3412 2556 nec
3447 2504 3588 2557 auris

2014 2590 2229 2657 audivit,
2266 2606 2357 2647 nec
2390 2592 2444 2645 in
2479 2604 2568 2644 cor
2604 2591 2825 2647 hominis
2853 2593 3102 2658 ascendit,
3137 2608 3254 2663 qua:
3283 2598 3590 2665 praeparauit

2018 2680 2157 2736 Deus
2184 2681 2509 2751 diligentibus
2535 2698 2589 2737 se
2620 2680 2672 2753 (ι
2705 2682 2825 2737 Cor.
2853 2698 2925 2750 tt,
2964 2682 3044 2755 9).
3075 2684 3264 2741 Merito
3290 2699 3422 2756 ergo
3448 2686 3589 2742 dicta

2018 2780 2143 2827 sunt
2189 2772 2377 2838 multa,
2424 2774 2547 2842 quia
2589 2773 2971 2842 comprehendi
3019 2788 3128 2828 non
3178 2783 3426 2843 poterant
3475 2779 3590 2832 uni.

2020 2876 2173 2917 versa
2185 2902 2199 2915 .

2096 2974 2250 3031 Vera.
2281 2974 2371 3030 l5.
2399 2973 2601 3031 Delicta
2639 2976 2753 3046 quis
2784 2975 3064 3048 intelligit?
3106 2978 3169 3032 ob
3208 2978 3420 3033 occultis
3468 2980 3591 3033 meis

2028 3062 2221 3118 munda
2246 3078 2347 3131 me,
2396 3062 2629 3119 Domine.
2676 3066 2812 3121 Ecce
2857 3065 3021 3136 ianua
3067 3068 3235 3123 tertia:
3277 3068 3597 3123 narrationis

332 3156 453 3200 tur.
483 3144 619 3200 Nam
646 3145 787 3215 quod
818 3143 1057 3213 sequitur
1084 3160 1099 3197 :
1134 3142 1526 3208 Desiderabilia,
1558 3141 1807 3211 prohibet
1849 3140 1917 3196 ad
1950 3136 1994 3200 C
2025 3154 2283 3224 aperitur,
2309 3155 2363 3208 in
2385 3167 2487 3224 qua
2520 3154 2779 3225 propheta
2801 3156 3144 3226 deprecatur,
3179 3167 3236 3213 ut
3263 3159 3440 3214 omnia
3480 3158 3596 3228 ejus

340 3237 477 3293 illud
506 3247 715 3305 tempus
739 3233 929 3290 futura:
953 3234 1301 3305 iudicationis
1323 3233 1516 3303 aptari,
1539 3232 1664 3303 quia
1692 3231 1921 3302 legitur:

351 3327 444 3382 Va:
469 3324 581 3381 illis
605 3326 694 3396 qui
719 3328 1083 3396 concupiscunt
1119 3326 1255 3379 diem
1281 3325 1488 3379 Domini
1514 3326 1691 3396 (Amos
1719 3340 1772 3393 v,
1803 3322 1924 3395 18)!

350 3424 481 3479 "me
508 3430 691 3476 autem
712 3420 915 3491 judicia
938 3422 1217 3491 utriusque
1242 3418 1594 3484 Testamenti,
1623 3431 1745 3489 quae
1785 3417 1931 3472 dicta

342 3523 504 3579 sunt,
536 3510 766 3567 veritate
791 3510 1104 3566 immutabili
1135 3517 1511 3579 perseverant;
1554 3518 1613 3564 et
1642 3516 1841 3563 tantum
1875 3506 1933 3561 in

345 3604 463 3662 illis
493 3611 579 3657 est
609 3602 831 3669 bonum,
857 3610 916 3654 ut
940 3614 1060 3655 cum
1105 3615 1135 3654 a
1165 3599 1269 3670 piis
1292 3600 1556 3656 mentibus
1580 3598 1932 3668 recipiuntur,

346 3709 580 3753 veraces
609 3693 809 3749 faciant
834 3701 890 3747 et
918 3693 1125 3748 beatos.
1160 3692 1270 3747 Hoc
1309 3692 1451 3747 enim
1481 3692 1631 3755 dant,
1661 3689 1801 3760 quod
1839 3690 1937 3744 ha-

347 3790 487 3845 bent
512 3804 528 3841 :
559 3786 684 3856 quia
735 3799 958 3841 necesse
984 3794 1068 3839 est
1108 3792 1165 3839 ut
1190 3783 1573 3855 justiticatione
1600 3784 1813 3854 plenum
1843 3784 1932 3849 sit,

348 3879 501 3951 quod
532 3880 710 3947 justus
735 3877 881 3931 facit.
910 3876 1129 3931 Peracta
1158 3887 1241 3932 est
1264 3878 1550 3946 propositae
1582 3877 1753 3931 laudis
1782 3890 1937 3931 serta-

346 3974 431 4027 ria
460 3970 777 4025 diversitate
797 3967 1094 4027 conclusio,
1131 3966 1472 4035 praedicando
1500 3966 1669 4037 legem
1700 3964 1936 4034 Domini,

340 4060 724 4118 testimonium
757 4058 992 4123 Domini,
1037 4057 1235 4128 judicia
1268 4057 1397 4117 Dei;
1444 4056 1536 4126 qui
1586 4070 1842 4111 numerus
1883 4057 1936 4110 in

348 4150 698 4208 arithmetica
744 4148 1026 4217 disciplina
1061 4148 1302 4203 noscitur
1351 4161 1472 4203 esse
1501 4146 1791 4217 perfectus.
1824 4144 1943 4202 Sin-

345 4247 498 4316 gulis
530 4246 674 4299 enim
712 4242 977 4305 versibus,
1006 4241 1155 4311 quasi
1186 4240 1505 4310 quibusdam
1548 4238 1766 4293 calamis
1795 4252 1944 4292 com-

346 4336 557 4408 pactis,
588 4348 755 4404 opera
801 4333 1013 4388 Domini
1061 4332 1234 4387 laudis
1280 4333 1457 4386 studio
1490 4332 1783 4401 probantur
1820 4344 1942 4386 esse

345 4435 608 4490 cantata;
641 4434 701 4477 ut
725 4422 942 4478 doceret
989 4421 1368 4491 perfectionem
1417 4428 1575 4489 atque
1614 4419 1939 4474 convenien-

2026 3254 2245 3317 peccata
2294 3248 2639 3313 mundentur,
2690 3259 2955 3318 quatenus
2993 3250 3207 3321 eloquia
3256 3250 3368 3307 oris
3414 3252 3498 3307 sui
3542 3252 3600 3308 in

2028 3343 2317 3407 conspectu
2348 3336 2558 3392 Domini
2595 3337 2886 3394 reddantur
2931 3348 3175 3409 accepta.
3210 3340 3315 3397 Sed
3346 3356 3467 3397 cum
3506 3342 3601 3400 tri-

2031 3431 2128 3485 bus
2150 3428 2322 3484 modis
2350 3430 2595 3486 humanis
2615 3432 2888 3488 erroribus
2905 3433 3218 3500 excedatur,
3247 3433 3592 3503 cogitatione,

2031 3520 2197 3585 dicto,
2242 3529 2299 3578 et
2330 3520 2472 3576 facto
2496 3560 2512 3587 ,
2551 3523 2869 3579 immensum
2924 3524 3053 3579 illud
3101 3524 3415 3581 delictorum
3454 3538 3604 3581 mare

2032 3613 2133 3668 sub
2164 3613 2425 3670 brevitate
2453 3614 2826 3680 constrictum,
2857 3614 3063 3670 duobus
3092 3615 3322 3671 fontibus
3351 3629 3604 3673 emanare

2036 3713 2281 3760 testatur.
2314 3703 2587 3760 Occultum
2607 3716 2688 3761 est
2716 3705 2859 3776 quod
2890 3707 3147 3776 Originale
3168 3706 3384 3774 dicitur,
3418 3707 3470 3761 in
3502 3722 3607 3776 quo

2028 3796 2142 3867 67
2169 3796 2521 3865 concipimur,
2546 3797 2839 3866 nascimur,
2866 3807 2921 3854 et
2950 3809 3154 3854 secreta
3184 3799 3457 3854 voluntate
3486 3813 3611 3868 pec-

2038 3902 2256 3954 camus,
2303 3889 2357 3944 id
2398 3899 2503 3955 est,
2546 3905 2670 3945 cum
2716 3907 2830 3946 rem
2880 3892 3105 3960 proximi
3152 3894 3608 3963 concupiscimus;

2041 3994 2161 4037 cum
2193 3995 2294 4037 nos
2338 3980 2406 4037 de
2437 3981 2759 4036 adversariis
2803 3981 3172 4037 desideramus
3220 3983 3440 4048 ulcisci;
3489 3999 3609 4039 cum

2044 4070 2256 4127 ceteris
2286 4071 2687 4141 prmstantinres
2717 4070 2855 4125 effici
2885 4072 3157 4138 volumus;
3190 4087 3311 4127 cum
3339 4072 3488 4128 cibos
3515 4088 3613 4144 ap-

2046 4160 2277 4232 petimus
2317 4158 2616 4225 dulciores;
2658 4169 2712 4213 et
2744 4160 2824 4213 his
2849 4160 3068 4227 similia,
3097 4176 3216 4230 qum
3246 4162 3318 4215 ita
3353 4162 3616 4232 pullulant

2049 4261 2208 4319 atque
2238 4250 2552 4319 surripiunt,
2585 4261 2643 4305 ut
2682 4260 2807 4305 ante
2834 4248 3082 4306 effectum
3114 4252 3193 4306 rei
3238 4254 3418 4309 multis
3447 4254 3619 4311 celata

2048 4339 2348 4396 videantur.
2382 4340 2533 4407 Quod
2574 4340 2620 4395 si
2657 4339 2772 4395 hcce
2794 4339 2954 4395 alicui
2982 4340 3262 4397 manifesta
3303 4343 3621 4409 reddantur.

2054 4442 2306 4487 monente
2352 4431 2684 4487 Salomone:
2733 4429 2857 4486 Non
2904 4447 2990 4486 eas
3038 4442 3149 4499 post
3187 4436 3621 4505 concupiscentia

348 4521 493 4573 tiam
522 4530 712 4570 eorum
759 4528 877 4582 qum
927 4513 1028 4569 sub
1080 4512 1173 4567 tali
1225 4511 1429 4566 calculo
1476 4518 1769 4564 noscuntur
1818 4522 1920 4563 esSt

2051 4531 2162 4577 tuas
2190 4520 2386 4594 (Eccle.
2422 4538 2568 4587 ινιιι,
2601 4522 2716 4593 50),
2754 4522 2884 4578 illud
2933 4494 3109 4578 tamen
3140 4494 3397 4580 debemus
3423 4526 3621 4580 adver-

352 4608 679 4677 pndicata.
703 4603 747 4659 Ο
769 4606 1060 4674 ingentium
1086 4619 1261 4658 rerum
1292 4602 1553 4673 stupenda
1575 4602 1935 4673 profunditas!

344 4702 497 4768 Quis
526 4707 621 4753 aut
647 4697 974 4753 sufﬁcienter
1004 4696 1331 4765 distinguere
1368 4704 1460 4750 aut
1509 4696 1797 4767 praedicare
1848 4709 1936 4764 po-

353 4792 560 4845 tuisset
587 4804 752 4858 opera
780 4788 1019 4854 Domini,
1050 4789 1151 4843 nisi
1183 4790 1248 4843 de
1292 4788 1493 4857 Spiritu
1536 4798 1722 4843 sancto
1749 4788 1940 4857 proba-

340 4891 558 4937 rentur
578 4879 751 4936 edici?
776 4880 933 4935 Solus
955 4880 1097 4935 enim
1123 4880 1371 4948 prmvalet
1394 4880 1549 4950 digne
1570 4879 1634 4934 de
1661 4893 1721 4935 se
1740 4878 1942 4947 dicere,

350 4973 457 5043 qui
486 4971 653 5026 etiam
679 4985 740 5025 se
768 4979 942 5040 potest
967 4985 1125 5025 nosse
1158 4972 1485 5039 plenissime.

442 5063 601 5117 Vers.
645 5062 730 5115 Η.
782 5060 1156 5122 Desiderabilia
1201 5076 1352 5131 super
1396 5077 1579 5115 aurum
1620 5071 1667 5114 et
1722 5062 1945 5132 lapidem

352 5156 650 5228 pretiosum
683 5154 928 5220 multum,
973 5164 1020 5207 et
1057 5154 1292 5207 dulciora
1333 5170 1484 5223 super
1526 5154 1625 5207 mel
1676 5163 1723 5208 et
1751 5154 1943 5224 favum.

354 5246 750 5302 Desiderabilia
777 5255 901 5300 sunt
928 5245 1130 5313 judicia
1156 5246 1393 5311 Domini,
1434 5245 1570 5300 sicut
1598 5246 1794 5301 dictum
1841 5258 1942 5313 est,

352 5341 623 5399 mandata
650 5338 787 5392 Novi
828 5347 883 5391 et
912 5338 1123 5392 Veteris
1165 5336 1512 5397 Testamenti.
1559 5354 1713 5406 super
1738 5353 1942 5403 aurum,

352 5433 512 5504 quod
541 5433 775 5483 humana
818 5429 1082 5499 cupiditas
1113 5427 1321 5481 alfectat
1365 5427 1741 5482 ardentissime
1772 5429 1946 5497 possi-

354 5526 521 5589 dere,
563 5530 793 5591 proptn-r
819 5521 957 5588 quod
984 5520 1290 5589 frequenter
1313 5519 1538 5588 deSp’cit
1562 5520 1723 5573 etiam
1748 5518 1946 5573 salutes

355 5616 698 5669 animantur.
729 5611 832 5665 Sed
862 5612 984 5680 quia
1016 5612 1115 5666 hoc
1152 5621 1308 5665 tanta:
1333 5612 1409 5665 rei
1442 5624 1625 5680 parum
1658 5621 1759 5677 est,
1787 5610 1940 5665 addi-

355 5709 453 5762 dit
486 5727 496 5754 :
530 5706 775 5775 Lapidem
824 5707 1096 5774 pretiosum
1142 5705 1379 5769 multum,
1424 5706 1510 5773 qui
1545 5705 1594 5757 in
1624 5704 1940 5772 parvissima

2049 4621 2187 4680 tere,
2216 4615 2467 4684 quoniam
2515 4614 2682 4675 multa
2714 4623 2931 4683 peccata
2978 4623 3105 4670 sunt
3131 4630 3251 4685 quae
3302 4617 3626 4673 omnimodis

2050 4703 2381 4773 ignoramus,
2409 4718 2634 4774 quorum
2660 4719 2758 4759 nec
2786 4704 3022 4774 origines
3051 4720 3350 4774 possumus,
3370 4721 3469 4761 nec
3497 4708 3628 4760 sub-

2050 4791 2321 4859 reptiones
2357 4807 2666 4862 agnoscere.
2699 4794 2851 4850 Unde
2898 4795 3321 4852 subaudiendum
3348 4805 3451 4861 est,
3495 4797 3627 4851 deli-

2051 4890 2134 4933 cta
2176 4882 2352 4935 omnia
2392 4883 2508 4952 quis
2533 4880 2807 4952 intelligit?
2834 4883 2966 4938 Nam
2999 4897 3117 4939 cum
3170 4884 3408 4940 dicturus
3452 4886 3524 4941 sit
3570 4885 3627 4942 in

2053 4970 2176 5040 qttin
2217 4974 2488 5040 uagesimo
2514 4974 2718 5041 psalmo
2744 4989 2758 5026 :
2789 4972 3042 5028 Delicium
3063 4990 3230 5029 meum
3252 4984 3429 5030 contra
3457 4992 3535 5029 me
3552 4986 3629 5031 est

2051 5076 2247 5131 semper
2278 5059 2449 5127 (Ps-al.
2500 5078 2551 5127 ι,
2590 5061 2683 5133 5);
2734 5073 2786 5118 et
2827 5064 2995 5119 alibi:
3028 5063 3287 5121 Delictum
3330 5082 3497 5121 meum
3542 5083 3631 5121 co-

2053 5152 2251 5222 gnitum
2278 5153 2362 5204 tibi
2389 5152 2486 5221 feci
2514 5150 2685 5223 (Psal.
2712 5157 2966 5227 suns),
3011 5157 3279 5225 quomodo
3321 5172 3425 5212 non
3459 5167 3631 5225 potest

2057 5243 2307 5311 intelligi,
2348 5245 2486 5314 quod
2533 5259 2759 5315 peccans
2791 5247 2996 5317 cogitur
3025 5248 3305 5303 conllterii
3326 5248 3429 5302 Sed
3460 5249 3505 5301 si
3536 5249 3631 5301 ad-

2046 5333 2243 5402 jecei-is
2275 5337 2482 5401 omnia,
2516 5343 2641 5391 tunc
2685 5337 2799 5391 haec
2844 5339 3073 5406 quaestio
3104 5339 3358 5407 probatur
3386 5338 3628 5393 exclusa.

2122 5423 2275 5479 Vers.
2306 5422 2388 5480 l4.
2423 5426 2486 5478 Et
2528 5426 2588 5480 ab
2614 5427 2795 5481 alienis
2823 5442 2975 5497 parce
3000 5443 3142 5483 seruo
3168 5438 3274 5482 tuo.
3308 5427 3369 5483 Si
3396 5430 3493 5483 mei
3522 5445 3629 5482 non

2052 5519 2241 5587 fuerint
2269 5518 2536 5584 deminuti,
2566 5528 2684 5573 tunc
2711 5521 3069 5575 immaculatus
3101 5537 3208 5586 ero,
3235 5533 3284 5577 et
3311 5522 3631 5577 emundabor

2050 5626 2082 5663 a
2111 5610 2292 5662 delicto
2334 5610 2577 5665 maxime.
2625 5610 2861 5665 Positum
2897 5621 2980 5665 est
3008 5616 3285 5681 superiore
3319 5629 3474 5670 versu
3499 5655 3515 5679 ,
3546 5630 3632 5667 oc-

2050 5705 2264 5769 cultum,
2296 5703 2434 5773 quod
2464 5703 2729 5775 originale
2757 5703 3022 5773 dicimus;
3066 5722 3205 5763 nunc
3236 5706 3519 5765 dicendum
3554 5717 3631 5761 est
