4014 6188
391 357 488 413 HS

388 472 509 544 quid
540 469 609 524 sit
632 470 872 521 alienum.
902 461 1134 515 Alienum
1161 463 1261 519 est,
1287 450 1425 521 quod
1456 448 1608 502 malis
1632 438 1959 501 hominibus,
1992 445 2037 496 Α

388 532 499 618 sive
526 558 736 614 diabolo
763 552 1018 608 suadente
1045 544 1418 607 committitur,
1442 536 1538 592 sed
1579 538 1635 588 lit
1665 531 1964 603 proprium,

391 656 510 725 quia
560 661 850 706 censettsus
893 638 1169 712 plectibilis
1214 634 1517 688 adhibetur.
1568 626 1642 679 Ex
1688 624 1777 677 illa
1826 620 1966 674 enim

396 749 613 803 traduce
645 739 949 796 mortalium
992 745 1165 787 massa
1208 737 1487 794 corrupta,
1516 722 1584 775 ab
1624 720 1775 772 hoste
1814 710 1972 782 spiri-

400 840 526 893 tuali
555 837 672 889 sine
713 832 892 885 divina
943 825 1111 896 gratia
1157 818 1410 874 velociter
1446 809 1799 873 subvertitur,
1848 802 1974 872 quia

404 936 452 984 in
487 930 654 997 primo
686 920 899 976 homine
931 933 1023 987 per
1050 908 1460 968 inohedientiam
1498 903 1681 957 vitiata
1708 900 1977 952 monstras

405 982 509 1073 μιν..
546 1019 673 1071 Nam
704 1028 859 1082 quam
894 982 1047 1062 facile
1076 1014 1160 1059 est
1187 1002 1405 1069 antiquo
1436 992 1728 1050 insidiatori
1770 982 1979 1042 infectis

409 1119 569 1163 rem
602 1107 861 1169 suadere,
891 1099 978 1169 qui
1011 1096 1180 1166 potuit
1220 1094 1412 1145 liberos
1440 1097 1600 1156 atque
1647 1083 1982 1145 incorruptos

412 1221 504 1256 sua
563 1197 851 1253 calliditate
910 1168 1193 1258 decipere!
1243 1188 1572 1251 Quapropter
1623 1176 1689 1230 ab
1741 1168 1983 1241 originali

417 1306 655 1367 peccato,
691 1291 832 1347 unde
860 1300 1026 1355 usque
1061 1282 1126 1335 ad
1170 1277 1354 1335 saeculi
1384 1276 1541 1329 tinem
1582 1270 1767 1323 vivens
1812 1263 1986 1319 nullus

417 1355 698 1458 excipitur,
744 1384 1001 1455 propheta
1044 1371 1285 1430 mandari
1316 1383 1374 1423 se
1404 1365 1575 1436 petit,
1620 1358 1771 1431 quasi
1819 1355 1990 1409 adhuc

420 1482 718 1539 carnalibus
748 1476 887 1530 vitiis
917 1487 1020 1525 non
1064 1465 1282 1523 omnino
1320 1469 1592 1531 purgatus.
1627 1452 1730 1508 Sed
1762 1464 1881 1505 cum
1912 1445 1993 1503 di-

422 1579 513 1641 cit,
538 1588 681 1629 servo
716 1580 821 1632 tuo,
847 1567 956 1637 jam
985 1576 1043 1617 se
1072 1554 1307 1613 ostendit
1335 1551 1437 1620 legi
1466 1545 1744 1603 dominica:
1770 1541 1890 1612 jure
1922 1538 1994 1593 la-

427 1666 638 1722 tnulari.
672 1658 1022 1715 Dominantttr
1044 1659 1220 1704 autem
1243 1654 1474 1703 errores,
1499 1652 1618 1692 cum
1644 1636 1697 1689 in
1723 1632 1802 1688 eis
1828 1629 1995 1683 fallaci

428 1759 701 1811 voluntate
731 1744 1104 1820 praesumitur:
1135 1748 1258 1791 tunc
1286 1746 1412 1787 vero
1440 1726 1717 1797 imperium
1747 1720 1997 1793 perdunt,

1546 335 1613 389 Μ.
1642 326 1913 387 .ιυιιι;;.ιι
1954 316 2351 379 ειεειουῡιιι

3535 296 3633 350 ιιι

2066 426 2265 497 aliquid
2297 424 2656 477 disseramus:
2690 424 2738 467 ιιι
2771 412 2970 482 gt'aiius
3003 408 3168 479 possit
3202 407 3386 475 accipi,
3410 406 3623 476 quando

2068 519 2303 574 breviter
2343 513 2460 582 ejus
2505 507 2726 563 intentio
2768 503 3022 573 probatur
3050 499 3283 569 agnosci.
3322 497 3643 552 Futurorum

2070 612 2234 681 igitur
2266 602 2661 661 itluminatione
2707 596 2963 666 prepheta
2992 591 3304 659 completus,
3358 604 3449 657 per
3487 598 3645 658 Opta-

2072 680 2236 757 tivum
2269 696 2482 751 modum
2528 690 2747 746 evenire
2791 698 3044 754 prospera
3086 690 3284 735 sancta:
3328 680 3654 747 deprecatur

2075 788 2352 852 Ecclesim,
2386 799 2503 855 qute
2540 782 2616 837 illi
2661 794 2755 849 per
2786 778 3066 831 adventum
3100 772 3305 828 Domini
3353 772 3654 825 certissime

2076 889 2296 938 noverat
2325 891 2445 933 esse
2476 880 2697 930 ventura
2723 887 2736 935 ;
2766 878 2820 923 et
2850 866 3006 921 nituizt
3037 865 3299 919 etiaritate
3335 862 3653 927 ουιημιιτιιις,

2080 976 2154 1031 illi
2186 981 2332 1042 optat
2364 979 2616 1039 prospera
2642 1005 2658 1030 ,
2698 963 2850 1029 cujus
2896 974 2953 1012 se
2986 956 3279 1011 membrum
3311 970 3431 1010 e—se
3474 969 3657 1007 nosce-

2081 1067 2191 1121 bat.
2223 1062 2372 1117 Talia
2403 1057 2665 1129 siquidem
2694 1049 2956 1107 desideria
2982 1048 3119 1103 beati
3149 1062 3359 1115 setnpt-r
3381 1055 3657 1113 appetunt,

2084 1165 2146 1210 ut
2171 1154 2305 1206 bona
2334 1165 2428 1204 sua
2460 1148 2529 1202 ibi
2561 1144 2731 1215 posita
2772 1138 3022 1205 indicent,
3059 1137 3150 1192 ubi
3186 1138 3321 1191 bene
3355 1155 3381 1184 ιι
3406 1136 3661 1187 eritoruut

2089 1255 2212 1303 vota
2244 1241 2600 1313 congaudent.

2666 1325 2861 1380 Divisio
2891 1323 3094 1393 psalmi.

2165 1453 2346 1508 Primo
2370 1449 2609 1517 ingressu
2643 1443 2894 1513 propheta
2927 1440 3241 1508 deprecatur
3262 1442 3458 1488 sanctae
3486 1431 3666 1486 Eccle-

2098 1550 2191 1602 sia:
2222 1548 2360 1601 bona
2395 1541 2685 1597 succedere
2709 1578 2723 1600 ,
2770 1547 2825 1590 ut
2856 1534 3063 1587 diversa
3102 1528 3282 1584 mundi
3334 1526 3673 1581 tribulatione

2100 1642 2336 1710 fatigata,
2367 1635 2638 1691 Christum
2668 1629 2955 1683 Dominum
2986 1622 3237 1680 exaudita
3277 1619 3551 1687 su~cipiat.
3581 1617 3669 1671 Se-

2102 1730 2277 1786 cundo
2307 1728 2622 1794 deprecatur
2654 1729 2709 1774 ut
2739 1733 2896 1772 omne
2921 1714 3200 1771 consilium
3232 1710 3347 1779 ejus
3372 1720 3682 1777 rectumque

431 1847 642 1914 quando
672 1844 737 1895 ab
762 1840 890 1910 ipsis
913 1834 1156 1889 homines
1182 1844 1273 1898 per
1305 1826 1397 1879 Dei
1429 1821 1652 1892 gratiam
1682 1815 1999 1872 subtrahun-

2142 1820 2259 1874 dem
2292 1815 2547 1870 Dominus
2576 1806 2976 1876 omnipotentiae
3016 1818 3125 1857 suae
3157 1802 3352 1871 pietate
3378 1798 3677 1858 conﬁrmet,

2261 1910 2270 1914 ‘
2455 1904 2515 1914 ’⁵“
2556 1903 2567 1914 ¹
2831 1899 2844 1914 ¹
2920 1912 2929 1914 μ
2975 1910 3072 1914 *μμ
3110 1890 3552 1914 _--__'t!..-_.l...~.
3590 1903 3652 1914 ,ιη

433 1901 539 1995 tier.
582 1936 715 1989 iure
762 1901 887 1997 ergo
937 1922 1194 1995 propheta
1240 1912 1636 1972 immaculatum
1678 1922 1738 1961 se
1782 1901 2003 1958 conﬁdit

435 2028 569 2092 ﬁeri,
603 1996 868 2080 eum-eum
897 2017 1006 2086 jam
1029 2006 1395 2081 contigeritab
1430 2017 1615 2060 eorum
1645 1996 2005 2054 dominatione

437 2118 671 2176 liberari.
706 2112 985 2168 .‘tlaximum
1032 2120 1155 2159 vero
1206 2100 1458 2156 delictum
1479 2105 1561 2150 est
1600 2089 1870 2161 superbia,
1905 2101 2006 2155 qua

439 2222 495 2267 et
521 2208 758 2265 diabolus
774 2200 984 2261 cecidit,
1011 2208 1062 2252 et
1089 2193 1357 2248 hominem
1385 2185 1679 2257 traxit[ms.
1707 2185 1794 2248 A.,
1814 2180 1898 2246 8.,
1917 2178 2007 2245 ΡΠ,

442 2299 677 2369 stravit].
711 2298 971 2364 Quantum
1005 2289 1146 2344 enim
1178 2287 1229 2340 in
1258 2283 1400 2339 malo
1429 2293 1617 2348 magna
1647 2276 1738 2341 sit,
1764 2274 1894 2328 hinc
1920 2272 2012 2327 da-

444 2408 530 2447 tur
570 2365 830 2458 intelligi,
880 2398 997 2453 qua:
1039 2395 1107 2434 ex
1153 2376 1340 2447 angelo
1389 2370 1658 2426 diabolum
1706 2365 1849 2431 fecit,
1897 2377 2014 2431 quas

447 2482 651 2539 homini
679 2456 901 2533 mortem
936 2470 1133 2533 intulit,
1174 2477 1228 2523 et
1256 2476 1507 2522 concessa
1553 2456 1883 2514 beatitudine
1926 2468 2014 2506 va-

448 2572 644 2631 cuavit.
697 2566 941 2621 Omnium
1000 2561 1258 2614 malorum
1304 2563 1512 2615 mater,
1558 2547 1820 2603 scelerum
1860 2544 2015 2607 lous,

447 2679 581 2722 vena
614 2659 893 2727 uetuitiae;
934 2654 1191 2721 scriptum
1230 2656 1313 2704 est
1355 2646 1495 2702 enim
1524 2659 1537 2695 :
1571 2638 1784 2693 Initium
1828 2635 2020 2706 peccati

452 2755 616 2812 omnis
643 2750 876 2822 superbia
907 2745 1101 2817 (Eccle.
1133 2757 1187 2806 Χ,
1218 2739 1327 2809 15),
1366 2750 1524 2807 quam
1566 2742 1738 2787 tamen
1769 2729 2023 2784 Dominus

454 2851 673 2905 veniens
702 2861 795 2901 sua
826 2842 1122 2898 humilitate
1151 2837 1362 2906 dejecit.

526 2942 678 2998 Vers.
712 2938 796 2993 15.
826 2936 888 2990 Et
917 2943 1062 2988 erunt
1093 2941 1142 2984 ut
1169 2928 1511 2999 complaceant
1538 2923 1739 2991 eloquia
1767 2920 1868 2973 oris
1892 2917 2024 2971 mei:

457 3047 501 3091 et
534 3035 791 3090 meditatio
822 3030 991 3084 cordis
1039 3026 1133 3078 mei
1163 3025 1214 3076 in
1253 3028 1519 3089 conspectu
1552 3026 1637 3070 tuo
1667 3028 1881 3084 semper.
1926 3007 2029 3063 Do-

459 3130 612 3191 mine,
639 3125 843 3193 adjutor
875 3134 1014 3173 meus
1055 3124 1099 3170 et
1126 3114 1409 3182 redemptor
1436 3125 1593 3163 meus.
1644 3105 1777 3159 Dicit
1820 3100 2029 3169 quando

461 3218 655 3284 eloquia
694 3214 795 3266 oris
839 3212 953 3280 ejus
986 3207 1209 3261 Domino
1250 3204 1460 3273 placere
1507 3197 1854 3268 prmvaleant;
1886 3191 2032 3244 vide-
2057 3176 2101 3237 C

464 3318 603 3373 ιιουι,
632 3307 675 3364 si
707 3321 735 3355 a
767 3302 904 3355 vitiis
928 3312 1047 3369 qua:
1074 3294 1315 3364 superius
1337 3293 1487 3355 dixit,
1517 3287 1768 3344 reddatur
1795 3284 2035 3351 alienus;

464 3413 678 3476 prepter
701 3394 828 3455 illud
851 3392 989 3461 quod
1019 3390 1208 3443 dicitur
1236 3383 1532 3455 peccatori:
1559 3382 1730 3448 Quare
1746 3388 1811 3432 tu
1833 3390 2039 3431 cnarras

466 3467 687 3569 justitias
700 3508 835 3546 meas
856 3483 1030 3555 (Paul.
1057 3478 1468 3547 Xth,16)?Qua:
1490 3484 1569 3530 est
1586 3481 1761 3527 autem
1784 3467 2043 3523 meditatio

468 3558 660 3647 cordis.
691 3598 808 3653 quae
852 3586 1024 3649 potest
1070 3571 1134 3628 ad
1188 3568 1465 3623 Dominum
1512 3561 1826 3634 pervenire?
1867 3558 2003 3626 Spes
2029 3593 2045 3620 ,

470 3648 743 3744 Charitas,
773 3683 827 3730 et
854 3648 1033 3733 ﬁdes,
1084 3682 1152 3736 qu
1173 3683 1199 3719 c
1247 3661 1431 3740 utique
1459 3658 1614 3727 digna
1642 3663 1765 3708 sunt
1790 3651 1920 3705 Deo.
1951 3648 2047 3702 Illa

470 3774 616 3828 enim
659 3776 929 3822 merentur
968 3764 1020 3816 itt
1066 3766 1353 3826 conspectu
1399 3752 1517 3824 ejus
1564 3748 1893 3808 ascvndere,
1931 3758 2048 3811 qua:

475 3868 589 3931 ipse
637 3858 971 3930 cognoscitur
1014 3853 1329 3923 approbare.
1375 3849 1672 3920 Adjutorem
1719 3856 1844 3895 vero
1894 3851 2049 3892 suum

478 3958 602 4010 dicit
632 3954 683 4006 itt
716 3951 867 4004 bouis
892 3988 906 4012 ,
944 3947 1313 4011 redemptorem
1352 3955 1381 3993 a
1412 3938 1566 3993 malis
1587 3976 1599 3998 ,
1648 3942 1703 3987 ut
1742 3943 1901 3985 nemo
1941 3928 2053 3981 suis

482 4050 683 4105 meritis
712 4043 940 4113 applicet
967 4037 1107 4110 quod
1137 4033 1341 4091 οωῖεειί
1389 4030 1635 4099 largitate
1664 4020 1980 4092 susceperit.

1018 4124 1287 4181 Conclusio
1320 4119 1524 4187 psalmi.

555 4227 722 4294 Quam
753 4219 980 4275 mirabili
1009 4216 1196 4270 ordine
1224 4221 1391 4267 totum
1434 4209 1692 4279 psalmum
1738 4198 2060 4273 gloriosissio

488 4334 607 4371 tuus
646 4313 903 4383 propheta
946 4308 1177 4362 cantavit
1203 4308 1215 4359 !
1246 4302 1503 4358 Laudavit
1553 4299 1761 4353 Domini
1806 4293 2063 4365 praedica-

491 4421 673 4470 tores;
705 4405 821 4473 ipse
845 4417 913 4470 qu
937 4415 1053 4468 ique
1081 4398 1365 4465 adventum
1396 4391 1774 4447 sacratissima:
1814 4388 2058 4442 incarna-

493 4499 653 4554 tionis
704 4493 962 4556 edocuit,
1017 4488 1278 4558 magnalia
1324 4487 1439 4552 ejus
1496 4483 1638 4536 varia
1694 4477 2060 4533 deﬁnitionum

2104 1910 2420 1981 promittens
2451 1903 2657 1957 ﬁdelem
2689 1899 2937 1970 populum
2972 1910 3076 1949 non
3109 1890 3555 1963 magn'ﬁcandum
3590 1903 3679 1957 po-

2107 2011 2298 2058 testate
2328 1996 2618 2061 muudana,
2649 1992 2741 2048 sed
2773 1990 2951 2046 divina
2983 1986 3241 2057 potentia.

2647 2105 2914 2173 Expositio
2942 2099 3147 2173 psalmi.

2188 2226 2334 2279 Vers.
2368 2223 2415 2275 1.
2452 2220 2706 2274 Exaudiat
2737 2226 2783 2270 te
2815 2216 3060 2269 Dominus
3098 2213 3151 2265 in
3181 2210 3264 2263 die
3308 2207 3690 2261 tribulationis:

2114 2326 2341 2387 protegat
2365 2324 2413 2368 te
2444 2328 2622 2366 nomm
2660 2308 2755 2363 Dei
2781 2305 2964 2361 Jacob.
3001 2304 3101 2357 Per
3132 2300 3350 2370 ﬁguram
3378 2296 3648 2366 prolepsin
3678 2334 3691 2355 ,

2115 2423 2233 2477 qua:
2276 2405 2465 2459 Latine
2511 2401 2704 2455 dicitur
2753 2393 3183 2466 pra~occupatio,
3232 2390 3487 2458 propheta
3525 2384 3709 2439 studio

2117 2512 2321 2567 magnai
2352 2492 2630 2550 charitatis
2657 2502 2937 2553 accensus,
2966 2493 3113 2554 aptat
3145 2481 3396 2536 Ecclesiae
3419 2476 3697 2532 catholica

2122 2586 2424 2657 provenire,
2456 2598 2573 2652 qua:
2600 2583 2756 2650 longo
2796 2586 2915 2648 post
2951 2585 3190 2643 tempore
3231 2571 3346 2626 ﬁeri
3388 2582 3546 2637 posse
3573 2581 3699 2621 cer-

2126 2677 2305 2731 nebat.
2340 2672 2525 2729 Auditi
2563 2669 2932 2739 cognoscimur
2956 2705 2971 2730 ,
3011 2662 3225 2735 quando
3254 2657 3578 2716 omnimodis
3606 2656 3699 2711 ali-

2122 2769 2247 2839 quid
2275 2767 2598 2822 obtinemus.
2653 2760 2888 2816 Dicendo
2931 2772 3059 2813 vero
3077 2801 3092 2826 ,
3120 2757 3174 2809 in
3212 2754 3295 2807 die
3324 2749 3664 2805 tribulationis
3691 2788 3707 2813 ,

2125 2854 2334 2929 tempus
2373 2854 2701 2927 gravissima:
2745 2848 3049 2905 alﬂictionis
3077 2843 3328 2909 ostendit,
3372 2855 3477 2911 quo
3517 2852 3711 2908 magno

2131 2949 2397 3006 desiderio
2426 2947 2706 3001 Dominum
2735 2942 3106 3011 deprecamur.
3141 2936 3254 2990 Non
3285 2933 3427 2988 enim
3454 2930 3712 2986 extremis

2131 3045 2311 3109 labiis,
2346 3040 2439 3095 sed
2468 3038 2666 3092 mundo
2696 3038 2857 3090 corde
2880 3043 3005 3087 tunc
3035 3031 3262 3099 petimus
3290 3039 3407 3095 quae
3439 3022 3593 3077 nobis
3618 3022 3716 3074 tri-

2134 3137 2221 3191 bui
2271 3132 2622 3204 postulamus.
2677 3123 3120 3183 Perscrutandum
3170 3129 3253 3174 est
3296 3130 3509 3188 quoque
3547 3127 3719 3182 quare

2140 3225 2451 3297 patriarchae
2499 3222 2662 3277 Jacob
2738 3234 2933 3274 nomen
2989 3216 3201 3270 videtur
3262 3210 3568 3265 annexum?
3620 3207 3721 3259 Hic

2139 3316 2282 3372 enim
2335 3314 2519 3383 majori
2575 3311 2724 3365 fratri
2782 3308 3123 3376 subripiens,
3183 3304 3343 3357 totius
3392 3298 3723 3354 benedictio.

2142 3410 2225 3464 nis
2254 3407 2477 3479 gratiam
2523 3401 2883 3469 conquisivit,
2917 3408 2975 3452 ut
3002 3407 3056 3451 et
3082 3398 3195 3465 ipse
3236 3394 3311 3447 illi
3342 3406 3462 3446 cum
3511 3391 3724 3458 reliquo
3764 3428 3777 3432 -

2146 3500 2339 3572 populo
2360 3497 2693 3553 subderetur.
2718 3493 2848 3560 Quae
2872 3493 2981 3561 68
3002 3486 3295 3545 similitudo
3311 3482 3725 3545 benedictionis,

2145 3591 2449 3647 Christiano
2476 3587 2669 3657 populo
2708 3589 3065 3652 congruenter
3096 3585 3328 3647 aptatur,
3374 3575 3462 3641 qui
3509 3581 3728 3641 gentem

2149 3682 2482 3748 subsequens
2512 3675 2842 3737 Judtrorum,
2874 3684 2992 3724 eam
3016 3669 3220 3723 devota:
3245 3664 3437 3720 mentis
3469 3663 3731 3730 religione

2152 3770 2441 3840 superavit,
2473 3777 2529 3821 ιιι
2550 3766 2732 3836 gratia:
2756 3776 2976 3818 munere
3005 3760 3207 3830 primus
3238 3757 3467 3811 donante
3497 3752 3734 3806 Domino

2152 3866 2482 3920 redderetur.
2513 3859 2643 3914 Nam
2690 3871 2809 3912 cunt
2846 3854 3015 3915 dicit,
3060 3858 3289 3921 protegat
3329 3857 3377 3900 te
3416 3860 3594 3899 nomen
3635 3842 3734 3895 Dei

2154 3955 2334 4019 Iacob,
2368 3950 2671 4023 hujusmodi
2700 3945 3099 4003 similitudinem
3128 3956 3155 3995 a
3182 3943 3408 3995 Dom'no
3438 3936 3546 3989 vult
3577 3934 3738 3988 intel-

2155 4049 2268 4115 ligi.
2300 4056 2356 4102 et
2383 4059 2520 4101 novo
2549 4041 2743 4113 populo
2773 4035 3189 4098 concedendam,
3216 4047 3374 4100 quam
3404 4028 3491 4083 ille
3513 4028 3565 4082 in
3598 4042 3739 4096 prm-

2163 4137 2477 4208 ﬁguratione
2504 4141 2721 4189 sanctus
2748 4126 3048 4199 patriarcha
3088 4123 3344 4193 percepit.

2234 4227 2389 4281 Vers.
2420 4224 2474 4277 9.
2511 4215 2682 4276 Μίιιαι
2728 4218 2817 4272 tibi
2846 4216 3095 4270 auxilitun
3121 4214 3183 4267 de
3216 4221 3414 4276 sancto,
3443 4220 3491 4265 et
3519 4210 3580 4263 de
3611 4205 3741 4263 Sion

2164 4326 2363 4371 tueatur
2393 4324 2458 4368 te.
2489 4311 2733 4381 Optando
2764 4312 2835 4363 ait
2885 4309 3075 4371 mittat,
3129 4312 3187 4358 ut
3231 4302 3477 4357 ostendat
3518 4318 3545 4354 a
3586 4300 3743 4353 Patre

2168 4410 2360 4464 Filium
2389 4407 2629 4461 missum.
2663 4403 2770 4457 Sed
2802 4402 2901 4455 hoc
2932 4400 3153 4454 verbum
3180 4394 3457 4451 charitatis
3500 4402 3603 4455 est,
3635 4406 3742 4444 non

2170 4498 2550 4568 subjectionis;
2593 4494 2729 4547 sicut
2765 4501 2817 4545 et
2857 4492 2967 4558 ipse
3017 4489 3069 4541 in
3103 4484 3390 4552 Evangelio
3432 4483 3499 4537 de
3545 4481 3745 4548 Spiritu

495 4589 747 4658 mmmam
788 4579 1191 4639 commenda"s‘
1242 4578 1610 4641 “mersusque
1654 4572 1706 4625 i“
1752 4569 2063 4623 memoriam
2093 4549 2145 4607 υ
2168 4549 2354 4645 δίιηὲιο
2384 4549 2549 4640 dicit;
2575 4582 2797 4649 Expedit
2818 4549 2953 4633 vobis
2980 4587 3031 4631 ut
3059 4593 3148 4645 ego
3174 4549 3394 4638 vatiam;
3419 4572 3464 4625 si
3491 4572 3625 4623 enim
3654 4585 3747 4637 ego

498 4678 798 4748 itagilitatis
825 4689 957 4736 suae,
987 4688 1014 4726 a
1042 4670 1248 4726 delictis
1287 4668 1435 4737 petiit
1477 4667 1673 4720 debere
1702 4680 1759 4718 se
1789 4663 2063 4735 mandari;

500 4782 560 4826 ut
588 4779 851 4824 tantorum
884 4756 1333 4818 sacramentorum
1361 4759 1557 4813 relator
1582 4758 1769 4827 dignus
1791 4758 2066 4817 existeret,

482 4866 591 4934 ηαξ
617 4862 797 4918 docuit
817 4859 1121 4926 Scripturas
1145 4853 1351 4908 Domini
1378 4867 1408 4905 a
1436 4851 1714 4920 purissima
1745 4847 2074 4903 conscientia

488 4957 697 5012 'dchere
739 4953 962 5007 narrari.
995 4948 1255 5002 Numerus
1299 4958 1507 5014 quoque
1544 4956 1801 5010 praesens,
1826 4942 2073 4993 virtutem

484 5047 692 5119 ipsalmi
741 5043 1012 5099 declarare
1043 5039 1285 5094 sentitur.
1320 5036 1450 5089 Nam
1482 5037 1620 5089 sicut
1664 5034 1716 5086 in
1749 5032 2033 5100 Evangelio
2058 5074 2073 5099 ,

507 5139 715 5195 decimo
739 5145 926 5190 octavo
949 5146 1087 5185 anno
1114 5139 1326 5185 curvata
1352 5127 1561 5192 mulier,
1586 5126 1805 5193 jnbcntc
1834 5123 2074 5189 Christo,

506 5247 533 5283 ει
567 5246 660 5284 sua
688 5226 992 5283 inﬁrmitate
1016 5223 1215 5276 salvata
1240 5230 1319 5275 est
1350 5219 1499 5287 (Luc.
1531 5234 1643 5285 χιιι,
1679 5218 1802 5285 tl):
1837 5217 1908 5269 ita
1938 5230 1995 5269 se
2026 5217 2076 5269 in

512 5324 613 5377 huc
639 5319 841 5388 psalmo
872 5312 1020 5385 petiit
1049 5311 1277 5381 peccatis
1298 5309 1528 5379 propriis
1554 5308 1809 5378 propheta
1837 5306 2075 5367 liberati,

514 5429 606 5478 per
639 5411 779 5464 hunc
806 5408 1066 5463 calcu'ttm
1095 5403 1397 5471 signiﬁcans
1422 5408 1632 5467 tempus
1658 5397 1991 5466 aptissimum
2026 5396 2080 5449 in

512 5517 618 5571 quo
642 5514 694 5557 et
720 5503 818 5555 iste
845 5496 1053 5552 Domini
1080 5492 1353 5548 salutifera
1383 5491 1641 5545 beneﬁcia
1670 5499 1987 5543 mereretur.

807 5587 1166 5645 EXPOSITIO
1194 5586 1261 5641 IN
1294 5583 1617 5641 PSALMUM
1648 5582 1779 5636 Χῐῖ.

943 5679 1004 5732 1η
1035 5680 1183 5746 ﬁnem
1223 5676 1449 5746 psalmus
1483 5675 1667 5727 David.

590 5774 706 5828 3am
731 5770 855 5841 quia
892 5769 1028 5823 tituli
1061 5770 1221 5825 verba
1268 5782 1387 5826 nota
1424 5778 1579 5835 sunt,
1619 5767 1682 5822 de
1713 5776 1853 5822 textu
1901 5765 2089 5835 péaltui

2172 4697 2272 4735 non
2314 4679 2510 4741 abiero,
2547 4673 2837 4728 Paraclitus
2878 4686 2977 4723 non
3020 4668 3180 4721 veniet
3224 4667 3291 4717 ad
3332 4680 3445 4727 vos;
3488 4663 3531 4715 si
3579 4670 3750 4714 autem

2174 4773 2365 4838 abiero,
2395 4769 2589 4822 mittam
2616 4782 2729 4818 eum
2758 4763 2828 4815 ad
2853 4778 2935 4815 vos
2962 4760 3146 4829 (Joan.
3174 4772 3282 4820 art,
3314 4755 3389 4823 7).
3421 4754 3550 4808 Sion
3584 4752 3749 4812 enim,

2180 4864 2317 4919 sicut
2347 4876 2487 4927 smpe
2511 4859 2762 4922 diximus,
2790 4867 2943 4907 mons
2967 4860 3069 4916 est,
3098 4848 3400 4919 signiﬁcans
3426 4842 3751 4913 speculatio—

2182 4970 2325 5016 nem,
2370 4967 2488 5023 quas
2533 4948 2779 5003 convenit
2826 4943 3123 4998 Divinitati:
3154 4938 3402 5009 quoniam
3434 4935 3506 4990 illi
3553 4934 3750 4998 omnia,

2184 5060 2289 5099 non
2321 5052 2378 5096 ut
2407 5040 2560 5096 nobis
2605 5054 2669 5092 ex
2696 5046 2888 5092 eventu
2934 5044 3057 5088 nota
3101 5040 3256 5096 sunt,
3285 5029 3379 5085 sed
3420 5044 3489 5084 ex
3525 5027 3757 5096 glorioso

2185 5150 2295 5189 suae
2324 5128 2686 5198 dispositionis
2716 5141 2928 5180 arcano.

2258 5224 2412 5276 V'ers.
2439 5224 2493 5277 ὅ.
2527 5218 2722 5295 Memor
2757 5218 2821 5269 sit
2851 5216 3011 5267 omnis
3036 5211 3276 5279 sacriﬁcii
3300 5212 3375 5262 tui
3399 5249 3413 5274 ,
3444 5217 3489 5261 et
3519 5206 3761 5259 holocau-

2186 5326 2318 5369 stum
2359 5324 2500 5365 tuum
2539 5312 2722 5379 pingue
2762 5308 2871 5376 ﬁat.
2905 5304 3231 5370 Sacriﬁcium
3262 5308 3455 5354 sancta:
3488 5294 3762 5356 Ecclesiae,

2191 5422 2296 5460 non
2330 5403 2497 5457 hostia
2533 5399 2817 5469 pecudum,
2855 5398 2947 5451 sed
2994 5396 3092 5449 iste
3124 5396 3255 5447 ritus
3287 5391 3625 5458 accipiendas
3653 5396 3761 5454 est,

2192 5500 2278 5565 qui
2312 5510 2450 5548 nunc
2495 5493 2667 5561 agitur
2714 5489 2954 5557 corporis
2984 5496 3037 5541 et
3083 5485 3353 5553 sanguinis
3400 5478 3766 5535 immolatione

2194 5583 2459 5646 solemni,
2511 5595 2667 5647 quem
2723 5586 3000 5631 venturum
3049 5574 3419 5644 prtevidebat,
3462 5586 3564 5623 non
3606 5582 3766 5637 quem

2200 5672 2708 5745 pr‘lt't‘lﬂlllCtttltttl]
2756 5684 2875 5725 esse
2912 5675 3251 5735 cognoverat.
3294 5664 3565 5730 Srquitnr,
3598 5671 3641 5713 et
3672 5659 3771 5712 Ito-

2204 5770 2490 5823 locnttstum
2541 5776 2681 5818 tuum
2728 5763 2917 5832 pingue
2956 5760 3066 5827 (int.
3114 5757 3412 5812 llolocausti
3458 5753 3666 5809 nomine
3716 5752 3769 5804 itt
