4008 6182
319 322 422 376 HS

1277 307 1632 364 liXl‘USl'llO
1670 309 1732 364 lN
1778 299 2228 363 PSAlJl'ERIUSI.
2275 297 2460 353 l‘Sz‘lL.
2508 297 2645 355 XIX.

3487 301 3581 354 ξω

311 435 402 488 ll.a
435 430 630 499 prioris
675 427 926 483 sacriﬁcii
972 426 1314 480 similitudine
1364 436 1685 490 perseverat.
1733 423 1897 476 (lnio-
1931 427 1974 482 Α
2013 421 2144 490 ejus.
2174 415 2330 473 Salus
2359 417 2536 487 igitur,
2565 430 2720 484 quam
2747 414 2858 480 ipse
2889 415 3142 476 condidit,
3179 427 3463 482 potentatus
3492 436 3586 472 no.

311 530 550 575 caestum
581 520 726 572 enim
757 525 926 572 totum
961 517 1235 570 dicebatur
1263 519 1534 569 incensqu
1560 531 1574 578 ;
1607 530 1725 583 qua:
1763 529 1902 566 mute

312 612 592 670 referenda
616 619 742 666 sunt
763 609 831 664 ad
863 609 1257 665 communionis
1288 620 1482 661 nostra
1512 607 1900 659 sanctissituatn

313 709 623 778 puritatem.
670 703 1050 758 ilolocaustutu
1089 700 1230 754 enim
1272 715 1364 767 per
1390 714 1450 752 se
1477 699 1813 752 combustum
1845 707 1899 749 et

302 802 519 855 aridum
548 809 666 853 cst:
697 797 792 852 sed
830 795 1026 865 pingue
1056 794 1114 848 lit
1145 802 1305 861 atque
1343 793 1655 859 jucundum,
1689 791 1902 858 quandi

308 912 336 944 ι
386 892 564 963 gratia
597 890 897 944 Divinitatis
940 887 1232 944 assumitur
1282 884 1424 956 [mss.
1459 885 1544 950 A.,
1574 881 1660 949 B.,
1696 879 1788 945 [πη
1811 881 1904 935 ab-

309 983 541 1036 sumitur
565 980 602 1052 ἶ.

383 1075 538 1128 Vcrs.
569 1073 628 1132 4.
659 1071 872 1127 Tribuat
907 1072 994 1124 tibi
1025 1070 1275 1123 Dominus
1312 1067 1589 1121 secundant
1621 1081 1708 1119 cor
1736 1071 1897 1128 tuum,

313 1176 356 1218 et
384 1181 537 1218 omne
556 1164 830 1217 consilium
854 1173 1001 1217 tuum
1027 1162 1314 1230 cattﬁrmc’l.
1343 1161 1468 1214 Post
1494 1156 1782 1225 diapsalma
1813 1170 1906 1223 po-

314 1258 496 1322 situm,
523 1255 671 1310 venit
709 1253 778 1309 ad
805 1255 1103 1324 ingressum
1149 1252 1461 1315 secundum,
1495 1249 1672 1302 adhuc
1712 1258 1904 1316 optans

316 1350 572 1405 Ecclesim
599 1351 760 1413 bona,
782 1363 944 1417 quam
970 1347 1171 1401 sciebat
1197 1353 1511 1401 constanter
1529 1343 1578 1395 iu
1609 1341 1902 1394 orthodoxa

316 1444 571 1512 religione
617 1456 946 1496 mansuram.
981 1440 1116 1493 Dicit
1152 1439 1336 1500 enim:
1368 1436 1575 1491 Tiiinat
1607 1434 1696 1487 tibi
1726 1433 1903 1486 Domi-

316 1551 409 1586 nm
432 1536 716 1586 semiudum
745 1548 832 1584 cor
863 1541 1024 1594 tuum,
1052 1529 1105 1584 id
1131 1537 1215 1583 est
1239 1528 1534 1583 secundum
1576 1526 1902 1580 intellectum

317 1641 472 1693 quem
519 1624 686 1676 habes
728 1622 795 1676 de
846 1621 1068 1675 Domino
1114 1620 1433 1681 Salvatore;
1473 1625 1528 1670 ιιι
1559 1632 1678 1671 eum
1718 1615 1905 1670 credas

317 1731 480 1768 unum
511 1730 578 1768 ex
607 1714 872 1766 'l'rinitate
922 1726 1136 1780 passum
1179 1724 1341 1764 carne
1361 1751 1374 1774 ,
1405 1715 1460 1762 ct
1500 1721 1594 1776 pro
1625 1706 1804 1760 mundi
1837 1704 1900 1758 lic

2011 522 2122 564 ster
2152 524 2271 563 esse
2302 507 2663 577 dignoscitur:
2706 507 2920 575 quando
2945 506 3030 560 illa
3057 511 3198 560 satus
3245 525 3340 560 nec
3383 511 3586 565 morbis

2004 603 2255 668 afficitur,
2298 617 2394 654 nrc
2426 600 2699 654 doloribus
2734 600 3024 660 sauciatur,
3056 601 3146 654 sed
3200 612 3443 668 potentes
3488 620 3586 658 nos

2009 694 2194 757 elﬁcit,
2230 707 2352 746 cum
2387 693 2438 744 in
2467 707 2559 744 sua
2589 691 3195 758 percnnitatecustodit.
3228 693 3430 748 Sensus
3456 712 3586 766 ergo

2007 783 2126 849 talis
2154 791 2266 836 est:
2305 780 2560 834 Exnndiet
2604 780 2793 834 Filium
2832 781 2987 832 Pater
3014 782 3074 832 de
3099 781 3223 834 rwlo
3251 797 3424 837 sancto
3453 803 3543 840 suo
3568 803 3587 838 :

2005 873 2128 939 quia
2161 873 2211 925 in
2244 871 2468 925 dextera
2514 870 2626 940 ej.ts
2669 878 2753 925 est
2800 873 2982 933 salus,
3029 872 3229 925 habens
3257 889 3321 929 ex
3368 880 3581 945 propria

2006 966 2222 1030 deitate,
2254 966 2394 1034 quod
2427 976 2611 1034 petere
2639 965 2846 1019 videtur
2870 981 2935 1019 ex
2962 982 3138 1020 carne.

2023 1119 2030 1124 ,
2085 1059 2233 1113 Vel‘s.
2261 1059 2312 1112 8.
2347 1057 2419 1110 Hi
2461 1059 2514 1112 in
2541 1058 2797 1120 curribus,
2835 1070 2879 1110 et
2920 1059 2978 1110 hi-
3001 1060 3050 1111 in
3086 1061 3260 1127 equis:
3303 1078 3390 1113 nos
3420 1073 3590 1114 autem

2005 1153 2056 1204 in
2087 1151 2287 1204 nomine
2319 1148 2524 1202 Domini
2578 1148 2672 1203 Dei
2720 1149 2879 1210 nostri
2925 1152 3391 1221 magniﬁcnbimur.
3444 1153 3587 1205 Fidei

2008 1258 2116 1296 sua:
2145 1242 2452 1295 sinceritate
2484 1240 2782 1305 conlidens,
2823 1256 2940 1308 quas
2985 1244 3293 1296 muneribus
3332 1255 3445 1297 erat
3487 1245 3590 1297 Dn-

2010 1335 2138 1388 mini
2167 1337 2502 1396 coiitributa,
2548 1334 2806 1401 propheta
2856 1335 3088 1400 ltetatttr,
3133 1336 3433 1403 despiciens
3473 1338 3592 1392 illos

2008 1426 2094 1492 qui
2124 1423 2396 1491 pomposis
2418 1423 2663 1478 curribus
2684 1425 2879 1487 evecti,
2907 1425 2957 1478 in
2985 1427 3266 1494 temporali
3296 1429 3472 1496 potius
3513 1429 3591 1482 di-

2009 1521 2216 1590 gnitate
2247 1526 2600 1587 praisumunt.
2643 1519 2756 1572 Duo
2791 1518 2933 1572 enim
2975 1519 3112 1586 apud
3154 1521 3400 1587 antiquos
3441 1532 3592 1576 erant

2007 1627 2211 1680 genera
2238 1609 2664 1678 triumphorum:
2693 1626 2852 1664 unum
2879 1610 3048 1681 majus
3073 1611 3125 1664 in
3159 1613 3427 1679 curribus,
3453 1616 3592 1682 quod

2011 1705 2306 1758 laureatum
2338 1701 2636 1763 dicebatur;
2660 1700 2802 1754 aliud
2831 1703 3007 1756 minus
3031 1704 3079 1755 in
3105 1705 3276 1768 equis,
3307 1706 3446 1772 quod
3470 1721 3595 1757 ova-

317 1805 595 1859 ln'rttliOtte
627 1805 676 1856 iu
709 1803 884 1857 crucis
919 1801 1156 1871 patibulo
1199 1799 1522 1868 pependisse
1545 1837 1559 1861 ,
1599 1797 1773 1866 ipsmn
1818 1809 1899 1848 rc-
1935 1799 1982 1856 B
2011 1797 2082 1849 tio
2114 1795 2540 1863 nuncupabatur.
2574 1792 2681 1848 Sed
2725 1793 2824 1847 ista
2866 1795 3208 1848 smeularibus
3240 1797 3552 1861 relinqui-ns
3578 1839 3593 1863 ,

318 1900 640 1959 surrexisse,
673 1897 850 1964 ipsum
879 1894 1072 1950 sedere
1102 1894 1168 1947 ad
1201 1892 1474 1947 dexteram
1504 1891 1702 1953 Patris,
1735 1889 1907 1957 ipsum

319 1988 381 2039 ad
409 1987 762 2054 judicandum
801 2000 924 2040 esse
956 1994 1265 2041 venturum.
1315 1981 1536 2038 Addidit
1566 1995 1810 2050 quoque:
1846 1978 1913 2033 Et

319 2094 467 2130 omne
511 2078 783 2130 consilium
838 2084 984 2129 tuum
1029 2075 1329 2142 conﬁrmet,
1381 2072 1588 2130 scilicet
1630 2081 1684 2125 ut
1730 2069 1911 2143 mundi

321 2170 474 2224 istius
526 2169 836 2232 illecebras,
889 2165 1246 2234 contemplata
1297 2161 1914 2231 Dominivpromissione

319 2259 607 2328 deSpicias,
635 2269 688 2312 et
714 2258 950 2326 pericula
984 2255 1263 2327 praesentis
1293 2253 1471 2308 saeculi
1499 2267 1602 2306 non
1633 2265 1907 2321 pavescas,

319 2354 450 2404 dum
484 2351 677 2404 futura:
733 2347 1144 2404 resurrectionis
1172 2346 1390 2413 praemia
1432 2343 1552 2397 laeta
1579 2357 1794 2410 semper
1822 2355 1916 2396 ex-

320 2450 561 2510 spectas.
597 2440 708 2495 lloc
741 2449 821 2494 est
851 2440 994 2494 enim
1036 2437 1308 2491 comitium
1350 2444 1546 2489 sanctae
1580 2434 1764 2487 matris
1812 2432 1915 2487 Ec-

321 2531 530 2595 desim,
575 2532 783 2585 Patrem
809 2575 824 2600 ,
855 2539 910 2586 et
952 2529 1140 2584 Filium
1169 2570 1182 2593 ,
1218 2537 1272 2583 ct
1317 2527 1576 2596 Spiritum
1625 2534 1868 2579 sanetum
1897 2565 1912 2591 ,

323 2640 492 2677 unum
535 2623 676 2676 cred.
699 2637 757 2678 re
801 2622 967 2676 Deum
997 2663 1011 2687 ,
1057 2636 1086 2675 a
1117 2635 1224 2691 quo
1253 2630 1431 2675 creata
1466 2628 1588 2673 sunt
1616 2619 1793 2671 omnia
1813 2660 1826 2684 ,
1859 2627 1915 2673 et

320 2712 686 2780 disponuntur
707 2712 979 2766 universa.
1007 2709 1131 2762 llaec
1160 2709 1294 2763 bene
1318 2706 1622 2762 conﬁrmari
1653 2709 1913 2776 propheta

320 2803 647 2872 deprecatur
676 2802 730 2856 in
764 2800 958 2870 populo
1013 2799 1151 2854 lideli
1176 2839 1193 2866 ,
1222 2814 1318 2868 per
1345 2813 1462 2866 quas
1512 2798 1658 2852 navit
1695 2813 1814 2853 eum
1849 2798 1914 2852 ad

320 2905 531 2950 aeterna
563 2893 781 2964 prazmia
811 2908 932 2948 esse
960 2906 1264 2948 venturum.

400 2985 557 3039 Veis.
582 2985 637 3038 5.
667 2982 978 3036 Lwtubimur
1018 2981 1071 3035 in
1110 2981 1330 3036 salutari
1379 2991 1498 3046 tuo,
1533 2990 1578 3036 ct
1618 2985 1670 3037 in
1711 2983 1914 3036 nomine

322 3072 421 3126 Dei
467 3075 632 3127 nostri
673 3072 1142 3142 magni/icabimur.
1189 3071 1409 3142 Impleat
1448 3072 1696 3128 Dominus
1741 3090 1917 3127 omnes

2016 1896 2069 1945 in
2111 1894 2316 1946 nomine
2363 1892 2568 1945 Domini
2613 1908 2667 1944 se
2700 1890 3082 1960 magni/iratum
3121 1901 3243 1942 esse
3288 1888 3591 1941 (εοιιῆιίιιοι.

2015 1982 2129 2037 Non
2154 1983 2296 2037 enim
2325 1997 2516 2036 currus
2543 1988 2635 2036 aut
2673 1995 2845 2051 equus
2877 1979 3238 2049 magniﬁcam,
3266 1979 3506 2048 quamvis
3542 1982 3590 2031 iu

2016 2072 2119 2127 hoc
2159 2072 2357 2126 mundo
2394 2071 2654 2126 extollere
2680 2070 2959 2126 videantur
2992 2070 3326 2134 honoribus;
3365 2069 3455 2122 Si'tl
3503 2086 3595 2121 no.

2016 2180 2130 2218 men
2156 2163 2383 2230 Domini,
2412 2165 2551 2232 quod
2581 2165 2644 2218 ad
2673 2156 2889 2234 praemia
2914 2173 3115 2218 :eterna
3162 2165 3422 2230 perducit.
3462 2163 3594 2231 Qum

2016 2257 2185 2328 ﬁgura
2215 2257 2401 2313 Grarce
2442 2257 2634 2314 dicitur
2680 2256 2956 2330 syncrisis,
2999 2256 3184 2311 Latine
3229 2258 3584 2324 comparatio,

2016 2347 2143 2403 dum
2192 2351 2594 2419 comparatione
2632 2347 2858 2418 quadam
2899 2347 3183 2418 iustiorem
3235 2362 3450 2401 causam
3499 2365 3596 2402 no-

2017 2429 2206 2508 strain,
2239 2456 2398 2510 quam
2429 2442 2717 2496 adversarii
2741 2441 3192 2495 demonstramns.

2090 2525 2317 2588 Vers.'9.
2343 2531 2454 2604 Ipsi
2487 2532 2698 2603 obligati
2722 2540 2840 2586 sunt
2879 2540 2924 2584 et
2948 2531 3268 2598 ceciderunt;
3299 2549 3391 2585 nos
3431 2542 3516 2585 nul
3550 2551 3596 2586 m

2016 2627 2350 2690 surreximus,
2382 2635 2430 2677 et
2456 2626 2608 2679 erecti
2629 2641 2826 2680 summ.
2853 2623 3104 2678 Potenter
3127 2625 3333 2693 aperuit
3364 2625 3394 2678 [ε
3415 2635 3595 2679 uelum

2020 2714 2432 2784 praecedentium
2462 2731 2664 2769 rerum.
2697 2715 2828 2768 Nam
2861 2716 3109 2769 humanis
3139 2716 3427 2769 lunaribus
3459 2733 3596 2782 pne-

2019 2815 2320 2872 sumcntes,
2353 2807 2579 2876 laqueati
2622 2809 2796 2876 pravis
2838 2806 3119 2863 desideriis
3162 2807 3271 2859 suis
3310 2807 3358 2858 iu
3409 2807 3598 2859 nimiis

2018 2900 2226 2953 foveam
2257 2907 2597 2955 corruerunt.
2625 2898 2690 2953 Et
2710 2898 2836 2968 quia
2859 2898 3097 2952 dicturus
3127 2906 3259 2959 erat,
3283 2897 3596 2964 ceciderunt,

2021 2990 2300 3061 praemisit.
2332 2989 2565 3062 obligati,
2596 2990 2735 3059 quod
2770 3003 2987 3044 necesse
3010 2999 3090 3042 est
3123 2987 3228 3040 illis
3257 2988 3596 3055 contingere,

2020 3081 2107 3151 qui
2134 3096 2192 3136 se
2223 3080 2467 3135 videntur
2511 3078 2761 3132 llCSliOaiS
2801 3078 3075 3132 erroribus
3103 3077 3359 3145 obligare.
3392 3075 3595 3130 Resur-

323 3165 600 3234 Ραὲιὶοηει
631 3175 764 3218 ηεαδ·
792 3165 922 3220 Cum
949 3164 1030 3218 "ir
1057 3163 1429 3218 sanctissimus
1454 3164 1748 3233 spiritualia
1778 3164 1913 3219 bona
1945 3161 1992 3225 C
2023 3188 2149 3242 gere
2179 3174 2322 3228 enim
2347 3171 2555 3226 duobus
2579 3170 2751 3226 modis
2778 3170 2972 3224 dicitur
2994 3167 3357 3222 Christianus:
3383 3171 3597 3237 quando

321 3266 545 3324 Optaret
573 3257 872 3323 Ecclesiae,
904 3264 957 3310 ut
989 3270 1047 3310 se
1093 3271 1254 3310 unum
1299 3269 1364 3309 ex
1394 3254 1510 3323 ejus
1538 3269 1762 3324 corpore
1799 3270 1920 3312 esse

326 3363 662 3408 monstraret
687 3394 700 3417 ,
729 3367 880 3407 suam
912 3366 1128 3422 quoque
1157 3365 1439 3420 personam
1470 3349 1720 3405 decenter
1745 3349 1920 3404 admi-

323 3447 492 3498 seuit.
545 3443 680 3497 Nam
730 3444 784 3497 in
827 3443 1043 3497 salutari
1075 3442 1348 3505 Ecc'esim,
1380 3441 1520 3510 quod
1551 3448 1636 3495 est
1667 3441 1920 3503 Dominus

326 3538 579 3591 tilirisms
604 3575 622 3601 ,
653 3536 949 3590 laetaturum
977 3549 1036 3590 se
1067 3549 1186 3590 esse
1230 3533 1541 3597 declaravit,
1571 3541 1627 3587 et
1672 3533 1722 3586 in
1753 3533 1920 3602 ipsius

328 3626 552 3680 nomine
601 3639 662 3678 se
712 3625 1148 3693 magniﬁcandum
1210 3637 1330 3678 esse
1380 3631 1639 3689 testatur,
1689 3624 1809 3693 quia
1855 3637 1923 3678 ex

326 3717 548 3772 Christo
579 3716 866 3772 Christiani
922 3715 1129 3771 luerant
1180 3713 1540 3783 nuncupandi.
1593 3712 1924 3784 Magniﬁcari

328 3821 411 3864 cst
440 3811 589 3863 enim
621 3824 870 3879 magnum
902 3807 1038 3877 ﬁeri,
1062 3807 1260 3878 quippe
1285 3819 1404 3860 cum
1432 3819 1502 3858 ex
1531 3805 1790 3859 vocabulo
1812 3819 1924 3860 cm-

330 3902 484 3956 lestis
513 3901 675 3969 Regis
695 3914 892 3954 nomen
913 3909 998 3953 est
1018 3899 1326 3968 impositum
1349 3896 1621 3951 servienti.
1647 3894 1923 3964 Sequitur,

329 3993 547 4060 impii-at
579 3991 832 4046 Dominus
867 4008 1038 4046 omnes
1066 3991 1328 4060 petitiones
1354 4002 1488 4044 tuas.
1521 3989 1605 4043 Fit
1631 3989 1824 4044 iterum
1857 3989 1926 4045 ad

329 4084 639 4139 Ecclesiam
663 4093 816 4154 grata
845 4084 1151 4148 conversio,
1177 4092 1233 4136 ut.
1262 4098 1327 4136 ex
1362 4092 1468 4135 tam
1498 4080 1766 4150 frequenti
1800 4092 1926 4138 voto

329 4179 661 4246 probaretur
691 4176 871 4233 nimia:
901 4175 1288 4233 benevolentia:
1313 4175 1636 4243 magnitudo.

402 4268 565 4324 Vers.
597 4268 651 4322 6.
689 4268 841 4325 Nune
867 4269 1080 4339 cognovi
1101 4267 1348 4338 quoniam
1376 4267 1574 4320 salvum
1600 4267 1718 4335 fecit
1747 4266 1926 4321 Domi-

325 4377 429 4416 nus
457 4361 712 4414 Christum
739 4376 914 4414 suum.
950 4359 1074 4415 llaac
1096 4359 1207 4429 jam
1239 4371 1406 4428 usque
1434 4358 1502 4412 ad
1542 4357 1702 4414 ﬁnem
1736 4357 1925 4426 psalmi

324 4469 392 4507 cx
427 4466 667 4522 persona
697 4452 930 4520 loquitur
955 4440 1074 4507 sua.
1105 4451 1234 4518 Qum
1262 4452 1427 4522 figura
1459 4451 1654 4506 dicitur
1680 4461 1926 4519 apostro-

2023 3278 2053 3318 a
2083 3264 2335 3318 vitiorum
2365 3272 2535 3317 morte
2567 3262 2618 3316 in
2645 3261 2746 3316 hoc
2778 3260 2977 3314 mundo
3009 3274 3102 3329 per
3140 3260 3364 3328 gratiam
3406 3260 3600 3314 libera-

2025 3363 2131 3421 tus,
2163 3356 2214 3410 in
2251 3356 2443 3410 divinis
2465 3354 2936 3424 iustiﬁcationibus
2973 3360 3298 3424 perseverat,
3333 3353 3470 3408 sicut
3516 3369 3601 3406 sa-

2026 3447 2387 3516 pientissimus
2417 3445 2671 3501 Salomon
2713 3443 2877 3499 dirit:
2923 3442 3122 3511 Septies
3159 3441 3296 3496 radit
3317 3443 3494 3511 justus
3517 3483 3530 3507 ,
3562 3450 3613 3494 et
3694 3504 3696 3507 ι

2023 3541 2238 3610 resurgit
2287 3536 2487 3611 (Prov.
2535 3553 2686 3604 xxiv,
2734 3535 2862 3606 16).
2904 3535 3108 3590 Dicitur
3136 3543 3189 3588 et
3215 3535 3482 3605 generalis
3514 3535 3600 3588 illa

2027 3631 2369 3693 resurrectio,
2403 3631 2580 3698 inqua
2607 3627 2734 3696 justi
2764 3627 2981 3698 pra-mia
3026 3635 3222 3680 arterua
3268 3638 3606 3694 consertum-

2029 3731 2135 3776 tur.
2177 3721 2284 3775 Sed
2319 3721 2404 3774 hic
2439 3729 2720 3789 utramque
2761 3715 3050 3773 convenire
3096 3713 3434 3769 manifestum
3481 3723 3602 3776 est;

2028 3810 2118 3866 ubi
2147 3810 2268 3866 ideo
2295 3811 2492 3880 posuit,
2522 3811 2671 3864 erecti
2698 3825 2894 3871 sumus,
2922 3809 3044 3879 quia
3071 3809 3123 3861 in
3159 3807 3398 3876 qualibet
3432 3823 3607 3861 rcsur~
3652 3802 3657 3806 ’

2027 3903 2286 3968 rectione,
2330 3903 2511 3957 ﬁdeles
2537 3902 2606 3954 ab
2637 3901 2936 3957 humilitate
2966 3911 3289 3972 consurgunt
3315 3943 3329 3963 ,
3360 3912 3409 3955 et
3440 3901 3504 3954 ad
3535 3901 3607 3952 di-

2028 3994 2149 4048 vina
2182 3993 2396 4059 praemia
2427 3993 2802 4047 snblevautur.
2836 3993 2985 4059 Quod
3028 4005 3400 4061 argumentum
3447 3994 3496 4046 in
3529 4001 3607 4045 to-

2029 4082 2162 4152 picis
2207 4082 2402 4136 dicitur
2428 4097 2455 4135 a
2485 4083 2644 4136 rebus
2693 4083 2820 4150 ipsis
2846 4121 2861 4143 ,
2913 4082 3122 4151 quando
3170 4093 3226 4137 et
3269 4083 3610 4138 adversarios

2028 4175 2294 4230 corruisse
2321 4174 2568 4234 dicimus,
2596 4185 2648 4227 et
2682 4188 2777 4228 nos
2807 4183 3015 4228 erectos
3054 4188 3176 4230 esse
3209 4184 3482 4229 testamur.

2100 4265 2252 4320 Vers.
2307 4265 2391 4320 10.
2441 4264 2688 4328 Domine,
2729 4265 2924 4319 salvum
2967 4269 3050 4337 fac
3085 4281 3294 4335 regem;
3334 4277 3380 4318 et
3424 4268 3610 4320 ιπηιιᾶ

2027 4360 2137 4431 69
2163 4375 2253 4412 nos
2276 4359 2330 4412 in
2351 4358 2434 4412 die
2455 4375 2554 4428 qua
2579 4359 2981 4414 invocaverinma
3011 4367 3078 4413 te.
3109 4360 3430 4414 Futurorum
3463 4361 3606 4415 desi-

2029 4450 2180 4504 derio
2212 4448 2466 4518 propheta
2505 4448 2781 4516 pellectus,
2827 4449 2913 4505 illa
2946 4453 3078 4519 petit
3105 4451 3300 4507 iterum
3337 4452 3448 4508 ﬁeri
3488 4471 3608 4522 qua:

324 4545 459 4609 pho,
498 4543 549 4597 id
573 4552 658 4597 est
680 4544 995 4610 conversio,
1047 4544 1259 4612 quoties
1291 4542 1358 4596 ad
1382 4543 1623 4596 diversas
1668 4556 1925 4610 personas
1955 4540 2007 4600 D
2034 4550 2254 4596 noverat
2278 4554 2398 4596 esse
2428 4551 2670 4595 ventura.
2704 4542 2908 4597 Dicitur
2942 4543 3114 4598 Patri:
3150 4543 3365 4598 Salvum
3410 4547 3496 4612 [ac
3525 4564 3612 4600 rc-

323 4637 530 4692 crebro
559 4635 725 4690 verba
753 4636 1137 4692 convertimus.
1175 4634 1411 4690 Dicenda
1433 4676 1448 4701 ,
1495 4650 1628 4688 nunc
1672 4636 1884 4706 cognovi
1909 4674 1924 4698 ,

321 4742 584 4796 magnam
613 4728 864 4782 virtutem
890 4726 1313 4797 prophetationis
1341 4725 1606 4791 ostendit;
1631 4732 1690 4778 ut
1713 4726 1763 4778 in
1793 4740 1930 4794 pra:-

323 4821 471 4874 seusi
495 4834 558 4875 se
581 4818 789 4874 diceret
806 4817 1143 4888 cognovisse,
1180 4816 1323 4887 quod
1361 4826 1484 4885 post
1518 4817 1684 4870 multa
1725 4815 1925 4869 stet-uta

319 4912 509 4978 potuit
537 4909 847 4978 approbari.
881 4908 1096 4964 Salvum
1125 4908 1242 4979 fecit
1271 4907 1427 4962 Pater
1453 4906 1711 4960 Christum
1735 4905 1922 4958 Filium

321 5002 740 5056 resurrectione
788 5000 1062 5071 gloriosa,
1118 4997 1331 5068 quando
1366 4998 1528 5053 etiam
1569 4997 1813 5052 ascendit
1872 4997 1922 5050 in

318 5093 522 5147 celos.
1050 5137 1054 5140 _

399 5181 564 5234 Vers.
593 5181 648 5239 7.
683 5179 939 5237 Exaudiet
967 5181 1114 5235 illum
1143 5181 1206 5236 de
1233 5181 1359 5236 caelo
1387 5189 1568 5234 saneto
1597 5195 1691 5232 suo
1716 5195 1733 5244 ;
1759 5180 1812 5232 in
1843 5195 1926 5244 po-

320 5272 615 5326 tcutatibus
659 5273 804 5327 salus
830 5273 1053 5328 dextera:
1076 5276 1210 5346 ejus.
1243 5271 1520 5326 Exaudivit
1553 5269 1737 5324 Filium
1772 5271 1926 5323 Pater

319 5365 396 5418 ab
424 5365 804 5419 incarnatione
833 5373 1080 5433 suscepta
1100 5407 1114 5429 ,
1147 5372 1266 5432 post
1293 5361 1744 5416 resurrectionem
1777 5359 1926 5414 vide-

318 5456 483 5514 licet.
513 5455 735 5524 quando
775 5456 1032 5523 Spiritum
1071 5463 1312 5509 sanctum
1344 5452 1410 5508 de
1445 5453 1583 5508 caelo
1610 5451 1756 5506 misit
1793 5466 1924 5518 apo-

319 5543 514 5607 stolis,
539 5560 703 5613 quem
733 5546 784 5600 in
818 5545 978 5600 terris
1002 5544 1320 5600 mittendum
1353 5558 1473 5598 esse
1498 5542 1833 5611 promiserat.
1860 5540 1928 5594 Et

318 5644 388 5690 ut
423 5635 605 5703 ipsum
637 5651 853 5707 quoque
884 5635 935 5690 in
969 5637 1169 5692 deitate
1201 5650 1297 5688 sua
1344 5633 1764 5702 omnipotentem
1806 5647 1926 5687 esse

321 5736 706 5796 tuornstraret,
737 5728 1012 5798 sequitur,
1057 5729 1112 5782 in
1147 5725 1485 5796 potentatibut
1522 5725 1662 5779 salus
1712 5724 1930 5778 dexterw

2033 4650 2166 4702 gem,
2198 4633 2249 4687 id
2277 4643 2358 4687 est
2400 4633 2640 4689 Christus
2694 4635 2951 4691 Dominus
2997 4646 3237 4705 resurgat
3266 4654 3292 4689 a
3339 4642 3566 4694 mortuis
3594 4682 3609 4702 ,

2037 4722 2290 4778 ascendat
2317 4722 2368 4776 in
2398 4724 2565 4778 caelos
2587 4764 2602 4788 ,
2635 4723 2940 4793 interpellet
2968 4739 3064 4794 pro
3095 4726 3248 4780 nobis
3267 4769 3282 4794 ,
3317 4742 3383 4781 ne
3409 4727 3612 4780 diutius

2037 4823 2216 4869 nostra
2243 4815 2454 4870 vacillet
2489 4817 2683 4881 oratio,
2723 4817 2816 4870 sed
2865 4817 2981 4886 ipso
3017 4817 3293 4873 Advocato
3327 4835 3613 4887 praesuma-

2038 4921 2157 4960 mus
2184 4921 2340 4961 orare
2363 4945 2379 4972 ,
2411 4907 2500 4977 qui
2532 4922 2630 4963 nos
2653 4908 2796 4962 Patri
2824 4909 3006 4964 docuit
3045 4911 3348 4979 supplicare
3374 4953 3386 4974 ,
3422 4928 3486 4966 ne
3515 4927 3612 4967 nos

2039 4998 2228 5052 mortis
2261 4997 2486 5068 laqueus
2529 4999 2695 5067 possit
2729 5000 3045 5071 astringere.
3096 5001 3334 5073 Denique
3376 5003 3476 5058 hoc
3520 5017 3611 5056 se-

2033 5090 2238 5157 quitur,
2268 5091 2455 5144 emoudi
2479 5108 2570 5144 nos
2596 5091 2649 5144 in
2673 5091 2756 5144 die
2777 5109 2876 5162 qua
2904 5093 3305 5149 invocaverimus
3351 5103 3420 5157 te;
3467 5093 3613 5162 quod

2035 5190 2160 5235 tunc
2207 5182 2438 5235 humano
2480 5182 2662 5251 generi
2708 5171 2970 5258 proﬂuit,
3002 5185 3214 5250 quando
3258 5184 3611 5238 resurrectio-

2035 5289 2156 5330 nem
2191 5273 2400 5328 Domini
2443 5275 2594 5328 lirme
2621 5274 2850 5329 credidit
2877 5285 2931 5330 et
2960 5277 3205 5332 lzctanter
3232 5276 3462 5346 aspexit.

2569 5405 2842 5461 Conclusio
2871 5407 3078 5476 psalmi.

2109 5536 2299 5591 Docuit
2346 5550 2442 5590 nos
2491 5537 2746 5605 propheta
2797 5537 3174 5592 sanctissimus
3219 5540 3361 5609 quali
3420 5545 3617 5612 pietate

2035 5629 2326 5683 debeamus
2354 5627 2567 5682 Christo
2617 5627 2845 5682 Domino
2890 5628 3312 5700 servirezoptat
3356 5635 3429 5687 illi
3480 5636 3612 5690 Liuia

2040 5738 2158 5793 qua:
2206 5729 2429 5775 noverat
2470 5734 2588 5774 esse
2632 5728 2887 5785 ventura,
2931 5722 3055 5789 quia
3105 5723 3238 5782 bene
3284 5725 3614 5782 credentium
