  <div class='ocr_page' id='page_1' title='image "/cluster/home/n/w/nwhite01/storage/ocr_20150623/70/hvd.32044054758735/079.png"; bbox 0 0 4008 6182; ppageno 0'>
   <div class='ocr_carea' id='block_1_1' title="bbox 423 338 523 396">
    <p class='ocr_par' dir='ltr' id='par_1_1' title="bbox 423 338 523 396">
     <span class='ocr_line' id='line_1_1' title="bbox 423 338 523 396; baseline -0.03 -1"><span class='ocrx_word' id='word_1_1' title='bbox 423 338 523 396; x_wconf 66' lang='grc'><strong>147</strong></span> 
     </span>
    </p>
   </div>
   <div class='ocr_carea' id='block_1_2' title="bbox 1623 333 3657 397">
    <p class='ocr_par' dir='ltr' id='par_1_2' title="bbox 1623 333 3657 397">
     <span class='ocr_line' id='line_1_2' title="bbox 1623 333 3657 397; baseline 0.003 -6"><span class='ocrx_word' id='word_1_2' title='bbox 1623 337 1689 392; x_wconf 80' lang='grc' dir='ltr'><strong>Μ.</strong></span> <span class='ocrx_word' id='word_1_3' title='bbox 1749 335 2022 393; x_wconf 75' lang='lat' dir='ltr'><strong>.\URELI|</strong></span> <span class='ocrx_word' id='word_1_4' title='bbox 2066 333 2466 391; x_wconf 74' lang='lat' dir='ltr'><strong>CASSIODORI</strong></span> <span class='ocrx_word' id='word_1_5' title='bbox 3567 344 3657 397; x_wconf 73' lang='lat' dir='ltr'><strong>HS</strong></span> 
     </span>
    </p>
   </div>
   <div class='ocr_carea' id='block_1_3' title="bbox 422 446 3655 521">
    <p class='ocr_par' dir='ltr' id='par_1_3' title="bbox 422 446 3655 521">
     <span class='ocr_line' id='line_1_3' title="bbox 422 446 3655 521; baseline -0.002 -10"><span class='ocrx_word' id='word_1_6' title='bbox 422 472 538 511; x_wconf 83' lang='lat' dir='ltr'><strong>tnos</strong></span> <span class='ocrx_word' id='word_1_7' title='bbox 578 464 657 509; x_wconf 89' lang='lat' dir='ltr'><strong>est</strong></span> <span class='ocrx_word' id='word_1_8' title='bbox 703 455 788 508; x_wconf 84' lang='lat' dir='ltr'><strong>illa</strong></span> <span class='ocrx_word' id='word_1_9' title='bbox 835 469 986 508; x_wconf 87' lang='lat' dir='ltr'><strong>orare</strong></span> <span class='ocrx_word' id='word_1_10' title='bbox 1036 467 1154 521; x_wconf 69' lang='lat' dir='ltr'><strong>qua:</strong></span> <span class='ocrx_word' id='word_1_11' title='bbox 1198 450 1502 506; x_wconf 73' lang='lat' dir='ltr'><strong>desiderant</strong></span> <span class='ocrx_word' id='word_1_12' title='bbox 1550 465 1846 520; x_wconf 81' lang='lat' dir='ltr'><strong>cmergere.</strong></span> <span class='ocrx_word' id='word_1_13' title='bbox 1891 449 1981 503; x_wconf 99' lang='lat' dir='ltr'><strong>Sic</strong></span> <span class='ocrx_word' id='word_1_14' title='bbox 2013 452 2066 512; x_wconf 79' lang='grc' dir='ltr'><strong>Α</strong></span> <span class='ocrx_word' id='word_1_15' title='bbox 2161 446 2294 501; x_wconf 85' lang='lat' dir='ltr'><strong>Vers</strong></span> <span class='ocrx_word' id='word_1_16' title='bbox 2319 446 2373 501; x_wconf 68' lang='lat'><strong>2.</strong></span> <span class='ocrx_word' id='word_1_17' title='bbox 2412 446 2728 502; x_wconf 85' lang='lat' dir='ltr'><strong>Desiderium</strong></span> <span class='ocrx_word' id='word_1_18' title='bbox 2770 451 2954 504; x_wconf 73' lang='lat' dir='ltr'><strong>animo:</strong></span> <span class='ocrx_word' id='word_1_19' title='bbox 2998 453 3105 520; x_wconf 84' lang='lat' dir='ltr'><strong>ejus</strong></span> <span class='ocrx_word' id='word_1_20' title='bbox 3147 451 3366 506; x_wconf 88' lang='lat' dir='ltr'><strong>tribuisti</strong></span> <span class='ocrx_word' id='word_1_21' title='bbox 3403 454 3478 517; x_wconf 88' lang='lat' dir='ltr'><strong>ei,</strong></span> <span class='ocrx_word' id='word_1_22' title='bbox 3507 463 3552 505; x_wconf 86' lang='lat' dir='ltr'><strong>et</strong></span> <span class='ocrx_word' id='word_1_23' title='bbox 3582 469 3655 505; x_wconf 86' lang='grc' dir='ltr'><strong>υυ-</strong></span> 
     </span>
    </p>
   </div>
   <div class='ocr_carea' id='block_1_4' title="bbox 421 539 1982 609">
    <p class='ocr_par' dir='ltr' id='par_1_4' title="bbox 421 539 1982 609">
     <span class='ocr_line' id='line_1_4' title="bbox 421 539 1982 609; baseline -0.004 -11"><span class='ocrx_word' id='word_1_24' title='bbox 421 557 473 598; x_wconf 86' lang='lat' dir='ltr'><strong>et</strong></span> <span class='ocrx_word' id='word_1_25' title='bbox 521 547 570 598; x_wconf 91' lang='lat' dir='ltr'><strong>in</strong></span> <span class='ocrx_word' id='word_1_26' title='bbox 622 543 881 597; x_wconf 84' lang='lat' dir='ltr'><strong>dominica</strong></span> <span class='ocrx_word' id='word_1_27' title='bbox 938 543 1177 596; x_wconf 80' lang='lat' dir='ltr'><strong>oratione</strong></span> <span class='ocrx_word' id='word_1_28' title='bbox 1229 555 1622 609; x_wconf 66' lang='lat' dir='ltr'><strong>prtemanemnr</strong></span> <span class='ocrx_word' id='word_1_29' title='bbox 1668 556 1681 594; x_wconf 89' lang='lat'><strong>:</strong></span> <span class='ocrx_word' id='word_1_30' title='bbox 1732 539 1982 593; x_wconf 78' lang='lat' dir='ltr'><strong>Adveniet</strong></span> 
     </span>
    </p>
   </div>
   <div class='ocr_carea' id='block_1_5' title="bbox 420 632 1981 707">
    <p class='ocr_par' dir='ltr' id='par_1_5' title="bbox 420 632 1981 707">
     <span class='ocr_line' id='line_1_5' title="bbox 420 632 1981 707; baseline -0.004 -15"><span class='ocrx_word' id='word_1_31' title='bbox 420 655 628 707; x_wconf 73' lang='lat' dir='ltr'><strong>regnum</strong></span> <span class='ocrx_word' id='word_1_32' title='bbox 671 647 812 690; x_wconf 88' lang='lat' dir='ltr'><strong>tuum</strong></span> <span class='ocrx_word' id='word_1_33' title='bbox 857 635 1080 707; x_wconf 78' lang='lat' dir='ltr'><strong>(Matth.</strong></span> <span class='ocrx_word' id='word_1_34' title='bbox 1111 650 1192 701; x_wconf 78' lang='lat' dir='ltr'><strong>Vt,</strong></span> <span class='ocrx_word' id='word_1_35' title='bbox 1235 634 1372 704; x_wconf 69' lang='lat'><strong>10);</strong></span> <span class='ocrx_word' id='word_1_36' title='bbox 1424 632 1568 703; x_wconf 90' lang='lat' dir='ltr'><strong>quod</strong></span> <span class='ocrx_word' id='word_1_37' title='bbox 1617 634 1826 688; x_wconf 86' lang='lat' dir='ltr'><strong>etiamsi</strong></span> <span class='ocrx_word' id='word_1_38' title='bbox 1876 648 1981 686; x_wconf 88' lang='lat' dir='ltr'><strong>non</strong></span> 
     </span>
    </p>
   </div>
   <div class='ocr_carea' id='block_1_6' title="bbox 422 725 1986 800">
    <p class='ocr_par' dir='ltr' id='par_1_6' title="bbox 422 725 1986 800">
     <span class='ocr_line' id='line_1_6' title="bbox 422 725 1986 800; baseline -0.001 -18"><span class='ocrx_word' id='word_1_39' title='bbox 422 747 630 786; x_wconf 66' lang='lat' dir='ltr'><strong>oremus</strong></span> <span class='ocrx_word' id='word_1_40' title='bbox 676 728 939 784; x_wconf 80' lang='lat' dir='ltr'><strong>adveniet.</strong></span> <span class='ocrx_word' id='word_1_41' title='bbox 971 728 1075 784; x_wconf 87' lang='lat' dir='ltr'><strong>Sed</strong></span> <span class='ocrx_word' id='word_1_42' title='bbox 1118 728 1337 782; x_wconf 82' lang='lat' dir='ltr'><strong>devotus</strong></span> <span class='ocrx_word' id='word_1_43' title='bbox 1365 725 1482 800; x_wconf 87' lang='lat' dir='ltr'><strong>[ms.</strong></span> <span class='ocrx_word' id='word_1_44' title='bbox 1513 726 1579 781; x_wconf 75' lang='grc' dir='ltr'><strong>α.</strong></span> <span class='ocrx_word' id='word_1_45' title='bbox 1607 734 1653 781; x_wconf 89' lang='lat' dir='ltr'><strong>et</strong></span> <span class='ocrx_word' id='word_1_46' title='bbox 1682 728 1790 792; x_wconf 89' lang='lat' dir='ltr'><strong>ed.,</strong></span> <span class='ocrx_word' id='word_1_47' title='bbox 1823 726 1986 780; x_wconf 89' lang='lat' dir='ltr'><strong>devo-</strong></span> 
     </span>
    </p>
   </div>
   <div class='ocr_carea' id='block_1_7' title="bbox 424 817 1981 887">
    <p class='ocr_par' dir='ltr' id='par_1_7' title="bbox 424 817 1981 887">
     <span class='ocr_line' id='line_1_7' title="bbox 424 817 1981 887; baseline -0.001 -15"><span class='ocrx_word' id='word_1_48' title='bbox 424 819 553 887; x_wconf 83' lang='grc' dir='ltr'>ιιιιιι]</span> <span class='ocrx_word' id='word_1_49' title='bbox 585 837 687 874; x_wconf 91' lang='lat' dir='ltr'><strong>non</strong></span> <span class='ocrx_word' id='word_1_50' title='bbox 718 819 832 874; x_wconf 88' lang='lat' dir='ltr'><strong>vult</strong></span> <span class='ocrx_word' id='word_1_51' title='bbox 871 819 1141 884; x_wconf 87' lang='lat' dir='ltr'><strong>desinere,</strong></span> <span class='ocrx_word' id='word_1_52' title='bbox 1174 834 1290 886; x_wconf 80' lang='lat' dir='ltr'><strong>quae</strong></span> <span class='ocrx_word' id='word_1_53' title='bbox 1321 827 1542 873; x_wconf 88' lang='lat' dir='ltr'><strong>ventura</strong></span> <span class='ocrx_word' id='word_1_54' title='bbox 1571 817 1742 872; x_wconf 80' lang='lat' dir='ltr'><strong>credit</strong></span> <span class='ocrx_word' id='word_1_55' title='bbox 1772 825 1981 884; x_wconf 88' lang='lat' dir='ltr'><strong>optare.</strong></span> 
     </span>
    </p>
   </div>
   <div class='ocr_carea' id='block_1_8' title="bbox 422 909 1980 983">
    <p class='ocr_par' dir='ltr' id='par_1_8' title="bbox 422 909 1980 983">
     <span class='ocr_line' id='line_1_8' title="bbox 422 909 1980 983; baseline 0.002 -23"><span class='ocrx_word' id='word_1_56' title='bbox 422 917 750 979; x_wconf 73' lang='lat' dir='ltr'><strong>Quapropter</strong></span> <span class='ocrx_word' id='word_1_57' title='bbox 790 912 1087 983; x_wconf 84' lang='lat' dir='ltr'><strong>alﬁigamur</strong></span> <span class='ocrx_word' id='word_1_58' title='bbox 1115 911 1166 964; x_wconf 90' lang='lat' dir='ltr'><strong>in</strong></span> <span class='ocrx_word' id='word_1_59' title='bbox 1195 909 1308 980; x_wconf 88' lang='lat' dir='ltr'><strong>ejus</strong></span> <span class='ocrx_word' id='word_1_60' title='bbox 1353 912 1621 978; x_wconf 71' lang='lat' dir='ltr'><strong>passione,</strong></span> <span class='ocrx_word' id='word_1_61' title='bbox 1655 910 1980 979; x_wconf 79' lang='lat' dir='ltr'><strong>gaudeamus</strong></span> 
     </span>
    </p>
   </div>
   <div class='ocr_carea' id='block_1_9' title="bbox 424 1002 1984 1073">
    <p class='ocr_par' dir='ltr' id='par_1_9' title="bbox 424 1002 1984 1073">
     <span class='ocr_line' id='line_1_9' title="bbox 424 1002 1984 1073; baseline 0.001 -17"><span class='ocrx_word' id='word_1_62' title='bbox 424 1006 475 1056; x_wconf 90' lang='lat' dir='ltr'><strong>in</strong></span> <span class='ocrx_word' id='word_1_63' title='bbox 523 1003 635 1073; x_wconf 77' lang='lat' dir='ltr'><strong>ejus</strong></span> <span class='ocrx_word' id='word_1_64' title='bbox 685 1005 1094 1058; x_wconf 83' lang='lat' dir='ltr'><strong>resurrectione.</strong></span> <span class='ocrx_word' id='word_1_65' title='bbox 1142 1002 1232 1058; x_wconf 90' lang='lat' dir='ltr'><strong>Sic</strong></span> <span class='ocrx_word' id='word_1_66' title='bbox 1286 1004 1430 1057; x_wconf 89' lang='lat' dir='ltr'><strong>enim</strong></span> <span class='ocrx_word' id='word_1_67' title='bbox 1483 1003 1646 1072; x_wconf 83' lang='lat' dir='ltr'><strong>ipsius</strong></span> <span class='ocrx_word' id='word_1_68' title='bbox 1701 1017 1984 1071; x_wconf 88' lang='lat' dir='ltr'><strong>possumus</strong></span> 
     </span>
    </p>
   </div>
   <div class='ocr_carea' id='block_1_10' title="bbox 418 1092 1979 1163">
    <p class='ocr_par' dir='ltr' id='par_1_10' title="bbox 418 1092 1979 1163">
     <span class='ocr_line' id='line_1_10' title="bbox 418 1092 1979 1163; baseline 0.002 -18"><span class='ocrx_word' id='word_1_69' title='bbox 418 1093 559 1160; x_wconf 90' lang='lat' dir='ltr'><strong>dici,</strong></span> <span class='ocrx_word' id='word_1_70' title='bbox 607 1093 654 1146; x_wconf 89' lang='lat' dir='ltr'><strong>si</strong></span> <span class='ocrx_word' id='word_1_71' title='bbox 709 1092 824 1163; x_wconf 88' lang='lat' dir='ltr'><strong>ejus</strong></span> <span class='ocrx_word' id='word_1_72' title='bbox 881 1093 1368 1162; x_wconf 86' lang='lat' dir='ltr'><strong>dispensationihus</strong></span> <span class='ocrx_word' id='word_1_73' title='bbox 1427 1108 1731 1148; x_wconf 88' lang='lat' dir='ltr'><strong>mereamur</strong></span> <span class='ocrx_word' id='word_1_74' title='bbox 1786 1095 1979 1163; x_wconf 90' lang='lat' dir='ltr'><strong>aptari.</strong></span> 
     </span>
    </p>
   </div>
   <div class='ocr_carea' id='block_1_11' title="bbox 421 1185 1982 1240">
    <p class='ocr_par' dir='ltr' id='par_1_11' title="bbox 421 1185 1982 1240">
     <span class='ocr_line' id='line_1_11' title="bbox 421 1185 1982 1240; baseline 0.001 -2"><span class='ocrx_word' id='word_1_75' title='bbox 421 1185 702 1240; x_wconf 63' lang='lat' dir='ltr'><strong>Praesentis</strong></span> <span class='ocrx_word' id='word_1_76' title='bbox 729 1195 906 1239; x_wconf 90' lang='lat' dir='ltr'><strong>autem</strong></span> <span class='ocrx_word' id='word_1_77' title='bbox 934 1185 1140 1240; x_wconf 90' lang='lat' dir='ltr'><strong>numeri</strong></span> <span class='ocrx_word' id='word_1_78' title='bbox 1169 1193 1498 1240; x_wconf 91' lang='lat' dir='ltr'><strong>sacramenta</strong></span> <span class='ocrx_word' id='word_1_79' title='bbox 1527 1185 1626 1239; x_wconf 89' lang='lat' dir='ltr'><strong>sub</strong></span> <span class='ocrx_word' id='word_1_80' title='bbox 1650 1201 1752 1238; x_wconf 92' lang='lat' dir='ltr'><strong>una</strong></span> <span class='ocrx_word' id='word_1_81' title='bbox 1775 1199 1982 1240; x_wconf 90' lang='lat' dir='ltr'><strong>summa</strong></span> 
     </span>
    </p>
   </div>
   <div class='ocr_carea' id='block_1_12' title="bbox 421 1275 1982 1347">
    <p class='ocr_par' dir='ltr' id='par_1_12' title="bbox 421 1275 1982 1347">
     <span class='ocr_line' id='line_1_12' title="bbox 421 1275 1982 1347; baseline -0.001 -17"><span class='ocrx_word' id='word_1_82' title='bbox 421 1293 747 1347; x_wconf 86' lang='lat' dir='ltr'><strong>nequaquam</strong></span> <span class='ocrx_word' id='word_1_83' title='bbox 793 1279 1061 1346; x_wconf 85' lang='lat' dir='ltr'><strong>potuimus</strong></span> <span class='ocrx_word' id='word_1_84' title='bbox 1089 1277 1350 1341; x_wconf 86' lang='lat' dir='ltr'><strong>invenire,</strong></span> <span class='ocrx_word' id='word_1_85' title='bbox 1386 1277 1478 1330; x_wconf 90' lang='lat' dir='ltr'><strong>sed</strong></span> <span class='ocrx_word' id='word_1_86' title='bbox 1527 1275 1663 1330; x_wconf 83' lang='lat' dir='ltr'><strong>forte</strong></span> <span class='ocrx_word' id='word_1_87' title='bbox 1695 1276 1850 1330; x_wconf 88' lang='lat' dir='ltr'><strong>nobis</strong></span> <span class='ocrx_word' id='word_1_88' title='bbox 1884 1291 1982 1344; x_wconf 89' lang='lat' dir='ltr'><strong>po-</strong></span> 
     </span>
    </p>
   </div>
   <div class='ocr_carea' id='block_1_13' title="bbox 420 1366 1982 1435">
    <p class='ocr_par' dir='ltr' id='par_1_13' title="bbox 420 1366 1982 1435">
     <span class='ocr_line' id='line_1_13' title="bbox 420 1366 1982 1435; baseline 0 -14"><span class='ocrx_word' id='word_1_89' title='bbox 420 1378 594 1423; x_wconf 88' lang='lat' dir='ltr'><strong>terunt</strong></span> <span class='ocrx_word' id='word_1_90' title='bbox 631 1369 796 1423; x_wconf 84' lang='lat' dir='ltr'><strong>divisa</strong></span> <span class='ocrx_word' id='word_1_91' title='bbox 842 1379 1107 1423; x_wconf 76' lang='lat' dir='ltr'><strong>constare.</strong></span> <span class='ocrx_word' id='word_1_92' title='bbox 1140 1366 1512 1422; x_wconf 87' lang='lat' dir='ltr'><strong>Duodenarius</strong></span> <span class='ocrx_word' id='word_1_93' title='bbox 1540 1368 1717 1435; x_wconf 90' lang='lat' dir='ltr'><strong>itaque</strong></span> <span class='ocrx_word' id='word_1_94' title='bbox 1745 1367 1982 1421; x_wconf 90' lang='lat' dir='ltr'><strong>ealculus</strong></span> 
     </span>
    </p>
   </div>
   <div class='ocr_carea' id='block_1_14' title="bbox 417 1459 1981 1530">
    <p class='ocr_par' dir='ltr' id='par_1_14' title="bbox 417 1459 1981 1530">
     <span class='ocr_line' id='line_1_14' title="bbox 417 1459 1981 1530; baseline 0.001 -17"><span class='ocrx_word' id='word_1_95' title='bbox 417 1461 480 1514; x_wconf 85' lang='lat' dir='ltr'><strong>ad</strong></span> <span class='ocrx_word' id='word_1_96' title='bbox 511 1462 777 1529; x_wconf 82' lang='lat' dir='ltr'><strong>apostolos</strong></span> <span class='ocrx_word' id='word_1_97' title='bbox 818 1471 900 1516; x_wconf 88' lang='lat' dir='ltr'><strong>cst</strong></span> <span class='ocrx_word' id='word_1_98' title='bbox 946 1461 1195 1516; x_wconf 87' lang='lat' dir='ltr'><strong>videlicet</strong></span> <span class='ocrx_word' id='word_1_99' title='bbox 1223 1459 1590 1530; x_wconf 90' lang='lat' dir='ltr'><strong>applicandus.</strong></span> <span class='ocrx_word' id='word_1_100' title='bbox 1635 1459 1981 1528; x_wconf 87' lang='lat' dir='ltr'><strong>Septenarius</strong></span> 
     </span>
    </p>
   </div>
   <div class='ocr_carea' id='block_1_15' title="bbox 417 1549 1978 1619">
    <p class='ocr_par' dir='ltr' id='par_1_15' title="bbox 417 1549 1978 1619">
     <span class='ocr_line' id='line_1_15' title="bbox 417 1549 1978 1619; baseline 0.002 -18"><span class='ocrx_word' id='word_1_101' title='bbox 417 1564 543 1604; x_wconf 84' lang='lat' dir='ltr'><strong>vero</strong></span> <span class='ocrx_word' id='word_1_102' title='bbox 571 1549 831 1618; x_wconf 82' lang='lat' dir='ltr'><strong>signiﬁcat</strong></span> <span class='ocrx_word' id='word_1_103' title='bbox 867 1550 1285 1615; x_wconf 85' lang='lat' dir='ltr'><strong>hebdomadam,</strong></span> <span class='ocrx_word' id='word_1_104' title='bbox 1318 1565 1435 1619; x_wconf 82' lang='lat' dir='ltr'><strong>quae</strong></span> <span class='ocrx_word' id='word_1_105' title='bbox 1474 1549 1538 1604; x_wconf 88' lang='lat' dir='ltr'><strong>ad</strong></span> <span class='ocrx_word' id='word_1_106' title='bbox 1583 1549 1805 1617; x_wconf 89' lang='lat' dir='ltr'><strong>primam</strong></span> <span class='ocrx_word' id='word_1_107' title='bbox 1834 1549 1978 1604; x_wconf 88' lang='lat' dir='ltr'><strong>illam</strong></span> 
     </span>
    </p>
   </div>
   <div class='ocr_carea' id='block_1_16' title="bbox 417 1638 1978 1707">
    <p class='ocr_par' dir='ltr' id='par_1_16' title="bbox 417 1638 1978 1707">
     <span class='ocr_line' id='line_1_16' title="bbox 417 1638 1978 1707; baseline 0.004 -18"><span class='ocrx_word' id='word_1_108' title='bbox 417 1640 643 1707; x_wconf 85' lang='lat' dir='ltr'><strong>pertinet</strong></span> <span class='ocrx_word' id='word_1_109' title='bbox 672 1641 787 1695; x_wconf 86' lang='lat' dir='ltr'><strong>sine</strong></span> <span class='ocrx_word' id='word_1_110' title='bbox 830 1640 1160 1694; x_wconf 86' lang='lat' dir='ltr'><strong>dubitatione</strong></span> <span class='ocrx_word' id='word_1_111' title='bbox 1207 1640 1491 1694; x_wconf 83' lang='lat' dir='ltr'><strong>culturam.</strong></span> <span class='ocrx_word' id='word_1_112' title='bbox 1545 1638 1670 1695; x_wconf 68' lang='lat' dir='ltr'><strong>llaec</strong></span> <span class='ocrx_word' id='word_1_113' title='bbox 1716 1641 1768 1694; x_wconf 89' lang='lat' dir='ltr'><strong>in</strong></span> <span class='ocrx_word' id='word_1_114' title='bbox 1817 1655 1978 1696; x_wconf 89' lang='lat' dir='ltr'><strong>unum</strong></span> 
     </span>
    </p>
   </div>
   <div class='ocr_carea' id='block_1_17' title="bbox 414 1731 1979 1801">
    <p class='ocr_par' dir='ltr' id='par_1_17' title="bbox 414 1731 1979 1801">
     <span class='ocr_line' id='line_1_17' title="bbox 414 1731 1979 1801; baseline 0.003 -18"><span class='ocrx_word' id='word_1_115' title='bbox 414 1733 644 1799; x_wconf 58' lang='lat' dir='ltr'><strong>sociata,</strong></span> <span class='ocrx_word' id='word_1_116' title='bbox 675 1733 951 1801; x_wconf 87' lang='lat' dir='ltr'><strong>utriusque</strong></span> <span class='ocrx_word' id='word_1_117' title='bbox 982 1732 1112 1800; x_wconf 85' lang='lat' dir='ltr'><strong>legis</strong></span> <span class='ocrx_word' id='word_1_118' title='bbox 1153 1747 1228 1786; x_wconf 90' lang='lat' dir='ltr'><strong>sa-</strong></span> <span class='ocrx_word' id='word_1_119' title='bbox 1250 1744 1489 1786; x_wconf 86' lang='lat' dir='ltr'><strong>ramenta</strong></span> <span class='ocrx_word' id='word_1_120' title='bbox 1517 1731 1862 1786; x_wconf 90' lang='lat' dir='ltr'><strong>concludunt.</strong></span> <span class='ocrx_word' id='word_1_121' title='bbox 1890 1732 1979 1788; x_wconf 88' lang='lat' dir='ltr'><strong>Sic</strong></span> 
     </span>
    </p>
   </div>
   <div class='ocr_carea' id='block_1_18' title="bbox 2089 539 3658 612">
    <p class='ocr_par' dir='ltr' id='par_1_18' title="bbox 2089 539 3658 612">
     <span class='ocr_line' id='line_1_18' title="bbox 2089 539 3658 612; baseline 0.004 -20"><span class='ocrx_word' id='word_1_122' title='bbox 2089 540 2284 592; x_wconf 88' lang='lat' dir='ltr'><strong>luntate</strong></span> <span class='ocrx_word' id='word_1_123' title='bbox 2323 539 2574 592; x_wconf 89' lang='lat' dir='ltr'><strong>labiorum</strong></span> <span class='ocrx_word' id='word_1_124' title='bbox 2616 541 2726 608; x_wconf 86' lang='lat' dir='ltr'><strong>ejus</strong></span> <span class='ocrx_word' id='word_1_125' title='bbox 2768 556 2869 594; x_wconf 90' lang='lat' dir='ltr'><strong>non</strong></span> <span class='ocrx_word' id='word_1_126' title='bbox 2912 542 3172 612; x_wconf 74' lang='lat' dir='ltr'><strong>fraudasti</strong></span> <span class='ocrx_word' id='word_1_127' title='bbox 3210 556 3341 596; x_wconf 79' lang='lat' dir='ltr'><strong>eum.</strong></span> <span class='ocrx_word' id='word_1_128' title='bbox 3378 543 3658 598; x_wconf 85' lang='lat' dir='ltr'><strong>Enumerat</strong></span> 
     </span>
    </p>
   </div>
   <div class='ocr_carea' id='block_1_19' title="bbox 2090 629 3656 703">
    <p class='ocr_par' dir='ltr' id='par_1_19' title="bbox 2090 629 3656 703">
     <span class='ocr_line' id='line_1_19' title="bbox 2090 629 3656 703; baseline 0.004 -20"><span class='ocrx_word' id='word_1_129' title='bbox 2090 629 2346 699; x_wconf 87' lang='lat' dir='ltr'><strong>propheta</strong></span> <span class='ocrx_word' id='word_1_130' title='bbox 2373 630 2585 684; x_wconf 79' lang='lat' dir='ltr'><strong>Christo</strong></span> <span class='ocrx_word' id='word_1_131' title='bbox 2614 630 2836 685; x_wconf 90' lang='lat' dir='ltr'><strong>Domino</strong></span> <span class='ocrx_word' id='word_1_132' title='bbox 2879 632 3172 686; x_wconf 87' lang='lat' dir='ltr'><strong>secundum</strong></span> <span class='ocrx_word' id='word_1_133' title='bbox 3216 647 3431 688; x_wconf 89' lang='lat' dir='ltr'><strong>carnem</strong></span> <span class='ocrx_word' id='word_1_134' title='bbox 3456 676 3469 697; x_wconf 94' lang='lat'><strong>,</strong></span> <span class='ocrx_word' id='word_1_135' title='bbox 3502 650 3656 703; x_wconf 87' lang='lat' dir='ltr'><strong>quam</strong></span> 
     </span>
    </p>
   </div>
   <div class='ocr_carea' id='block_1_20' title="bbox 2091 720 3658 796">
    <p class='ocr_par' dir='ltr' id='par_1_20' title="bbox 2091 720 3658 796">
     <span class='ocr_line' id='line_1_20' title="bbox 2091 720 3658 796; baseline 0.003 -21"><span class='ocrx_word' id='word_1_136' title='bbox 2091 720 2350 791; x_wconf 90' lang='lat' dir='ltr'><strong>ingentia,</strong></span> <span class='ocrx_word' id='word_1_137' title='bbox 2381 737 2536 792; x_wconf 90' lang='lat' dir='ltr'><strong>quam</strong></span> <span class='ocrx_word' id='word_1_138' title='bbox 2573 722 2803 791; x_wconf 89' lang='lat' dir='ltr'><strong>gloriosa</strong></span> <span class='ocrx_word' id='word_1_139' title='bbox 2832 724 3022 776; x_wconf 90' lang='lat' dir='ltr'><strong>collata</strong></span> <span class='ocrx_word' id='word_1_140' title='bbox 3052 725 3175 777; x_wconf 90' lang='lat' dir='ltr'><strong>sint.</strong></span> <span class='ocrx_word' id='word_1_141' title='bbox 3212 723 3527 777; x_wconf 79' lang='lat' dir='ltr'><strong>Desiderium</strong></span> <span class='ocrx_word' id='word_1_142' title='bbox 3554 728 3658 796; x_wconf 84' lang='lat' dir='ltr'><strong>ejns</strong></span> 
     </span>
    </p>
   </div>
   <div class='ocr_carea' id='block_1_21' title="bbox 2091 813 3658 883">
    <p class='ocr_par' dir='ltr' id='par_1_21' title="bbox 2091 813 3658 883">
     <span class='ocr_line' id='line_1_21' title="bbox 2091 813 3658 883; baseline 0.001 -17"><span class='ocrx_word' id='word_1_143' title='bbox 2091 815 2272 867; x_wconf 71' lang='lat' dir='ltr'><strong>anima:</strong></span> <span class='ocrx_word' id='word_1_144' title='bbox 2299 814 2395 882; x_wconf 75' lang='lat' dir='ltr'><strong>fuit</strong></span> <span class='ocrx_word' id='word_1_145' title='bbox 2413 854 2429 880; x_wconf 97' lang='lat'><strong>,</strong></span> <span class='ocrx_word' id='word_1_146' title='bbox 2470 814 2607 868; x_wconf 91' lang='lat' dir='ltr'><strong>sicut</strong></span> <span class='ocrx_word' id='word_1_147' title='bbox 2634 813 2688 868; x_wconf 88' lang='lat' dir='ltr'><strong>in</strong></span> <span class='ocrx_word' id='word_1_148' title='bbox 2715 813 3004 883; x_wconf 82' lang='lat' dir='ltr'><strong>Evangelio</strong></span> <span class='ocrx_word' id='word_1_149' title='bbox 3032 815 3162 869; x_wconf 87' lang='lat' dir='ltr'><strong>dicit</strong></span> <span class='ocrx_word' id='word_1_150' title='bbox 3189 831 3203 867; x_wconf 88' lang='lat'><strong>:</strong></span> <span class='ocrx_word' id='word_1_151' title='bbox 3235 813 3502 869; x_wconf 68' lang='lat' dir='ltr'><strong>Desidtrio</strong></span> <span class='ocrx_word' id='word_1_152' title='bbox 3532 817 3658 870; x_wconf 75' lang='lat' dir='ltr'><strong>desi-</strong></span> 
     </span>
    </p>
   </div>
   <div class='ocr_carea' id='block_1_22' title="bbox 2092 904 3654 977">
    <p class='ocr_par' dir='ltr' id='par_1_22' title="bbox 2092 904 3654 977">
     <span class='ocr_line' id='line_1_22' title="bbox 2092 904 3654 977; baseline 0.003 -21"><span class='ocrx_word' id='word_1_153' title='bbox 2092 905 2262 958; x_wconf 82' lang='lat' dir='ltr'><strong>deravi</strong></span> <span class='ocrx_word' id='word_1_154' title='bbox 2307 904 2613 959; x_wconf 84' lang='lat' dir='ltr'><strong>manducare</strong></span> <span class='ocrx_word' id='word_1_155' title='bbox 2655 905 2910 959; x_wconf 75' lang='lat' dir='ltr'><strong>uobiscum</strong></span> <span class='ocrx_word' id='word_1_156' title='bbox 2953 905 3048 960; x_wconf 80' lang='lat' dir='ltr'><strong>hoc</strong></span> <span class='ocrx_word' id='word_1_157' title='bbox 3096 905 3285 975; x_wconf 74' lang='lat' dir='ltr'><strong>pascha</strong></span> <span class='ocrx_word' id='word_1_158' title='bbox 3329 906 3488 977; x_wconf 87' lang='lat' dir='ltr'><strong>(Luc.</strong></span> <span class='ocrx_word' id='word_1_159' title='bbox 3516 923 3654 974; x_wconf 76' lang='lat' dir='ltr'><strong>xm,</strong></span> 
     </span>
    </p>
   </div>
   <div class='ocr_carea' id='block_1_23' title="bbox 2093 997 3655 1071">
    <p class='ocr_par' dir='ltr' id='par_1_23' title="bbox 2093 997 3655 1071">
     <span class='ocr_line' id='line_1_23' title="bbox 2093 997 3655 1071; baseline 0.003 -19"><span class='ocrx_word' id='word_1_160' title='bbox 2093 997 2207 1066; x_wconf 78' lang='grc'><strong>15).</strong></span> <span class='ocrx_word' id='word_1_161' title='bbox 2239 998 2389 1061; x_wconf 90' lang='lat' dir='ltr'><strong>Quod</strong></span> <span class='ocrx_word' id='word_1_162' title='bbox 2420 998 2635 1053; x_wconf 87' lang='lat' dir='ltr'><strong>schema</strong></span> <span class='ocrx_word' id='word_1_163' title='bbox 2668 999 2861 1054; x_wconf 92' lang='lat' dir='ltr'><strong>dicitur</strong></span> <span class='ocrx_word' id='word_1_164' title='bbox 2892 1001 3204 1071; x_wconf 83' lang='lat' dir='ltr'><strong>tautolOgia,</strong></span> <span class='ocrx_word' id='word_1_165' title='bbox 3234 1000 3284 1055; x_wconf 94' lang='lat' dir='ltr'><strong>id</strong></span> <span class='ocrx_word' id='word_1_166' title='bbox 3314 1010 3396 1056; x_wconf 86' lang='lat' dir='ltr'><strong>est</strong></span> <span class='ocrx_word' id='word_1_167' title='bbox 3419 1001 3655 1071; x_wconf 86' lang='lat' dir='ltr'><strong>ejusdem</strong></span> 
     </span>
    </p>
   </div>
   <div class='ocr_carea' id='block_1_24' title="bbox 2089 1093 3656 1160">
    <p class='ocr_par' dir='ltr' id='par_1_24' title="bbox 2089 1093 3656 1160">
     <span class='ocr_line' id='line_1_24' title="bbox 2089 1093 3656 1160; baseline 0.003 -15"><span class='ocrx_word' id='word_1_168' title='bbox 2089 1093 2351 1146; x_wconf 86' lang='lat' dir='ltr'><strong>sermonis</strong></span> <span class='ocrx_word' id='word_1_169' title='bbox 2397 1093 2639 1158; x_wconf 88' lang='lat' dir='ltr'><strong>iteratio;</strong></span> <span class='ocrx_word' id='word_1_170' title='bbox 2687 1094 2823 1148; x_wconf 89' lang='lat' dir='ltr'><strong>sicut</strong></span> <span class='ocrx_word' id='word_1_171' title='bbox 2871 1103 2984 1160; x_wconf 91' lang='lat' dir='ltr'><strong>est,</strong></span> <span class='ocrx_word' id='word_1_172' title='bbox 3015 1093 3326 1148; x_wconf 83' lang='lat' dir='ltr'><strong>Benedicens</strong></span> <span class='ocrx_word' id='word_1_173' title='bbox 3367 1096 3656 1151; x_wconf 87' lang='lat' dir='ltr'><strong>benedicam</strong></span> 
     </span>
    </p>
   </div>
   <div class='ocr_carea' id='block_1_25' title="bbox 2062 1183 3653 1256">
    <p class='ocr_par' dir='ltr' id='par_1_25' title="bbox 2062 1183 3653 1256">
     <span class='ocr_line' id='line_1_25' title="bbox 2062 1183 3653 1256; baseline 0.003 -19"><span class='ocrx_word' id='word_1_174' title='bbox 2062 1194 2165 1253; x_wconf 38' lang='lat' dir='ltr'><strong>‘te;</strong></span> <span class='ocrx_word' id='word_1_175' title='bbox 2187 1193 2260 1251; x_wconf 91' lang='lat' dir='ltr'><strong>et,</strong></span> <span class='ocrx_word' id='word_1_176' title='bbox 2291 1183 2630 1253; x_wconf 79' lang='lat' dir='ltr'><strong>multiplicans</strong></span> <span class='ocrx_word' id='word_1_177' title='bbox 2651 1185 2996 1256; x_wconf 80' lang='lat' dir='ltr'><strong>multiplicabo</strong></span> <span class='ocrx_word' id='word_1_178' title='bbox 3024 1203 3187 1240; x_wconf 78' lang='lat' dir='ltr'><strong>semen</strong></span> <span class='ocrx_word' id='word_1_179' title='bbox 3210 1195 3352 1240; x_wconf 90' lang='lat' dir='ltr'><strong>tuum</strong></span> <span class='ocrx_word' id='word_1_180' title='bbox 3373 1186 3527 1256; x_wconf 87' lang='lat' dir='ltr'><strong>(Gen.</strong></span> <span class='ocrx_word' id='word_1_181' title='bbox 3547 1204 3653 1253; x_wconf 79' lang='lat' dir='ltr'><strong>xvt,</strong></span> 
     </span>
    </p>
   </div>
   <div class='ocr_carea' id='block_1_26' title="bbox 2087 1275 3654 1348">
    <p class='ocr_par' dir='ltr' id='par_1_26' title="bbox 2087 1275 3654 1348">
     <span class='ocr_line' id='line_1_26' title="bbox 2087 1275 3654 1348; baseline 0.003 -18"><span class='ocrx_word' id='word_1_182' title='bbox 2087 1275 2206 1346; x_wconf 75' lang='lat' dir='ltr'><strong>i0).</strong></span> <span class='ocrx_word' id='word_1_183' title='bbox 2257 1277 2359 1332; x_wconf 91' lang='lat' dir='ltr'><strong>Sed</strong></span> <span class='ocrx_word' id='word_1_184' title='bbox 2411 1278 2501 1331; x_wconf 90' lang='lat' dir='ltr'><strong>ille</strong></span> <span class='ocrx_word' id='word_1_185' title='bbox 2547 1279 2694 1333; x_wconf 87' lang='lat' dir='ltr'><strong>solus</strong></span> <span class='ocrx_word' id='word_1_186' title='bbox 2741 1288 2824 1334; x_wconf 91' lang='lat' dir='ltr'><strong>est</strong></span> <span class='ocrx_word' id='word_1_187' title='bbox 2873 1279 2963 1348; x_wconf 88' lang='lat' dir='ltr'><strong>qui</strong></span> <span class='ocrx_word' id='word_1_188' title='bbox 3008 1278 3280 1334; x_wconf 90' lang='lat' dir='ltr'><strong>desiderio</strong></span> <span class='ocrx_word' id='word_1_189' title='bbox 3328 1279 3654 1334; x_wconf 83' lang='lat' dir='ltr'><strong>desideravit</strong></span> 
     </span>
    </p>
   </div>
   <div class='ocr_carea' id='block_1_27' title="bbox 2088 1366 3650 1438">
    <p class='ocr_par' dir='ltr' id='par_1_27' title="bbox 2088 1366 3650 1438">
     <span class='ocr_line' id='line_1_27' title="bbox 2088 1366 3650 1438; baseline 0.001 -17"><span class='ocrx_word' id='word_1_190' title='bbox 2088 1366 2253 1434; x_wconf 89' lang='lat' dir='ltr'><strong>mori,</strong></span> <span class='ocrx_word' id='word_1_191' title='bbox 2285 1368 2497 1436; x_wconf 89' lang='lat' dir='ltr'><strong>quando</strong></span> <span class='ocrx_word' id='word_1_192' title='bbox 2521 1381 2579 1422; x_wconf 89' lang='lat' dir='ltr'><strong>se</strong></span> <span class='ocrx_word' id='word_1_193' title='bbox 2602 1382 2698 1438; x_wconf 87' lang='lat' dir='ltr'><strong>pro</strong></span> <span class='ocrx_word' id='word_1_194' title='bbox 2721 1369 2956 1423; x_wconf 90' lang='lat' dir='ltr'><strong>omnium</strong></span> <span class='ocrx_word' id='word_1_195' title='bbox 2981 1369 3154 1423; x_wconf 88' lang='lat' dir='ltr'><strong>salute</strong></span> <span class='ocrx_word' id='word_1_196' title='bbox 3178 1369 3433 1424; x_wconf 87' lang='lat' dir='ltr'><strong>oll&#39;erebat</strong></span> <span class='ocrx_word' id='word_1_197' title='bbox 3457 1371 3650 1432; x_wconf 75' lang='lat' dir='ltr'><strong>occidi;</strong></span> 
     </span>
    </p>
   </div>
   <div class='ocr_carea' id='block_1_28' title="bbox 2087 1459 3653 1529">
    <p class='ocr_par' dir='ltr' id='par_1_28' title="bbox 2087 1459 3653 1529">
     <span class='ocr_line' id='line_1_28' title="bbox 2087 1459 3653 1529; baseline 0.001 -15"><span class='ocrx_word' id='word_1_198' title='bbox 2087 1469 2144 1514; x_wconf 89' lang='lat' dir='ltr'><strong>ut</strong></span> <span class='ocrx_word' id='word_1_199' title='bbox 2189 1459 2454 1528; x_wconf 88' lang='lat' dir='ltr'><strong>pretiosus</strong></span> <span class='ocrx_word' id='word_1_200' title='bbox 2498 1460 2712 1529; x_wconf 82' lang='lat' dir='ltr'><strong>sanguis</strong></span> <span class='ocrx_word' id='word_1_201' title='bbox 2758 1459 2874 1529; x_wconf 90' lang='lat' dir='ltr'><strong>ejus</strong></span> <span class='ocrx_word' id='word_1_202' title='bbox 2923 1462 3178 1515; x_wconf 93' lang='lat' dir='ltr'><strong>mundum</strong></span> <span class='ocrx_word' id='word_1_203' title='bbox 3226 1461 3543 1527; x_wconf 89' lang='lat' dir='ltr'><strong>redimeret,</strong></span> <span class='ocrx_word' id='word_1_204' title='bbox 3590 1479 3653 1515; x_wconf 88' lang='lat' dir='ltr'><strong>ne</strong></span> 
     </span>
    </p>
   </div>
   <div class='ocr_carea' id='block_1_29' title="bbox 2085 1550 3648 1621">
    <p class='ocr_par' dir='ltr' id='par_1_29' title="bbox 2085 1550 3648 1621">
     <span class='ocr_line' id='line_1_29' title="bbox 2085 1550 3648 1621; baseline 0.001 -17"><span class='ocrx_word' id='word_1_205' title='bbox 2085 1550 2326 1606; x_wconf 88' lang='lat' dir='ltr'><strong>diabolus</strong></span> <span class='ocrx_word' id='word_1_206' title='bbox 2355 1567 2475 1606; x_wconf 91' lang='lat' dir='ltr'><strong>eum</strong></span> <span class='ocrx_word' id='word_1_207' title='bbox 2506 1551 2679 1606; x_wconf 89' lang='lat' dir='ltr'><strong>adhuc</strong></span> <span class='ocrx_word' id='word_1_208' title='bbox 2723 1551 2906 1621; x_wconf 82' lang='lat' dir='ltr'><strong>iniqua</strong></span> <span class='ocrx_word' id='word_1_209' title='bbox 2947 1552 3364 1621; x_wconf 64' lang='lat' dir='ltr'><strong>praesumptione</strong></span> <span class='ocrx_word' id='word_1_210' title='bbox 3396 1561 3648 1606; x_wconf 83' lang='lat' dir='ltr'><strong>vastaret.</strong></span> 
     </span>
    </p>
   </div>
   <div class='ocr_carea' id='block_1_30' title="bbox 2089 1641 3651 1714">
    <p class='ocr_par' dir='ltr' id='par_1_30' title="bbox 2089 1641 3651 1714">
     <span class='ocr_line' id='line_1_30' title="bbox 2089 1641 3651 1714; baseline 0.001 -17"><span class='ocrx_word' id='word_1_211' title='bbox 2089 1641 2338 1697; x_wconf 62' lang='lat' dir='ltr'><strong>Voluntas</strong></span> <span class='ocrx_word' id='word_1_212' title='bbox 2363 1659 2490 1699; x_wconf 91' lang='lat' dir='ltr'><strong>vero</strong></span> <span class='ocrx_word' id='word_1_213' title='bbox 2537 1645 2789 1698; x_wconf 89' lang='lat' dir='ltr'><strong>labiorum</strong></span> <span class='ocrx_word' id='word_1_214' title='bbox 2819 1644 2934 1713; x_wconf 83' lang='lat' dir='ltr'><strong>ejus</strong></span> <span class='ocrx_word' id='word_1_215' title='bbox 2981 1645 3106 1710; x_wconf 81' lang='lat' dir='ltr'><strong>fuit,</strong></span> <span class='ocrx_word' id='word_1_216' title='bbox 3139 1645 3350 1714; x_wconf 90' lang='lat' dir='ltr'><strong>quando</strong></span> <span class='ocrx_word' id='word_1_217' title='bbox 3378 1645 3651 1714; x_wconf 82' lang='lat' dir='ltr'><strong>spiritibus</strong></span> 
     </span>
    </p>
   </div>
   <div class='ocr_carea' id='block_1_31' title="bbox 2082 1735 3650 1804">
    <p class='ocr_par' dir='ltr' id='par_1_31' title="bbox 2082 1735 3650 1804">
     <span class='ocr_line' id='line_1_31' title="bbox 2082 1735 3650 1804; baseline 0 -16"><span class='ocrx_word' id='word_1_218' title='bbox 2082 1735 2377 1803; x_wconf 83' lang='lat' dir='ltr'><strong>imperabat</strong></span> <span class='ocrx_word' id='word_1_219' title='bbox 2423 1735 2730 1802; x_wconf 90' lang='lat' dir='ltr'><strong>immundis,</strong></span> <span class='ocrx_word' id='word_1_220' title='bbox 2777 1735 3056 1804; x_wconf 89' lang='lat' dir='ltr'><strong>languores</strong></span> <span class='ocrx_word' id='word_1_221' title='bbox 3101 1735 3341 1790; x_wconf 91' lang='lat' dir='ltr'><strong>diversos</strong></span> <span class='ocrx_word' id='word_1_222' title='bbox 3390 1735 3650 1789; x_wconf 90' lang='lat' dir='ltr'><strong>sermonis</strong></span> 
     </span>
    </p>
   </div>
   <div class='ocr_carea' id='block_1_32' title="bbox 415 1808 3650 1894">
    <p class='ocr_par' dir='ltr' id='par_1_32' title="bbox 415 1808 3650 1894">
     <span class='ocr_line' id='line_1_32' title="bbox 415 1808 3650 1894; baseline 0.001 -18"><span class='ocrx_word' id='word_1_223' title='bbox 415 1833 463 1876; x_wconf 88' lang='lat' dir='ltr'><strong>et</strong></span> <span class='ocrx_word' id='word_1_224' title='bbox 488 1823 637 1878; x_wconf 90' lang='lat' dir='ltr'><strong>istius</strong></span> <span class='ocrx_word' id='word_1_225' title='bbox 685 1824 870 1893; x_wconf 88' lang='lat' dir='ltr'><strong>psalmi</strong></span> <span class='ocrx_word' id='word_1_226' title='bbox 903 1824 967 1878; x_wconf 90' lang='lat' dir='ltr'><strong>ad</strong></span> <span class='ocrx_word' id='word_1_227' title='bbox 1011 1825 1216 1878; x_wconf 81' lang='lat' dir='ltr'><strong>Patrem</strong></span> <span class='ocrx_word' id='word_1_228' title='bbox 1264 1823 1402 1879; x_wconf 91' lang='lat' dir='ltr'><strong>dicta</strong></span> <span class='ocrx_word' id='word_1_229' title='bbox 1450 1823 1707 1893; x_wconf 88' lang='lat' dir='ltr'><strong>precatio,</strong></span> <span class='ocrx_word' id='word_1_230' title='bbox 1751 1823 1884 1878; x_wconf 86' lang='lat' dir='ltr'><strong>Novi</strong></span> <span class='ocrx_word' id='word_1_231' title='bbox 1928 1833 1982 1881; x_wconf 92' lang='lat' dir='ltr'><strong>et</strong></span> <span class='ocrx_word' id='word_1_232' title='bbox 2014 1808 2061 1870; x_wconf 82' lang='lat' dir='ltr'><strong>B</strong></span> <span class='ocrx_word' id='word_1_233' title='bbox 2087 1825 2169 1878; x_wconf 90' lang='lat' dir='ltr'><strong>sui</strong></span> <span class='ocrx_word' id='word_1_234' title='bbox 2199 1825 2422 1879; x_wconf 87' lang='lat' dir='ltr'><strong>sanabat</strong></span> <span class='ocrx_word' id='word_1_235' title='bbox 2451 1825 2691 1894; x_wconf 91' lang='lat' dir='ltr'><strong>imperio,</strong></span> <span class='ocrx_word' id='word_1_236' title='bbox 2726 1825 3132 1894; x_wconf 71' lang='lat' dir='ltr'><strong>praedicationes</strong></span> <span class='ocrx_word' id='word_1_237' title='bbox 3158 1839 3369 1894; x_wconf 88' lang='lat' dir='ltr'><strong>quoque</strong></span> <span class='ocrx_word' id='word_1_238' title='bbox 3408 1838 3530 1878; x_wconf 89' lang='lat' dir='ltr'><strong>suas</strong></span> <span class='ocrx_word' id='word_1_239' title='bbox 3558 1824 3650 1878; x_wconf 89' lang='lat' dir='ltr'><strong>dc-</strong></span> 
     </span>
    </p>
   </div>
   <div class='ocr_carea' id='block_1_33' title="bbox 415 1913 1838 1984">
    <p class='ocr_par' dir='ltr' id='par_1_33' title="bbox 415 1913 1838 1984">
     <span class='ocr_line' id='line_1_33' title="bbox 415 1913 1838 1984; baseline 0.001 -15"><span class='ocrx_word' id='word_1_240' title='bbox 415 1913 618 1970; x_wconf 47' lang='lat' dir='ltr'><strong>Veteris</strong></span> <span class='ocrx_word' id='word_1_241' title='bbox 640 1915 962 1970; x_wconf 86' lang='lat' dir='ltr'><strong>Testamenti</strong></span> <span class='ocrx_word' id='word_1_242' title='bbox 993 1915 1226 1969; x_wconf 85' lang='lat' dir='ltr'><strong>continet</strong></span> <span class='ocrx_word' id='word_1_243' title='bbox 1248 1914 1536 1969; x_wconf 89' lang='lat' dir='ltr'><strong>reverenda</strong></span> <span class='ocrx_word' id='word_1_244' title='bbox 1565 1915 1838 1984; x_wconf 83' lang='lat' dir='ltr'><strong>mysteria.</strong></span> 
     </span>
    </p>
   </div>
   <div class='ocr_carea' id='block_1_34' title="bbox 711 2023 1692 2083">
    <p class='ocr_par' dir='ltr' id='par_1_34' title="bbox 711 2023 1692 2083">
     <span class='ocr_line' id='line_1_34' title="bbox 711 2023 1692 2083; baseline -0.003 -1"><span class='ocrx_word' id='word_1_245' title='bbox 711 2025 1068 2083; x_wconf 86' lang='lat' dir='ltr'><strong>EXPOSITlO</strong></span> <span class='ocrx_word' id='word_1_246' title='bbox 1106 2025 1172 2080; x_wconf 85' lang='grc' dir='ltr'><strong>ΙΝ</strong></span> <span class='ocrx_word' id='word_1_247' title='bbox 1211 2025 1536 2082; x_wconf 70' lang='lat' dir='ltr'><strong>PSALMUM</strong></span> <span class='ocrx_word' id='word_1_248' title='bbox 1572 2023 1692 2080; x_wconf 85' lang='lat' dir='ltr'><strong>XX.</strong></span> 
     </span>
    </p>
   </div>
   <div class='ocr_carea' id='block_1_35' title="bbox 835 2114 1550 2185">
    <p class='ocr_par' dir='ltr' id='par_1_35' title="bbox 835 2114 1550 2185">
     <span class='ocr_line' id='line_1_35' title="bbox 835 2114 1550 2185; baseline 0 -15"><span class='ocrx_word' id='word_1_249' title='bbox 835 2114 901 2170; x_wconf 83' lang='lat' dir='ltr'><strong>In</strong></span> <span class='ocrx_word' id='word_1_250' title='bbox 929 2117 1080 2185; x_wconf 81' lang='lat' dir='ltr'><strong>ﬁnem</strong></span> <span class='ocrx_word' id='word_1_251' title='bbox 1109 2117 1331 2185; x_wconf 85' lang='lat' dir='ltr'><strong>psalmus</strong></span> <span class='ocrx_word' id='word_1_252' title='bbox 1365 2115 1550 2170; x_wconf 82' lang='lat' dir='ltr'><strong>David.</strong></span> 
     </span>
    </p>
   </div>
   <div class='ocr_carea' id='block_1_36' title="bbox 482 2226 1977 2297">
    <p class='ocr_par' dir='ltr' id='par_1_36' title="bbox 482 2226 1977 2297">
     <span class='ocr_line' id='line_1_36' title="bbox 482 2226 1977 2297; baseline 0.001 -18"><span class='ocrx_word' id='word_1_253' title='bbox 482 2226 601 2280; x_wconf 93' lang='lat' dir='ltr'><strong>ldeo</strong></span> <span class='ocrx_word' id='word_1_254' title='bbox 633 2227 814 2281; x_wconf 90' lang='lat' dir='ltr'><strong>titulus</strong></span> <span class='ocrx_word' id='word_1_255' title='bbox 843 2226 928 2281; x_wconf 89' lang='lat' dir='ltr'><strong>hic</strong></span> <span class='ocrx_word' id='word_1_256' title='bbox 956 2226 1165 2282; x_wconf 89' lang='lat' dir='ltr'><strong>decimo</strong></span> <span class='ocrx_word' id='word_1_257' title='bbox 1192 2242 1331 2282; x_wconf 94' lang='lat' dir='ltr'><strong>nono</strong></span> <span class='ocrx_word' id='word_1_258' title='bbox 1353 2226 1558 2296; x_wconf 88' lang='lat' dir='ltr'><strong>psalmo</strong></span> <span class='ocrx_word' id='word_1_259' title='bbox 1585 2241 1679 2297; x_wconf 89' lang='lat' dir='ltr'><strong>par</strong></span> <span class='ocrx_word' id='word_1_260' title='bbox 1704 2233 1816 2292; x_wconf 91' lang='lat' dir='ltr'><strong>est,</strong></span> <span class='ocrx_word' id='word_1_261' title='bbox 1845 2240 1977 2296; x_wconf 82' lang='lat' dir='ltr'><strong>quo-</strong></span> 
     </span>
    </p>
   </div>
   <div class='ocr_carea' id='block_1_37' title="bbox 411 2315 1975 2385">
    <p class='ocr_par' dir='ltr' id='par_1_37' title="bbox 411 2315 1975 2385">
     <span class='ocr_line' id='line_1_37' title="bbox 411 2315 1975 2385; baseline 0.001 -16"><span class='ocrx_word' id='word_1_262' title='bbox 411 2316 548 2369; x_wconf 91' lang='lat' dir='ltr'><strong>niam</strong></span> <span class='ocrx_word' id='word_1_263' title='bbox 580 2324 632 2370; x_wconf 90' lang='lat' dir='ltr'><strong>et</strong></span> <span class='ocrx_word' id='word_1_264' title='bbox 662 2317 762 2370; x_wconf 90' lang='lat' dir='ltr'><strong>iste</strong></span> <span class='ocrx_word' id='word_1_265' title='bbox 789 2316 1003 2385; x_wconf 89' lang='lat' dir='ltr'><strong>quidem</strong></span> <span class='ocrx_word' id='word_1_266' title='bbox 1048 2316 1115 2372; x_wconf 93' lang='lat' dir='ltr'><strong>de</strong></span> <span class='ocrx_word' id='word_1_267' title='bbox 1155 2316 1380 2371; x_wconf 91' lang='lat' dir='ltr'><strong>Domino</strong></span> <span class='ocrx_word' id='word_1_268' title='bbox 1410 2315 1708 2381; x_wconf 69' lang='lat' dir='ltr'><strong>Salvatore,</strong></span> <span class='ocrx_word' id='word_1_269' title='bbox 1736 2316 1830 2370; x_wconf 90' lang='lat' dir='ltr'><strong>sed</strong></span> <span class='ocrx_word' id='word_1_270' title='bbox 1875 2317 1975 2371; x_wconf 92' lang='lat' dir='ltr'><strong>sub</strong></span> 
     </span>
    </p>
   </div>
   <div class='ocr_carea' id='block_1_38' title="bbox 410 2408 1974 2478">
    <p class='ocr_par' dir='ltr' id='par_1_38' title="bbox 410 2408 1974 2478">
     <span class='ocr_line' id='line_1_38' title="bbox 410 2408 1974 2478; baseline 0.001 -16"><span class='ocrx_word' id='word_1_271' title='bbox 410 2410 581 2478; x_wconf 85' lang='lat' dir='ltr'><strong>aliqua</strong></span> <span class='ocrx_word' id='word_1_272' title='bbox 631 2409 941 2464; x_wconf 85' lang='lat' dir='ltr'><strong>diversitate</strong></span> <span class='ocrx_word' id='word_1_273' title='bbox 991 2408 1228 2463; x_wconf 87' lang='lat' dir='ltr'><strong>dicturus</strong></span> <span class='ocrx_word' id='word_1_274' title='bbox 1280 2418 1384 2464; x_wconf 91' lang='lat' dir='ltr'><strong>est.</strong></span> <span class='ocrx_word' id='word_1_275' title='bbox 1437 2409 1693 2478; x_wconf 79' lang='lat' dir='ltr'><strong>Superior</strong></span> <span class='ocrx_word' id='word_1_276' title='bbox 1743 2423 1974 2478; x_wconf 90' lang='lat' dir='ltr'><strong>namque</strong></span> 
     </span>
    </p>
   </div>
   <div class='ocr_carea' id='block_1_39' title="bbox 409 2501 1973 2572">
    <p class='ocr_par' dir='ltr' id='par_1_39' title="bbox 409 2501 1973 2572">
     <span class='ocr_line' id='line_1_39' title="bbox 409 2501 1973 2572; baseline 0.001 -18"><span class='ocrx_word' id='word_1_277' title='bbox 409 2501 644 2555; x_wconf 90' lang='lat' dir='ltr'><strong>continet</strong></span> <span class='ocrx_word' id='word_1_278' title='bbox 688 2502 980 2556; x_wconf 89' lang='lat' dir='ltr'><strong>orationem</strong></span> <span class='ocrx_word' id='word_1_279' title='bbox 1025 2502 1327 2571; x_wconf 63' lang='lat' dir='ltr'><strong>pmphetas,</strong></span> <span class='ocrx_word' id='word_1_280' title='bbox 1368 2513 1422 2556; x_wconf 92' lang='lat' dir='ltr'><strong>et</strong></span> <span class='ocrx_word' id='word_1_281' title='bbox 1467 2501 1840 2556; x_wconf 79' lang='lat' dir='ltr'><strong>conﬁdentiam</strong></span> <span class='ocrx_word' id='word_1_282' title='bbox 1873 2518 1973 2572; x_wconf 87' lang='lat' dir='ltr'><strong>qua</strong></span> 
     </span>
    </p>
   </div>
   <div class='ocr_carea' id='block_1_40' title="bbox 410 2591 1976 2664">
    <p class='ocr_par' dir='ltr' id='par_1_40' title="bbox 410 2591 1976 2664">
     <span class='ocr_line' id='line_1_40' title="bbox 410 2591 1976 2664; baseline -0.001 -15"><span class='ocrx_word' id='word_1_283' title='bbox 410 2591 712 2649; x_wconf 87' lang='lat' dir='ltr'><strong>liberandus</strong></span> <span class='ocrx_word' id='word_1_284' title='bbox 739 2603 820 2648; x_wconf 91' lang='lat' dir='ltr'><strong>est</strong></span> <span class='ocrx_word' id='word_1_285' title='bbox 848 2609 875 2646; x_wconf 90' lang='lat' dir='ltr'><strong>a</strong></span> <span class='ocrx_word' id='word_1_286' title='bbox 904 2594 1143 2648; x_wconf 89' lang='lat' dir='ltr'><strong>cladibus</strong></span> <span class='ocrx_word' id='word_1_287' title='bbox 1171 2593 1326 2663; x_wconf 85' lang='lat' dir='ltr'><strong>hujus</strong></span> <span class='ocrx_word' id='word_1_288' title='bbox 1356 2595 1534 2648; x_wconf 70' lang='lat' dir='ltr'><strong>sazculi</strong></span> <span class='ocrx_word' id='word_1_289' title='bbox 1570 2594 1793 2664; x_wconf 89' lang='lat' dir='ltr'><strong>populus</strong></span> <span class='ocrx_word' id='word_1_290' title='bbox 1821 2594 1976 2649; x_wconf 89' lang='lat' dir='ltr'><strong>Chri-</strong></span> 
     </span>
    </p>
   </div>
   <div class='ocr_carea' id='block_1_41' title="bbox 409 2683 1976 2756">
    <p class='ocr_par' dir='ltr' id='par_1_41' title="bbox 409 2683 1976 2756">
     <span class='ocr_line' id='line_1_41' title="bbox 409 2683 1976 2756; baseline 0.001 -18"><span class='ocrx_word' id='word_1_291' title='bbox 409 2683 632 2738; x_wconf 88' lang='lat' dir='ltr'><strong>stianus.</strong></span> <span class='ocrx_word' id='word_1_292' title='bbox 663 2683 812 2738; x_wconf 86' lang='lat' dir='ltr'><strong>Nunc</strong></span> <span class='ocrx_word' id='word_1_293' title='bbox 855 2683 1069 2754; x_wconf 90' lang='lat' dir='ltr'><strong>quidam</strong></span> <span class='ocrx_word' id='word_1_294' title='bbox 1113 2685 1465 2756; x_wconf 73' lang='lat' dir='ltr'><strong>panegyricus</strong></span> <span class='ocrx_word' id='word_1_295' title='bbox 1493 2685 1560 2739; x_wconf 92' lang='lat' dir='ltr'><strong>de</strong></span> <span class='ocrx_word' id='word_1_296' title='bbox 1608 2685 1976 2740; x_wconf 86' lang='lat' dir='ltr'><strong>incarnatione</strong></span> 
     </span>
    </p>
   </div>
   <div class='ocr_carea' id='block_1_42' title="bbox 411 2772 1976 2843">
    <p class='ocr_par' dir='ltr' id='par_1_42' title="bbox 411 2772 1976 2843">
     <span class='ocr_line' id='line_1_42' title="bbox 411 2772 1976 2843; baseline 0.001 -17"><span class='ocrx_word' id='word_1_297' title='bbox 411 2774 574 2842; x_wconf 87' lang='lat' dir='ltr'><strong>ipsius</strong></span> <span class='ocrx_word' id='word_1_298' title='bbox 594 2774 814 2840; x_wconf 91' lang='lat' dir='ltr'><strong>dicitur,</strong></span> <span class='ocrx_word' id='word_1_299' title='bbox 840 2785 890 2827; x_wconf 88' lang='lat' dir='ltr'><strong>et</strong></span> <span class='ocrx_word' id='word_1_300' title='bbox 921 2784 1100 2842; x_wconf 87' lang='lat' dir='ltr'><strong>postea</strong></span> <span class='ocrx_word' id='word_1_301' title='bbox 1126 2773 1338 2828; x_wconf 90' lang='lat' dir='ltr'><strong>deitatis</strong></span> <span class='ocrx_word' id='word_1_302' title='bbox 1359 2773 1472 2843; x_wconf 87' lang='lat' dir='ltr'><strong>ejus</strong></span> <span class='ocrx_word' id='word_1_303' title='bbox 1501 2772 1636 2828; x_wconf 80' lang='lat' dir='ltr'><strong>facta</strong></span> <span class='ocrx_word' id='word_1_304' title='bbox 1664 2784 1976 2839; x_wconf 87' lang='lat' dir='ltr'><strong>narrantur;</strong></span> 
     </span>
    </p>
   </div>
   <div class='ocr_carea' id='block_1_43' title="bbox 411 2864 1980 2934">
    <p class='ocr_par' dir='ltr' id='par_1_43' title="bbox 411 2864 1980 2934">
     <span class='ocr_line' id='line_1_43' title="bbox 411 2864 1980 2934; baseline 0 -17"><span class='ocrx_word' id='word_1_305' title='bbox 411 2875 467 2917; x_wconf 91' lang='lat' dir='ltr'><strong>ut</strong></span> <span class='ocrx_word' id='word_1_306' title='bbox 509 2879 692 2919; x_wconf 87' lang='lat' dir='ltr'><strong>omnes</strong></span> <span class='ocrx_word' id='word_1_307' title='bbox 740 2864 1039 2934; x_wconf 86' lang='lat' dir='ltr'><strong>intelligant</strong></span> <span class='ocrx_word' id='word_1_308' title='bbox 1081 2865 1325 2920; x_wconf 90' lang='lat' dir='ltr'><strong>eumdem</strong></span> <span class='ocrx_word' id='word_1_309' title='bbox 1375 2880 1494 2918; x_wconf 89' lang='lat' dir='ltr'><strong>esse</strong></span> <span class='ocrx_word' id='word_1_310' title='bbox 1544 2865 1724 2919; x_wconf 62' lang='lat' dir='ltr'><strong>Maria:</strong></span> <span class='ocrx_word' id='word_1_311' title='bbox 1767 2879 1980 2932; x_wconf 83' lang='lat' dir='ltr'><strong>semper</strong></span> 
     </span>
    </p>
   </div>
   <div class='ocr_carea' id='block_1_44' title="bbox 411 2954 1974 3024">
    <p class='ocr_par' dir='ltr' id='par_1_44' title="bbox 411 2954 1974 3024">
     <span class='ocr_line' id='line_1_44' title="bbox 411 2954 1974 3024; baseline -0.003 -14"><span class='ocrx_word' id='word_1_312' title='bbox 411 2954 641 3024; x_wconf 77' lang='lat' dir='ltr'><strong>Virginis</strong></span> <span class='ocrx_word' id='word_1_313' title='bbox 675 2955 892 3022; x_wconf 85' lang='lat' dir='ltr'><strong>Filium,</strong></span> <span class='ocrx_word' id='word_1_314' title='bbox 942 2954 1083 3023; x_wconf 90' lang='lat' dir='ltr'><strong>quod</strong></span> <span class='ocrx_word' id='word_1_315' title='bbox 1131 2955 1300 3010; x_wconf 84' lang='lat' dir='ltr'><strong>Patris</strong></span> <span class='ocrx_word' id='word_1_316' title='bbox 1344 2954 1600 3009; x_wconf 81' lang='lat' dir='ltr'><strong>Verbum.</strong></span> <span class='ocrx_word' id='word_1_317' title='bbox 1651 2955 1792 3008; x_wconf 83' lang='lat' dir='ltr'><strong>Duas</strong></span> <span class='ocrx_word' id='word_1_318' title='bbox 1835 2956 1974 3008; x_wconf 88' lang='lat' dir='ltr'><strong>enim</strong></span> 
     </span>
    </p>
   </div>
   <div class='ocr_carea' id='block_1_45' title="bbox 410 3044 1973 3112">
    <p class='ocr_par' dir='ltr' id='par_1_45' title="bbox 410 3044 1973 3112">
     <span class='ocr_line' id='line_1_45' title="bbox 410 3044 1973 3112; baseline 0.001 -14"><span class='ocrx_word' id='word_1_319' title='bbox 410 3056 625 3101; x_wconf 85' lang='lat' dir='ltr'><strong>naturas</strong></span> <span class='ocrx_word' id='word_1_320' title='bbox 668 3047 718 3100; x_wconf 91' lang='lat' dir='ltr'><strong>in</strong></span> <span class='ocrx_word' id='word_1_321' title='bbox 768 3046 986 3100; x_wconf 72' lang='lat' dir='ltr'><strong>Christo</strong></span> <span class='ocrx_word' id='word_1_322' title='bbox 1039 3045 1263 3100; x_wconf 91' lang='lat' dir='ltr'><strong>Domino</strong></span> <span class='ocrx_word' id='word_1_323' title='bbox 1314 3046 1618 3100; x_wconf 88' lang='lat' dir='ltr'><strong>salutariter</strong></span> <span class='ocrx_word' id='word_1_324' title='bbox 1672 3044 1973 3112; x_wconf 86' lang='lat' dir='ltr'><strong>credimus,</strong></span> 
     </span>
    </p>
   </div>
   <div class='ocr_carea' id='block_1_46' title="bbox 411 3135 2050 3208">
    <p class='ocr_par' dir='ltr' id='par_1_46' title="bbox 411 3135 2050 3208">
     <span class='ocr_line' id='line_1_46' title="bbox 411 3135 2050 3208; baseline 0.001 -17"><span class='ocrx_word' id='word_1_325' title='bbox 411 3137 628 3192; x_wconf 84' lang='lat' dir='ltr'><strong>Deitatis</strong></span> <span class='ocrx_word' id='word_1_326' title='bbox 657 3148 709 3192; x_wconf 89' lang='lat' dir='ltr'><strong>et</strong></span> <span class='ocrx_word' id='word_1_327' title='bbox 739 3137 1106 3203; x_wconf 87' lang='lat' dir='ltr'><strong>humanitatis,</strong></span> <span class='ocrx_word' id='word_1_328' title='bbox 1133 3153 1249 3207; x_wconf 63' lang='lat' dir='ltr'><strong>quas</strong></span> <span class='ocrx_word' id='word_1_329' title='bbox 1291 3137 1344 3191; x_wconf 87' lang='lat' dir='ltr'><strong>in</strong></span> <span class='ocrx_word' id='word_1_330' title='bbox 1378 3154 1534 3192; x_wconf 90' lang='lat' dir='ltr'><strong>unam</strong></span> <span class='ocrx_word' id='word_1_331' title='bbox 1569 3153 1849 3208; x_wconf 88' lang='lat' dir='ltr'><strong>personam</strong></span> <span class='ocrx_word' id='word_1_332' title='bbox 1881 3153 1977 3207; x_wconf 89' lang='lat' dir='ltr'><strong>per</strong></span> <span class='ocrx_word' id='word_1_333' title='bbox 2005 3135 2050 3198; x_wconf 90' lang='lat' dir='ltr'><strong>C</strong></span> 
     </span>
    </p>
   </div>
   <div class='ocr_carea' id='block_1_47' title="bbox 411 3226 1980 3298">
    <p class='ocr_par' dir='ltr' id='par_1_47' title="bbox 411 3226 1980 3298">
     <span class='ocr_line' id='line_1_47' title="bbox 411 3226 1980 3298; baseline 0.003 -20"><span class='ocrx_word' id='word_1_334' title='bbox 411 3229 612 3280; x_wconf 73' lang='lat' dir='ltr'><strong>inl‘iniaa</strong></span> <span class='ocrx_word' id='word_1_335' title='bbox 643 3227 839 3280; x_wconf 64' lang='lat' dir='ltr'><strong>sazcula</strong></span> <span class='ocrx_word' id='word_1_336' title='bbox 884 3226 1386 3282; x_wconf 88' lang='lat' dir='ltr'><strong>incommutabilitcr</strong></span> <span class='ocrx_word' id='word_1_337' title='bbox 1433 3239 1798 3298; x_wconf 86' lang='lat' dir='ltr'><strong>perseverant.</strong></span> <span class='ocrx_word' id='word_1_338' title='bbox 1830 3227 1980 3294; x_wconf 89' lang='lat' dir='ltr'><strong>Quod</strong></span> 
     </span>
    </p>
   </div>
   <div class='ocr_carea' id='block_1_48' title="bbox 408 3316 1977 3390">
    <p class='ocr_par' dir='ltr' id='par_1_48' title="bbox 408 3316 1977 3390">
     <span class='ocr_line' id='line_1_48' title="bbox 408 3316 1977 3390; baseline 0.001 -18"><span class='ocrx_word' id='word_1_339' title='bbox 408 3317 529 3372; x_wconf 83' lang='lat' dir='ltr'><strong>ideo</strong></span> <span class='ocrx_word' id='word_1_340' title='bbox 562 3316 882 3385; x_wconf 83' lang='lat' dir='ltr'><strong>.ﬁequenter</strong></span> <span class='ocrx_word' id='word_1_341' title='bbox 931 3316 1278 3388; x_wconf 84' lang='lat' dir='ltr'><strong>repetendum</strong></span> <span class='ocrx_word' id='word_1_342' title='bbox 1324 3326 1437 3386; x_wconf 88' lang='lat' dir='ltr'><strong>est,</strong></span> <span class='ocrx_word' id='word_1_343' title='bbox 1469 3317 1593 3390; x_wconf 86' lang='lat' dir='ltr'><strong>quia</strong></span> <span class='ocrx_word' id='word_1_344' title='bbox 1647 3318 1878 3375; x_wconf 85' lang='lat' dir='ltr'><strong>vitaliter</strong></span> <span class='ocrx_word' id='word_1_345' title='bbox 1922 3329 1977 3374; x_wconf 90' lang='lat' dir='ltr'><strong>et</strong></span> 
     </span>
    </p>
   </div>
   <div class='ocr_carea' id='block_1_49' title="bbox 409 3412 1212 3482">
    <p class='ocr_par' dir='ltr' id='par_1_49' title="bbox 409 3412 1212 3482">
     <span class='ocr_line' id='line_1_49' title="bbox 409 3412 1212 3482; baseline 0.001 -18"><span class='ocrx_word' id='word_1_346' title='bbox 409 3413 615 3466; x_wconf 84' lang='lat' dir='ltr'><strong>auditur</strong></span> <span class='ocrx_word' id='word_1_347' title='bbox 642 3425 855 3482; x_wconf 85' lang='lat' dir='ltr'><strong>semper</strong></span> <span class='ocrx_word' id='word_1_348' title='bbox 884 3421 935 3467; x_wconf 87' lang='lat' dir='ltr'><strong>et</strong></span> <span class='ocrx_word' id='word_1_349' title='bbox 963 3412 1212 3467; x_wconf 89' lang='lat' dir='ltr'><strong>creditur.</strong></span> 
     </span>
    </p>
   </div>
   <div class='ocr_carea' id='block_1_50' title="bbox 983 3525 1402 3596">
    <p class='ocr_par' dir='ltr' id='par_1_50' title="bbox 983 3525 1402 3596">
     <span class='ocr_line' id='line_1_50' title="bbox 983 3525 1402 3596; baseline 0.005 -16"><span class='ocrx_word' id='word_1_350' title='bbox 983 3525 1174 3582; x_wconf 86' lang='lat' dir='ltr'><strong>Divisio</strong></span> <span class='ocrx_word' id='word_1_351' title='bbox 1203 3531 1402 3596; x_wconf 87' lang='lat' dir='ltr'><strong>psalmi.</strong></span> 
     </span>
    </p>
   </div>
   <div class='ocr_carea' id='block_1_51' title="bbox 481 3617 1972 3691">
    <p class='ocr_par' dir='ltr' id='par_1_51' title="bbox 481 3617 1972 3691">
     <span class='ocr_line' id='line_1_51' title="bbox 481 3617 1972 3691; baseline 0.003 -21"><span class='ocrx_word' id='word_1_352' title='bbox 481 3618 536 3671; x_wconf 93' lang='lat' dir='ltr'><strong>In</strong></span> <span class='ocrx_word' id='word_1_353' title='bbox 567 3617 732 3686; x_wconf 89' lang='lat' dir='ltr'><strong>prima</strong></span> <span class='ocrx_word' id='word_1_354' title='bbox 763 3621 1067 3674; x_wconf 86' lang='lat' dir='ltr'><strong>narratione</strong></span> <span class='ocrx_word' id='word_1_355' title='bbox 1098 3620 1284 3689; x_wconf 90' lang='lat' dir='ltr'><strong>psalmi</strong></span> <span class='ocrx_word' id='word_1_356' title='bbox 1310 3619 1486 3690; x_wconf 83' lang='lat' dir='ltr'><strong>hujus,</strong></span> <span class='ocrx_word' id='word_1_357' title='bbox 1513 3621 1676 3676; x_wconf 88' lang='lat' dir='ltr'><strong>verba</strong></span> <span class='ocrx_word' id='word_1_358' title='bbox 1701 3621 1972 3691; x_wconf 70' lang='lat' dir='ltr'><strong>prephetm</strong></span> 
     </span>
    </p>
   </div>
   <div class='ocr_carea' id='block_1_52' title="bbox 406 3710 1971 3769">
    <p class='ocr_par' dir='ltr' id='par_1_52' title="bbox 406 3710 1971 3769">
     <span class='ocr_line' id='line_1_52' title="bbox 406 3710 1971 3769; baseline 0.003 -7"><span class='ocrx_word' id='word_1_359' title='bbox 406 3719 530 3763; x_wconf 87' lang='lat' dir='ltr'><strong>sunt</strong></span> <span class='ocrx_word' id='word_1_360' title='bbox 573 3711 639 3763; x_wconf 90' lang='lat' dir='ltr'><strong>ad</strong></span> <span class='ocrx_word' id='word_1_361' title='bbox 684 3710 851 3764; x_wconf 88' lang='lat' dir='ltr'><strong>Deum</strong></span> <span class='ocrx_word' id='word_1_362' title='bbox 901 3711 1109 3767; x_wconf 86' lang='lat' dir='ltr'><strong>Patrem</strong></span> <span class='ocrx_word' id='word_1_363' title='bbox 1159 3712 1225 3767; x_wconf 89' lang='lat' dir='ltr'><strong>de</strong></span> <span class='ocrx_word' id='word_1_364' title='bbox 1274 3713 1638 3769; x_wconf 90' lang='lat' dir='ltr'><strong>incarnatione</strong></span> <span class='ocrx_word' id='word_1_365' title='bbox 1681 3711 1971 3768; x_wconf 86' lang='lat' dir='ltr'><strong>dominica.</strong></span> 
     </span>
    </p>
   </div>
   <div class='ocr_carea' id='block_1_53' title="bbox 408 3798 1968 3873">
    <p class='ocr_par' dir='ltr' id='par_1_53' title="bbox 408 3798 1968 3873">
     <span class='ocr_line' id='line_1_53' title="bbox 408 3798 1968 3873; baseline 0.002 -19"><span class='ocrx_word' id='word_1_366' title='bbox 408 3799 647 3854; x_wconf 83' lang='lat' dir='ltr'><strong>Secunda</strong></span> <span class='ocrx_word' id='word_1_367' title='bbox 672 3798 912 3855; x_wconf 86' lang='lat' dir='ltr'><strong>diversas</strong></span> <span class='ocrx_word' id='word_1_368' title='bbox 939 3801 1162 3856; x_wconf 82' lang='lat' dir='ltr'><strong>virtutes</strong></span> <span class='ocrx_word' id='word_1_369' title='bbox 1187 3801 1302 3870; x_wconf 87' lang='lat' dir='ltr'><strong>ejus</strong></span> <span class='ocrx_word' id='word_1_370' title='bbox 1327 3803 1658 3873; x_wconf 88' lang='lat' dir='ltr'><strong>gloriamque</strong></span> <span class='ocrx_word' id='word_1_371' title='bbox 1683 3802 1968 3871; x_wconf 88' lang='lat' dir='ltr'><strong>describit,</strong></span> 
     </span>
    </p>
   </div>
   <div class='ocr_carea' id='block_1_54' title="bbox 406 3889 1972 3963">
    <p class='ocr_par' dir='ltr' id='par_1_54' title="bbox 406 3889 1972 3963">
     <span class='ocr_line' id='line_1_54' title="bbox 406 3889 1972 3963; baseline 0.004 -21"><span class='ocrx_word' id='word_1_372' title='bbox 406 3889 681 3945; x_wconf 82' lang='lat' dir='ltr'><strong>declarans</strong></span> <span class='ocrx_word' id='word_1_373' title='bbox 720 3907 750 3946; x_wconf 88' lang='lat' dir='ltr'><strong>a</strong></span> <span class='ocrx_word' id='word_1_374' title='bbox 801 3900 950 3960; x_wconf 90' lang='lat' dir='ltr'><strong>parte</strong></span> <span class='ocrx_word' id='word_1_375' title='bbox 988 3906 1089 3960; x_wconf 86' lang='lat' dir='ltr'><strong>qua</strong></span> <span class='ocrx_word' id='word_1_376' title='bbox 1139 3907 1344 3961; x_wconf 86' lang='lat' dir='ltr'><strong>passus,</strong></span> <span class='ocrx_word' id='word_1_377' title='bbox 1393 3893 1458 3946; x_wconf 91' lang='lat' dir='ltr'><strong>ad</strong></span> <span class='ocrx_word' id='word_1_378' title='bbox 1503 3908 1660 3963; x_wconf 88' lang='lat' dir='ltr'><strong>quam</strong></span> <span class='ocrx_word' id='word_1_379' title='bbox 1708 3908 1972 3949; x_wconf 88' lang='lat' dir='ltr'><strong>summam</strong></span> 
     </span>
    </p>
   </div>
   <div class='ocr_carea' id='block_1_55' title="bbox 407 3984 1972 4055">
    <p class='ocr_par' dir='ltr' id='par_1_55' title="bbox 407 3984 1972 4055">
     <span class='ocr_line' id='line_1_55' title="bbox 407 3984 1972 4055; baseline 0.004 -19"><span class='ocrx_word' id='word_1_380' title='bbox 407 3999 583 4038; x_wconf 85' lang='lat' dir='ltr'><strong>rerum</strong></span> <span class='ocrx_word' id='word_1_381' title='bbox 628 3984 941 4054; x_wconf 90' lang='lat' dir='ltr'><strong>apicemque</strong></span> <span class='ocrx_word' id='word_1_382' title='bbox 996 3985 1112 4054; x_wconf 91' lang='lat' dir='ltr'><strong>ipso</strong></span> <span class='ocrx_word' id='word_1_383' title='bbox 1142 3985 1398 4055; x_wconf 84' lang='lat' dir='ltr'><strong>largiente</strong></span> <span class='ocrx_word' id='word_1_384' title='bbox 1440 3987 1763 4055; x_wconf 87' lang='lat' dir='ltr'><strong>pervenerit.</strong></span> <span class='ocrx_word' id='word_1_385' title='bbox 1791 3988 1972 4042; x_wconf 87' lang='lat' dir='ltr'><strong>Tertia</strong></span> 
     </span>
    </p>
   </div>
   <div class='ocr_carea' id='block_1_56' title="bbox 405 4078 1966 4148">
    <p class='ocr_par' dir='ltr' id='par_1_56' title="bbox 405 4078 1966 4148">
     <span class='ocr_line' id='line_1_56' title="bbox 405 4078 1966 4148; baseline 0.003 -18"><span class='ocrx_word' id='word_1_386' title='bbox 405 4078 541 4132; x_wconf 88' lang='lat' dir='ltr'><strong>idem</strong></span> <span class='ocrx_word' id='word_1_387' title='bbox 577 4078 830 4148; x_wconf 85' lang='lat' dir='ltr'><strong>prOpheta</strong></span> <span class='ocrx_word' id='word_1_388' title='bbox 859 4079 1186 4134; x_wconf 80' lang='lat' dir='ltr'><strong>convertitur</strong></span> <span class='ocrx_word' id='word_1_389' title='bbox 1229 4079 1294 4134; x_wconf 90' lang='lat' dir='ltr'><strong>ad</strong></span> <span class='ocrx_word' id='word_1_390' title='bbox 1329 4080 1608 4136; x_wconf 91' lang='lat' dir='ltr'><strong>Dominum</strong></span> <span class='ocrx_word' id='word_1_391' title='bbox 1657 4078 1927 4136; x_wconf 89' lang='lat' dir='ltr'><strong>Christum</strong></span> <span class='ocrx_word' id='word_1_392' title='bbox 1951 4120 1966 4147; x_wconf 93' lang='lat'><strong>,</strong></span> 
     </span>
    </p>
   </div>
   <div class='ocr_carea' id='block_1_57' title="bbox 404 4168 1972 4243">
    <p class='ocr_par' dir='ltr' id='par_1_57' title="bbox 404 4168 1972 4243">
     <span class='ocr_line' id='line_1_57' title="bbox 404 4168 1972 4243; baseline 0.006 -24"><span class='ocrx_word' id='word_1_393' title='bbox 404 4168 487 4221; x_wconf 86' lang='lat' dir='ltr'><strong>ubi</strong></span> <span class='ocrx_word' id='word_1_394' title='bbox 515 4184 660 4224; x_wconf 85' lang='lat' dir='ltr'><strong>more</strong></span> <span class='ocrx_word' id='word_1_395' title='bbox 681 4169 1098 4224; x_wconf 87' lang='lat' dir='ltr'><strong>desiderantium</strong></span> <span class='ocrx_word' id='word_1_396' title='bbox 1121 4181 1269 4241; x_wconf 86' lang='lat' dir='ltr'><strong>optat</strong></span> <span class='ocrx_word' id='word_1_397' title='bbox 1297 4172 1380 4225; x_wconf 91' lang='lat' dir='ltr'><strong>illa</strong></span> <span class='ocrx_word' id='word_1_398' title='bbox 1409 4173 1460 4226; x_wconf 93' lang='lat' dir='ltr'><strong>in</strong></span> <span class='ocrx_word' id='word_1_399' title='bbox 1485 4171 1684 4241; x_wconf 87' lang='lat' dir='ltr'><strong>judicio</strong></span> <span class='ocrx_word' id='word_1_400' title='bbox 1713 4172 1828 4243; x_wconf 86' lang='lat' dir='ltr'><strong>ejus</strong></span> <span class='ocrx_word' id='word_1_401' title='bbox 1857 4173 1972 4230; x_wconf 85' lang='lat' dir='ltr'><strong>ﬁeri</strong></span> 
     </span>
    </p>
   </div>
   <div class='ocr_carea' id='block_1_58' title="bbox 403 4262 1113 4326">
    <p class='ocr_par' dir='ltr' id='par_1_58' title="bbox 403 4262 1113 4326">
     <span class='ocr_line' id='line_1_58' title="bbox 403 4262 1113 4326; baseline 0.001 -15"><span class='ocrx_word' id='word_1_402' title='bbox 403 4277 515 4326; x_wconf 62' lang='lat' dir='ltr'><strong>qum</strong></span> <span class='ocrx_word' id='word_1_403' title='bbox 547 4277 577 4314; x_wconf 88' lang='grc' dir='ltr'><strong>ιι</strong></span> <span class='ocrx_word' id='word_1_404' title='bbox 602 4262 690 4314; x_wconf 76' lang='lat' dir='ltr'><strong>ivit</strong></span> <span class='ocrx_word' id='word_1_405' title='bbox 714 4275 833 4316; x_wconf 89' lang='lat' dir='ltr'><strong>esse</strong></span> <span class='ocrx_word' id='word_1_406' title='bbox 868 4274 1113 4316; x_wconf 87' lang='lat' dir='ltr'><strong>ventura.</strong></span> 
     </span>
    </p>
   </div>
   <div class='ocr_carea' id='block_1_59' title="bbox 931 4370 1430 4442">
    <p class='ocr_par' dir='ltr' id='par_1_59' title="bbox 931 4370 1430 4442">
     <span class='ocr_line' id='line_1_59' title="bbox 931 4370 1430 4442; baseline 0.006 -18"><span class='ocrx_word' id='word_1_407' title='bbox 931 4370 1196 4442; x_wconf 77' lang='lat' dir='ltr'><strong>Expositio</strong></span> <span class='ocrx_word' id='word_1_408' title='bbox 1226 4375 1430 4442; x_wconf 82' lang='lat' dir='ltr'><strong>psalmi.</strong></span> 
     </span>
    </p>
   </div>
   <div class='ocr_carea' id='block_1_60' title="bbox 2088 1915 3646 1971">
    <p class='ocr_par' dir='ltr' id='par_1_60' title="bbox 2088 1915 3646 1971">
     <span class='ocr_line' id='line_1_60' title="bbox 2088 1915 3646 1971; baseline 0 -3"><span class='ocrx_word' id='word_1_409' title='bbox 2088 1915 2225 1970; x_wconf 90' lang='lat' dir='ltr'><strong>votis</strong></span> <span class='ocrx_word' id='word_1_410' title='bbox 2277 1915 2545 1970; x_wconf 91' lang='lat' dir='ltr'><strong>mentibus</strong></span> <span class='ocrx_word' id='word_1_411' title='bbox 2599 1915 2890 1970; x_wconf 89' lang='lat' dir='ltr'><strong>inserebat.</strong></span> <span class='ocrx_word' id='word_1_412' title='bbox 2937 1915 3163 1970; x_wconf 87' lang='lat' dir='ltr'><strong>Constat</strong></span> <span class='ocrx_word' id='word_1_413' title='bbox 3210 1915 3353 1971; x_wconf 90' lang='lat' dir='ltr'><strong>enim</strong></span> <span class='ocrx_word' id='word_1_414' title='bbox 3400 1915 3454 1969; x_wconf 94' lang='lat' dir='ltr'><strong>in</strong></span> <span class='ocrx_word' id='word_1_415' title='bbox 3502 1915 3646 1969; x_wconf 92' lang='lat' dir='ltr'><strong>nullo</strong></span> 
     </span>
    </p>
   </div>
   <div class='ocr_carea' id='block_1_61' title="bbox 2087 2004 3650 2076">
    <p class='ocr_par' dir='ltr' id='par_1_61' title="bbox 2087 2004 3650 2076">
     <span class='ocr_line' id='line_1_61' title="bbox 2087 2004 3650 2076; baseline 0.001 -18"><span class='ocrx_word' id='word_1_416' title='bbox 2087 2004 2394 2058; x_wconf 80' lang='lat' dir='ltr'><strong>voluntatem</strong></span> <span class='ocrx_word' id='word_1_417' title='bbox 2420 2006 2528 2076; x_wconf 83' lang='lat' dir='ltr'><strong>ejus</strong></span> <span class='ocrx_word' id='word_1_418' title='bbox 2553 2006 2708 2076; x_wconf 82' lang='lat' dir='ltr'><strong>fuisse</strong></span> <span class='ocrx_word' id='word_1_419' title='bbox 2738 2005 3031 2075; x_wconf 79' lang='lat' dir='ltr'><strong>fraudatam</strong></span> <span class='ocrx_word' id='word_1_420' title='bbox 3055 2021 3075 2060; x_wconf 91' lang='lat'><strong><em>:</em></strong></span> <span class='ocrx_word' id='word_1_421' title='bbox 3099 2006 3311 2074; x_wconf 91' lang='lat' dir='ltr'><strong>quando</strong></span> <span class='ocrx_word' id='word_1_422' title='bbox 3336 2005 3510 2064; x_wconf 86' lang='lat' dir='ltr'><strong>omnia</strong></span> <span class='ocrx_word' id='word_1_423' title='bbox 3534 2021 3650 2074; x_wconf 58' lang='lat' dir='ltr'><strong>quas</strong></span> 
     </span>
    </p>
   </div>
   <div class='ocr_carea' id='block_1_62' title="bbox 2084 2094 3648 2165">
    <p class='ocr_par' dir='ltr' id='par_1_62' title="bbox 2084 2094 3648 2165">
     <span class='ocr_line' id='line_1_62' title="bbox 2084 2094 3648 2165; baseline -0.002 -14"><span class='ocrx_word' id='word_1_424' title='bbox 2084 2095 2196 2151; x_wconf 88' lang='lat' dir='ltr'><strong>ﬁeri</strong></span> <span class='ocrx_word' id='word_1_425' title='bbox 2224 2095 2384 2165; x_wconf 87' lang='lat' dir='ltr'><strong>jussit</strong></span> <span class='ocrx_word' id='word_1_426' title='bbox 2415 2097 2626 2165; x_wconf 90' lang='lat' dir='ltr'><strong>impleta</strong></span> <span class='ocrx_word' id='word_1_427' title='bbox 2656 2103 2810 2159; x_wconf 91' lang='lat' dir='ltr'><strong>sunt;</strong></span> <span class='ocrx_word' id='word_1_428' title='bbox 2841 2097 2978 2150; x_wconf 91' lang='lat' dir='ltr'><strong>sicut</strong></span> <span class='ocrx_word' id='word_1_429' title='bbox 3021 2097 3277 2165; x_wconf 89' lang='lat' dir='ltr'><strong>scriptum</strong></span> <span class='ocrx_word' id='word_1_430' title='bbox 3305 2105 3386 2150; x_wconf 91' lang='lat' dir='ltr'><strong>est</strong></span> <span class='ocrx_word' id='word_1_431' title='bbox 3412 2112 3426 2149; x_wconf 88' lang='lat'><strong>:</strong></span> <span class='ocrx_word' id='word_1_432' title='bbox 3464 2094 3648 2149; x_wconf 82' lang='lat' dir='ltr'><strong>Omnia</strong></span> 
     </span>
    </p>
   </div>
   <div class='ocr_carea' id='block_1_63' title="bbox 2079 2185 3647 2258">
    <p class='ocr_par' dir='ltr' id='par_1_63' title="bbox 2079 2185 3647 2258">
     <span class='ocr_line' id='line_1_63' title="bbox 2079 2185 3647 2258; baseline -0.001 -18"><span class='ocrx_word' id='word_1_433' title='bbox 2079 2203 2386 2258; x_wconf 82' lang='lat' dir='ltr'><strong>qutecunque</strong></span> <span class='ocrx_word' id='word_1_434' title='bbox 2425 2187 2613 2256; x_wconf 81' lang='lat' dir='ltr'><strong>voluit,</strong></span> <span class='ocrx_word' id='word_1_435' title='bbox 2657 2185 2904 2241; x_wconf 86' lang='lat' dir='ltr'><strong>Dominus</strong></span> <span class='ocrx_word' id='word_1_436' title='bbox 2946 2188 3062 2258; x_wconf 76' lang='lat' dir='ltr'><strong>fecit</strong></span> <span class='ocrx_word' id='word_1_437' title='bbox 3101 2190 3151 2240; x_wconf 89' lang='lat' dir='ltr'><strong>in</strong></span> <span class='ocrx_word' id='word_1_438' title='bbox 3185 2190 3308 2242; x_wconf 75' lang='lat' dir='ltr'><strong>crclo</strong></span> <span class='ocrx_word' id='word_1_439' title='bbox 3343 2196 3394 2240; x_wconf 88' lang='lat' dir='ltr'><strong>et</strong></span> <span class='ocrx_word' id='word_1_440' title='bbox 3432 2187 3485 2240; x_wconf 90' lang='lat' dir='ltr'><strong>in</strong></span> <span class='ocrx_word' id='word_1_441' title='bbox 3518 2195 3647 2240; x_wconf 86' lang='lat' dir='ltr'><strong>terra</strong></span> 
     </span>
    </p>
   </div>
   <div class='ocr_carea' id='block_1_64' title="bbox 2079 2276 2600 2349">
    <p class='ocr_par' dir='ltr' id='par_1_64' title="bbox 2079 2276 2600 2349">
     <span class='ocr_line' id='line_1_64' title="bbox 2079 2276 2600 2349; baseline 0.004 -19"><span class='ocrx_word' id='word_1_442' title='bbox 2079 2277 2249 2349; x_wconf 88' lang='lat' dir='ltr'><strong>(Psal.</strong></span> <span class='ocrx_word' id='word_1_443' title='bbox 2283 2293 2498 2346; x_wconf 77' lang='lat' dir='ltr'><strong>exntv,</strong></span> <span class='ocrx_word' id='word_1_444' title='bbox 2525 2276 2600 2347; x_wconf 84' lang='lat'><strong>6).</strong></span> 
     </span>
    </p>
   </div>
   <div class='ocr_carea' id='block_1_65' title="bbox 2161 2368 3648 2438">
    <p class='ocr_par' dir='ltr' id='par_1_65' title="bbox 2161 2368 3648 2438">
     <span class='ocr_line' id='line_1_65' title="bbox 2161 2368 3648 2438; baseline 0.001 -16"><span class='ocrx_word' id='word_1_445' title='bbox 2161 2368 2316 2423; x_wconf 83' lang='lat' dir='ltr'><strong>Vers.</strong></span> <span class='ocrx_word' id='word_1_446' title='bbox 2347 2371 2400 2424; x_wconf 78' lang='grc'><strong>5.</strong></span> <span class='ocrx_word' id='word_1_447' title='bbox 2433 2368 2684 2434; x_wconf 84' lang='lat' dir='ltr'><strong>Quoniam</strong></span> <span class='ocrx_word' id='word_1_448' title='bbox 2730 2369 3016 2438; x_wconf 77' lang='lat' dir='ltr'><strong>prtcuenisti</strong></span> <span class='ocrx_word' id='word_1_449' title='bbox 3059 2384 3174 2422; x_wconf 88' lang='lat' dir='ltr'><strong>eum</strong></span> <span class='ocrx_word' id='word_1_450' title='bbox 3213 2369 3264 2421; x_wconf 87' lang='lat' dir='ltr'><strong>in</strong></span> <span class='ocrx_word' id='word_1_451' title='bbox 3307 2369 3648 2424; x_wconf 81' lang='lat' dir='ltr'><strong>benedictione</strong></span> 
     </span>
    </p>
   </div>
   <div class='ocr_carea' id='block_1_66' title="bbox 2077 2459 3648 2536">
    <p class='ocr_par' dir='ltr' id='par_1_66' title="bbox 2077 2459 3648 2536">
     <span class='ocr_line' id='line_1_66' title="bbox 2077 2459 3648 2536; baseline 0.002 -24"><span class='ocrx_word' id='word_1_452' title='bbox 2077 2459 2400 2522; x_wconf 84' lang='lat' dir='ltr'><strong>dulcedinis;</strong></span> <span class='ocrx_word' id='word_1_453' title='bbox 2427 2460 2639 2536; x_wconf 75' lang='lat' dir='ltr'><strong>posuisti</strong></span> <span class='ocrx_word' id='word_1_454' title='bbox 2675 2461 2727 2512; x_wconf 88' lang='lat' dir='ltr'><strong>in</strong></span> <span class='ocrx_word' id='word_1_455' title='bbox 2755 2461 2918 2528; x_wconf 82' lang='lat' dir='ltr'><strong>capite</strong></span> <span class='ocrx_word' id='word_1_456' title='bbox 2949 2460 3057 2529; x_wconf 84' lang='lat' dir='ltr'><strong>ejus</strong></span> <span class='ocrx_word' id='word_1_457' title='bbox 3098 2475 3339 2514; x_wconf 85' lang='lat' dir='ltr'><strong>coronam</strong></span> <span class='ocrx_word' id='word_1_458' title='bbox 3379 2460 3441 2514; x_wconf 87' lang='lat' dir='ltr'><strong>de</strong></span> <span class='ocrx_word' id='word_1_459' title='bbox 3481 2460 3648 2528; x_wconf 83' lang='lat' dir='ltr'><strong>lapide</strong></span> 
     </span>
    </p>
   </div>
   <div class='ocr_carea' id='block_1_67' title="bbox 2083 2548 3643 2619">
    <p class='ocr_par' dir='ltr' id='par_1_67' title="bbox 2083 2548 3643 2619">
     <span class='ocr_line' id='line_1_67' title="bbox 2083 2548 3643 2619; baseline 0.002 -17"><span class='ocrx_word' id='word_1_460' title='bbox 2083 2551 2321 2619; x_wconf 85' lang='lat' dir='ltr'><strong>pretioso.</strong></span> <span class='ocrx_word' id='word_1_461' title='bbox 2356 2549 2482 2604; x_wconf 79' lang='lat' dir='ltr'><strong>Post</strong></span> <span class='ocrx_word' id='word_1_462' title='bbox 2528 2548 2888 2619; x_wconf 89' lang='lat' dir='ltr'><strong>diapsalmatis</strong></span> <span class='ocrx_word' id='word_1_463' title='bbox 2935 2552 3236 2617; x_wconf 88' lang='lat' dir='ltr'><strong>silentium,</strong></span> <span class='ocrx_word' id='word_1_464' title='bbox 3278 2552 3422 2608; x_wconf 83' lang='lat' dir='ltr'><strong>venit</strong></span> <span class='ocrx_word' id='word_1_465' title='bbox 3453 2552 3519 2605; x_wconf 89' lang='lat' dir='ltr'><strong>ad</strong></span> <span class='ocrx_word' id='word_1_466' title='bbox 3558 2567 3643 2605; x_wconf 87' lang='lat' dir='ltr'><strong>se-</strong></span> 
     </span>
    </p>
   </div>
   <div class='ocr_carea' id='block_1_68' title="bbox 2079 2642 3644 2714">
    <p class='ocr_par' dir='ltr' id='par_1_68' title="bbox 2079 2642 3644 2714">
     <span class='ocr_line' id='line_1_68' title="bbox 2079 2642 3644 2714; baseline 0.003 -18"><span class='ocrx_word' id='word_1_467' title='bbox 2079 2643 2310 2696; x_wconf 89' lang='lat' dir='ltr'><strong>cundum</strong></span> <span class='ocrx_word' id='word_1_468' title='bbox 2343 2642 2606 2697; x_wconf 88' lang='lat' dir='ltr'><strong>modum:</strong></span> <span class='ocrx_word' id='word_1_469' title='bbox 2641 2643 2731 2696; x_wconf 90' lang='lat' dir='ltr'><strong>ubi</strong></span> <span class='ocrx_word' id='word_1_470' title='bbox 2774 2644 3153 2699; x_wconf 87' lang='lat' dir='ltr'><strong>incarnationis</strong></span> <span class='ocrx_word' id='word_1_471' title='bbox 3197 2645 3312 2714; x_wconf 87' lang='lat' dir='ltr'><strong>ejus</strong></span> <span class='ocrx_word' id='word_1_472' title='bbox 3362 2645 3644 2713; x_wconf 83' lang='lat' dir='ltr'><strong>potentiam</strong></span> 
     </span>
    </p>
   </div>
   <div class='ocr_carea' id='block_1_69' title="bbox 2082 2733 3644 2804">
    <p class='ocr_par' dir='ltr' id='par_1_69' title="bbox 2082 2733 3644 2804">
     <span class='ocr_line' id='line_1_69' title="bbox 2082 2733 3644 2804; baseline 0.003 -17"><span class='ocrx_word' id='word_1_473' title='bbox 2082 2733 2309 2788; x_wconf 88' lang='lat' dir='ltr'><strong>mirabili</strong></span> <span class='ocrx_word' id='word_1_474' title='bbox 2355 2734 2562 2804; x_wconf 79' lang='lat' dir='ltr'><strong>fulgore</strong></span> <span class='ocrx_word' id='word_1_475' title='bbox 2600 2734 2872 2790; x_wconf 84' lang='lat' dir='ltr'><strong>describit.</strong></span> <span class='ocrx_word' id='word_1_476' title='bbox 2917 2737 3147 2792; x_wconf 92' lang='lat' dir='ltr'><strong>Dicendo</strong></span> <span class='ocrx_word' id='word_1_477' title='bbox 3176 2740 3316 2791; x_wconf 87' lang='lat' dir='ltr'><strong>enim</strong></span> <span class='ocrx_word' id='word_1_478' title='bbox 3349 2753 3363 2791; x_wconf 89' lang='lat'><strong>:</strong></span> <span class='ocrx_word' id='word_1_479' title='bbox 3397 2738 3644 2802; x_wconf 83' lang='lat' dir='ltr'><strong>Quoniam</strong></span> 
     </span>
    </p>
   </div>
   <div class='ocr_carea' id='block_1_70' title="bbox 2085 2825 3643 2898">
    <p class='ocr_par' dir='ltr' id='par_1_70' title="bbox 2085 2825 3643 2898">
     <span class='ocr_line' id='line_1_70' title="bbox 2085 2825 3643 2898; baseline 0.005 -22"><span class='ocrx_word' id='word_1_480' title='bbox 2085 2825 2396 2892; x_wconf 68' lang='lat' dir='ltr'><strong>puevenisti,</strong></span> <span class='ocrx_word' id='word_1_481' title='bbox 2438 2825 2699 2894; x_wconf 81' lang='lat' dir='ltr'><strong>signiﬁcat</strong></span> <span class='ocrx_word' id='word_1_482' title='bbox 2731 2827 3111 2882; x_wconf 85' lang='lat' dir='ltr'><strong>humanitatem</strong></span> <span class='ocrx_word' id='word_1_483' title='bbox 3142 2829 3468 2898; x_wconf 89' lang='lat' dir='ltr'><strong>anticipante</strong></span> <span class='ocrx_word' id='word_1_484' title='bbox 3514 2831 3643 2885; x_wconf 82' lang='lat' dir='ltr'><strong>divi-</strong></span> 
     </span>
    </p>
   </div>
   <div class='ocr_carea' id='block_1_71' title="bbox 2081 2915 3645 2989">
    <p class='ocr_par' dir='ltr' id='par_1_71' title="bbox 2081 2915 3645 2989">
     <span class='ocr_line' id='line_1_71' title="bbox 2081 2915 3645 2989; baseline 0.003 -20"><span class='ocrx_word' id='word_1_485' title='bbox 2081 2915 2260 2969; x_wconf 84' lang='lat' dir='ltr'><strong>ni&#39;atis</strong></span> <span class='ocrx_word' id='word_1_486' title='bbox 2287 2915 2453 2984; x_wconf 89' lang='lat' dir='ltr'><strong>gratia</strong></span> <span class='ocrx_word' id='word_1_487' title='bbox 2484 2929 2697 2983; x_wconf 77' lang='lat' dir='ltr'><strong>semper</strong></span> <span class='ocrx_word' id='word_1_488' title='bbox 2745 2917 2919 2972; x_wconf 88' lang='lat' dir='ltr'><strong>ornari</strong></span> <span class='ocrx_word' id='word_1_489' title='bbox 2947 2933 2959 2968; x_wconf 91' lang='lat'><strong>:</strong></span> <span class='ocrx_word' id='word_1_490' title='bbox 2990 2919 3111 2987; x_wconf 88' lang='lat' dir='ltr'><strong>quia</strong></span> <span class='ocrx_word' id='word_1_491' title='bbox 3145 2919 3323 2972; x_wconf 90' lang='lat' dir='ltr'><strong>nullus</strong></span> <span class='ocrx_word' id='word_1_492' title='bbox 3371 2919 3448 2973; x_wconf 91' lang='lat' dir='ltr'><strong>illi</strong></span> <span class='ocrx_word' id='word_1_493' title='bbox 3491 2919 3645 2989; x_wconf 86' lang='lat' dir='ltr'><strong>quid-</strong></span> 
     </span>
    </p>
   </div>
   <div class='ocr_carea' id='block_1_72' title="bbox 2081 3005 3644 3076">
    <p class='ocr_par' dir='ltr' id='par_1_72' title="bbox 2081 3005 3644 3076">
     <span class='ocr_line' id='line_1_72' title="bbox 2081 3005 3644 3076; baseline 0.003 -17"><span class='ocrx_word' id='word_1_494' title='bbox 2081 3021 2237 3074; x_wconf 89' lang='lat' dir='ltr'><strong>quam</strong></span> <span class='ocrx_word' id='word_1_495' title='bbox 2271 3005 2473 3076; x_wconf 92' lang='lat' dir='ltr'><strong>primus</strong></span> <span class='ocrx_word' id='word_1_496' title='bbox 2503 3006 2688 3072; x_wconf 80' lang='lat' dir='ltr'><strong>ollert,</strong></span> <span class='ocrx_word' id='word_1_497' title='bbox 2724 3008 2863 3076; x_wconf 90' lang='lat' dir='ltr'><strong>quod</strong></span> <span class='ocrx_word' id='word_1_498' title='bbox 2897 3010 3090 3062; x_wconf 90' lang='lat' dir='ltr'><strong>bonum</strong></span> <span class='ocrx_word' id='word_1_499' title='bbox 3120 3018 3228 3075; x_wconf 88' lang='lat' dir='ltr'><strong>est,</strong></span> <span class='ocrx_word' id='word_1_500' title='bbox 3261 3011 3363 3064; x_wconf 87' lang='lat' dir='ltr'><strong>nisi</strong></span> <span class='ocrx_word' id='word_1_501' title='bbox 3397 3009 3499 3064; x_wconf 91' lang='lat' dir='ltr'><strong>hoc</strong></span> <span class='ocrx_word' id='word_1_502' title='bbox 3541 3025 3644 3064; x_wconf 75' lang='lat' dir='ltr'><strong>ete-</strong></span> 
     </span>
    </p>
   </div>
   <div class='ocr_carea' id='block_1_73' title="bbox 2081 3096 3646 3170">
    <p class='ocr_par' dir='ltr' id='par_1_73' title="bbox 2081 3096 3646 3170">
     <span class='ocr_line' id='line_1_73' title="bbox 2081 3096 3646 3170; baseline 0.005 -21"><span class='ocrx_word' id='word_1_503' title='bbox 2081 3096 2199 3150; x_wconf 87' lang='lat' dir='ltr'><strong>lesti</strong></span> <span class='ocrx_word' id='word_1_504' title='bbox 2233 3111 2451 3152; x_wconf 90' lang='lat' dir='ltr'><strong>munere</strong></span> <span class='ocrx_word' id='word_1_505' title='bbox 2494 3098 2832 3154; x_wconf 81' lang='lat' dir='ltr'><strong>concedatur.</strong></span> <span class='ocrx_word' id='word_1_506' title='bbox 2870 3099 3162 3155; x_wconf 87' lang='lat' dir='ltr'><strong>Erubescat</strong></span> <span class='ocrx_word' id='word_1_507' title='bbox 3191 3099 3506 3170; x_wconf 80' lang='lat' dir='ltr'><strong>Pelagianus</strong></span> <span class='ocrx_word' id='word_1_508' title='bbox 3549 3103 3646 3157; x_wconf 91' lang='lat' dir='ltr'><strong>hoc</strong></span> 
     </span>
    </p>
   </div>
   <div class='ocr_carea' id='block_1_74' title="bbox 2084 3187 3643 3258">
    <p class='ocr_par' dir='ltr' id='par_1_74' title="bbox 2084 3187 3643 3258">
     <span class='ocr_line' id='line_1_74' title="bbox 2084 3187 3643 3258; baseline 0.003 -19"><span class='ocrx_word' id='word_1_509' title='bbox 2084 3189 2354 3257; x_wconf 86' lang='lat' dir='ltr'><strong>proprium</strong></span> <span class='ocrx_word' id='word_1_510' title='bbox 2403 3187 2634 3242; x_wconf 89' lang='lat' dir='ltr'><strong>hominis</strong></span> <span class='ocrx_word' id='word_1_511' title='bbox 2679 3188 2879 3254; x_wconf 88' lang='lat' dir='ltr'><strong>dicere,</strong></span> <span class='ocrx_word' id='word_1_512' title='bbox 2911 3190 3050 3258; x_wconf 92' lang='lat' dir='ltr'><strong>quod</strong></span> <span class='ocrx_word' id='word_1_513' title='bbox 3092 3190 3433 3245; x_wconf 88' lang='lat' dir='ltr'><strong>immaculata</strong></span> <span class='ocrx_word' id='word_1_514' title='bbox 3488 3190 3643 3245; x_wconf 87' lang='lat' dir='ltr'><strong>Verbi</strong></span> 
     </span>
    </p>
   </div>
   <div class='ocr_carea' id='block_1_75' title="bbox 2083 3277 3646 3349">
    <p class='ocr_par' dir='ltr' id='par_1_75' title="bbox 2083 3277 3646 3349">
     <span class='ocr_line' id='line_1_75' title="bbox 2083 3277 3646 3349; baseline 0.001 -17"><span class='ocrx_word' id='word_1_515' title='bbox 2083 3278 2377 3332; x_wconf 88' lang='lat' dir='ltr'><strong>incarnatio</strong></span> <span class='ocrx_word' id='word_1_516' title='bbox 2424 3277 2700 3332; x_wconf 82' lang='lat' dir='ltr'><strong>evidenter</strong></span> <span class='ocrx_word' id='word_1_517' title='bbox 2748 3278 2948 3349; x_wconf 81' lang='lat' dir='ltr'><strong>legitur</strong></span> <span class='ocrx_word' id='word_1_518' title='bbox 3007 3280 3298 3349; x_wconf 81' lang='lat' dir='ltr'><strong>accepisse.</strong></span> <span class='ocrx_word' id='word_1_519' title='bbox 3354 3278 3646 3335; x_wconf 82' lang='lat' dir='ltr'><strong>Benedictio</strong></span> 
     </span>
    </p>
   </div>
   <div class='ocr_carea' id='block_1_76' title="bbox 2085 3369 3646 3440">
    <p class='ocr_par' dir='ltr' id='par_1_76' title="bbox 2085 3369 3646 3440">
     <span class='ocr_line' id='line_1_76' title="bbox 2085 3369 3646 3440; baseline 0.002 -17"><span class='ocrx_word' id='word_1_520' title='bbox 2085 3369 2368 3424; x_wconf 88' lang='lat' dir='ltr'><strong>dulcedinis</strong></span> <span class='ocrx_word' id='word_1_521' title='bbox 2408 3369 2538 3436; x_wconf 87' lang='lat' dir='ltr'><strong>luit,</strong></span> <span class='ocrx_word' id='word_1_522' title='bbox 2583 3370 2797 3440; x_wconf 89' lang='lat' dir='ltr'><strong>quando</strong></span> <span class='ocrx_word' id='word_1_523' title='bbox 2839 3370 3039 3426; x_wconf 86' lang='lat' dir='ltr'><strong>dictum</strong></span> <span class='ocrx_word' id='word_1_524' title='bbox 3085 3380 3202 3426; x_wconf 89' lang='lat' dir='ltr'><strong>est:</strong></span> <span class='ocrx_word' id='word_1_525' title='bbox 3239 3371 3338 3425; x_wconf 75' lang='lat' dir='ltr'><strong>llic</strong></span> <span class='ocrx_word' id='word_1_526' title='bbox 3376 3382 3447 3426; x_wconf 86' lang='lat' dir='ltr'><strong>est</strong></span> <span class='ocrx_word' id='word_1_527' title='bbox 3479 3371 3646 3426; x_wconf 75' lang='lat' dir='ltr'><strong>Filius</strong></span> 
     </span>
    </p>
   </div>
   <div class='ocr_carea' id='block_1_77' title="bbox 2084 3461 3646 3533">
    <p class='ocr_par' dir='ltr' id='par_1_77' title="bbox 2084 3461 3646 3533">
     <span class='ocr_line' id='line_1_77' title="bbox 2084 3461 3646 3533; baseline 0.003 -19"><span class='ocrx_word' id='word_1_528' title='bbox 2084 3477 2222 3515; x_wconf 85' lang='lat' dir='ltr'><strong>meus</strong></span> <span class='ocrx_word' id='word_1_529' title='bbox 2251 3461 2484 3526; x_wconf 80' lang='lat' dir='ltr'><strong>dilectus,</strong></span> <span class='ocrx_word' id='word_1_530' title='bbox 2511 3462 2561 3515; x_wconf 86' lang='lat' dir='ltr'><strong>in</strong></span> <span class='ocrx_word' id='word_1_531' title='bbox 2594 3478 2693 3532; x_wconf 76' lang='lat' dir='ltr'><strong>quo</strong></span> <span class='ocrx_word' id='word_1_532' title='bbox 2717 3462 2842 3516; x_wconf 82' lang='lat' dir='ltr'><strong>mihi</strong></span> <span class='ocrx_word' id='word_1_533' title='bbox 2865 3463 2986 3517; x_wconf 84' lang='lat' dir='ltr'><strong>bene</strong></span> <span class='ocrx_word' id='word_1_534' title='bbox 3009 3463 3291 3533; x_wconf 85' lang='lat' dir='ltr'><strong>eomplacui</strong></span> <span class='ocrx_word' id='word_1_535' title='bbox 3327 3463 3534 3531; x_wconf 75' lang='lat' dir='ltr'><strong>(blattis.</strong></span> <span class='ocrx_word' id='word_1_536' title='bbox 3561 3480 3614 3518; x_wconf 89' lang='grc' dir='ltr'><strong>ιιι</strong></span> <span class='ocrx_word' id='word_1_537' title='bbox 3631 3505 3646 3530; x_wconf 87' lang='grc'><em>,</em></span> 
     </span>
    </p>
   </div>
   <div class='ocr_carea' id='block_1_78' title="bbox 2084 3551 3646 3625">
    <p class='ocr_par' dir='ltr' id='par_1_78' title="bbox 2084 3551 3646 3625">
     <span class='ocr_line' id='line_1_78' title="bbox 2084 3551 3646 3625; baseline 0.003 -20"><span class='ocrx_word' id='word_1_538' title='bbox 2084 3551 2198 3620; x_wconf 86' lang='grc'><strong>17).</strong></span> <span class='ocrx_word' id='word_1_539' title='bbox 2247 3552 2468 3607; x_wconf 84' lang='lat' dir='ltr'><strong>Posuisti</strong></span> <span class='ocrx_word' id='word_1_540' title='bbox 2511 3553 2872 3622; x_wconf 80' lang='lat' dir='ltr'><strong>metaphoricc</strong></span> <span class='ocrx_word' id='word_1_541' title='bbox 2918 3554 3108 3608; x_wconf 91' lang='lat' dir='ltr'><strong>dicitur</strong></span> <span class='ocrx_word' id='word_1_542' title='bbox 3153 3554 3220 3608; x_wconf 89' lang='lat' dir='ltr'><strong>ab</strong></span> <span class='ocrx_word' id='word_1_543' title='bbox 3266 3554 3347 3610; x_wconf 87' lang='lat' dir='ltr'><strong>his</strong></span> <span class='ocrx_word' id='word_1_544' title='bbox 3389 3556 3478 3625; x_wconf 92' lang='lat' dir='ltr'><strong>qui</strong></span> <span class='ocrx_word' id='word_1_545' title='bbox 3529 3568 3646 3625; x_wconf 90' lang='lat' dir='ltr'><strong>post</strong></span> 
     </span>
    </p>
   </div>
   <div class='ocr_carea' id='block_1_79' title="bbox 2075 3643 3640 3714">
    <p class='ocr_par' dir='ltr' id='par_1_79' title="bbox 2075 3643 3640 3714">
     <span class='ocr_line' id='line_1_79' title="bbox 2075 3643 3640 3714; baseline 0.001 -16"><span class='ocrx_word' id='word_1_546' title='bbox 2075 3643 2286 3698; x_wconf 88' lang='lat' dir='ltr'><strong>labores</strong></span> <span class='ocrx_word' id='word_1_547' title='bbox 2329 3644 2591 3698; x_wconf 81' lang='lat' dir='ltr'><strong>maximos</strong></span> <span class='ocrx_word' id='word_1_548' title='bbox 2639 3644 2859 3714; x_wconf 70' lang='lat' dir='ltr'><strong>praemio</strong></span> <span class='ocrx_word' id='word_1_549' title='bbox 2901 3644 3062 3714; x_wconf 89' lang='lat' dir='ltr'><strong>digno</strong></span> <span class='ocrx_word' id='word_1_550' title='bbox 3105 3654 3446 3700; x_wconf 90' lang='lat' dir='ltr'><strong>coronantur.</strong></span> <span class='ocrx_word' id='word_1_551' title='bbox 3491 3647 3640 3713; x_wconf 88' lang='lat' dir='ltr'><strong>Quod</strong></span> 
     </span>
    </p>
   </div>
   <div class='ocr_carea' id='block_1_80' title="bbox 2079 3733 3646 3804">
    <p class='ocr_par' dir='ltr' id='par_1_80' title="bbox 2079 3733 3646 3804">
     <span class='ocr_line' id='line_1_80' title="bbox 2079 3733 3646 3804; baseline 0 -14"><span class='ocrx_word' id='word_1_552' title='bbox 2079 3744 2245 3790; x_wconf 88' lang='lat' dir='ltr'><strong>totum</strong></span> <span class='ocrx_word' id='word_1_553' title='bbox 2273 3735 2338 3788; x_wconf 90' lang='lat' dir='ltr'><strong>ad</strong></span> <span class='ocrx_word' id='word_1_554' title='bbox 2370 3744 2614 3788; x_wconf 89' lang='lat' dir='ltr'><strong>naturam</strong></span> <span class='ocrx_word' id='word_1_555' title='bbox 2644 3735 2872 3803; x_wconf 89' lang='lat' dir='ltr'><strong>pertinet</strong></span> <span class='ocrx_word' id='word_1_556' title='bbox 2898 3733 3260 3800; x_wconf 87' lang='lat' dir='ltr'><strong>humanitatis,</strong></span> <span class='ocrx_word' id='word_1_557' title='bbox 3293 3750 3411 3804; x_wconf 65' lang='lat' dir='ltr'><strong>quae</strong></span> <span class='ocrx_word' id='word_1_558' title='bbox 3439 3751 3470 3789; x_wconf 89' lang='lat' dir='ltr'><strong>a</strong></span> <span class='ocrx_word' id='word_1_559' title='bbox 3512 3737 3646 3790; x_wconf 71' lang='lat' dir='ltr'><strong>divi-</strong></span> 
     </span>
    </p>
   </div>
   <div class='ocr_carea' id='block_1_81' title="bbox 2077 3823 3644 3896">
    <p class='ocr_par' dir='ltr' id='par_1_81' title="bbox 2077 3823 3644 3896">
     <span class='ocr_line' id='line_1_81' title="bbox 2077 3823 3644 3896; baseline -0.001 -14"><span class='ocrx_word' id='word_1_560' title='bbox 2077 3826 2242 3882; x_wconf 86' lang='lat' dir='ltr'><strong>nitate</strong></span> <span class='ocrx_word' id='word_1_561' title='bbox 2261 3824 2402 3896; x_wconf 88' lang='lat' dir='ltr'><strong>quod</strong></span> <span class='ocrx_word' id='word_1_562' title='bbox 2429 3839 2534 3878; x_wconf 92' lang='lat' dir='ltr'><strong>non</strong></span> <span class='ocrx_word' id='word_1_563' title='bbox 2566 3824 2794 3878; x_wconf 89' lang='lat' dir='ltr'><strong>habebat</strong></span> <span class='ocrx_word' id='word_1_564' title='bbox 2821 3825 3045 3894; x_wconf 89' lang='lat' dir='ltr'><strong>accepit.</strong></span> <span class='ocrx_word' id='word_1_565' title='bbox 3071 3823 3137 3878; x_wconf 80' lang='lat' dir='ltr'><strong>In</strong></span> <span class='ocrx_word' id='word_1_566' title='bbox 3163 3827 3329 3894; x_wconf 83' lang='lat' dir='ltr'><strong>capite</strong></span> <span class='ocrx_word' id='word_1_567' title='bbox 3353 3841 3478 3881; x_wconf 90' lang='lat' dir='ltr'><strong>vero</strong></span> <span class='ocrx_word' id='word_1_568' title='bbox 3504 3827 3644 3881; x_wconf 88' lang='lat' dir='ltr'><strong>idem</strong></span> 
     </span>
    </p>
   </div>
   <div class='ocr_carea' id='block_1_82' title="bbox 2076 3915 3641 3984">
    <p class='ocr_par' dir='ltr' id='par_1_82' title="bbox 2076 3915 3641 3984">
     <span class='ocr_line' id='line_1_82' title="bbox 2076 3915 3641 3984; baseline -0.001 -11"><span class='ocrx_word' id='word_1_569' title='bbox 2076 3918 2273 3973; x_wconf 83' lang='lat' dir='ltr'><strong>dictum</strong></span> <span class='ocrx_word' id='word_1_570' title='bbox 2301 3917 2554 3972; x_wconf 86' lang='lat' dir='ltr'><strong>debemus</strong></span> <span class='ocrx_word' id='word_1_571' title='bbox 2580 3915 2876 3982; x_wconf 82' lang='lat' dir='ltr'><strong>advertere,</strong></span> <span class='ocrx_word' id='word_1_572' title='bbox 2905 3924 3166 3984; x_wconf 88' lang='lat' dir='ltr'><strong>quantum</strong></span> <span class='ocrx_word' id='word_1_573' title='bbox 3192 3916 3256 3972; x_wconf 91' lang='lat' dir='ltr'><strong>ad</strong></span> <span class='ocrx_word' id='word_1_574' title='bbox 3285 3917 3641 3972; x_wconf 87' lang='lat' dir='ltr'><strong>substantiam</strong></span> 
     </span>
    </p>
   </div>
   <div class='ocr_carea' id='block_1_83' title="bbox 2077 4008 3645 4081">
    <p class='ocr_par' dir='ltr' id='par_1_83' title="bbox 2077 4008 3645 4081">
     <span class='ocr_line' id='line_1_83' title="bbox 2077 4008 3645 4081; baseline -0.002 -15"><span class='ocrx_word' id='word_1_575' title='bbox 2077 4012 2267 4067; x_wconf 89' lang='lat' dir='ltr'><strong>attinet</strong></span> <span class='ocrx_word' id='word_1_576' title='bbox 2295 4011 2648 4081; x_wconf 90' lang='lat' dir='ltr'><strong>corporalem.</strong></span> <span class='ocrx_word' id='word_1_577' title='bbox 2671 4009 2933 4080; x_wconf 70' lang='lat' dir='ltr'><strong>Caeterum</strong></span> <span class='ocrx_word' id='word_1_578' title='bbox 2969 4009 3140 4064; x_wconf 91' lang='lat' dir='ltr'><strong>deitas</strong></span> <span class='ocrx_word' id='word_1_579' title='bbox 3163 4025 3268 4064; x_wconf 91' lang='lat' dir='ltr'><strong>non</strong></span> <span class='ocrx_word' id='word_1_580' title='bbox 3292 4008 3450 4065; x_wconf 87' lang='lat' dir='ltr'><strong>habet</strong></span> <span class='ocrx_word' id='word_1_581' title='bbox 3479 4024 3645 4064; x_wconf 81' lang='lat' dir='ltr'><strong>mem-</strong></span> 
     </span>
    </p>
   </div>
   <div class='ocr_carea' id='block_1_84' title="bbox 2074 4097 3646 4168">
    <p class='ocr_par' dir='ltr' id='par_1_84' title="bbox 2074 4097 3646 4168">
     <span class='ocr_line' id='line_1_84' title="bbox 2074 4097 3646 4168; baseline -0.001 -13"><span class='ocrx_word' id='word_1_582' title='bbox 2074 4100 2198 4164; x_wconf 88' lang='lat' dir='ltr'><strong>bra,</strong></span> <span class='ocrx_word' id='word_1_583' title='bbox 2236 4114 2354 4168; x_wconf 67' lang='lat' dir='ltr'><strong>qua:</strong></span> <span class='ocrx_word' id='word_1_584' title='bbox 2404 4099 2604 4168; x_wconf 84' lang='lat' dir='ltr'><strong>ubique</strong></span> <span class='ocrx_word' id='word_1_585' title='bbox 2647 4107 2755 4153; x_wconf 90' lang='lat' dir='ltr'><strong>tota</strong></span> <span class='ocrx_word' id='word_1_586' title='bbox 2801 4107 2961 4167; x_wconf 86' lang='lat' dir='ltr'><strong>atque</strong></span> <span class='ocrx_word' id='word_1_587' title='bbox 3010 4098 3244 4166; x_wconf 86' lang='lat' dir='ltr'><strong>perlecta</strong></span> <span class='ocrx_word' id='word_1_588' title='bbox 3291 4107 3390 4154; x_wconf 90' lang='lat' dir='ltr'><strong>est.</strong></span> <span class='ocrx_word' id='word_1_589' title='bbox 3441 4097 3646 4154; x_wconf 87' lang='lat' dir='ltr'><strong>Corona</strong></span> 
     </span>
    </p>
   </div>
   <div class='ocr_carea' id='block_1_85' title="bbox 2072 4190 3641 4259">
    <p class='ocr_par' dir='ltr' id='par_1_85' title="bbox 2072 4190 3641 4259">
     <span class='ocr_line' id='line_1_85' title="bbox 2072 4190 3641 4259; baseline -0.003 -13"><span class='ocrx_word' id='word_1_590' title='bbox 2072 4193 2211 4246; x_wconf 89' lang='lat' dir='ltr'><strong>enim</strong></span> <span class='ocrx_word' id='word_1_591' title='bbox 2254 4205 2358 4246; x_wconf 89' lang='lat' dir='ltr'><strong>non</strong></span> <span class='ocrx_word' id='word_1_592' title='bbox 2390 4190 2630 4259; x_wconf 89' lang='lat' dir='ltr'><strong>improbe</strong></span> <span class='ocrx_word' id='word_1_593' title='bbox 2669 4190 3110 4244; x_wconf 91' lang='lat' dir='ltr'><strong>circumeuntium</strong></span> <span class='ocrx_word' id='word_1_594' title='bbox 3141 4190 3366 4259; x_wconf 86' lang='lat' dir='ltr'><strong>discipnl</strong></span> <span class='ocrx_word' id='word_1_595' title='bbox 3391 4204 3520 4242; x_wconf 77' lang='lat' dir='ltr'><strong>rum</strong></span> <span class='ocrx_word' id='word_1_596' title='bbox 3556 4191 3641 4242; x_wconf 87' lang='lat' dir='ltr'><strong>vi-</strong></span> 
     </span>
    </p>
   </div>
   <div class='ocr_carea' id='block_1_86' title="bbox 2071 4281 3635 4352">
    <p class='ocr_par' dir='ltr' id='par_1_86' title="bbox 2071 4281 3635 4352">
     <span class='ocr_line' id='line_1_86' title="bbox 2071 4281 3635 4352; baseline -0.003 -14"><span class='ocrx_word' id='word_1_597' title='bbox 2071 4283 2224 4338; x_wconf 86' lang='lat' dir='ltr'><strong>detur</strong></span> <span class='ocrx_word' id='word_1_598' title='bbox 2257 4281 2552 4352; x_wconf 88' lang='lat' dir='ltr'><strong>signiﬁcare</strong></span> <span class='ocrx_word' id='word_1_599' title='bbox 2596 4292 2947 4346; x_wconf 89' lang='lat' dir='ltr'><strong>conventum,</strong></span> <span class='ocrx_word' id='word_1_600' title='bbox 2978 4282 3101 4348; x_wconf 88' lang='lat' dir='ltr'><strong>quia</strong></span> <span class='ocrx_word' id='word_1_601' title='bbox 3151 4282 3321 4349; x_wconf 89' lang='lat' dir='ltr'><strong>ipsum</strong></span> <span class='ocrx_word' id='word_1_602' title='bbox 3353 4281 3635 4335; x_wconf 82' lang='lat' dir='ltr'><strong>docentem</strong></span> 
     </span>
    </p>
   </div>
   <div class='ocr_carea' id='block_1_87' title="bbox 2075 4366 3643 4440">
    <p class='ocr_par' dir='ltr' id='par_1_87' title="bbox 2075 4366 3643 4440">
     <span class='ocr_line' id='line_1_87' title="bbox 2075 4366 3643 4440; baseline -0.003 -11"><span class='ocrx_word' id='word_1_603' title='bbox 2075 4372 2488 4429; x_wconf 84' lang='lat' dir='ltr'><strong>desiderantium</strong></span> <span class='ocrx_word' id='word_1_604' title='bbox 2519 4372 2882 4440; x_wconf 89' lang='lat' dir='ltr'><strong>apostolorum</strong></span> <span class='ocrx_word' id='word_1_605' title='bbox 2909 4366 3165 4426; x_wconf 81' lang='lat' dir='ltr'><strong>circuitus&#39;</strong></span> <span class='ocrx_word' id='word_1_606' title='bbox 3195 4370 3483 4424; x_wconf 84' lang='lat' dir='ltr'><strong>ambiebat.</strong></span> <span class='ocrx_word' id='word_1_607' title='bbox 3520 4371 3643 4425; x_wconf 67' lang='lat' dir='ltr'><strong>llaec</strong></span> 
     </span>
    </p>
   </div>
   <div class='ocr_carea' id='block_1_88' title="bbox 473 4459 3642 4533">
    <p class='ocr_par' dir='ltr' id='par_1_88' title="bbox 473 4459 3642 4533">
     <span class='ocr_line' id='line_1_88' title="bbox 473 4459 3642 4533; baseline -0.001 -17"><span class='ocrx_word' id='word_1_608' title='bbox 473 4459 626 4516; x_wconf 64' lang='lat' dir='ltr'><strong>Ven.</strong></span> <span class='ocrx_word' id='word_1_609' title='bbox 656 4461 708 4514; x_wconf 88' lang='lat' dir='ltr'><strong>l.</strong></span> <span class='ocrx_word' id='word_1_610' title='bbox 754 4459 990 4528; x_wconf 86' lang='lat' dir='ltr'><strong>Domine,</strong></span> <span class='ocrx_word' id='word_1_611' title='bbox 1034 4463 1086 4516; x_wconf 88' lang='lat' dir='ltr'><strong>in</strong></span> <span class='ocrx_word' id='word_1_612' title='bbox 1127 4466 1307 4519; x_wconf 83' lang='lat' dir='ltr'><strong>uirtute</strong></span> <span class='ocrx_word' id='word_1_613' title='bbox 1349 4475 1439 4519; x_wconf 90' lang='lat' dir='ltr'><strong>tua</strong></span> <span class='ocrx_word' id='word_1_614' title='bbox 1480 4467 1730 4522; x_wconf 75' lang='lat' dir='ltr'><strong>lambitur</strong></span> <span class='ocrx_word' id='word_1_615' title='bbox 1769 4485 1884 4532; x_wconf 82' lang='lat' dir='ltr'><strong>rex,</strong></span> <span class='ocrx_word' id='word_1_616' title='bbox 1919 4479 1963 4524; x_wconf 92' lang='lat' dir='ltr'><strong>et</strong></span> <span class='ocrx_word' id='word_1_617' title='bbox 1993 4466 2043 4524; x_wconf 88' lang='lat' dir='ltr'><strong>D</strong></span> <span class='ocrx_word' id='word_1_618' title='bbox 2068 4474 2185 4522; x_wconf 88' lang='lat' dir='ltr'><strong>erat</strong></span> <span class='ocrx_word' id='word_1_619' title='bbox 2217 4479 2415 4520; x_wconf 90' lang='lat' dir='ltr'><strong>corona</strong></span> <span class='ocrx_word' id='word_1_620' title='bbox 2443 4465 2655 4533; x_wconf 82' lang='lat' dir='ltr'><strong>capitis,</strong></span> <span class='ocrx_word' id='word_1_621' title='bbox 2688 4462 2788 4517; x_wconf 89' lang='lat' dir='ltr'><strong>hoc</strong></span> <span class='ocrx_word' id='word_1_622' title='bbox 2833 4462 3014 4532; x_wconf 88' lang='lat' dir='ltr'><strong>regale</strong></span> <span class='ocrx_word' id='word_1_623' title='bbox 3058 4460 3336 4526; x_wconf 88' lang='lat' dir='ltr'><strong>diadema,</strong></span> <span class='ocrx_word' id='word_1_624' title='bbox 3367 4461 3505 4530; x_wconf 90' lang='lat' dir='ltr'><strong>quod</strong></span> <span class='ocrx_word' id='word_1_625' title='bbox 3539 4475 3642 4514; x_wconf 89' lang='lat' dir='ltr'><strong>non</strong></span> 
     </span>
    </p>
   </div>
   <div class='ocr_carea' id='block_1_89' title="bbox 402 4551 1974 4626">
    <p class='ocr_par' dir='ltr' id='par_1_89' title="bbox 402 4551 1974 4626">
     <span class='ocr_line' id='line_1_89' title="bbox 402 4551 1974 4626; baseline 0.008 -24"><span class='ocrx_word' id='word_1_626' title='bbox 402 4564 554 4612; x_wconf 85' lang='lat' dir='ltr'><strong>super</strong></span> <span class='ocrx_word' id='word_1_627' title='bbox 595 4551 818 4604; x_wconf 85' lang='lat' dir='ltr'><strong>salutare</strong></span> <span class='ocrx_word' id='word_1_628' title='bbox 863 4560 1002 4606; x_wconf 89' lang='lat' dir='ltr'><strong>tuum</strong></span> <span class='ocrx_word' id='word_1_629' title='bbox 1047 4554 1321 4608; x_wconf 77' lang='lat' dir='ltr'><strong>exsultabit</strong></span> <span class='ocrx_word' id='word_1_630' title='bbox 1365 4557 1699 4626; x_wconf 75' lang='lat' dir='ltr'><strong>uehementer,</strong></span> <span class='ocrx_word' id='word_1_631' title='bbox 1735 4557 1974 4626; x_wconf 84' lang='lat' dir='ltr'><strong>Domine,</strong></span> 
     </span>
    </p>
   </div>
   <div class='ocr_carea' id='block_1_90' title="bbox 403 4639 1970 4717">
    <p class='ocr_par' dir='ltr' id='par_1_90' title="bbox 403 4639 1970 4717">
     <span class='ocr_line' id='line_1_90' title="bbox 403 4639 1970 4717; baseline 0.01 -25"><span class='ocrx_word' id='word_1_632' title='bbox 403 4639 654 4708; x_wconf 86' lang='lat' dir='ltr'><strong>propheta</strong></span> <span class='ocrx_word' id='word_1_633' title='bbox 681 4641 746 4693; x_wconf 92' lang='lat' dir='ltr'><strong>ad</strong></span> <span class='ocrx_word' id='word_1_634' title='bbox 797 4641 1006 4698; x_wconf 84' lang='lat' dir='ltr'><strong>Patrem</strong></span> <span class='ocrx_word' id='word_1_635' title='bbox 1058 4645 1216 4712; x_wconf 89' lang='lat' dir='ltr'><strong>dicit,</strong></span> <span class='ocrx_word' id='word_1_636' title='bbox 1245 4649 1298 4701; x_wconf 89' lang='lat' dir='ltr'><strong>in</strong></span> <span class='ocrx_word' id='word_1_637' title='bbox 1339 4649 1522 4702; x_wconf 86' lang='lat' dir='ltr'><strong>virtute</strong></span> <span class='ocrx_word' id='word_1_638' title='bbox 1564 4659 1679 4717; x_wconf 90' lang='lat' dir='ltr'><strong>tua,</strong></span> <span class='ocrx_word' id='word_1_639' title='bbox 1723 4650 1775 4705; x_wconf 89' lang='lat' dir='ltr'><strong>id</strong></span> <span class='ocrx_word' id='word_1_640' title='bbox 1807 4661 1888 4706; x_wconf 89' lang='lat' dir='ltr'><strong>est</strong></span> <span class='ocrx_word' id='word_1_641' title='bbox 1919 4653 1970 4707; x_wconf 91' lang='lat' dir='ltr'><strong>in</strong></span> 
     </span>
    </p>
   </div>
   <div class='ocr_carea' id='block_1_91' title="bbox 401 4733 1968 4812">
    <p class='ocr_par' dir='ltr' id='par_1_91' title="bbox 401 4733 1968 4812">
     <span class='ocr_line' id='line_1_91' title="bbox 401 4733 1968 4812; baseline 0.01 -27"><span class='ocrx_word' id='word_1_642' title='bbox 401 4733 781 4801; x_wconf 83' lang='lat' dir='ltr'><strong>cinnipotentia</strong></span> <span class='ocrx_word' id='word_1_643' title='bbox 831 4739 1126 4806; x_wconf 86' lang='lat' dir='ltr'><strong>majestatis</strong></span> <span class='ocrx_word' id='word_1_644' title='bbox 1171 4748 1294 4805; x_wconf 80' lang='lat' dir='ltr'><strong>tute,</strong></span> <span class='ocrx_word' id='word_1_645' title='bbox 1337 4741 1388 4796; x_wconf 91' lang='lat' dir='ltr'><strong>in</strong></span> <span class='ocrx_word' id='word_1_646' title='bbox 1435 4756 1539 4812; x_wconf 90' lang='lat' dir='ltr'><strong>qua</strong></span> <span class='ocrx_word' id='word_1_647' title='bbox 1580 4751 1634 4798; x_wconf 92' lang='lat' dir='ltr'><strong>et</strong></span> <span class='ocrx_word' id='word_1_648' title='bbox 1678 4743 1841 4798; x_wconf 83' lang='lat' dir='ltr'><strong>Filius</strong></span> <span class='ocrx_word' id='word_1_649' title='bbox 1881 4761 1968 4800; x_wconf 49' lang='lat' dir='ltr'><strong>re.</strong></span> 
     </span>
    </p>
   </div>
   <div class='ocr_carea' id='block_1_92' title="bbox 401 4826 1970 4901">
    <p class='ocr_par' dir='ltr' id='par_1_92' title="bbox 401 4826 1970 4901">
     <span class='ocr_line' id='line_1_92' title="bbox 401 4826 1970 4901; baseline 0.008 -25"><span class='ocrx_word' id='word_1_650' title='bbox 401 4835 552 4892; x_wconf 82' lang='lat' dir='ltr'><strong>gnat.</strong></span> <span class='ocrx_word' id='word_1_651' title='bbox 602 4826 739 4880; x_wconf 90' lang='lat' dir='ltr'><strong>sicut</strong></span> <span class='ocrx_word' id='word_1_652' title='bbox 784 4826 896 4895; x_wconf 91' lang='lat' dir='ltr'><strong>ipse</strong></span> <span class='ocrx_word' id='word_1_653' title='bbox 936 4827 1104 4882; x_wconf 87' lang='lat' dir='ltr'><strong>dicit:</strong></span> <span class='ocrx_word' id='word_1_654' title='bbox 1141 4830 1326 4884; x_wconf 88' lang='lat' dir='ltr'><strong>Omnia</strong></span> <span class='ocrx_word' id='word_1_655' title='bbox 1375 4831 1548 4886; x_wconf 82' lang='lat' dir='ltr'><strong>Patris</strong></span> <span class='ocrx_word' id='word_1_656' title='bbox 1589 4849 1700 4888; x_wconf 85' lang='lat' dir='ltr'><strong>mea</strong></span> <span class='ocrx_word' id='word_1_657' title='bbox 1730 4846 1878 4901; x_wconf 89' lang='lat' dir='ltr'><strong>sunt,</strong></span> <span class='ocrx_word' id='word_1_658' title='bbox 1921 4845 1970 4889; x_wconf 90' lang='lat' dir='ltr'><strong>et</strong></span> 
     </span>
    </p>
   </div>
   <div class='ocr_carea' id='block_1_93' title="bbox 407 4915 1974 4994">
    <p class='ocr_par' dir='ltr' id='par_1_93' title="bbox 407 4915 1974 4994">
     <span class='ocr_line' id='line_1_93' title="bbox 407 4915 1974 4994; baseline 0.008 -27"><span class='ocrx_word' id='word_1_659' title='bbox 407 4917 574 4969; x_wconf 85' lang='lat' dir='ltr'><strong>omnia</strong></span> <span class='ocrx_word' id='word_1_660' title='bbox 617 4933 724 4971; x_wconf 89' lang='lat' dir='ltr'><strong>mea</strong></span> <span class='ocrx_word' id='word_1_661' title='bbox 772 4915 942 4972; x_wconf 86' lang='lat' dir='ltr'><strong>Patris</strong></span> <span class='ocrx_word' id='word_1_662' title='bbox 983 4929 1102 4973; x_wconf 86' lang='lat' dir='ltr'><strong>sunt</strong></span> <span class='ocrx_word' id='word_1_663' title='bbox 1149 4920 1332 4993; x_wconf 81' lang='lat' dir='ltr'><strong>(Jorm.</strong></span> <span class='ocrx_word' id='word_1_664' title='bbox 1367 4938 1502 4991; x_wconf 81' lang='lat' dir='ltr'><strong>xvu,</strong></span> <span class='ocrx_word' id='word_1_665' title='bbox 1539 4925 1652 4994; x_wconf 81' lang='grc'><strong>10).</strong></span> <span class='ocrx_word' id='word_1_666' title='bbox 1697 4924 1974 4979; x_wconf 66' lang='lat' dir='ltr'><strong>Laetabitur</strong></span> 
     </span>
    </p>
   </div>
   <div class='ocr_carea' id='block_1_94' title="bbox 399 5008 1971 5086">
    <p class='ocr_par' dir='ltr' id='par_1_94' title="bbox 399 5008 1971 5086">
     <span class='ocr_line' id='line_1_94' title="bbox 399 5008 1971 5086; baseline 0.006 -24"><span class='ocrx_word' id='word_1_667' title='bbox 399 5025 518 5071; x_wconf 80' lang='lat' dir='ltr'><strong>rex.</strong></span> <span class='ocrx_word' id='word_1_668' title='bbox 555 5008 604 5062; x_wconf 91' lang='lat' dir='ltr'><strong>id</strong></span> <span class='ocrx_word' id='word_1_669' title='bbox 631 5019 714 5063; x_wconf 89' lang='lat' dir='ltr'><strong>est</strong></span> <span class='ocrx_word' id='word_1_670' title='bbox 741 5011 990 5081; x_wconf 77' lang='lat' dir='ltr'><strong>gaudebit</strong></span> <span class='ocrx_word' id='word_1_671' title='bbox 1028 5012 1186 5068; x_wconf 82' lang='lat' dir='ltr'><strong>Jesus</strong></span> <span class='ocrx_word' id='word_1_672' title='bbox 1214 5013 1456 5070; x_wconf 84' lang='lat' dir='ltr'><strong>Christus</strong></span> <span class='ocrx_word' id='word_1_673' title='bbox 1484 5035 1497 5070; x_wconf 91' lang='lat'><strong>:</strong></span> <span class='ocrx_word' id='word_1_674' title='bbox 1530 5017 1598 5071; x_wconf 91' lang='lat' dir='ltr'><strong>de</strong></span> <span class='ocrx_word' id='word_1_675' title='bbox 1625 5032 1731 5086; x_wconf 91' lang='lat' dir='ltr'><strong>quo</strong></span> <span class='ocrx_word' id='word_1_676' title='bbox 1769 5018 1820 5071; x_wconf 92' lang='lat' dir='ltr'><strong>in</strong></span> <span class='ocrx_word' id='word_1_677' title='bbox 1865 5019 1971 5072; x_wconf 87' lang='lat' dir='ltr'><strong>alio</strong></span> 
     </span>
    </p>
   </div>
   <div class='ocr_carea' id='block_1_95' title="bbox 399 5101 1972 5179">
    <p class='ocr_par' dir='ltr' id='par_1_95' title="bbox 399 5101 1972 5179">
     <span class='ocr_line' id='line_1_95' title="bbox 399 5101 1972 5179; baseline 0.004 -23"><span class='ocrx_word' id='word_1_678' title='bbox 399 5102 606 5172; x_wconf 84' lang='lat' dir='ltr'><strong>psalmo</strong></span> <span class='ocrx_word' id='word_1_679' title='bbox 634 5101 858 5172; x_wconf 86' lang='lat' dir='ltr'><strong>legitur:</strong></span> <span class='ocrx_word' id='word_1_680' title='bbox 890 5103 1045 5172; x_wconf 87' lang='lat' dir='ltr'><strong>Deus,</strong></span> <span class='ocrx_word' id='word_1_681' title='bbox 1077 5107 1336 5177; x_wconf 83' lang='lat' dir='ltr'><strong>judicium</strong></span> <span class='ocrx_word' id='word_1_682' title='bbox 1369 5116 1510 5160; x_wconf 89' lang='lat' dir='ltr'><strong>tuum</strong></span> <span class='ocrx_word' id='word_1_683' title='bbox 1537 5109 1606 5162; x_wconf 90' lang='lat' dir='ltr'><strong>da</strong></span> <span class='ocrx_word' id='word_1_684' title='bbox 1645 5110 1782 5179; x_wconf 83' lang='lat' dir='ltr'><strong>regi,</strong></span> <span class='ocrx_word' id='word_1_685' title='bbox 1810 5118 1855 5162; x_wconf 88' lang='lat' dir='ltr'><strong>et</strong></span> <span class='ocrx_word' id='word_1_686' title='bbox 1876 5113 1972 5179; x_wconf 84' lang='lat' dir='ltr'><strong>ju-</strong></span> 
     </span>
    </p>
   </div>
   <div class='ocr_carea' id='block_1_96' title="bbox 399 5187 1970 5273">
    <p class='ocr_par' dir='ltr' id='par_1_96' title="bbox 399 5187 1970 5273">
     <span class='ocr_line' id='line_1_96' title="bbox 399 5187 1970 5273; baseline 0.004 -25"><span class='ocrx_word' id='word_1_687' title='bbox 399 5196 585 5248; x_wconf 85' lang='lat' dir='ltr'><strong>stitiam</strong></span> <span class='ocrx_word' id='word_1_688' title='bbox 620 5202 762 5255; x_wconf 76' lang='lat' dir='ltr'><strong>tuam</strong></span> <span class='ocrx_word' id='word_1_689' title='bbox 798 5196 907 5265; x_wconf 79' lang='lat' dir='ltr'><strong>ﬁlio</strong></span> <span class='ocrx_word' id='word_1_690' title='bbox 937 5199 1070 5269; x_wconf 86' lang='lat' dir='ltr'><strong>regis</strong></span> <span class='ocrx_word' id='word_1_691' title='bbox 1109 5187 1286 5273; x_wconf 61' lang='grc' dir='ltr'><strong>(ἴδιαι.</strong></span> <span class='ocrx_word' id='word_1_692' title='bbox 1312 5214 1466 5264; x_wconf 79' lang='lat' dir='ltr'><strong>uxr,</strong></span> <span class='ocrx_word' id='word_1_693' title='bbox 1496 5199 1590 5269; x_wconf 70' lang='lat'><strong>2);</strong></span> <span class='ocrx_word' id='word_1_694' title='bbox 1632 5208 1685 5255; x_wconf 91' lang='lat' dir='ltr'><strong>et</strong></span> <span class='ocrx_word' id='word_1_695' title='bbox 1734 5201 1788 5254; x_wconf 89' lang='lat' dir='ltr'><strong>in</strong></span> <span class='ocrx_word' id='word_1_696' title='bbox 1817 5200 1970 5255; x_wconf 91' lang='lat' dir='ltr'><strong>titulo</strong></span> 
     </span>
    </p>
   </div>
   <div class='ocr_carea' id='block_1_97' title="bbox 399 5275 1968 5363">
    <p class='ocr_par' dir='ltr' id='par_1_97' title="bbox 399 5275 1968 5363">
     <span class='ocr_line' id='line_1_97' title="bbox 399 5275 1968 5363; baseline 0.006 -24"><span class='ocrx_word' id='word_1_697' title='bbox 399 5288 659 5354; x_wconf 79' lang='lat' dir='ltr'><strong>passionis</strong></span> <span class='ocrx_word' id='word_1_698' title='bbox 679 5288 935 5363; x_wconf 84' lang='lat' dir='ltr'><strong>scriptum</strong></span> <span class='ocrx_word' id='word_1_699' title='bbox 957 5299 1037 5345; x_wconf 89' lang='lat' dir='ltr'><strong>est</strong></span> <span class='ocrx_word' id='word_1_700' title='bbox 1062 5308 1074 5343; x_wconf 92' lang='lat'>:</span> <span class='ocrx_word' id='word_1_701' title='bbox 1101 5275 1212 5346; x_wconf 71' lang='lat' dir='ltr'><strong>Rex</strong></span> <span class='ocrx_word' id='word_1_702' title='bbox 1229 5290 1528 5346; x_wconf 74' lang='lat' dir='ltr'><strong>Juda&#39;orum</strong></span> <span class='ocrx_word' id='word_1_703' title='bbox 1551 5291 1766 5361; x_wconf 76' lang='lat' dir='ltr'><strong>(Matth.</strong></span> <span class='ocrx_word' id='word_1_704' title='bbox 1791 5309 1935 5348; x_wconf 79' lang='lat' dir='ltr'><strong>xxv&quot;</strong></span> <span class='ocrx_word' id='word_1_705' title='bbox 1953 5333 1968 5359; x_wconf 96' lang='lat'><strong>,</strong></span> 
     </span>
    </p>
   </div>
   <div class='ocr_carea' id='block_1_98' title="bbox 397 5377 1969 5448">
    <p class='ocr_par' dir='ltr' id='par_1_98' title="bbox 397 5377 1969 5448">
     <span class='ocr_line' id='line_1_98' title="bbox 397 5377 1969 5448; baseline 0.004 -18"><span class='ocrx_word' id='word_1_706' title='bbox 397 5377 510 5445; x_wconf 81' lang='lat'><strong>57).</strong></span> <span class='ocrx_word' id='word_1_707' title='bbox 545 5377 816 5447; x_wconf 81' lang='lat' dir='ltr'><strong>Sequitur,</strong></span> <span class='ocrx_word' id='word_1_708' title='bbox 848 5388 895 5432; x_wconf 88' lang='lat' dir='ltr'><strong>et</strong></span> <span class='ocrx_word' id='word_1_709' title='bbox 931 5395 1084 5448; x_wconf 83' lang='lat' dir='ltr'><strong>super</strong></span> <span class='ocrx_word' id='word_1_710' title='bbox 1130 5381 1352 5435; x_wconf 87' lang='lat' dir='ltr'><strong>salutare</strong></span> <span class='ocrx_word' id='word_1_711' title='bbox 1395 5391 1537 5435; x_wconf 89' lang='lat' dir='ltr'><strong>tuum</strong></span> <span class='ocrx_word' id='word_1_712' title='bbox 1581 5383 1846 5436; x_wconf 77' lang='lat' dir='ltr'><strong>exsultabit</strong></span> <span class='ocrx_word' id='word_1_713' title='bbox 1888 5398 1969 5437; x_wconf 77' lang='lat' dir='ltr'><strong>re-</strong></span> 
     </span>
    </p>
   </div>
   <div class='ocr_carea' id='block_1_99' title="bbox 399 5467 1964 5541">
    <p class='ocr_par' dir='ltr' id='par_1_99' title="bbox 399 5467 1964 5541">
     <span class='ocr_line' id='line_1_99' title="bbox 399 5467 1964 5541; baseline 0.004 -20"><span class='ocrx_word' id='word_1_714' title='bbox 399 5469 673 5534; x_wconf 78' lang='lat' dir='ltr'><strong>bementer,</strong></span> <span class='ocrx_word' id='word_1_715' title='bbox 703 5467 755 5522; x_wconf 92' lang='lat' dir='ltr'><strong>id</strong></span> <span class='ocrx_word' id='word_1_716' title='bbox 783 5478 865 5524; x_wconf 91' lang='lat' dir='ltr'><strong>est</strong></span> <span class='ocrx_word' id='word_1_717' title='bbox 895 5470 947 5524; x_wconf 90' lang='lat' dir='ltr'><strong>in</strong></span> <span class='ocrx_word' id='word_1_718' title='bbox 979 5485 1044 5525; x_wconf 90' lang='lat' dir='ltr'><strong>eo</strong></span> <span class='ocrx_word' id='word_1_719' title='bbox 1075 5471 1212 5538; x_wconf 91' lang='lat' dir='ltr'><strong>quod</strong></span> <span class='ocrx_word' id='word_1_720' title='bbox 1247 5486 1340 5541; x_wconf 91' lang='lat' dir='ltr'><strong>per</strong></span> <span class='ocrx_word' id='word_1_721' title='bbox 1366 5487 1486 5527; x_wconf 92' lang='lat' dir='ltr'><strong>eum</strong></span> <span class='ocrx_word' id='word_1_722' title='bbox 1530 5473 1743 5528; x_wconf 82' lang='lat' dir='ltr'><strong>salvasti</strong></span> <span class='ocrx_word' id='word_1_723' title='bbox 1792 5474 1964 5528; x_wconf 87' lang='lat' dir='ltr'><strong>homi-</strong></span> 
     </span>
    </p>
   </div>
   <div class='ocr_carea' id='block_1_100' title="bbox 399 5561 1962 5633">
    <p class='ocr_par' dir='ltr' id='par_1_100' title="bbox 399 5561 1962 5633">
     <span class='ocr_line' id='line_1_100' title="bbox 399 5561 1962 5633; baseline 0.005 -21"><span class='ocrx_word' id='word_1_724' title='bbox 399 5576 517 5624; x_wconf 83' lang='lat' dir='ltr'><strong>nes,</strong></span> <span class='ocrx_word' id='word_1_725' title='bbox 544 5561 706 5617; x_wconf 86' lang='lat' dir='ltr'><strong>Filius</strong></span> <span class='ocrx_word' id='word_1_726' title='bbox 730 5572 871 5629; x_wconf 89' lang='lat' dir='ltr'><strong>tuus,</strong></span> <span class='ocrx_word' id='word_1_727' title='bbox 901 5563 987 5633; x_wconf 88' lang='lat' dir='ltr'><strong>qui</strong></span> <span class='ocrx_word' id='word_1_728' title='bbox 1017 5563 1257 5620; x_wconf 89' lang='lat' dir='ltr'><strong>Salvator</strong></span> <span class='ocrx_word' id='word_1_729' title='bbox 1282 5573 1390 5625; x_wconf 86' lang='lat' dir='ltr'><strong>est.</strong></span> <span class='ocrx_word' id='word_1_730' title='bbox 1421 5565 1711 5619; x_wconf 76' lang='lat' dir='ltr'><strong>exsultabit.</strong></span> <span class='ocrx_word' id='word_1_731' title='bbox 1740 5564 1962 5620; x_wconf 84' lang='lat' dir='ltr'><strong>Addidit</strong></span> 
     </span>
    </p>
   </div>
   <div class='ocr_carea' id='block_1_101' title="bbox 399 5657 1967 5729">
    <p class='ocr_par' dir='ltr' id='par_1_101' title="bbox 399 5657 1967 5729">
     <span class='ocr_line' id='line_1_101' title="bbox 399 5657 1967 5729; baseline 0.003 -23"><span class='ocrx_word' id='word_1_732' title='bbox 399 5675 429 5722; x_wconf 83' lang='grc' dir='ltr'><strong>ιι</strong></span> <span class='ocrx_word' id='word_1_733' title='bbox 457 5673 609 5726; x_wconf 82' lang='lat' dir='ltr'><strong>mque</strong></span> <span class='ocrx_word' id='word_1_734' title='bbox 635 5659 968 5724; x_wconf 77' lang='lat' dir='ltr'><strong>vehementer,</strong></span> <span class='ocrx_word' id='word_1_735' title='bbox 999 5666 1058 5712; x_wconf 87' lang='lat' dir='ltr'><strong>ut</strong></span> <span class='ocrx_word' id='word_1_736' title='bbox 1086 5669 1280 5729; x_wconf 85' lang='lat' dir='ltr'><strong>quanta</strong></span> <span class='ocrx_word' id='word_1_737' title='bbox 1310 5668 1391 5716; x_wconf 87' lang='lat' dir='ltr'><strong>est</strong></span> <span class='ocrx_word' id='word_1_738' title='bbox 1420 5660 1566 5728; x_wconf 79' lang='lat' dir='ltr'><strong>capia</strong></span> <span class='ocrx_word' id='word_1_739' title='bbox 1599 5657 1650 5713; x_wconf 89' lang='lat' dir='ltr'><strong>in</strong></span> <span class='ocrx_word' id='word_1_740' title='bbox 1686 5657 1967 5722; x_wconf 76' lang='lat' dir='ltr'><strong>beneﬁcio,</strong></span> 
     </span>
    </p>
   </div>
   <div class='ocr_carea' id='block_1_102' title="bbox 405 5747 1285 5818">
    <p class='ocr_par' dir='ltr' id='par_1_102' title="bbox 405 5747 1285 5818">
     <span class='ocr_line' id='line_1_102' title="bbox 405 5747 1285 5818; baseline 0.009 -22"><span class='ocrx_word' id='word_1_741' title='bbox 405 5757 543 5799; x_wconf 82' lang='lat' dir='ltr'><strong>tanta</strong></span> <span class='ocrx_word' id='word_1_742' title='bbox 575 5747 641 5800; x_wconf 88' lang='lat' dir='ltr'><strong>sit</strong></span> <span class='ocrx_word' id='word_1_743' title='bbox 671 5758 722 5801; x_wconf 88' lang='lat' dir='ltr'><strong>et</strong></span> <span class='ocrx_word' id='word_1_744' title='bbox 750 5747 926 5817; x_wconf 84' lang='lat' dir='ltr'><strong>gaudii</strong></span> <span class='ocrx_word' id='word_1_745' title='bbox 955 5748 1285 5818; x_wconf 84' lang='lat' dir='ltr'><strong>magnitudo.</strong></span> 
     </span>
    </p>
   </div>
   <div class='ocr_carea' id='block_1_103' title="bbox 2074 4553 3645 4627">
    <p class='ocr_par' dir='ltr' id='par_1_103' title="bbox 2074 4553 3645 4627">
     <span class='ocr_line' id='line_1_103' title="bbox 2074 4553 3645 4627; baseline -0.005 -13"><span class='ocrx_word' id='word_1_746' title='bbox 2074 4569 2290 4614; x_wconf 86' lang='lat' dir='ltr'><strong>ornaret</strong></span> <span class='ocrx_word' id='word_1_747' title='bbox 2328 4557 2664 4627; x_wconf 90' lang='lat' dir='ltr'><strong>impositum,</strong></span> <span class='ocrx_word' id='word_1_748' title='bbox 2697 4555 2791 4611; x_wconf 89' lang='lat' dir='ltr'><strong>sed</strong></span> <span class='ocrx_word' id='word_1_749' title='bbox 2833 4555 2901 4612; x_wconf 91' lang='lat' dir='ltr'><strong>de</strong></span> <span class='ocrx_word' id='word_1_750' title='bbox 2942 4554 3156 4608; x_wconf 76' lang='lat' dir='ltr'><strong>(lhristo</strong></span> <span class='ocrx_word' id='word_1_751' title='bbox 3201 4553 3424 4608; x_wconf 89' lang='lat' dir='ltr'><strong>Domino</strong></span> <span class='ocrx_word' id='word_1_752' title='bbox 3469 4553 3645 4620; x_wconf 83' lang='lat' dir='ltr'><strong>poius</strong></span> 
     </span>
    </p>
   </div>
   <div class='ocr_carea' id='block_1_104' title="bbox 2074 4645 3644 4716">
    <p class='ocr_par' dir='ltr' id='par_1_104' title="bbox 2074 4645 3644 4716">
     <span class='ocr_line' id='line_1_104' title="bbox 2074 4645 3644 4716; baseline -0.006 -10"><span class='ocrx_word' id='word_1_753' title='bbox 2074 4661 2376 4706; x_wconf 88' lang='lat' dir='ltr'><strong>ornaretur.</strong></span> <span class='ocrx_word' id='word_1_754' title='bbox 2424 4651 2478 4704; x_wconf 92' lang='lat' dir='ltr'><strong>ln</strong></span> <span class='ocrx_word' id='word_1_755' title='bbox 2519 4651 2619 4703; x_wconf 89' lang='lat' dir='ltr'><strong>hac</strong></span> <span class='ocrx_word' id='word_1_756' title='bbox 2647 4649 2788 4703; x_wconf 91' lang='lat' dir='ltr'><strong>enim</strong></span> <span class='ocrx_word' id='word_1_757' title='bbox 2822 4661 3018 4703; x_wconf 88' lang='lat' dir='ltr'><strong>corona</strong></span> <span class='ocrx_word' id='word_1_758' title='bbox 3050 4655 3103 4702; x_wconf 90' lang='lat' dir='ltr'><strong>et</strong></span> <span class='ocrx_word' id='word_1_759' title='bbox 3135 4647 3295 4700; x_wconf 81' lang='lat' dir='ltr'><strong>totius</strong></span> <span class='ocrx_word' id='word_1_760' title='bbox 3323 4645 3433 4716; x_wconf 83' lang='lat'><strong>70</strong></span> <span class='ocrx_word' id='word_1_761' title='bbox 3461 4645 3644 4697; x_wconf 86' lang='lat' dir='ltr'><strong>mundi</strong></span> 
     </span>
    </p>
   </div>
   <div class='ocr_carea' id='block_1_105' title="bbox 2073 4740 3646 4808">
    <p class='ocr_par' dir='ltr' id='par_1_105' title="bbox 2073 4740 3646 4808">
     <span class='ocr_line' id='line_1_105' title="bbox 2073 4740 3646 4808; baseline -0.004 -12"><span class='ocrx_word' id='word_1_762' title='bbox 2073 4742 2327 4796; x_wconf 89' lang='lat' dir='ltr'><strong>circulum</strong></span> <span class='ocrx_word' id='word_1_763' title='bbox 2357 4742 2546 4795; x_wconf 91' lang='lat' dir='ltr'><strong>merito</strong></span> <span class='ocrx_word' id='word_1_764' title='bbox 2577 4740 2868 4808; x_wconf 85' lang='lat' dir='ltr'><strong>poterimus</strong></span> <span class='ocrx_word' id='word_1_765' title='bbox 2909 4741 3221 4802; x_wconf 88' lang='lat' dir='ltr'><strong>advertere;</strong></span> <span class='ocrx_word' id='word_1_766' title='bbox 3256 4741 3306 4791; x_wconf 91' lang='lat' dir='ltr'><strong>in</strong></span> <span class='ocrx_word' id='word_1_767' title='bbox 3346 4752 3452 4805; x_wconf 92' lang='lat' dir='ltr'><strong>quo</strong></span> <span class='ocrx_word' id='word_1_768' title='bbox 3480 4752 3646 4805; x_wconf 86' lang='lat' dir='ltr'><strong>gene-</strong></span> 
     </span>
    </p>
   </div>
   <div class='ocr_carea' id='block_1_106' title="bbox 2075 4826 3648 4900">
    <p class='ocr_par' dir='ltr' id='par_1_106' title="bbox 2075 4826 3648 4900">
     <span class='ocr_line' id='line_1_106' title="bbox 2075 4826 3648 4900; baseline -0.006 -15"><span class='ocrx_word' id='word_1_769' title='bbox 2075 4831 2204 4885; x_wconf 90' lang='lat' dir='ltr'><strong>ralis</strong></span> <span class='ocrx_word' id='word_1_770' title='bbox 2229 4830 2558 4900; x_wconf 85' lang='lat' dir='ltr'><strong>signiﬁcatur</strong></span> <span class='ocrx_word' id='word_1_771' title='bbox 2589 4829 2850 4884; x_wconf 87' lang='lat' dir='ltr'><strong>Ecclesia.</strong></span> <span class='ocrx_word' id='word_1_772' title='bbox 2875 4827 3027 4896; x_wconf 87' lang='lat' dir='ltr'><strong>Quod</strong></span> <span class='ocrx_word' id='word_1_773' title='bbox 3051 4828 3264 4882; x_wconf 87' lang='lat' dir='ltr'><strong>schema</strong></span> <span class='ocrx_word' id='word_1_774' title='bbox 3295 4826 3490 4880; x_wconf 90' lang='lat' dir='ltr'><strong>dicitur</strong></span> <span class='ocrx_word' id='word_1_775' title='bbox 3517 4826 3648 4878; x_wconf 64' lang='lat' dir='ltr'><strong>cha~</strong></span> 
     </span>
    </p>
   </div>
   <div class='ocr_carea' id='block_1_107' title="bbox 2078 4916 3648 4986">
    <p class='ocr_par' dir='ltr' id='par_1_107' title="bbox 2078 4916 3648 4986">
     <span class='ocr_line' id='line_1_107' title="bbox 2078 4916 3648 4986; baseline -0.004 -11"><span class='ocrx_word' id='word_1_776' title='bbox 2078 4923 2436 4984; x_wconf 88' lang='lat' dir='ltr'><strong>racterismos,</strong></span> <span class='ocrx_word' id='word_1_777' title='bbox 2468 4921 2520 4975; x_wconf 89' lang='lat' dir='ltr'><strong>id</strong></span> <span class='ocrx_word' id='word_1_778' title='bbox 2564 4930 2646 4975; x_wconf 86' lang='lat' dir='ltr'><strong>est</strong></span> <span class='ocrx_word' id='word_1_779' title='bbox 2696 4919 3002 4974; x_wconf 82' lang='lat' dir='ltr'><strong>informatio</strong></span> <span class='ocrx_word' id='word_1_780' title='bbox 3050 4918 3133 4972; x_wconf 89' lang='lat' dir='ltr'><strong>vel</strong></span> <span class='ocrx_word' id='word_1_781' title='bbox 3175 4916 3484 4986; x_wconf 76' lang='lat' dir='ltr'><strong>descriptio,</strong></span> <span class='ocrx_word' id='word_1_782' title='bbox 3525 4931 3648 4984; x_wconf 70' lang='lat' dir='ltr'><strong>quae</strong></span> 
     </span>
    </p>
   </div>
   <div class='ocr_carea' id='block_1_108' title="bbox 2075 5007 3647 5077">
    <p class='ocr_par' dir='ltr' id='par_1_108' title="bbox 2075 5007 3647 5077">
     <span class='ocr_line' id='line_1_108' title="bbox 2075 5007 3647 5077; baseline -0.004 -13"><span class='ocrx_word' id='word_1_783' title='bbox 2075 5012 2189 5064; x_wconf 87' lang='lat' dir='ltr'><strong>sive</strong></span> <span class='ocrx_word' id='word_1_784' title='bbox 2219 5025 2330 5064; x_wconf 90' lang='lat' dir='ltr'><strong>rem</strong></span> <span class='ocrx_word' id='word_1_785' title='bbox 2361 5011 2662 5074; x_wconf 87' lang='lat' dir='ltr'><strong>absentem,</strong></span> <span class='ocrx_word' id='word_1_786' title='bbox 2693 5009 2810 5063; x_wconf 86' lang='lat' dir='ltr'><strong>sive</strong></span> <span class='ocrx_word' id='word_1_787' title='bbox 2853 5017 3168 5077; x_wconf 60' lang='lat' dir='ltr'><strong>praesentem</strong></span> <span class='ocrx_word' id='word_1_788' title='bbox 3201 5020 3480 5075; x_wconf 87' lang='lat' dir='ltr'><strong>personam</strong></span> <span class='ocrx_word' id='word_1_789' title='bbox 3529 5007 3647 5071; x_wconf 80' lang='lat' dir='ltr'><strong>Spi-</strong></span> 
     </span>
    </p>
   </div>
   <div class='ocr_carea' id='block_1_109' title="bbox 2076 5098 3643 5162">
    <p class='ocr_par' dir='ltr' id='par_1_109' title="bbox 2076 5098 3643 5162">
     <span class='ocr_line' id='line_1_109' title="bbox 2076 5098 3643 5162; baseline -0.005 -4"><span class='ocrx_word' id='word_1_790' title='bbox 2076 5102 2354 5158; x_wconf 88' lang='lat' dir='ltr'><strong>ritualibus</strong></span> <span class='ocrx_word' id='word_1_791' title='bbox 2383 5103 2551 5156; x_wconf 91' lang='lat' dir='ltr'><strong>oculis</strong></span> <span class='ocrx_word' id='word_1_792' title='bbox 2579 5100 2968 5156; x_wconf 90' lang='lat' dir='ltr'><strong>subministrat.</strong></span> <span class='ocrx_word' id='word_1_793' title='bbox 3000 5100 3107 5154; x_wconf 91' lang='lat' dir='ltr'><strong>lloc</strong></span> <span class='ocrx_word' id='word_1_794' title='bbox 3133 5107 3186 5153; x_wconf 92' lang='lat' dir='ltr'><strong>et</strong></span> <span class='ocrx_word' id='word_1_795' title='bbox 3213 5099 3265 5152; x_wconf 92' lang='lat' dir='ltr'><strong>in</strong></span> <span class='ocrx_word' id='word_1_796' title='bbox 3296 5098 3473 5162; x_wconf 87' lang='lat' dir='ltr'><strong>laude,</strong></span> <span class='ocrx_word' id='word_1_797' title='bbox 3505 5105 3558 5151; x_wconf 92' lang='lat' dir='ltr'><strong>et</strong></span> <span class='ocrx_word' id='word_1_798' title='bbox 3588 5101 3643 5150; x_wconf 91' lang='lat' dir='ltr'><strong>in</strong></span> 
     </span>
    </p>
   </div>
   <div class='ocr_carea' id='block_1_110' title="bbox 2074 5193 2786 5264">
    <p class='ocr_par' dir='ltr' id='par_1_110' title="bbox 2074 5193 2786 5264">
     <span class='ocr_line' id='line_1_110' title="bbox 2074 5193 2786 5264; baseline -0.007 -14"><span class='ocrx_word' id='word_1_799' title='bbox 2074 5193 2462 5264; x_wconf 88' lang='lat' dir='ltr'><strong>vituperatione</strong></span> <span class='ocrx_word' id='word_1_800' title='bbox 2490 5194 2603 5247; x_wconf 91' lang='lat' dir='ltr'><strong>ﬁeri</strong></span> <span class='ocrx_word' id='word_1_801' title='bbox 2631 5193 2786 5248; x_wconf 91' lang='lat' dir='ltr'><strong>solet.</strong></span> 
     </span>
    </p>
   </div>
   <div class='ocr_carea' id='block_1_111' title="bbox 2148 5279 3652 5355">
    <p class='ocr_par' dir='ltr' id='par_1_111' title="bbox 2148 5279 3652 5355">
     <span class='ocr_line' id='line_1_111' title="bbox 2148 5279 3652 5355; baseline -0.009 -12"><span class='ocrx_word' id='word_1_802' title='bbox 2148 5290 2302 5344; x_wconf 83' lang='lat' dir='ltr'><strong>Vers.</strong></span> <span class='ocrx_word' id='word_1_803' title='bbox 2335 5290 2386 5342; x_wconf 78' lang='grc'><strong>4.</strong></span> <span class='ocrx_word' id='word_1_804' title='bbox 2434 5286 2600 5339; x_wconf 82' lang='lat' dir='ltr'><strong>Vitam</strong></span> <span class='ocrx_word' id='word_1_805' title='bbox 2636 5286 2808 5355; x_wconf 79' lang='lat' dir='ltr'><strong>petiit,</strong></span> <span class='ocrx_word' id='word_1_806' title='bbox 2850 5294 2897 5339; x_wconf 88' lang='lat' dir='ltr'><strong>et</strong></span> <span class='ocrx_word' id='word_1_807' title='bbox 2937 5283 3155 5337; x_wconf 79' lang='lat' dir='ltr'><strong>tribuisti</strong></span> <span class='ocrx_word' id='word_1_808' title='bbox 3193 5283 3239 5336; x_wconf 87' lang='lat' dir='ltr'><strong>ei</strong></span> <span class='ocrx_word' id='word_1_809' title='bbox 3277 5279 3652 5350; x_wconf 81' lang='lat' dir='ltr'><strong>longitudinem</strong></span> 
     </span>
    </p>
   </div>
   <div class='ocr_carea' id='block_1_112' title="bbox 2073 5372 3646 5440">
    <p class='ocr_par' dir='ltr' id='par_1_112' title="bbox 2073 5372 3646 5440">
     <span class='ocr_line' id='line_1_112' title="bbox 2073 5372 3646 5440; baseline -0.008 -5"><span class='ocrx_word' id='word_1_810' title='bbox 2073 5383 2266 5435; x_wconf 83' lang='lat' dir='ltr'><strong>dierum</strong></span> <span class='ocrx_word' id='word_1_811' title='bbox 2308 5383 2359 5432; x_wconf 91' lang='lat' dir='ltr'><strong>in</strong></span> <span class='ocrx_word' id='word_1_812' title='bbox 2403 5377 2646 5432; x_wconf 65' lang='lat' dir='ltr'><strong>saeculum</strong></span> <span class='ocrx_word' id='word_1_813' title='bbox 2689 5376 2884 5432; x_wconf 74' lang='lat' dir='ltr'><strong>sa&#39;culi.</strong></span> <span class='ocrx_word' id='word_1_814' title='bbox 2912 5375 3139 5440; x_wconf 74' lang='lat' dir='ltr'><strong>&quot;Vitam,</strong></span> <span class='ocrx_word' id='word_1_815' title='bbox 3193 5372 3646 5429; x_wconf 86' lang='lat' dir='ltr'><strong>resurrectionem</strong></span> 
     </span>
    </p>
   </div>
   <div class='ocr_carea' id='block_1_113' title="bbox 2073 5461 3652 5540">
    <p class='ocr_par' dir='ltr' id='par_1_113' title="bbox 2073 5461 3652 5540">
     <span class='ocr_line' id='line_1_113' title="bbox 2073 5461 3652 5540; baseline -0.011 -12"><span class='ocrx_word' id='word_1_816' title='bbox 2073 5471 2362 5540; x_wconf 86' lang='lat' dir='ltr'><strong>signiﬁcat,</strong></span> <span class='ocrx_word' id='word_1_817' title='bbox 2394 5483 2550 5538; x_wconf 85' lang='lat' dir='ltr'><strong>quam</strong></span> <span class='ocrx_word' id='word_1_818' title='bbox 2600 5469 2686 5523; x_wconf 92' lang='lat' dir='ltr'><strong>ille</strong></span> <span class='ocrx_word' id='word_1_819' title='bbox 2731 5467 2913 5538; x_wconf 87' lang='lat' dir='ltr'><strong>petivit</strong></span> <span class='ocrx_word' id='word_1_820' title='bbox 2958 5466 3224 5521; x_wconf 86' lang='lat' dir='ltr'><strong>dicendo:</strong></span> <span class='ocrx_word' id='word_1_821' title='bbox 3271 5463 3445 5527; x_wconf 87' lang='lat' dir='ltr'><strong>Pater,</strong></span> <span class='ocrx_word' id='word_1_822' title='bbox 3489 5461 3652 5513; x_wconf 74' lang='lat' dir='ltr'><strong>clari-</strong></span> 
     </span>
    </p>
   </div>
   <div class='ocr_carea' id='block_1_114' title="bbox 2074 5551 3653 5630">
    <p class='ocr_par' dir='ltr' id='par_1_114' title="bbox 2074 5551 3653 5630">
     <span class='ocr_line' id='line_1_114' title="bbox 2074 5551 3653 5630; baseline -0.008 -16"><span class='ocrx_word' id='word_1_823' title='bbox 2074 5563 2171 5630; x_wconf 77' lang='lat' dir='ltr'><strong>fsra</strong></span> <span class='ocrx_word' id='word_1_824' title='bbox 2201 5559 2392 5612; x_wconf 84' lang='lat' dir='ltr'><strong>Filium</strong></span> <span class='ocrx_word' id='word_1_825' title='bbox 2428 5568 2572 5612; x_wconf 88' lang='lat' dir='ltr'><strong>tuum</strong></span> <span class='ocrx_word' id='word_1_826' title='bbox 2615 5557 2797 5627; x_wconf 84' lang='lat' dir='ltr'><strong>(Joan.</strong></span> <span class='ocrx_word' id='word_1_827' title='bbox 2823 5571 2962 5622; x_wconf 86' lang='lat' dir='ltr'><strong>xvn,</strong></span> <span class='ocrx_word' id='word_1_828' title='bbox 2998 5555 3074 5626; x_wconf 77' lang='grc'><strong>1).</strong></span> <span class='ocrx_word' id='word_1_829' title='bbox 3115 5553 3506 5624; x_wconf 80' lang='lat' dir='ltr'><strong>Longitudinem</strong></span> <span class='ocrx_word' id='word_1_830' title='bbox 3534 5551 3653 5602; x_wconf 61' lang='lat' dir='ltr'><strong>diea</strong></span> 
     </span>
    </p>
   </div>
   <div class='ocr_carea' id='block_1_115' title="bbox 2077 5642 3652 5718">
    <p class='ocr_par' dir='ltr' id='par_1_115' title="bbox 2077 5642 3652 5718">
     <span class='ocr_line' id='line_1_115' title="bbox 2077 5642 3652 5718; baseline -0.007 -11"><span class='ocrx_word' id='word_1_831' title='bbox 2077 5656 2264 5708; x_wconf 83' lang='lat' dir='ltr'><strong>rumin</strong></span> <span class='ocrx_word' id='word_1_832' title='bbox 2303 5654 2544 5708; x_wconf 68' lang='lat' dir='ltr'><strong>sa‘rulum</strong></span> <span class='ocrx_word' id='word_1_833' title='bbox 2582 5650 2787 5718; x_wconf 71' lang='lat' dir='ltr'><strong>sicculi,</strong></span> <span class='ocrx_word' id='word_1_834' title='bbox 2817 5649 2865 5704; x_wconf 91' lang='lat' dir='ltr'><strong>id</strong></span> <span class='ocrx_word' id='word_1_835' title='bbox 2907 5659 2988 5705; x_wconf 89' lang='lat' dir='ltr'><strong>est</strong></span> <span class='ocrx_word' id='word_1_836' title='bbox 3030 5647 3343 5702; x_wconf 79' lang='lat' dir='ltr'><strong>indelectam</strong></span> <span class='ocrx_word' id='word_1_837' title='bbox 3391 5642 3652 5713; x_wconf 56' lang='lat' dir='ltr'><strong>perenni-</strong></span> 
     </span>
    </p>
   </div>
   <div class='ocr_carea' id='block_1_116' title="bbox 2079 5738 3652 5814">
    <p class='ocr_par' dir='ltr' id='par_1_116' title="bbox 2079 5738 3652 5814">
     <span class='ocr_line' id='line_1_116' title="bbox 2079 5738 3652 5814; baseline -0.006 -14"><span class='ocrx_word' id='word_1_838' title='bbox 2079 5756 2271 5811; x_wconf 88' lang='lat' dir='ltr'><strong>tatem,</strong></span> <span class='ocrx_word' id='word_1_839' title='bbox 2320 5761 2432 5814; x_wconf 66' lang='lat' dir='ltr'><strong>quin</strong></span> <span class='ocrx_word' id='word_1_840' title='bbox 2482 5745 2627 5799; x_wconf 88' lang='lat' dir='ltr'><strong>nullo</strong></span> <span class='ocrx_word' id='word_1_841' title='bbox 2677 5741 2780 5798; x_wconf 87' lang='lat' dir='ltr'><strong>ﬁne</strong></span> <span class='ocrx_word' id='word_1_842' title='bbox 2823 5740 3173 5797; x_wconf 89' lang='lat' dir='ltr'><strong>concluditur.</strong></span> <span class='ocrx_word' id='word_1_843' title='bbox 3222 5738 3326 5794; x_wconf 86' lang='lat' dir='ltr'><strong>Sed</strong></span> <span class='ocrx_word' id='word_1_844' title='bbox 3376 5745 3652 5792; x_wconf 84' lang='lat' dir='ltr'><strong>memento</strong></span> 
     </span>
    </p>
   </div>
  </div>
