4008 6182
331 327 451 397 ’149

1322 336 1684 395 EXPOSITIO
1721 335 1788 393 IN
1828 332 2284 392 PSALTEBIUM.
2330 332 2521 390 PSAL.
2561 334 2681 390 XX.

3499 332 3601 386 £50

348 454 495 526 quod
525 460 581 509 et
606 452 721 508 haec
749 463 803 509 et
830 451 914 508 his
939 451 1133 507 similia
1163 450 1229 506 ab
1255 451 1345 505 illa
1370 451 1616 506 dicantur
1646 459 1796 519 parte
1822 462 1923 519 qua
1953 450 1999 509 Α
2029 446 2499 518 praedicationibus
2545 447 2689 501 enim
2734 446 2901 500 sacris
2956 454 3327 517 argumentum
3379 444 3594 514 quidem

347 558 539 616 passus
568 552 670 599 est.
1084 611 1091 619 ν
1234 608 1237 611 _

426 634 577 691 ἵετε.
606 635 664 690 5.
692 632 887 705 Magna
913 640 984 687 est
1010 631 1173 703 gloria
1203 633 1312 701 ejus
1335 633 1387 686 in
1415 631 1631 686 salutari
1661 640 1747 684 tua
1764 646 1782 694 ;
1813 630 1924 698 glo-

346 730 481 782 riam
507 737 552 781 et
578 740 820 797 magnum
854 724 1085 778 decorem
1127 724 1357 792 impones
1394 738 1546 793 super
1585 736 1720 776 eum.
1750 719 1807 774 lu
1836 734 1925 772 ca-

349 819 462 889 pite
485 832 674 873 versus
700 816 1020 873 sententiam
1051 816 1256 885 posuit,
1284 830 1441 884 quam
1474 815 1656 870 subter
1685 816 1923 882 exponit.

348 909 567 966 Sanctae
614 907 876 978 siquidem
924 906 1305 961 incarnationis
1326 922 1513 977 magna
1551 913 1623 959 est
1663 904 1829 975 gloria
1871 906 1923 958 in

348 1000 602 1066 salutari,
636 998 687 1054 id
720 1008 803 1054 est
840 998 894 1054 in
927 997 1099 1053 Verbo
1144 998 1337 1052 Patris.
1368 996 1472 1052 Sed
1518 995 1672 1050 istam
1703 996 1925 1065 gloriam

349 1108 460 1147 non
490 1102 697 1161 poterat
743 1092 1008 1146 humanus
1036 1104 1223 1145 sensus
1252 1091 1533 1159 attingere,
1562 1089 1666 1144 nisi
1710 1103 1829 1144 eam
1875 1089 1927 1142 in

350 1183 802 1252 subsequentibus
832 1181 1061 1239 mirabili
1093 1181 1432 1250 expositiOne
1463 1182 1782 1235 declararet.
1817 1180 1931 1234 Hoc

350 1274 571 1330 schema
614 1273 809 1329 dicitur
837 1275 1174 1343 epexegesis,
1205 1273 1391 1329 Latine
1437 1274 1761 1343 explanatio.
1795 1271 1925 1324 Nam

350 1367 522 1435 gloria
551 1375 598 1419 et
636 1382 879 1436 magnum
915 1367 1086 1430 decus,
1127 1375 1335 1435 tempus
1373 1364 1581 1419 videtur
1629 1364 1927 1433 signiﬁcare

349 1454 542 1525 judicii
567 1474 580 1509 :
616 1455 705 1511 ubi
734 1457 785 1510 in
817 1456 1014 1510 deitatc
1043 1470 1139 1511 sna
1168 1455 1447 1525 apparebit
1474 1455 1800 1521 Altissimus,
1835 1454 1929 1507 ba-

353 1548 489 1603 bens
515 1547 733 1618 gloriam
760 1548 825 1603 de
846 1546 1066 1615 judicio,
1096 1546 1331 1601 decorem
1355 1547 1425 1605 de
1451 1544 1752 1615 majestate.

430 1639 581 1695 Vers.
615 1639 669 1695 6.
699 1640 952 1706 Quoniam
976 1638 1122 1694 dabis
1147 1656 1262 1693 eum
1300 1640 1355 1692 in
1390 1638 1731 1693 benedictione
1760 1639 1812 1692 in
1835 1654 1931 1693 sa:-

356 1732 536 1785 culum
555 1730 764 1794 seculi;
792 1730 1070 1797 usti/icabia
1092 1746 1203 1784 cum
1230 1731 1281 1783 in
1301 1731 1491 1801 gaudio
1512 1746 1625 1783 cum
1651 1728 1793 1783 vultu
1820 1738 1927 1784 tuo.

358 1818 638 1874 Gradatim
680 1819 957 1874 descendit
1003 1820 1069 1874 ad
1100 1820 1242 1873 illam
1288 1820 1509 1889 gloriam
1555 1819 1928 1874 declarandam

354 1926 520 1981 quam
549 1909 793 1967 Christus
842 1909 1097 1965 Dominus
1125 1909 1416 1965 secundum
1457 1926 1669 1966 carnem
1701 1924 1727 1963 a
1775 1910 1935 1966 Patre

356 2001 681 2056 clariﬁcatus
707 2000 933 2067 accepit.
964 2000 1099 2054 Dicit
1128 2016 1241 2052 eum
1276 2001 1505 2053 dandum
1545 2016 1652 2054 esse
1694 2001 1745 2053 in
1788 2000 1935 2054 bene-

354 2092 607 2158 dictione,
620 2092 752 2160 quae
780 2090 926 2145 nullo
966 2090 1133 2159 possit
1162 2089 1267 2145 ﬁne
1293 2091 1559 2146 concludi.
1596 2090 1789 2144 Verum
1820 2090 1934 2145 hinc

355 2184 525 2239 verba
557 2185 639 2251 pia
670 2182 1071 2239 exanimatione
1097 2182 1365 2253 pensanda
1392 2192 1543 2248 sunt,
1576 2192 1634 2238 ut
1666 2190 1825 2236 tantae
1856 2182 1931 2237 rei

355 2276 521 2329 nobis
546 2275 760 2329 elucere
790 2276 957 2344 possit
983 2289 1262 2331 arcanum.
1296 2274 1474 2329 Multis
1504 2276 1634 2329 locis
1658 2275 1766 2341 jam
1796 2274 1935 2330 dixi-

356 2380 482 2420 mus
513 2365 910 2435 suscipiendum
934 2380 1053 2420 esse
1080 2380 1175 2435 pro
1201 2376 1348 2435 parte
1373 2368 1731 2422 membrorum
1751 2406 1764 2431 ,
1793 2366 1935 2436 quod

353 2457 464 2527 ipsi
508 2455 736 2512 Domino
764 2457 1028 2512 Salvatori
1072 2473 1174 2511 non
1225 2465 1402 2527 potest
1448 2458 1766 2522 convenire;
1797 2457 1935 2512 sicut

356 2557 416 2602 et
445 2547 633 2601 Patres
652 2548 829 2601 nostri
862 2547 1052 2601 similia
1094 2546 1211 2601 loca
1237 2547 1547 2617 exposuisse
1577 2547 1935 2603 declarantur.

357 2636 697 2705 Quapropter
734 2636 1011 2705 lirtiﬁcabis
1035 2652 1150 2689 eum
1176 2636 1232 2690 in
1273 2638 1459 2707 gaudio
1497 2653 1614 2690 cum
1656 2638 1799 2692 uultu
1830 2646 1938 2704 tuo,

359 2726 761 2794 suscipiendum
788 2739 868 2781 est
896 2726 962 2781 de
1003 2742 1321 2798 unoquoque
1352 2728 1583 2793 ﬁdelium
1603 2771 1618 2795 ,
1648 2729 1715 2784 de
1746 2729 1942 2799 quibus

359 2827 418 2873 et
459 2817 597 2872 alter
638 2819 870 2886 psalmus
917 2816 1157 2873 dicturus
1202 2829 1320 2875 est:
1355 2817 1423 2872 Et
1470 2820 1770 2874 habitabant
1819 2822 1945 2887 recti

358 2925 481 2962 cum
510 2912 649 2963 vultu
678 2919 763 2964 tuo
792 2909 969 2983 (Psal.
993 2926 1192 2967 cxxxtx
1213 2953 1228 2978 ,
1259 2913 1371 2983 id).
1403 2911 1680 2982 Lwtiﬁcari
1705 2913 1846 2968 enim
1875 2913 1942 2969 de

356 3001 519 3055 vultu
559 3001 798 3068 Domini,
843 3003 1065 3059 alterius
1106 3004 1445 3073 cegnoscitur
1490 3018 1612 3058 esse
1657 3018 1938 3074 personas;

2029 541 2207 607 ipsum
2258 540 2490 606 ponitur,
2521 537 2613 592 sed
2653 538 2752 591 sub
2799 534 3045 592 libertate
3096 536 3406 591 verborum.
3440 532 3596 588 nodo

2025 630 2228 697 reliqua
2252 627 2543 682 videamus.

2097 717 2255 772 Vcrs.
2289 717 2341 773 8.
2391 716 2691 770 Inveniatur
2732 732 2910 770 manus
2959 726 3047 770 tua
3095 716 3324 770 omnibus
3374 715 3595 770 inimicis

2028 808 2162 875 tuis';
2193 809 2398 863 dextera
2431 816 2519 860 tua
2547 807 2761 861 inveniat
2793 823 2963 861 omnes
2990 807 3074 876 qui
3099 816 3148 861 te
3173 809 3403 861 oderunt.
3442 806 3599 861 Venit

2028 905 2096 960 ad
2127 903 2333 967 tertiam
2358 901 2708 966 dvisiouem,
2737 899 2787 953 in
2820 914 2921 967 qua
2951 907 3102 968 optat
3132 900 3410 953 Dominum
3440 899 3597 954 Cliric

2029 1005 2170 1049 stum
2203 993 2377 1046 facere
2404 989 2544 1060 quod
2573 1004 2691 1045 eum
2725 998 2945 1042 noverat
2973 1003 3089 1043 esse
3121 997 3414 1056 gesturum.
3459 988 3597 1043 Dicit

2030 1085 2172 1138 enim
2200 1100 2213 1136 :
2245 1080 2543 1135 Inveniatur
2571 1095 2749 1133 manus
2774 1089 2893 1143 tua,
2924 1079 2977 1133 id
3006 1089 3085 1134 est
3114 1080 3353 1148 operatio
3394 1087 3482 1134 tua
3514 1095 3598 1135 re.

2034 1174 2313 1242 periatur:
2354 1169 2579 1225 afﬂictos
2625 1180 2905 1225 convertas
2955 1169 3231 1235 inimicos,
3277 1170 3365 1238 qui
3410 1185 3440 1224 a
3489 1169 3594 1225 tuis

2032 1263 2228 1333 regulis
2275 1260 2455 1316 mundi
2501 1260 2857 1315 delectatione
2902 1260 3261 1314 dissentiunt:
3294 1259 3362 1314 de
3404 1260 3596 1330 quibus

2031 1356 2107 1409 ait
2134 1354 2419 1423 Apostolus
2452 1368 2466 1405 :
2504 1353 2754 1417 Quoniam
2784 1351 2826 1403 si
2864 1367 2978 1403 cum
3020 1351 3191 1404 adhuc
3231 1350 3427 1403 inimici
3464 1366 3600 1404 esse-

2031 1462 2167 1513 mus,
2198 1443 2505 1498 reconciliati
2536 1458 2709 1495 sumus
2760 1440 2863 1495 Deo
2906 1456 2994 1512 per
3037 1446 3249 1496 mortem
3294 1438 3426 1495 Filii
3468 1442 3602 1512 ejus,

2033 1536 2194 1591 multo
2233 1535 2394 1604 magis
2437 1532 2778 1596 reconciliati,
2808 1532 2934 1585 salvi
2962 1531 3149 1585 erimus
3194 1530 3368 1601 (Rom.
3396 1546 3449 1597 v,
3486 1532 3600 1600 ill).

2035 1627 2142 1684 Sed
2170 1627 2257 1683 isti
2288 1625 2467 1685 taudiu
2494 1623 2740 1679 dicuntur
2774 1622 3009 1688 inimici,
3040 1623 3210 1679 donec
3236 1623 3433 1678 diaboli
3474 1637 3599 1677 sua-

2038 1722 2283 1778 sionibus
2319 1719 2667 1785 inducuntur;
2700 1727 2951 1774 caeterum
2979 1716 3192 1786 quando
3234 1717 3299 1772 ad
3330 1716 3601 1773 Christum

2036 1814 2320 1869 Dominum
2353 1810 2605 1875 redeunt,
2630 1818 2685 1865 et
2706 1809 2844 1865 servi
2874 1820 2928 1864 et
2951 1808 3039 1863 lilii
3068 1819 3325 1864 vocantur
3348 1817 3401 1863 et
3421 1808 3601 1863 amici.

2034 1903 2308 1973 Sequitur,
2341 1902 2548 1955 dextera
2595 1909 2681 1954 tua
2724 1899 2945 1955 inueniat
2972 1914 3143 1953 omnes
3172 1899 3259 1969 qui
3292 1907 3337 1952 te
3367 1900 3605 1952 oderunt.

2035 1997 2134 2053 llic
2163 1995 2289 2050 illud
2313 1993 2497 2064 judicii
2531 2000 2739 2061 tempus
2763 1990 3076 2055 advertitur,
3121 1989 3333 2059 quando
3375 1987 3600 2044 dextera

2035 2086 2231 2149 Patris,
2269 2086 2319 2140 id
2345 2094 2426 2139 est
2452 2081 2707 2139 Dominus
2729 2082 2975 2137 Salvator
2994 2080 3330 2151 judicaturus
3350 2091 3432 2136 est
3454 2096 3603 2136 mun-

2034 2179 2193 2240 dum;
2225 2184 2279 2233 et
2307 2176 2394 2247 qui
2423 2190 2549 2233 eum
2580 2174 2806 2233 oderunt
2848 2187 3017 2243 pinnae
3061 2173 3417 2243 perpetuitate
3456 2173 3604 2227 dam-

2038 2269 2199 2326 nandi
2224 2278 2367 2325 sunt.

2113 2383 2265 2438 Vers.
2296 2382 2347 2438 9.
2386 2380 2556 2435 Pones
2591 2396 2675 2435 eos
2716 2387 2769 2435 ut
2815 2379 3068 2435 clibannm
3110 2378 3243 2451 ignis
3289 2378 3341 2432 in
3384 2389 3610 2448 tempore

2039 2475 2211 2532 uultus
2240 2475 2332 2527 tui.
2366 2472 2607 2527 Clibanus
2634 2482 2716 2528 est
2749 2472 3042 2543 coquendis
3070 2472 3294 2543 panibus
3323 2472 3457 2527 estrei
3486 2487 3609 2527 vas-

2043 2566 2150 2621 culi
2174 2566 2398 2619 deducta
2426 2563 2745 2630 rotunditas,
2787 2579 2905 2633 quae
2935 2564 3035 2619 sub
3078 2564 3351 2620 urentibus
3381 2562 3611 2620 ﬂammis

2044 2657 2198 2715 ardet
2223 2655 2562 2710 intrinsecus.
2596 2654 2654 2708 ln
2679 2668 2780 2725 qua
2811 2652 3161 2709 similitudine
3189 2654 3379 2710 merito
3424 2668 3612 2723 pecca-

2047 2760 2190 2804 tores
2238 2756 2524 2817 ponuntur,
2569 2746 2659 2816 qui
2700 2746 2755 2800 in
2802 2744 2983 2801 futuro
3023 2745 3243 2814 judicio,
3281 2753 3335 2801 et
3383 2759 3612 2801 maerore

2043 2839 2243 2908 animi,
2272 2847 2327 2894 et
2354 2837 2548 2907 pmnali
2572 2835 2964 2891 excruciatinne
2990 2835 3263 2905 torquendi
3299 2846 3455 2903 sunt,
3487 2836 3611 2906 quia

2044 2941 2231 2985 contra
2280 2929 2492 3000 regulas
2542 2927 2751 2983 Domini
2801 2926 3064 2981 obstinata
3116 2934 3294 2981 mente
3341 2928 3613 2982 vixerunt.

2045 3021 2266 3091 Tempus
2296 3033 2424 3075 vero
2450 3020 2617 3072 vultus
2659 3017 2869 3072 Domini
2899 3016 3015 3071 dies
3050 3026 3130 3071 est
3150 3014 3335 3085 judicii
3354 3060 3368 3085 ,
3399 3016 3612 3085 quando

359 3093 510 3161 quod
538 3094 604 3148 de
632 3092 842 3148 Christo
874 3095 1095 3166 intelligi
1125 3094 1384 3150 catholica
1410 3108 1514 3162 non
1548 3094 1806 3163 permittit
1834 3094 1932 3150 Ec-

2048 3112 2211 3167 Filius
2245 3108 2477 3164 hominis
2503 3108 2768 3163 videbitur
2807 3107 2875 3162 ab
2904 3107 3176 3173 omnibus;
3219 3106 3315 3162 sed
3345 3108 3441 3164 soli
3486 3123 3609 3164 eum

362 3184 563 3249 clesia,
591 3200 710 3255 quae
739 3187 818 3239 sic
847 3187 992 3240 unita
1025 3184 1197 3240 Verbo
1225 3186 1583 3256 cognoscitur,
1609 3193 1666 3239 ut
1693 3201 1793 3239 una
1819 3185 1936 3239 sine

360 3276 532 3331 dubio
561 3277 885 3346 intelligatur
906 3291 1024 3333 esse
1056 3291 1300 3346 persona.

443 3369 600 3422 "crs.
638 3369 691 3422 7.
726 3368 978 3436 Quoniam
1022 3384 1117 3423 rea:
1160 3371 1380 3438 speravit
1418 3370 1471 3421 in
1515 3368 1757 3434 Domino,
1800 3378 1848 3422 et
1889 3368 1943 3422 in

360 3460 723 3523 misericordia
759 3458 1003 3514 Altissimi
1048 3475 1147 3513 non
1189 3460 1600 3514 commovebitur.
1647 3460 1781 3514 Dicit
1820 3474 1946 3514 cau-

360 3567 484 3605 sam
529 3564 696 3618 quare
733 3559 933 3604 tantum
979 3565 1172 3605 munus
1215 3553 1478 3619 acceperit
1506 3552 1667 3621 :-quia
1715 3567 1805 3605 rex
1847 3551 1947 3606 iste

361 3643 457 3709 qui
481 3640 536 3694 in
568 3640 813 3708 passione
834 3655 929 3695 sua
953 3640 1117 3695 tribus
1144 3640 1337 3709 linguis
1366 3633 1636 3709 legebatur
1661 3643 1943 3711 ascriptus,

364 3735 667 3789 secundum
713 3733 979 3790 hominem
1026 3737 1245 3801 speravit
1287 3736 1341 3787 in
1390 3735 1635 3798 Domino,
1682 3747 1747 3790 ιιι
1782 3752 1946 3807 agno-

366 3840 610 3891 scamus,
663 3826 762 3879 nisi
805 3826 1113 3893 suppliciter
1163 3826 1514 3895 postulando,
1562 3826 1628 3880 ad
1675 3828 1791 3896 ejus
1842 3842 1946 3882 non

344 3932 533 4005 ‘posse
564 3932 673 3972 nos
702 3918 1120 3973 misericordiam
1167 3919 1466 3985 pervenire.
1498 3919 1751 3988 Sequitur
1786 3922 1947 3976 etiam

349 4008 693 4079 mternitatis
722 4009 876 4077 hujus
904 4024 1062 4065 causa
1091 4009 1376 4078 probabitis
1404 4027 1416 4061 :
1446 4010 1568 4078 quia
1595 4010 1764 4066 nescit
1794 4025 1822 4063 a
1855 4011 1951 4064 Pa-

351 4098 477 4169 gtris
525 4096 891 4152 misericordia
945 4100 1285 4165 submoveri,
1333 4101 1419 4169 qui
1462 4113 1680 4168 sperare
1730 4100 1783 4154 in
1834 4101 1953 4170 ejus

373 4189 547 4257 gloria
577 4199 917 4257 persae-rat,
950 4191 1083 4244 sicut
1112 4190 1364 4245 Salomon
1396 4191 1527 4245 dicit
1557 4209 1570 4245 :
1606 4192 1732 4259 Quis
1778 4209 1953 4262 spera-

374 4281 446 4332 uit
470 4280 526 4331 in
561 4278 799 4341 Domino,
832 4290 877 4333 et
908 4282 1149 4346 confusus
1179 4291 1249 4334 est
1297 4280 1496 4351 (Eccle.
1528 4298 1594 4346 tt,
1632 4282 1761 4352 il)?
1793 4284 1858 4337 Et
1900 4285 1951 4338 in

374 4374 488 4426 alio
529 4375 732 4441 psalmo
771 4372 934 4427 dicit:
972 4372 1235 4428 Protector
1261 4383 1335 4428 est
1372 4375 1594 4428 omnium
1635 4376 1956 4443 sperantium

2033 3202 2162 3274 justi
2183 3202 2341 3258 etiam
2372 3200 2662 3256 divinitatis
2687 3213 2797 3254 sure
2818 3198 3267 3275 contemplatione
3296 3199 3614 3266 resnicient.

2041 3293 2311 3348 Memento
2364 3299 2541 3347 autem
2594 3290 2736 3361 quod
2788 3291 3035 3360 superius
3088 3291 3142 3345 in
3194 3289 3352 3347 laude
3400 3290 3612 3347 Domini

2042 3384 2244 3441 ChriSti
2289 3383 3002 3440 characterismonscbema
3049 3384 3323 3454 posuerit,
3353 3399 3448 3454 per
3475 3385 3618 3455 quod

2047 3480 2303 3534 honorem
2331 3476 2447 3546 ejus
2468 3485 2523 3530 et
2551 3475 2775 3546 gloriam
2803 3475 3016 3530 diversa
3040 3475 3297 3545 qualitate
3324 3477 3614 3545 gratiarum

2049 3566 2351 3636 descripsit.
2373 3565 2523 3620 Nunc
2551 3579 2645 3634 per
2666 3564 2907 3620 eamdem
2942 3565 3162 3634 figuram
3190 3566 3433 3622 inimicos
3456 3567 3623 3637 ipsius

2051 3658 2182 3713 dicit
2226 3657 2388 3713 variis
2426 3655 2702 3726 suppliciis
2748 3654 3085 3725 amigendos,
3131 3665 3186 3710 ut
3229 3664 3486 3727 quantum
3532 3657 3622 3713 ille

2055 3750 2331 3815 mirabilis,
2359 3757 2559 3804 tantum
2585 3748 2671 3804 isti
2694 3748 3046 3803 redderentur
3068 3748 3370 3805 horribiles.

2125 3842 2281 3898 Vers.
2315 3840 2402 3898 10.
2432 3830 2680 3894 Dominus
2720 3839 2772 3893 in
2809 3839 2889 3893 ira
2927 3856 3020 3893 sua
3068 3833 3390 3896 conturbabit
3433 3840 3538 3907 eo‘c,
3580 3852 3626 3895 et

2054 3932 2307 3986 devorabit
2348 3946 2432 3984 eos
2464 3931 2613 4001 ignis.
2642 3929 2784 3984 Ordo
2811 3928 3000 3998 judicii
3044 3931 3398 3999 pulcherrima
3442 3946 3623 3985 narra-

2057 4024 2201 4077 tione
2237 4022 2573 4076 describitur.
2604 4020 2731 4075 lllos
2758 4021 2899 4074 enim
2939 4031 3249 4089 peccatores
3291 4022 3377 4089 qui
3421 4037 3480 4076 se
3527 4036 3625 4090 pro

2057 4121 2269 4167 actuum
2297 4126 2511 4167 suorum
2544 4110 2873 4180 malignitate
2902 4110 3259 4178 discruciant,
3291 4110 3365 4163 ira
3415 4112 3623 4165 Domini

2056 4205 2183 4260 dicit
2215 4218 2334 4258 esse
2363 4201 2670 4265 turbandns,
2704 4200 2915 4269 quando
2954 4199 3171 4255 audient
3200 4217 3216 4254 ;
3249 4199 3331 4253 Ite
3372 4202 3423 4253 in
3454 4203 3622 4269 ignem

2057 4305 2299 4350 aeternum
2345 4292 2557 4362 (Matth.
2583 4308 2707 4356 xxv,
2731 4290 2857 4362 il);
2889 4300 2943 4346 et
2972 4293 3125 4347 istam
3155 4293 3472 4347 sententiam
3501 4308 3628 4347 con-

2056 4394 2371 4456 sequentur,
2419 4394 2477 4438 ut
2532 4394 2783 4453 perpetua
2837 4384 3051 4437 ﬂamma
3105 4383 3449 4442 devorentur.
3498 4385 3627 4441 Nam

375 4466 431 4518 in
462 4481 517 4519 se
548 4463 720 4535 (Prol.
748 4481 885 4532 xvn,
910 4466 1024 4535 3|).
1055 4465 1234 4520 Posito
1263 4466 1422 4537 igitur
1448 4465 1499 4521 in
1527 4470 1698 4536 primo
1730 4468 1953 4534 psalmo.
1984 4454 2037 4514 D
2056 4454 2346 4547 iussionem
2380 4475 2585 4531 Domini
2634 4476 2774 4529 nulla
2806 4489 2953 4529 mora
2979 4476 3339 4545 subsequitur,
3375 4478 3469 4532 sed
3502 4493 3627 4531 mox

375 4555 690 4624 mtegorico
735 4556 1063 4625 syllogismo,
1106 4563 1161 4610 et
1207 4557 1259 4610 in
1294 4557 1542 4625 septimo,
1589 4557 1956 4628 hypothetico,

376 4652 551 4698 restat
592 4659 737 4698 nunc
780 4655 835 4698 ut
862 4645 1197 4716 enthymema
1243 4646 1609 4701 demonStrare
1646 4647 1957 4702 debeamus.

380 4735 760 4805 Entbymcma,
791 4736 929 4803 quod
973 4737 1157 4789 Latine
1189 4736 1574 4806 interpretatur
1601 4738 1793 4793 mentis
1825 4753 1957 4794 con-

379 4827 583 4893 ceptio,
611 4822 949 4895 syllogismus
973 4834 1055 4880 est
1078 4837 1331 4881 constans
1358 4842 1423 4881 ex
1454 4843 1555 4882 una
1595 4830 1959 4897 propositione

381 4926 439 4972 et
462 4917 829 4983 conclusione,
856 4933 1011 4988 quem
1039 4919 1297 4975 dialectici
1314 4919 1497 4974 dicunt
1514 4922 1837 4976 rhetoricum
1852 4922 1961 4993 syl-

385 5010 705 5081 logismum,
737 5010 856 5078 quia
884 5026 949 5066 eo
979 5012 1285 5080 frequenter
1324 5022 1546 5068 utuntur
1579 5023 1822 5069 oratores
1865 5029 1964 5084 pro

384 5104 712 5174 compendio
744 5119 863 5158 suo.
895 5104 999 5160 lstc
1032 5104 1207 5159 taliter
1246 5107 1577 5174 explicatur:
1608 5107 1797 5162 Omnis
1836 5121 1961 5174 spe-

384 5212 514 5252 rans
543 5198 597 5250 in
627 5196 855 5250 Domino
883 5197 1171 5255 exsultabit
1196 5206 1250 5251 et
1279 5197 1542 5253 lmtabitur
1570 5198 1624 5252 in
1652 5198 1963 5254 misericor-

386 5286 473 5342 dia
501 5286 647 5358 ejus;
690 5300 794 5355 ego
823 5286 984 5356 igitur
1012 5287 1290 5342 exsultabo
1316 5297 1370 5343 et
1400 5287 1621 5342 laetabor
1660 5289 1712 5343 in
1754 5290 1963 5346 miseri-

387 5380 570 5436 cordia
608 5378 748 5449 ejus.
791 5376 896 5433 ista
936 5386 1020 5434 est
1067 5379 1223 5435 tertia
1270 5380 1479 5450 species
1521 5380 1955 5452 syllogismorum

389 5484 484 5541 per
509 5485 647 5541 quos
687 5468 950 5524 dialectici
977 5468 1338 5525 subtilissimis
1366 5468 1813 5538 disputationibus
1844 5485 1966 5540 qua:

393 5562 616 5629 probare
637 5560 883 5616 nituntur
904 5562 1214 5615 ostendunt.
1239 5560 1348 5617 Nec
1369 5571 1579 5617 moveat
1601 5562 1740 5632 quod
1768 5564 1819 5615 in
1848 5563 1969 5618 istis

392 5653 628 5721 partibus
652 5668 762 5708 non
788 5662 912 5707 sunt
943 5655 1128 5713 eadem
1154 5653 1317 5708 verba
1356 5668 1474 5723 qua:
1501 5653 1761 5711 dialectici
1791 5655 1857 5709 ad
1889 5656 1969 5709 in-

394 5744 672 5801 struendae
697 5741 861 5798 rudes
882 5744 1041 5815 longo
1070 5753 1190 5815 post
1220 5752 1461 5815 tempore
1490 5745 1886 5811 formaverunt;
1915 5745 1971 5802 iu

2061 4577 2117 4621 ut
2153 4567 2440 4634 discernit,
2466 4567 2739 4635 impletum
2782 4574 2884 4620 est.
2915 4566 3015 4619 Iste
3047 4574 3220 4621 tamen
3254 4568 3389 4637 ignis
3431 4569 3506 4624 sic
3538 4570 3631 4625 ab-

2062 4658 2253 4725 sumit,
2284 4668 2339 4711 ut
2370 4669 2579 4721 servet;
2608 4658 2685 4712 sic
2713 4667 2920 4724 servat,
2953 4668 3011 4713 ut
3037 4660 3273 4725 cruciet;
3316 4659 3631 4733 dabiturque

2062 4753 2272 4806 miseris
2295 4752 2401 4805 vita
2429 4750 2693 4815 mortalis,
2721 4762 2774 4805 et
2804 4765 2958 4819 paena
2988 4751 3271 4808 servatrix.

2133 4842 2287 4897 Vers.
2322 4841 2406 4895 il.
2442 4838 2688 4894 Fructum
2716 4857 2895 4896 eorum
2914 4843 2977 4896 de
3005 4853 3137 4896 terra
3166 4842 3364 4911 perdes,
3392 4852 3440 4897 et
3467 4861 3634 4899 semen

2064 4950 2236 4989 eorum
2260 4950 2293 4987 a
2321 4933 2439 5000 ﬁliis
2466 4932 2743 4987 hominum.
2776 4931 2996 4987 Fructus
3021 4949 3191 4988 eorum
3223 4934 3383 4990 fuerat
3413 4936 3463 4989 in
3492 4945 3632 4990 terra

2067 5024 2391 5086 viventium,
2423 5023 2465 5076 si
2499 5022 2634 5077 Filio
2660 5022 2751 5077 Dei
2791 5022 3177 5089 credidissent;
3206 5023 3299 5078 sed
3327 5024 3450 5093 quia
3481 5040 3633 5078 man-

2065 5113 2206 5167 datis
2234 5112 2351 5183 ejus
2371 5113 2669 5166 contumaci
2709 5113 2896 5180 spiritu
2926 5114 3266 5178 restiterunt,
3297 5115 3487 5169 merito
3516 5118 3631 5184 fru.

2067 5216 2203 5258 ctum
2241 5203 2385 5257 illum
2435 5202 2777 5257 beatitudinis
2794 5203 3179 5269 .rdiderunt.
3212 5204 3395 5259 Semen
3426 5221 3630 5269 eorum,

2068 5216 2203 5258 ctum
2242 5216 2385 5257 ittqu
2435 5216 2777 5257 beatitudinis
2921 5216 3179 5257 umerum.
3212 5216 3395 5259 semen
3426 5221 3629 5269 eorum,

2068 5291 2117 5349 id
2143 5302 2227 5347 est
2255 5300 2373 5345 vota
2401 5292 2486 5345 vel
2517 5292 2653 5346 facta
2682 5216 3034 5361 pectgtrium.
3067 5294 3207 5346 Bene
3233 5300 3410 5345 autem
3441 5294 3629 5346 dicun-

2066 5392 2151 5439 tur
2177 5385 2398 5449 semina,
2429 5384 2570 5437 unde
2599 5383 2833 5438 nascitur
2859 5384 3138 5453 unicuique
3170 5382 3449 5437 retributio
3476 5384 3634 5455 digna

2066 5481 2355 5543 gestorum.
2385 5473 2430 5526 A
2473 5473 2594 5543 ﬁliis
2622 5473 2884 5527 hominum
2910 5473 3111 5529 efﬁcies
3149 5472 3371 5544 alienos,
3404 5475 3454 5528 id
3486 5486 3567 5531 est
3610 5495 3641 5534 a

2070 5564 2287 5629 sanctis,
2320 5564 2424 5633 71
2456 5578 2589 5633 quos
2618 5565 2671 5619 in
2697 5564 3061 5619 haereditatem
3089 5573 3346 5621 aeternam
3391 5575 3495 5622 tua:
3540 5568 3643 5622 mi-

2072 5653 2377 5711 sericordiae
2404 5654 2646 5722 largitate
2673 5655 2931 5709 missurus
2951 5668 3031 5710 es.

2146 5745 2295 5801 Vers.
2330 5744 2413 5799 12.
2446 5746 2698 5809 Quoniam
2719 5744 3091 5804 declinaverunt
3132 5748 3181 5803 in
3208 5759 3255 5805 te
3294 5751 3447 5819 mala,
3473 5761 3667 5821 cogita-
