4014 6188
378 325 473 380 151

1565 323 1633 377 Μ.
1668 317 1938 375 AUliELll
1978 317 2369 374 CASSIODON
3520 319 3612 372 {3?

370 446 549 493 verunt
581 438 798 493 consilia
836 453 948 504 qua:
975 453 1073 490 non
1101 445 1369 506 potuerunt
1394 435 1649 497 stabilire.
1671 435 1938 488 Declinare
1970 436 2013 496 Α
2048 432 2184 488 litcri
2209 447 2302 487 vos
2328 434 2448 503 quia
2476 436 2706 493 Verbum
2759 437 2896 491 Patri
2942 446 3113 505 potest
3146 450 3263 490 esse
3300 432 3615 499 subiectum,

373 531 599 585 dicimus
627 530 761 583 mala
785 543 942 596 supra
968 527 1102 581 alios
1130 526 1428 595 pendentia,
1461 529 1510 580 in
1546 527 1650 579 alio
1680 526 1797 580 loco
1825 527 1941 579 sine

378 618 667 688 iniquitatis
695 630 851 670 causa
896 616 1143 680 relidere,
1190 616 1329 685 quod
1368 616 1418 669 in
1462 615 1706 682 passione
1732 613 1941 667 Domini

375 718 579 771 constat
598 707 864 763 ell'ectum.
891 707 1020 759 Nam
1050 720 1167 760 cum
1193 715 1437 775 putarent
1462 707 1629 761 Judaei
1663 708 1938 774 imperium

381 799 736 851 Romanorum
766 797 865 850 sibi
906 795 1019 851 fore
1047 797 1420 865 perniciosum,
1454 797 1497 850 si
1540 797 1735 866 Regem
1760 796 1942 851 Salva-

376 898 543 942 torem
595 887 873 941 Dominum
925 887 1306 956 suscepissent,
1366 886 1420 940 in
1463 887 1639 955 ipsum
1686 887 1782 940 visi
1819 895 1943 940 sunt

376 978 511 1031 mala
538 978 815 1043 declinare,
839 993 955 1047 qua:
979 978 1077 1032 sibi
1098 977 1385 1033 credebant
1404 975 1662 1033 Remanis
1684 978 1945 1031 ulciscen-

376 1066 515 1119 tibus
543 1067 775 1120 evenire.
805 1065 1163 1135 Cogitaverunt
1196 1068 1337 1121 enim
1365 1066 1636 1119 consilium
1665 1066 1890 1119 dicendo
1925 1082 1938 1117 :

378 1157 600 1226 Expedit
626 1174 780 1210 unum
803 1174 894 1227 pro
916 1159 1149 1212 omnibus
1176 1159 1305 1212 mori
1329 1157 1510 1229 (Joan.
1540 1173 1614 1223 XI,
1648 1156 1761 1227 50).
1795 1156 1942 1223 Quod

377 1265 475 1301 non
500 1258 767 1316 potuerunt
789 1248 1034 1313 stabilire,
1061 1248 1112 1301 id
1141 1257 1219 1302 est
1246 1248 1313 1302 ad
1352 1258 1530 1303 votum
1558 1263 1711 1303 suum
1749 1248 1942 1316 perdu—

378 1355 520 1396 cere.
553 1340 684 1394 Nam
707 1341 1005 1396 nescientes
1048 1357 1171 1397 vera
1195 1342 1463 1406 dixerunt,
1510 1340 1744 1411 Oportuit
1783 1353 1944 1393 unum

380 1448 475 1498 pro
507 1433 752 1488 omnibus
782 1435 936 1488 mori.
968 1433 1171 1489 Verum
1191 1435 1405 1503 quidem
1434 1434 1653 1499 dictum,
1686 1431 1779 1486 sed
1807 1431 1947 1486 malo

380 1532 500 1578 voto
532 1524 794 1592 prolatum
827 1535 936 1591 est;
966 1533 1020 1579 ct
1049 1526 1167 1580 ideo
1197 1525 1263 1579 de
1294 1525 1386 1578 tali
1410 1526 1547 1578 laeto
1576 1521 1803 1577 subituri
1824 1529 1949 1577 sunt

381 1629 611 1681 prauam,
643 1614 763 1684 quia
785 1630 891 1669 non
932 1615 1228 1670 habuerunt
1255 1616 1516 1669 sinceram
1545 1614 1944 1670 conscientiam.

380 1707 529 1773 Quod
556 1707 773 1761 schema
803 1707 996 1762 dicitur
1016 1708 1431 1777 amphibologia,
1464 1708 1515 1762 id
1542 1717 1623 1762 est
1650 1708 1814 1764 dictio
1835 1723 1949 1762 am-

2045 526 2291 593 quatnvis
2321 526 2481 595 aliqui
2505 528 2690 583 Patres
2712 528 2907 583 Christi
2934 528 3188 582 membris
3210 528 3310 581 hoc
3330 526 3619 595 aptandurn

2044 630 2166 671 esse
2209 622 2528 687 putaverint.
2563 620 2820 686 Quocirca
2858 635 3041 688 parum
3074 620 3165 673 tibi
3200 621 3424 675 fortasse
3448 620 3618 672 visum

2045 717 2126 762 est
2148 709 2288 776 quod
2321 710 2575 780 Eutychis
2603 726 2787 765 errore
2830 710 3096 765 tenebaris
3123 710 3402 776 obnoxius,
3438 710 3537 762 nisi
3571 720 3619 762 te

2046 804 2101 851 et
2128 799 2319 851 Ariana
2348 800 2620 855 calamitas
2642 802 2829 869 juncto
2860 802 3002 857 fasce
3032 802 3389 869 deprimeret?
3420 802 3617 855 Aucto-

2049 901 2137 941 res
2165 901 2289 942 suos
2328 905 2541 944 errores
2578 892 2771 961 singuli
2802 891 3189 947 damnaverunt
3222 908 3234 942 :
3269 891 3332 944 de
3362 898 3414 945 te
3444 902 3619 945 autem

2049 981 2173 1049 quid
2200 982 2416 1046 faciant,
2449 997 2606 1051 quem
2630 982 2826 1050 duplex
2849 984 2999 1050 culpa
3033 982 3388 1037 condemnat?
3417 982 3537 1037 Mox
3563 993 3622 1036 ut

2049 1072 2113 1127 ad
2141 1073 2445 1128 conﬂictum
2470 1075 2699 1140 veneris,
2730 1075 2907 1129 statim
2951 1073 3325 1129 Nestorianum
3355 1089 3511 1129 vocas
3532 1089 3622 1127 or-

2051 1163 2361 1218 thodoxum.
2396 1164 2660 1219 Habemus
2687 1174 2872 1219 contra
2899 1174 2951 1220 te
2973 1165 3175 1235 judicia
3214 1172 3339 1229 tua;
3376 1165 3475 1217 hoc
3503 1164 3619 1215 aliis

2052 1268 2148 1321 pro
2173 1254 2396 1307 crimine
2420 1254 2575 1321 dicis,
2601 1254 2742 1324 quod
2767 1263 2821 1308 tu
2854 1255 2945 1308 tibi
2976 1255 3307 1323 persuasisse
3330 1268 3621 1323 cognosce-

2055 1344 2149 1396 ris.
2183 1342 2368 1397 Exstat
2397 1343 2483 1399 hic
2507 1340 2711 1397 denarii
2737 1345 2942 1399 numeri
2970 1345 3237 1413 duplicata
3269 1344 3534 1408 societas;
3563 1352 3621 1399 ut

2050 1430 2189 1485 sicut
2211 1430 2326 1486 hmc
2354 1432 2593 1501 parilitas
2621 1448 2780 1487 unam
2803 1448 3063 1487 summam
3093 1434 3355 1502 designat,
3385 1433 3457 1487 ita
3482 1433 3621 1502 psal-

2052 1525 2293 1577 mus‘iste
2315 1524 2594 1593 utriusque
2650 1525 2782 1594 legis
2810 1541 2971 1579 unum
3001 1524 3285 1580 Dominum
3333 1525 3621 1594 proclamet

2051 1620 2343 1668 auctorem.
2377 1614 2469 1668 Est
2488 1614 2632 1668 enim
2676 1614 2727 1667 in
2757 1614 2871 1669 istis
2899 1613 3184 1668 decadibus
3205 1614 3374 1669 virtus
3395 1614 3618 1680 eximia;

2051 1712 2107 1757 et
2148 1704 2355 1772 quoties
2386 1718 2443 1757 se
2471 1705 2760 1773 geminant,
2803 1704 2961 1759 toties
2993 1704 3285 1773 ingentium
3329 1718 3509 1759 rerum
3538 1718 3617 1757 sa-

380 1799 551 1867 bigua,
584 1798 795 1852 dubiam
826 1799 1022 1852 faciens
1048 1798 1281 1866 pendere
1307 1796 1949 1855 sententiam.Consilium
1978 1788 2024 1847 Β
2052 1804 2323 1850 cramenta
2355 1794 2649 1850 declarant.

381 1896 461 1942 est
504 1887 645 1942 enim
673 1887 869 1957 aliquid
897 1897 987 1942 aut
1016 1887 1269 1955 laeiendi,
1305 1900 1396 1944 aut
1421 1903 1525 1944 non
1559 1888 1784 1945 faciendi
1812 1888 1945 1943 ratio

382 1976 692 2033 deliberata.

450 2069 604 2122 Vers.
636 2069 722 2123 15.
770 2068 1024 2135 Quoniam
1050 2085 1206 2140 pones
1246 2084 1329 2123 eos
1356 2070 1612 2137 deorsum,
1641 2070 1693 2123 in
1721 2068 1948 2136 reliquiis

383 2163 477 2215 tuis
526 2161 838 2230 prwparabis
882 2162 1076 2216 vultum
1122 2178 1316 2215 eorum.
1352 2161 1518 2216 Positi
1562 2170 1685 2216 sunt
1711 2161 1949 2214 deorsum

384 2251 572 2317 Judaei,
605 2251 814 2321 quando
840 2252 969 2305 vitio
1018 2265 1115 2307 suo
1143 2258 1352 2306 terrena
1381 2251 1671 2319 sapientes,
1703 2265 1805 2303 non
1837 2262 1950 2302 me-

385 2349 606 2395 ruerunt
645 2341 879 2396 cmlestia
912 2340 1175 2395 contueri.
1203 2339 1307 2396 Sed
1349 2341 1515 2393 vultus
1564 2355 1757 2403 eorum,
1790 2339 1839 2392 id
1868 2344 1953 2392 est

386 2432 522 2487 mala
547 2432 772 2488 intentio
800 2433 1057 2502 ipsorum,
1089 2431 1154 2486 ad
1192 2432 1435 2501 reliquias
1473 2432 1702 2497 Domini,
1736 2430 1835 2484 hoc
1872 2440 1956 2484 est

388 2521 449 2575 ad
482 2521 781 2591 passionem
811 2530 987 2590 aptata
1028 2533 1141 2588 est;
1176 2531 1233 2576 ut
1261 2536 1381 2577 eum
1414 2522 1491 2576 illi
1521 2535 1580 2577 se
1611 2520 1809 2576 inferre
1837 2534 1952 2575 cre-

389 2611 576 2666 derent
612 2610 952 2682 dispendium
984 2612 1189 2678 mortis,
1224 2612 1367 2667 salus
1397 2610 1551 2667 ﬁeret
1578 2610 1819 2667 absolute
1857 2624 1953 2680 ge-

390 2701 604 2757 neralis.

460 2790 613 2845 Vers.
646 2788 738 2845 14.
766 2789 1027 2855 Exaltare,
1064 2789 1299 2857 Domine,
1330 2791 1383 2844 in
1416 2792 1599 2845 virtute
1627 2800 1757 2855 tua;
1783 2800 1959 2844 canta-

391 2884 552 2937 bimus
580 2894 627 2938 et
660 2884 932 2953 psallemus
964 2884 1169 2937 virtutes
1200 2895 1330 2939 tuas.
1364 2881 1611 2938 Exultare
1652 2883 1865 2948 dicitur,
1904 2883 1955 2937 id

391 2986 471 3031 est
496 2976 888 3032 resurrectione
928 2977 1286 3046 magniﬁcare.
1320 2975 1469 3033 Tunc
1495 2977 1637 3032 enim
1672 2976 1741 3031 ab
1780 2976 1955 3030 humi-

393 3071 541 3125 litate
570 3078 813 3140 suscepta
843 3069 1109 3124 exaltatus
1130 3070 1489 3139 cognoscitur,
1519 3068 1731 3139 quando
1762 3069 1814 3123 in
1843 3068 1957 3137 glo-

392 3164 468 3217 ria
510 3175 605 3216 sua
653 3162 1011 3217 resurrexisse
1041 3160 1294 3229 probatus
1320 3168 1422 3214 est.
1464 3157 1531 3213 In
1560 3159 1741 3213 virtute
1771 3168 1876 3224 tua,
1904 3157 1957 3213 id

392 3260 473 3309 est
516 3251 568 3305 in
617 3236 822 3305 Deitato
862 3248 1047 3315 Verbi,
1080 3263 1178 3319 per
1205 3263 1363 3318 quam
1394 3248 1574 3303 dixisti
1606 3265 1619 3299 :
1651 3246 1960 3302 Patestatem

393 3343 549 3396 habeo
578 3341 799 3413 ponendi
823 3341 1050 3394 animam
1077 3356 1261 3401 meam,
1285 3348 1331 3395 et
1352 3346 1646 3407 potestatem
1683 3339 1843 3393 habeo
1868 3340 1960 3394 ite-

392 3448 506 3486 rum
534 3430 764 3485 sumendi
810 3446 923 3485 eam
972 3428 1153 3502 (Joan.
1196 3445 1253 3496 ι,
1287 3429 1397 3499 18).
1450 3428 1668 3484 Cantare
1711 3445 1839 3485 vero
1879 3439 1961 3485 est

393 3523 552 3579 verba
583 3521 793 3579 Domini
824 3537 918 3578 ore
946 3520 1207 3591 proferre.
1232 3519 1459 3574 Psallere
1480 3530 1678 3587 autem,
1712 3520 1960 3575 mandata

392 3616 568 3672 divina
609 3615 762 3670 bonis
790 3614 1188 3685 operationibus
1213 3622 1518 3668 constan'er
1559 3614 1801 3682 implere.
1832 3613 1956 3670 Haec

392 3708 534 3763 enim
555 3706 660 3760 duo
683 3714 807 3760 sunt
834 3718 952 3772 quae
981 3721 1012 3759 a
1038 3704 1192 3760 nobis
1211 3703 1533 3759 omnimodis
1548 3714 1883 3774 expetuntur,
1901 3714 1962 3760 ut

394 3794 576 3852 laudes
603 3794 806 3849 Domini
831 3793 1057 3849 ﬁdeliter
1084 3808 1177 3850 ore
1196 3803 1491 3859 cantemus,
1519 3802 1572 3850 et
1592 3809 1752 3865 opere
1774 3805 1958 3852 nostro

394 3887 560 3959 ipsius
590 3886 835 3942 mandata
869 3884 1143 3941 faciamus.

917 3975 1187 4032 Conclusio
1226 3977 1428 4046 psalmi.

461 4076 684 4145 ostensa
715 4077 870 4134 nobis
914 4086 999 4133 est
1044 4077 1217 4147 imago
1258 4076 1494 4131 caelestis
1523 4074 1686 4145 Regis
1731 4073 1959 4129 mirabili

392 4171 750 4242 descriptione
777 4173 1036 4238 veritatis,
1062 4181 1118 4226 ut
1139 4186 1294 4242 quem
1324 4170 1498 4227 Judaei
1524 4184 1628 4225 non
1652 4179 1961 4226 meruerunt

392 4274 709 4339 praesentem
760 4277 1113 4332 cognoscere,
1146 4261 1327 4316 auditu
1379 4261 1525 4317 auris
1563 4261 1794 4316 mundus
1838 4276 1959 4317 eum

391 4352 636 4408 crederet
662 4351 966 4408 advenisse.
998 4350 1392 4405 Meminerimus
1435 4360 1613 4406 autem
1640 4350 1783 4421 quod
1814 4350 1958 4419 psal-

392 4456 510 4495 mus
540 4441 641 4495 iste
686 4440 873 4495 tertius
903 4448 986 4494 est
1015 4453 1080 4494 ex
1124 4440 1208 4494 his
1237 4453 1371 4509 quos
1418 4440 1485 4494 de
1512 4438 1719 4494 duabus
1755 4440 1959 4495 naturis
1984 4437 2039 4499 Β

392 4528 694 4585 evidentius
731 4529 935 4584 locutos
963 4543 1083 4584 esse
1110 4528 1436 4599 collegimus.
1490 4528 1639 4583 Hanc
1666 4538 1842 4585 tamen
1874 4546 1958 4585 re-

390 4621 563 4692 gulam
597 4622 812 4678 noveris
843 4621 896 4677 in
923 4620 1171 4677 omnibus
1187 4620 1538 4687 custoditam;
1568 4629 1629 4675 ut
1648 4622 1698 4675 in
1721 4621 1799 4676 eis
1826 4622 1962 4691 psal-

392 4713 516 4777 mis,
550 4722 603 4769 et
631 4714 750 4769 duas
782 4724 986 4769 natura:
1012 4722 1065 4768 et
1089 4728 1192 4769 una
1218 4728 1447 4784 persona
1475 4728 1596 4770 esse
1621 4714 1918 4770 declaretur
1943 4732 1957 4781 ;

392 4815 657 4877 quatenus
706 4806 928 4861 salutari
958 4805 1376 4874 brevissimoque
1405 4805 1745 4875 compendio,
1781 4814 1837 4860 ct
1880 4805 1959 4859 illi

391 4900 739 4955 destruantur
781 4901 870 4969 qui
912 4899 1046 4953 duos
1086 4898 1225 4954 ﬁlios
1255 4914 1375 4954 esse
1418 4899 1765 4963 mentiuntur,
1797 4906 1850 4952 et
1886 4898 1960 4952 illi

391 4990 482 5061 qui
514 5005 669 5045 unam
694 4998 938 5046 naturam
963 4989 1014 5044 in
1042 4988 1257 5046 Christo
1282 4990 1505 5045 Domino
1525 4991 1719 5046 callida
1749 5004 1965 5059 perver-

395 5085 556 5139 sitate
584 5083 910 5153 conﬁngunt.
946 5082 1137 5146 Dicite,
1168 5082 1257 5153 qui
1285 5097 1380 5139 vos
1413 5082 1606 5150 putatis
1632 5080 1966 5151 sapientissi-

394 5190 511 5232 mos
538 5178 703 5241 viros,
726 5176 849 5245 quid
881 5186 961 5230 est
985 5176 1111 5229 illud
1142 5175 1280 5251 (μνά
1303 5175 1368 5229 ad
1396 5174 1700 5229 Corinthios
1727 5174 1966 5228 scribens

392 5270 467 5321 ait
501 5266 791 5335 Apostolus
825 5283 837 5318 :
870 5264 1014 5320 Tunc
1044 5273 1089 5320 et
1129 5262 1239 5334 im
1268 5263 1437 5318 Filius
1478 5264 1732 5330 subiectus
1770 5264 1868 5316 erit
1894 5262 1961 5330 ei,

390 5362 476 5427 qui
504 5360 600 5414 sibi
624 5361 837 5430 subjecit
867 5359 1056 5421 omnia,
1090 5368 1144 5411 ut
1173 5358 1237 5410 sit
1280 5357 1417 5409 Deus
1458 5356 1628 5409 omnia
1654 5356 1705 5408 in
1733 5356 1964 5408 omnibus

392 5449 449 5523 (l
481 5452 601 5505 Cor.
633 5468 724 5517 xv,
749 5449 880 5519 28)?
904 5448 1031 5504 Nam
1060 5449 1104 5502 si
1132 5462 1197 5502 ex
1224 5446 1418 5501 deitate
1435 5455 1489 5500 et
1510 5444 1839 5499 immanitate
1860 5458 1964 5498 una

396 5555 581 5600 natura
605 5545 740 5599 facta
768 5552 934 5610 esset,
956 5552 1013 5597 ut
1043 5540 1286 5602 creditis,
1316 5540 1508 5609 qualis,
1541 5554 1690 5608 rogo,
1720 5538 1965 5592 substan-

391 5637 463 5691 tia
497 5635 552 5689 in
579 5644 836 5689 aeternum
871 5633 1010 5689 Patri
1051 5641 1225 5703 potest
1252 5645 1373 5686 esse
1403 5630 1678 5699 subjecta?
1704 5629 1889 5685 Restat
1911 5636 1968 5683 ut

396 5741 493 5783 vos
520 5725 749 5781 Arianus
771 5738 924 5780 error
952 5723 1253 5779 absorbeat.
1288 5720 1517 5776 Necesse
1560 5727 1642 5775 est
1667 5719 1806 5774 enim
1836 5733 1968 5774 con-

2341 1905 2701 1962 EXPOSITIO
2729 1904 2795 1960 IN
2827 1905 3147 1962 PSALSIUM
3179 1905 3324 1961 XXI.

2104 1994 2170 2050 In
2198 1998 2350 2066 ﬁnem
2378 2014 2467 2066 pro
2497 2000 2820 2067 susceptione
2841 1999 3090 2052 matutina
3120 1998 3345 2067 psalmus
3378 1995 3556 2051 Darid.

2120 2106 2244 2163 Sive
2277 2110 2330 2161 in
2360 2108 2531 2175 linem,
2556 2109 2668 2162 sive
2697 2108 2944 2179 psalmus,
2977 2111 3090 2164 sive
3119 2109 3281 2162 David
3310 2107 3433 2178 quid
3463 2108 3617 2177 signi.

2054 2199 2195 2267 licet,
2229 2199 2535 2269 frequenter
2579 2201 2876 2270 expositum
2908 2210 3007 2255 est.
3036 2200 3222 2255 Restat
3249 2209 3303 2254 ut
3328 2216 3421 2270 pro
3449 2216 3616 2253 susce-

2054 2292 2223 2361 ptione
2249 2290 2514 2356 matutina,
2541 2291 2680 2359 quod
2707 2290 2878 2345 adhuc
2907 2305 3101 2345 novum
3119 2303 3238 2344 esse
3261 2290 3616 2358 cogno~eitur,

2058 2381 2343 2449 explanare
2369 2381 2680 2443 debeamus.
2725 2381 2991 2452 Susceptio
3032 2381 3282 2434 matutina
3310 2390 3389 2433 est
3418 2387 3624 2446 tempus

2057 2473 2482 2541 resurrectionis,
2516 2466 2876 2528 sicut'dicitur
2916 2473 2966 2526 in
3000 2472 3282 2541 Evangelio
3315 2488 3328 2523 :
3366 2470 3481 2525 Una
3504 2470 3621 2524 sab-

2058 2566 2291 2619 batorum
2320 2566 2466 2621 valde
2507 2566 2755 2631 diluculo,
2788 2566 2915 2620 venit
2962 2564 3129 2618 Maria
3158 2564 3225 2617 ad
3254 2571 3622 2618 monumentum

2064 2653 2244 2723 (Joan.
2275 2671 2371 2719 xx,
2402 2655 2476 2724 l),
2521 2665 2626 2711 etc.
2662 2656 2925 2726 Susceptio
2957 2656 3095 2709 enim
3140 2652 3254 2718 iuit,
3285 2653 3494 2721 quando
3523 2651 3622 2705 Do-

2067 2744 2239 2798 minus
2274 2744 2516 2798 Christus
2545 2745 2769 2799 mortale
2797 2758 2988 2813 corpus
3018 2744 3209 2798 veteris
3248 2742 3478 2795 hominis
3501 2756 3622 2795 cott-

2065 2835 2266 2890 ditione
2291 2835 2553 2904 deposita,
2596 2835 2646 2889 iu
2677 2850 2919 2903 magnam
2947 2835 3165 2905 gloriam
3194 2832 3517 2887 clariﬁcatus
3543 2846 3621 2885 as-

2064 2926 2289 2995 sumpsit
2310 2928 2420 2980 :cui
2438 2941 2582 2980 omne
2601 2943 2733 2997 genu
2746 2928 2967 2994 ﬂectitur
2986 2926 3279 2990 caelestium,
3300 2924 3622 2989 terrestrium,

2064 3029 2111 3072 et
2142 3019 2460 3089 infernarum
2491 3017 2711 3089 (Philip.
2744 3034 2781 3072 ll
2801 3056 2815 3081 ,
2847 3018 2962 3087 10).
2997 3016 3307 3071 Matutinum
3333 3026 3509 3071 autem
3543 3016 3624 3070 di-

1984 3114 2031 3176 C
2063 3117 2206 3165 ctum
2235 3118 2336 3176 est,
2382 3109 2533 3179 quasi
2566 3118 2720 3162 mane
2748 3107 3091 3177 primitivum,
3122 3108 3263 3177 quod
3304 3115 3511 3176 tempus
3551 3107 3625 3160 in~

2064 3201 2297 3256 numeris
2320 3201 2450 3256 locis
2472 3200 2535 3254 ad
2560 3200 3003 3256 resurrectionem
3027 3200 3235 3255 Domini
3258 3210 3463 3256 constat
3483 3208 3625 3270 apta-

2064 3300 2197 3347 tum.
2229 3291 2332 3347 Sed
2355 3307 2472 3347 cum
2502 3292 2555 3347 in
2588 3293 2689 3348 hoc
2720 3294 2925 3362 psalmo
2968 3293 3131 3348 multa
3176 3293 3244 3349 de
3268 3309 3360 3349 sua
3385 3294 3628 3363 passione

2061 3388 2273 3437 constet
2316 3396 2435 3438 esse
2466 3383 2782 3449 locuturum,
2828 3382 3104 3439 videamus
3148 3399 3242 3439 cur
3283 3385 3398 3455 ejus
3448 3386 3628 3440 titulus

2058 3473 2230 3528 solam
2279 3475 2720 3529 resurrectionem
2753 3488 3174 3531 commemorare
3204 3475 3446 3532 voluerit.
3478 3476 3631 3545 Saepe

2064 3563 2206 3617 enim
2237 3562 2563 3632 signiﬁcatur
2594 3579 2687 3632 per
2713 3564 2766 3618 id
2792 3564 2931 3633 quod
2958 3566 3219 3635 sequitur,
3254 3565 3382 3620 illud
3429 3566 3629 3621 scilicet

2062 3654 2201 3725 quod
2228 3655 2502 3724 praecessit
2527 3672 2541 3721 ;
2574 3664 2631 3709 ut
2656 3669 2775 3710 cum
2804 3656 3029 3710 dicimus
3054 3670 3208 3711 mane
3230 3656 3448 3722 factum,
3478 3657 3565 3711 int.
3590 3657 3631 3709 l-

2059 3744 2285 3815 ligamus
2314 3756 2520 3799 noctem
2565 3759 2772 3815 quoque
2823 3746 3196 3814 praecessisse;
3239 3746 3482 3802 similiter
3510 3762 3627 3802 cuni

2061 3831 2286 3887 dicimus
2322 3833 2731 3899 manumissum,
2780 3833 3137 3900 intelligamus
3168 3849 3382 3890 servum
3430 3833 3628 3900 fuisse;

2062 3933 2116 3980 et
2136 3923 2220 3979 his
2248 3925 2467 3980 similia.
2500 3925 2629 3991 Quae
2675 3924 2840 3994 ﬁgura
2871 3923 3068 3979 dicitur
3097 3925 3454 3995 synecdoche,
3506 3941 3628 3981 cum

2068 4027 2165 4082 per
2192 4014 2244 4069 id
2272 4014 2414 4084 quod
2435 4016 2675 4085 sequitur
2700 4029 2984 4084 possumus
3008 4015 3304 4085 intelligere
3330 4016 3469 4085 quod
3498 4032 3631 4086 pra:-

2066 4103 2229 4159 cedit.
2290 4102 2443 4159 Unde
2498 4103 2717 4160 dubium
2772 4117 2879 4158 non
2931 4113 3013 4159 est
3065 4107 3627 4160 commemorationem

2066 4195 2259 4250 factam
2288 4193 2692 4250 resurrectionis
2720 4193 2955 4249 indicare
2982 4194 3329 4249 nihilominus
3354 4204 3406 4249 et
3435 4195 3630 4250 beatis-

2067 4285 2256 4340 simam
2285 4284 2609 4353 passionem.
2641 4283 2771 4338 Hinc
2810 4293 2984 4339 autem
3016 4300 3133 4354 quae
3158 4284 3226 4341 sit
3251 4285 3421 4339 virtus
3446 4294 3498 4340 et
3522 4285 3632 4341 cla.

2066 4377 2195 4434 ritas
2218 4377 2427 4447 psalmi,
2453 4376 2695 4432 absolute
2724 4376 2880 4431 datur
2906 4377 3152 4446 intelligi,
3185 4377 3325 4446 quod
3354 4391 3478 4432 eum
3522 4392 3633 4431 ma-

2068 4472 2249 4526 tutinae
2277 4472 2408 4527 lucis
2436 4470 2652 4526 nomine
2678 4472 2991 4541 pratnotavit
3021 4488 3034 4524 :
3061 4471 3309 4540 quoniam
3333 4471 3632 4541 passionem

2069 4561 2279 4619 Domini
2302 4561 2519 4629 Christi,
2550 4576 2706 4631 quam
2735 4571 2938 4630 narrat,
2966 4563 3124 4616 saluti
3166 4561 3376 4631 generis
3418 4560 3634 4615 humani

2066 4662 2273 4710 constat
2298 4665 2419 4709 esse
2442 4665 2771 4709 concessam.

2635 4772 2829 4841 Divisio
2861 4774 3072 4845 psalmi.

2141 4889 2241 4944 Per
2295 4896 2460 4942 totum
2517 4886 2729 4954 quidem
2784 4886 3045 4955 psalmum
3091 4886 3323 4953 loquitur
3382 4882 3638 4938 Dominus

2067 4982 2350 5049 Christus;
2381 4982 2474 5037 sed
2510 4983 2681 5052 primo
2727 4982 2901 5052 capite
2954 4981 3264 5036 derelictum
3305 4994 3362 5033 se
3389 4980 3638 5033 clamata

2068 5072 2247 5137 Patre,
2280 5081 2337 5126 ut
2368 5072 2725 5141 dispensatam
2758 5072 2963 5126 scilicet
2992 5070 3285 5140 susceperit
3313 5069 3637 5140 passionem,

2068 5167 2493 5237 potentissimam
2516 5166 2865 5221 humilitatem
2886 5181 3033 5220 suam
3065 5164 3294 5220 hominis
3311 5161 3640 5233 subiectione

2072 5257 2188 5328 [ms.
2215 5256 2281 5312 (ἶ.
2317 5269 2365 5311 et
2393 5258 2500 5321 ed.,
2547 5257 2821 5311 hominum
2866 5254 3188 5328 abjectione]
3235 5252 3639 5310 commendans.

2066 5350 2311 5405 Secundo
2362 5349 2479 5404 loco
2510 5350 2808 5418 passionem
2832 5362 3047 5409 sacram
3099 5349 3324 5403 diversis
3362 5360 3643 5413 compara-

2069 5439 2302 5495 tionibus
2329 5441 2681 5508 prophctavit,
2714 5440 3007 5509 deprecans
3034 5450 3087 5493 ut
3118 5454 3145 5492 a
3176 5436 3516 5492 saevientibus
3543 5437 3640 5488 ini-

2069 5533 2221 5587 micis
2250 5532 2379 5597 suis,
2414 5531 2590 5585 divina
2635 5532 2959 5599 protectioue
2990 5530 3264 5585 liberetur.
3294 5527 3474 5581 Tertio
3496 5540 3643 5579 δοίη-

2070 5632 2252 5678 monet
2305 5624 2584 5678 Dominum
2615 5622 2833 5676 laudare
2879 5622 3232 5683 Christianos,
3277 5620 3383 5690 72
3424 5618 3546 5688 quia
3590 5618 3643 5670 in

2076 5716 2469 5773 resurrectione
2498 5731 2593 5773 sua
2622 5715 2936 5771 catholicam
2972 5715 3205 5784 respexit
3227 5713 3515 5769 Ecclesiam
3540 5726 3555 5777 ;
3589 5720 3645 5770 ut
