4030 6172
297 331 398 388 155

1253 330 1606 387 EXPOSITIO
1646 331 1706 384 IN
1749 330 1950 385 PSALI
1970 330 2193 386 ERIUM.
2240 331 2431 387 PSAL.
2465 332 2601 388 XXI.

3466 336 3567 392 iiii

296 451 481 505 audito
510 458 657 505 tanto
688 450 946 505 miraculo
976 450 1029 505 in
1058 450 1405 505 saluberrima
1437 450 1557 504 lidei
1587 450 1879 505 constantia
1909 458 1955 510 Α
1987 449 2143 519 longe
2184 467 2210 502 a
2241 466 2299 505 se
2333 453 2442 507 ﬁeri
2493 453 2652 506 verba
2683 468 2799 522 qum
2831 453 3021 509 delicta
3056 458 3371 525 parturiunt.
3406 458 3561 513 Salus

297 550 676 610 permanerent
706 558 721 595 :
755 556 823 596 ne
852 541 1098 611 passione
1126 550 1327 594 tantum
1355 541 1685 609 prophetata,
1714 539 1884 593 imbe-

299 632 417 684 cilia
462 646 521 685 se
553 632 831 685 hominum
887 633 1046 685 corda
1091 631 1383 685 turbarent.
1418 630 1583 697 Quem
1618 630 1878 697 psalmum

301 724 455 793 paulo
478 724 759 777 sollicitius
789 725 1086 789 audiamus,
1114 733 1194 777 est
1217 724 1356 777 enim
1382 723 1673 793 ingentium
1699 738 1878 777 rerum

299 813 653 869 admiratione
687 815 1063 883 plenissimus;
1096 826 1150 867 ut
1172 814 1295 883 quid
1321 813 1373 867 in
1399 814 1495 867 hac
1520 814 1624 867 vita
1652 823 1883 868 contem-

298 906 556 965 nendum.
610 914 665 959 et
712 905 839 974 quid
891 906 942 959 in
975 906 1073 959 alia
1106 914 1249 961 esset
1301 905 1642 975 sperandum,
1691 902 1881 972 capitis

296 999 464 1066 ipsius
487 998 999 1052 commonitionihus
1027 1012 1392 1053 uosceremus.
1420 998 1551 1052 Nam
1579 1012 1699 1052 cum
1726 996 1880 1052 multi

298 1091 629 1159 psalmorum
659 1090 897 1145 breviter
923 1089 989 1145 de
1013 1090 1221 1143 Domini
1247 1091 1490 1158 passione
1515 1088 1877 1152 meminerint,

298 1198 455 1237 nemo
488 1191 669 1237 tamen
695 1196 812 1236 eam
840 1190 986 1236 tanta
1008 1181 1329 1250 proprietate
1358 1180 1658 1248 descripsit,
1686 1188 1742 1233 ut
1774 1193 1878 1233 non

298 1284 401 1327 tam
434 1273 718 1343 prophetia
749 1286 907 1342 quam
939 1271 1157 1326 historia
1190 1284 1311 1326 esse
1340 1270 1600 1327 videatur.

836 1401 1100 1467 Expositio
1126 1400 1329 1471 psalmi.

366 1532 520 1589 Vers.
556 1535 607 1588 1.
644 1534 804 1600 Deus,
838 1533 977 1588 Deus
1006 1549 1165 1600 meus,
1192 1533 1383 1602 respice
1405 1532 1457 1585 in
1486 1545 1769 1598 me:quare
1797 1546 1874 1583 me

295 1624 609 1692 dereliquiin
633 1627 658 1679 ?
686 1624 834 1697 longe
863 1640 893 1677 α
922 1625 1084 1678 salute
1105 1640 1217 1677 mea
1242 1624 1388 1677 verba
1418 1623 1712 1677 delictorum
1741 1637 1875 1674 meo-

293 1734 426 1770 rum.
460 1717 721 1772 Dominus
756 1716 1000 1771 Christus
1037 1716 1214 1771 omnia
1248 1717 1547 1785 prcevidens
1575 1724 1732 1782 atque
1760 1713 1871 1766 dis-

1987 542 2127 596 enim
2161 554 2271 596 erat
2297 553 2494 598 sancite
2521 546 2733 610 anima),
2763 548 2808 600 si
2843 563 3117 603 Sermones
3140 550 3559 618 delinquentium

1987 649 2090 688 non
2126 634 2375 701 haberet;
2410 638 2501 691 sed
2532 639 2724 692 virtute
2747 642 3016 707 patientim
3038 642 3227 697 lubens
3246 645 3556 708 sustineret,

1985 730 2123 799 quod
2174 731 2350 784 divina
2396 732 2791 801 dispensatione
2829 744 3134 802 pateretur;
3169 735 3303 789 sicut
3350 736 3464 805 ipse
3508 736 3558 789 in

1990 821 2274 890 Evangelio
2302 824 2425 877 dicit
2459 841 2470 877 :
2501 823 2673 887 Pater,
2707 826 2751 877 si
2788 826 2900 892 ﬁeri
2930 835 3112 893 po.'est,
3153 835 3377 879 transeat
3415 843 3445 879 a
3481 842 3559 879 me

1985 911 2123 965 calix
2151 913 2242 966 iste
2275 912 2486 983 (Matth.
2522 930 2665 978 xxvi,
2690 913 2781 983 59)
2813 931 2826 978 ;
2858 924 2911 969 et
2935 916 3204 984 subjunxit
3237 934 3249 968 :
3292 915 3558 970 Verumta-

1986 1019 2099 1056 men
2130 1020 2230 1056 non
2262 1005 2390 1057 sicut
2442 1021 2531 1073 ego
2580 1006 2714 1068 volo,
2745 1005 2834 1059 sed
2859 1005 2986 1058 sicut
3033 1017 3103 1059 tu.
3159 1006 3295 1059 Dicit
3332 1007 3488 1062 etiam
3526 1021 3557 1062 ιι

1986 1095 2240 1149 membris
2290 1096 2439 1149 suis:
2482 1094 2649 1149 Verba
2678 1096 2976 1149 delictorum
3024 1112 3270 1149 meorum.
3312 1097 3402 1152 Ille
3430 1113 3557 1165 ergo

1986 1189 2074 1258 qui
2106 1197 2380 1257 p:ceatum
2412 1204 2517 1242 non
2568 1188 2772 1253 habuit,
2824 1198 3005 1242 nostra
3050 1189 3241 1243 delicta
3289 1204 3381 1243 sua
3429 1188 3557 1243 dicit

1984 1292 2103 1332 esse
2142 1288 2397 1346 peccata;
2432 1277 2571 1331 sicut
2607 1288 2660 1332 et
2699 1279 2749 1331 in
2783 1279 2888 1332 alio
2941 1279 3145 1346 psalmo
3178 1279 3290 1348 ipse
3320 1279 3556 1332 dicturus

1984 1379 2065 1422 est
2098 1386 2110 1420 :
2143 1366 2299 1433 Deus,
2335 1377 2387 1420 tu
2412 1369 2508 1421 scis
2530 1368 2866 1438 insip’entiam
2896 1384 3077 1434 meum,
3106 1378 3155 1424 et
3175 1368 3358 1422 delicta
3380 1385 3490 1422 mea
3523 1385 3554 1421 a

1979 1468 2028 1512 te
2073 1474 2171 1510 non
2219 1465 2336 1510 sunt
2366 1458 2661 1509 abscondita
2704 1456 2874 1526 (Psal.
2924 1473 3107 1523 vam,
3155 1458 3231 1527 6).
3266 1457 3555 1511 Audiamus

1979 1561 2107 1615 ergo
2135 1560 2320 1600 vocem
2354 1547 2709 1600 membrorum
2742 1562 2808 1602 ex
2831 1562 2925 1601 ore
2951 1547 3160 1615 capitis,
3192 1556 3247 1602 et
3274 1547 3552 1617 intelliga-

1979 1652 2097 1691 mus
2119 1650 2184 1691 ex
2216 1644 2395 1690 nostra
2426 1648 2651 1703 persona
2692 1638 2883 1690 merito
2909 1636 3068 1691 fuisse
3095 1637 3350 1702 locutum,
3380 1637 3466 1706 qui
3496 1651 3554 1692 se

1980 1728 2207 1782 hostiam
2234 1727 2424 1781 obtulit
2454 1742 2550 1796 pro
2573 1727 2740 1782 salute
2769 1737 3081 1782 cunctorum
3109 1747 3120 1782 :
3157 1731 3297 1785 unde
3321 1732 3550 1799 Aposto-

290 1824 546 1877 pensans,
575 1810 659 1863 cui
691 1809 865 1863 futura
894 1818 1080 1863 cuncta
1107 1808 1387 1876 praesentia
1418 1813 1565 1871 sunt,
1595 1805 1741 1874 quasi
1762 1803 1870 1873 jam

1982 1819 2063 1872 lus
2102 1817 2270 1872 dicit:
2302 1816 2437 1871 Eum
2467 1820 2551 1886 qui
2593 1834 2695 1872 non
2722 1827 2926 1871 noverat
2969 1829 3246 1888 peccatum,
3276 1838 3367 1890 pro
3407 1824 3551 1875 nobis

292 1903 465 1957 vicina
496 1902 749 1972 passione
766 1909 1037 1971 permotus
1063 1900 1350 1953 exclamat:
1372 1897 1528 1963 Deus,
1552 1896 1686 1950 Deus
1713 1912 1870 1948 meus.

290 1992 415 2046 Hac
464 2000 644 2046 tamen
687 1992 849 2045 verba
899 1990 1207 2059 accipienda
1264 1999 1385 2043 sunt
1414 1988 1481 2041 ah
1530 1986 1875 2041 humanitatis

288 2083 463 2152 ipsius
492 2090 705 2135 natura.
737 2082 991 2136 Naturam
1022 2090 1197 2135 autem
1227 2080 1347 2134 dico
1372 2094 1492 2133 esse
1523 2078 1768 2132 virtutem
1797 2078 1874 2131 vi-

288 2174 953 2247 goremque'substantite.
976 2174 1107 2228 Nam
1137 2183 1191 2229 et
1218 2172 1466 2242 repetitio
1494 2172 1605 2239 ipsa
1626 2172 1872 2226 allectum

288 2269 612 2324 necessaria":
643 2268 901 2322 orationis
928 2266 1189 2330 ostendit;
1217 2274 1273 2319 ut
1302 2265 1445 2319 illum
1471 2265 1742 2333 geminato
1773 2279 1874 2318 no-

289 2360 431 2413 mine
469 2358 824 2414 charissimus
860 2356 1026 2411 Filius
1072 2357 1366 2421 invocaret,
1417 2370 1571 2423 quem
1618 2354 1717 2409 sibi
1766 2369 1870 2408 non

288 2450 615 2505 mundanam
646 2449 892 2514 salutem,
910 2448 1003 2503 sed
1024 2448 1316 2501 claritatem
1341 2455 1553 2501 aeterna:
1582 2447 1875 2515 majestat’s

289 2549 518 2595 noverat
548 2538 731 2608 utique
761 2546 1155 2607 praestaturum.
1183 2540 1299 2597 Δέος
1320 2551 1495 2591 sermo
1526 2536 1743 2591 Grtecus
1768 2544 1869 2602 est,

288 2630 373 2699 qui
422 2629 614 2684 Latine
644 2632 1019 2697 interpretator
1045 2628 1217 2681 timor.
1255 2626 1355 2680 Pro
1397 2640 1498 2695 qua
1529 2641 1606 2685 re,
1642 2634 1700 2679 ut
1725 2624 1871 2679 arbi-

288 2732 421 2786 tror,
453 2719 693 2789 majores
715 2718 882 2774 nosui
905 2718 1067 2773 Deum
1089 2733 1118 2772 a
1144 2718 1334 2788 timore
1355 2716 1728 2786 appellandum
1753 2730 1871 2772 esse
1902 2715 1908 2722 ”

288 2813 576 2868 voluerunt
610 2829 625 2864 :
658 2811 798 2866 unde
844 2811 1055 2879 quidam
1102 2810 1177 2864 ait
1220 2808 1497 2879 gentilium
1553 2816 1877 2879 poetarum;

286 2904 503 2959 Primus
543 2906 598 2959 in
621 2904 740 2958 orbe
767 2903 883 2957 deos
915 2904 1032 2973 fecit
1060 2903 1227 2956 timor.
1261 2901 1391 2956 Nam
1421 2915 1542 2956 cum
1574 2899 1738 2955 dicit:
1772 2899 1875 2955 Re-

286 3001 428 3069 spice
448 3001 503 3052 in
534 3016 633 3067 me,
666 2998 1007 3053 celerrimum
1035 2996 1135 3051 sibi
1164 2994 1571 3051 resurrectionis
1594 2995 1877 3062 provenire

284 3094 608 3159 deprecatur
635 3088 917 3143 auxilium.
945 3087 1214 3157 Sequitur,
1241 3102 1396 3155 quare
1416 3102 1494 3139 me
1521 3084 1877 3155 dereliquisti?

284 3180 433 3237 Istud
478 3196 658 3250 quare,
692 3179 999 3233 nonnullam
1029 3177 1223 3232 aderre
1252 3176 1591 3247 cognoscitur
1620 3177 1872 3245 qumstio-

285 3290 447 3338 nem;
478 3282 539 3326 ut
560 3273 652 3326 ille
672 3271 948 3340 sapientia:
976 3265 1722 3339 Magister'consuhstantialis
1753 3266 1871 3338 [τηε.

286 3362 380 3429 6.,
400 3363 877 3419 consubstantialis
906 3359 1072 3431 Patri]
1099 3368 1153 3414 et
1178 3370 1456 3416 enarrator
1490 3359 1683 3425 Patris,
1713 3358 1782 3411 ita
1805 3358 1876 3413 sit

286 3457 464 3512 vicina
496 3455 678 3510 carnis
722 3468 832 3509 suae
879 3463 1052 3508 morte
1077 3453 1339 3517 turbatus,
1393 3458 1450 3505 ut
1476 3451 1872 3519 quasineseius

286 3550 587 3616 interroget
617 3545 849 3609 Patrem,
878 3558 1040 3612 quare
1058 3542 1127 3598 ab
1153 3557 1217 3598 eo
1240 3542 1395 3596 fuerit
1417 3541 1740 3596 derelictus?
1763 3538 1871 3594 Sed

286 3639 402 3693 hac
429 3645 488 3692 et
514 3637 601 3691 his
629 3634 820 3690 similia
847 3634 913 3689 ad
940 3633 1322 3689 humanitatem
1366 3631 1657 3701 reSpieiunt
1686 3631 1865 3700 expri-

286 3728 561 3783 mendam.
594 3726 859 3781 Caeterum
888 3739 989 3780 nee
1034 3725 1088 3779 in
1130 3724 1243 3795 ipsa
1288 3724 1535 3793 passione
1561 3722 1756 3779 absens
1790 3721 1868 3776 illi

286 3820 554 3876 credenda
584 3829 666 3873 est
695 3816 862 3872 luisse
890 3818 1160 3882 divinitas,
1199 3831 1320 3871 cum
1361 3815 1505 3870 dicat
1529 3813 1819 3883 Apostolus
1852 3828 1866 3865 :

285 3910 347 3965 Si
369 3909 749 3980 cognovissent,
782 3922 1042 3978 nunquam
1069 3904 1342 3959 Dominum
1368 3904 1549 3975 gloria:
1576 3902 1867 3971 cruciﬁxis-

286 4014 390 4054 sent
413 3998 465 4070 (1
514 3998 638 4054 Cor.
688 4013 747 4064 ιι,
778 3998 858 4067 8).
908 3993 1012 4055 Sed
1045 4013 1231 4067 passus
1260 4006 1342 4051 est
1385 3994 1725 4064 impaSsibilis
1773 4008 1870 4063 per

285 4091 598 4161 passibilem
629 4104 785 4160 quam
809 4090 1046 4158 suscepit
1071 4088 1448 4159 humanitatem
1472 4103 1485 4151 ;
1514 4095 1568 4141 et
1590 4087 1867 4140 immorta-

281 4186 345 4240 lis
389 4193 637 4239 mortuus
664 4193 770 4247 est,
798 4193 849 4238 et
879 4182 968 4253 qui
995 4196 1264 4251 nunquam
1292 4183 1519 4236 moritur
1547 4181 1859 4237 resurrexit.

281 4275 359 4329 De
399 4289 512 4345 quo
559 4275 677 4330 loco
714 4274 874 4329 Pater
920 4275 1148 4344 Cyrillus
1180 4278 1247 4328 ita
1286 4273 1504 4342 pulchre
1534 4274 1743 4330 locutus
1781 4282 1864 4329 est

280 4364 421 4434 (Lib.
449 4381 500 4418 tv
530 4367 646 4418 adv.
678 4364 909 4428 Nestor.,
941 4381 1059 4433 pag.
1090 4365 1211 4431 107)
1237 4381 1251 4418 :
1281 4365 1460 4419 Gratia
1490 4379 1619 4419 vero
1642 4364 1734 4419 Dei
1764 4378 1862 4432 pro

1978 1917 2239 1977 peccatum
2285 1909 2400 1975 fecit
2430 1906 2520 1979 (ΙΙ
2563 1908 2680 1962 Cor.
2726 1924 2778 1976 v,
2811 1908 2926 1979 2|).
2960 1908 3088 1964 Nam
3126 1920 3179 1965 et
3212 1913 3260 1965 in
3294 1914 3403 1980 ipsa
3434 1915 3551 1983 lege

1978 2013 2193 2071 peccata
2222 2002 2628 2071 appellabantur
2648 2019 2765 2073 quae
2796 2018 2892 2073 pro
2916 2006 3148 2073 peccatis
3169 2006 3548 2061 oil'crebantur.

2055 2094 2207 2148 Vers.
2230 2094 2283 2146 2.
2301 2092 2440 2147 Deus
2462 2110 2618 2156 meus,
2646 2094 2876 2148 clamabo
2900 2112 2987 2165 per
3005 2097 3262 2162 diem,nec
3288 2098 3547 2161 eramlies;
3608 2158 3611 2169 ,

1975 2170 2024 2241 et
2045 2194 2209 2249 nocte,
2239 2194 2285 2238 et
2313 2201 2413 2238 non
2441 2186 2507 2238 ad
2534 2186 2874 2255 insipientiam
2904 2187 3047 2240 milii.
3076 2186 3176 2241 Per
3202 2188 3335 2255 diem
3362 2189 3551 2241 clama-

1977 2276 2059 2331 bat
2087 2277 2390 2330 humanitas
2419 2275 2602 2344 Verbi,
2636 2292 2793 2347 quam
2826 2293 2929 2331 non
2958 2278 3358 2334 circumdabant
3403 2288 3551 2334 tene-

1978 2368 2091 2425 brae
2122 2378 2502 2440 peccatorum;
2552 2384 2649 2424 nec
2701 2377 2878 2424 tamen
2910 2379 3118 2424 constat
3163 2371 3417 2436 auditam,
3464 2372 3548 2425 cui

1977 2461 2122 2517 nulla
2152 2461 2450 2530 praepedire
2492 2462 2767 2516 videbatur
2793 2461 3034 2516 oll'ensio.
3072 2462 3262 2516 Audiat
3291 2464 3388 2517 hoc
3421 2479 3548 2531 qne-

1974 2553 2153 2608 rulum
2179 2565 2345 2622 genus
2367 2549 2679 2618 humanum,
2705 2551 2846 2619 quod
2882 2551 3162 2617 petitiones
3191 2567 3310 2604 suas
3334 2551 3549 2605 deside-

1976 2654 2060 2699 rat
2103 2643 2220 2699 sine
2249 2642 2505 2697 dilatione
2533 2643 2813 2711 compleri.
2851 2643 3007 2709 Petit,
3038 2644 3174 2697 sicut
3216 2644 3414 2698 dictum
3444 2654 3548 2708 est,

1976 2734 2279 2789 humanitas
2304 2733 2483 2799 Verbi,
2506 2749 2623 2803 ρυλε
2647 2734 2951 2788 merebatur
2969 2735 3169 2799 audri;
3194 2751 3348 2803 quam
3374 2744 3548 2792 tamen

1979 2823 2101 2879 ideo
2150 2838 2257 2878 non
2289 2830 2499 2877 constat
2547 2823 2800 2888 auditam,
2844 2833 2901 2877 ut
2952 2824 3067 2892 ejus
3113 2840 3267 2879 sacro
3294 2828 3549 2896 sanguine

1976 2913 2234 2984 probrosa
2286 2912 2468 2967 mundi
2513 2913 2741 2967 crimina
2769 2914 3091 2968 lavarentur.
3140 2915 3251 2969 Hoc
3290 2917 3447 2970 etiam
3498 2926 3550 2970 et

1975 3003 2095 3058 aliis
2117 3004 2335 3058 docetur
2354 3003 2638 3072 exemplis.
2669 3003 2863 3057 Paulus
2888 3005 3017 3072 petit
3041 3002 3129 3074 (II
3146 3004 3266 3059 Cor.
3301 3020 3392 3070 xu,
3424 3008 3478 3072 7,
3495 3007 3549 3074 8)

1979 3102 2035 3149 ut
2063 3095 2130 3149 ab
2161 3109 2225 3149 eo
2254 3095 2431 3149 carnis
2457 3094 2701 3149 stimulus
2743 3095 3041 3160 tolleretur,
3078 3111 3177 3151 nec
3206 3105 3379 3151 tamen
3406 3097 3550 3151 andi-

1980 3194 2067 3241 tur
2103 3199 2133 3238 a
2181 3184 2427 3239 Domino.
2476 3184 2728 3239 Diabolus
2760 3196 3003 3256 precatur
3031 3184 3152 3251 (Job
3203 3203 3259 3251 ιι,
3284 3188 3340 3255 5)
3369 3197 3422 3241 ut
3454 3188 3552 3243 Joh

1976 3285 2219 3331 sanctum
2253 3278 2424 3331 virum
2452 3276 2741 3331 saevissima
2774 3277 3088 3330 calamitate
3137 3276 3470 3345 percelleret,
3502 3287 3553 3333 ct

1975 3376 2186 3423 constat
2204 3368 2251 3423 ei
2276 3381 2401 3422 mox
2423 3367 2582 3422 fuisse
2603 3380 2937 3422 concessum.
2962 3366 3067 3421 Sed
3090 3367 3345 3435 Apostolo
3369 3376 3551 3421 votum

1974 3473 2128 3513 suum
2161 3458 2384 3528 implere
2422 3458 2715 3529 negabatur
2758 3457 2823 3511 ad
2866 3458 3111 3527 gloriam,
3166 3456 3378 3511 diabolo
3427 3474 3551 3511 vero

1974 3551 2202 3607 dabatur
2221 3550 2285 3605 ad
2304 3564 2533 3621 pinnam.
2549 3549 2637 3605 Sic
2659 3564 2762 3604 non
2777 3550 2961 3603 audire
2983 3548 3287 3617 frequenter
3308 3548 3551 3617 expedit,

1972 3645 2214 3715 quamvis
2242 3660 2339 3700 nos
2361 3643 2623 3698 desideria
2647 3642 2806 3697 dilata
2835 3641 3404 3697 contristent.Addidit
3423 3656 3552 3710 quo-

1971 3757 2076 3811 que
2115 3742 2359 3795 clamasse
2395 3754 2455 3795 se
2506 3747 2669 3804 nocte,
2718 3737 2767 3792 id
2808 3744 2892 3792 est
2929 3737 2981 3791 in
3023 3735 3384 3800 tribulatione,
3431 3750 3551 3788 cum

1974 3833 2133 3888 etiam
2154 3833 2678 3902 peccatoressoleant
2701 3829 3005 3899 frequenter
3025 3827 3217 3883 audiri.
3237 3827 3547 3897 Subjunxit:

1980 3923 2043 3977 Et
2070 3939 2173 3977 non
2191 3924 2259 3975 ad
2286 3921 2627 3991 insipientiam
2642 3920 2785 3985 mihi,
2810 3918 3232 3973 subaudiendum
3258 3918 3548 3987 reputab's.

1976 4015 2092 4070 Duo
2120 4022 2245 4068 sunt
2271 4013 2413 4069 enim
2443 4024 2643 4083 genera
2681 4009 2993 4079 petitionum
3020 4024 3032 4060 :
3065 4006 3277 4078 quando
3320 4008 3549 4073 petimus

1976 4104 2227 4171 honores,
2260 4102 2493 4165 divitias,
2544 4099 2883 4154 inimicorum
2913 4095 3227 4160 vindictam,
3272 4103 3326 4150 et
3356 4104 3549 4150 etelera

1976 4196 2302 4267 hujusmodi,
2336 4193 2650 4264 insipienter
2681 4190 2932 4259 petimus,
2958 4187 3078 4257 quia
3109 4186 3374 4241 mundana
3410 4186 3549 4240 des“:-

1972 4287 2257 4350 deramus;
2305 4282 2515 4354 quando
2554 4289 2730 4335 autem
2768 4278 3097 4348 postulamus
3136 4285 3195 4331 ut
3230 4292 3261 4330 a
3300 4275 3551 4346 periculis

1970 4378 2279 4441 liberemur,
2303 4385 2359 4431 ut
2381 4374 2534 4430 nobis
2556 4373 2661 4427 vita
2682 4369 3009 4430 concedatur
3030 4380 3247 4436 aeterna,
3264 4385 3370 4424 non
3391 4371 3550 4423 stulte

280 4457 535 4513 omnibus
561 4458 793 4525 Susum
822 4466 1070 4521 mortem.
1103 4455 1395 4521 tradensci
1424 4455 1691 4525 ρτορτῑυω
1737 4469 1859 4509 σοι’·
1896 4474 1945 4533 D
1971 4470 2223 4540 petimus,
2249 4468 2343 4524 sed
2370 4466 2752 4523 convenienter
2773 4477 3013 4519 oramus.
3045 4462 3266 4517 Petebat
3293 4477 3421 4531 ergo
3445 4462 3552 4517 Me-

282 4566 399 4619 pus,
448 4548 700 4619 quamvis
729 4548 1041 4602 naturaliter
1068 4548 1183 4617 ipse
1214 4548 1319 4601 vita
1363 4549 1431 4601 sit
1461 4558 1513 4601 et
1544 4546 1864 4602 resurrectio

281 4652 645 4695 mortuorum.
679 4638 933 4692 Similiter
962 4648 1013 4693 et
1043 4638 1230 4693 beatus
1265 4638 1580 4692 Ambrosius
1615 4637 1751 4704 (Lib.
1801 4637 1863 4690 de

283 4730 493 4782 lucem.
529 4725 710 4790 Dom.,
734 4743 847 4791 cap.
866 4727 923 4797 5)
953 4744 965 4779 :
993 4727 1133 4781 Idem
1162 4728 1478 4797 patiebatur,
1497 4736 1552 4783 et
1578 4742 1679 4780 non
1697 4726 1862 4795 patieo

283 4822 476 4886 batur;
511 4818 862 4884 moriebatur,
885 4829 939 4874 et
960 4835 1063 4873 non
1089 4820 1449 4884 moriebatur;
1482 4817 1859 4887 sepeliebatur,

280 4924 336 4968 et
378 4931 484 4969 non
517 4915 909 4985 sepeliebatur;
955 4912 1267 4977 resurrexit,
1312 4920 1368 4966 et
1414 4926 1518 4965 non
1551 4911 1859 4966 resurrexit.

280 5007 371 5063 Sic
393 5019 446 5063 et
468 5009 740 5063 hominem
766 5008 990 5062 dicimus
1013 5006 1273 5073 hodieque
1291 5005 1419 5075 pati,
1444 5002 1599 5071 mori,
1625 5002 1862 5072 sepeliri,

280 5118 401 5157 cum
427 5110 605 5157 tamen
636 5103 812 5155 anima
844 5102 959 5169 ejus
989 5102 1134 5155 nullo
1160 5103 1267 5155 line
1296 5099 1591 5155 claudatur.
1623 5100 1865 5168 Quapro-

282 5202 399 5256 pter
426 5191 742 5245 derelictum
771 5206 830 5245 se
874 5191 975 5245 sub
999 5191 1413 5260 interrogatione
1462 5198 1707 5257 testatur,
1740 5189 1864 5260 quia

281 5298 468 5336 revera
526 5282 773 5336 manibus
822 5281 1297 5350 impiornnrtradi
1345 5296 1448 5335 non
1494 5290 1723 5350 poterat,
1761 5279 1862 5335 nisi

282 5370 580 5439 majestatis
609 5370 728 5437 ejus
758 5372 988 5437 petentia
1020 5372 1141 5424 talia
1178 5371 1289 5424 ﬁeri
1322 5371 1689 5439 permisisset;
1722 5372 1862 5427 sicut

282 5464 333 5516 in
365 5461 661 5531 Evangelio
688 5460 887 5515 dictum
910 5472 991 5515 est
1018 5480 1029 5514 :
1064 5461 1183 5514 Non
1209 5462 1418 5516 haberes
1444 5463 1495 5516 in
1521 5479 1598 5517 me
1636 5471 1862 5529 potesta-

281 5563 399 5618 tein,
425 5555 525 5608 nisi
547 5553 636 5606 tibi
657 5554 777 5605 data
802 5554 978 5623 [uisset
1001 5556 1214 5623 desuper
1244 5553 1425 5623 (Joan.
1458 5570 1564 5618 xIx,
1600 5553 1708 5621 Η).
1736 5555 1860 5609 Cla-

282 5656 390 5699 mat
414 5648 577 5700 etiam
594 5660 713 5714 quas
746 5646 1181 5715 patiturhutnana
1211 5646 1497 5715 susceptio,
1523 5645 1860 5717 blasphemas

283 5752 463 5806 voces,
487 5746 542 5793 et
564 5736 758 5806 impias
779 5738 1224 5793 murmurationcs
1257 5738 1540 5806 abjiciens;
1566 5738 1693 5793 dicit
1716 5738 1856 5793 enim

1973 4561 2147 4616 diator
2176 4560 2271 4615 Dei
2298 4568 2352 4614 et
2378 4557 2658 4613 hominum
2682 4553 2928 4609 Christus
2956 4566 3060 4607 non
3090 4552 3427 4621 insipienter,
3456 4552 3550 4606 sed

1971 4632 2294 4722 prudenter;
2328 4658 2382 4702 et
2417 4657 2593 4702 tamen
2622 4661 2725 4700 non
2751 4653 2963 4700 constat
2991 4658 3111 4698 eum
3145 4644 3403 4706 auditum,
3428 4646 3552 4711 quia

1971 4742 2154 4797 mundi
2206 4741 2502 4809 redemptio
2532 4740 2608 4809 sic
2646 4748 2760 4793 erat
2792 4736 3016 4791 Domino
3046 4735 3388 4805 dispensante
3418 4750 3551 4789 vcn-

1971 4843 2110 4889 tura.

2040 4923 2198 4978 Vers.
2237 4922 2290 4977 3.
2332 4920 2375 4973 Τ
2380 4937 2409 4972 tt
2446 4928 2615 4973 autem
2650 4917 2703 4970 in
2742 4900 2913 4970 sancto
2951 4914 3173 4983 habitas,
3213 4915 3326 4968 laus
3363 4912 3547 4968 Israel.

1970 5014 2255 5082 Postquam
2312 5025 2372 5066 se
2409 5010 2615 5064 dixerat
2645 5007 2881 5062 auditum
2933 5022 3036 5060 non
3086 5006 3245 5061 fuisse
3277 5023 3289 5057 :
3325 5022 3391 5061 ne
3432 5008 3551 5076 quis

1966 5114 2178 5176 putaret
2207 5105 2373 5159 Deum
2403 5102 2615 5157 Patrem
2644 5100 2918 5170 preprium
2974 5097 3163 5153 Filium
3194 5114 3298 5154 non
3343 5113 3548 5165 amare,

1966 5196 2091 5268 quia
2140 5211 2261 5251 eum
2309 5192 2669 5250 dissimulavit
2714 5191 2917 5254 audire,
2951 5190 3018 5246 de
3044 5206 3150 5258 quo
3179 5193 3295 5257 ipse
3325 5198 3548 5245 testatus

1966 5298 2077 5346 est:
2096 5287 2199 5343 Hic
2216 5298 2288 5341 est
2314 5285 2482 5340 Filius
2505 5301 2643 5337 meus
2666 5285 2900 5350 dilectus,
2919 5285 2972 5337 in
2999 5299 3096 5351 quo
3120 5284 3243 5334 mihi
3272 5282 3393 5335 bene
3413 5297 3550 5335 com-

1966 5379 2138 5450 placui
2165 5378 2374 5447 (Matth.
2410 5393 2488 5444 ιιι,
2528 5376 2611 5446 i7)
2639 5392 2653 5440 ;
2681 5374 2875 5445 adjecit
2905 5388 3111 5441 magna:
3143 5370 3442 5425 dilectionis
3466 5371 3548 5425 itt-

1965 5471 2182 5533 dicium,
2214 5470 2439 5523 dicendo
2467 5487 2477 5520 :
2513 5467 2589 5521 Tu
2616 5476 2783 5519 autem
2814 5465 2863 5517 in
2892 5473 3067 5516 sancto
3090 5462 3306 5526 habitas,
3333 5462 3445 5515 laus
3469 5463 3549 5518 ls-

1964 5563 2092 5615 rael.
2124 5561 2187 5613 In
2217 5571 2391 5613 sancto
2422 5560 2643 5623 habitas,
2679 5556 3094 5610 inramatiooem
3127 5571 3275 5608 suam
3308 5554 3549 5610 declara-

1963 5652 2076 5716 vit;
2108 5652 2243 5705 sicut
2269 5660 2321 5705 ct
2353 5652 2402 5705 in
2436 5650 2539 5702 alio
2568 5650 2683 5703 loco
2712 5647 2865 5701 dicit:
2890 5645 3099 5698 Custodi
3121 5647 3341 5699 animam
3364 5665 3548 5710 meam,

1963 5745 2205 5812 quoniam
2237 5753 2436 5796 sanctus
2469 5759 2576 5797 sum
2610 5742 2780 5812 (I’sal.
2816 5760 3009 5811 LXXXV,
3052 5743 3130 5813 9.).
3179 5744 3313 5799 Laus
3362 5744 3549 5811 Israel,
