4030 6172
474 290 574 349 155

1679 289 1749 343 Μ.
1790 285 2070 344 AURELll
2108 282 2524 341 CASSIODORI.

3631 281 3733 340 156

472 426 567 481 per
598 408 813 464 modum
842 408 1174 463 deﬁnitivuut
1206 406 1399 459 dicitur
1429 403 1557 472 quid
1581 403 1649 457 sit
1677 403 1855 467 Pater,
1896 401 1949 456 id
1977 409 2057 456 est
2084 404 2134 462 Α
2166 397 2435 467 bumiliat,
2468 407 2615 452 tanto
2657 399 2884 467 amplius
2913 398 3179 454 exaltetur
3225 396 3290 450 ad
3330 395 3576 466 gleriam.
3610 396 3730 452 Non

469 504 580 557 laus
608 502 795 556 Israel.
828 499 992 553 Deum
1023 500 1217 568 quippe
1261 496 1548 550 videntium
1578 499 1690 566 ipse
1716 509 1899 550 revera
1931 493 2046 547 laus

428 600 431 603 ‘
466 602 570 662 est,
600 592 692 662 qui
716 591 913 644 sanctis
939 591 1116 643 omnia
1147 588 1375 658 gloriosa
1403 588 1669 641 concedit.
1689 588 1751 639 L‘t
1776 595 1859 640 est
1886 583 2045 638 tertia

436 664 439 666 ’
468 679 798 736 deﬁnitionis
825 681 1050 747 species,
1085 693 1202 746 quae
1232 678 1417 732 Graece
1441 678 1673 742 ποιότης,
1708 676 1895 730 Latine
1919 679 2049 742 qua-

472 771 679 824 litativa
728 769 940 822 dicitur.
1000 767 1122 821 llzec
1165 766 1393 821 dicendo
1424 766 1571 835 quid,
1615 766 1769 833 quale
1810 765 1896 830 sit,
1949 763 2049 818 hoc

472 861 611 915 unde
640 860 834 931 agitur,
862 860 987 928 quid
1011 861 1080 913 sit
1106 857 1386 914 evidenter
1415 857 1667 912 ostendit.

544 950 697 1008 Vers.
725 955 775 1006 4.
798 953 861 1005 In
884 963 929 1006 te
949 962 1276 1023 speraverant
1307 960 1473 1019 patres
1498 952 2047 1016 nostri;speraverunt,

469 1053 513 1095 et
545 1042 767 1097 liberasti
809 1058 915 1096 eos.
967 1042 1043 1095 Ne
1084 1042 1331 1095 duritiam
1375 1038 1651 1109 quisquam
1698 1047 1906 1108 putaret
1942 1038 2049 1108 73

471 1136 665 1199 Patris,
696 1136 832 1189 sicut
852 1134 1049 1189 dictum
1078 1145 1179 1199 est,
1199 1133 1339 1205 quod
1358 1146 1415 1186 se
1440 1132 1606 1185 Filius
1630 1146 1735 1186 non
1768 1130 2049 1199 proﬁtetur

470 1228 733 1292 auditum,
770 1236 1053 1296 tanguntur
1084 1226 1149 1281 ab
1190 1226 1302 1293 ipso
1336 1224 1567 1279 breviter
1606 1223 1693 1278 illa
1734 1237 1853 1292 quae
1898 1229 2048 1290 geSIa

475 1328 618 1371 sunt.
650 1317 856 1386 Eripuit
878 1316 1016 1370 eni.n
1049 1316 1303 1385 populum
1336 1313 1496 1368 Israel
1523 1313 1590 1367 de
1618 1319 1759 1365 terra
1790 1306 2047 1379 Egypti;

474 1409 615 1463 eruit
662 1420 769 1462 tres
801 1423 993 1477 pueros
1021 1409 1087 1461 de
1113 1408 1357 1471 camino;
1393 1405 1637 1459 liberavit
1665 1402 1939 1456 Danielem
1981 1401 2051 1457 de

474 1502 591 1555 lacu
628 1501 873 1565 leonum;
905 1510 961 1555 et
990 1500 1091 1553 alia
1121 1514 1213 1553 seu
1246 1514 1364 1568 qua:
1395 1497 1545 1561 ﬁunt,
1580 1511 1673 1549 seu
1720 1509 1839 1563 qua:
1868 1493 2051 1563 legun-

475 1598 563 1643 tur
617 1590 916 1644 innumera.
952 1588 1058 1644 Sed
1108 1602 1228 1640 cum
1284 1585 1397 1638 haec
1431 1592 1573 1637 tanta
1630 1581 2050 1649 supplicantibus

473 1681 587 1734 sive
626 1681 952 1749 praasﬁterit,
1003 1678 1119 1731 sive
1167 1684 1401 1746 prmstct,
1463 1683 1640 1727 tamen
1674 1669 1813 1725 Filio
1842 1673 2048 1743 prapria

2150 492 2339 554 homo,
2366 489 2415 543 id
2447 497 2530 545 est
2575 505 2678 543 non
2728 500 3011 561 peccator,
3067 488 3208 559 quod
3248 489 3300 542 in
3355 489 3448 543 illo
3478 504 3600 544 esse
3628 506 3733 547 non

2151 581 2339 649 potuit.
2368 579 2541 634 Homo
2564 597 2691 651 ergo
2721 581 2936 647 dicitur,
2972 591 3229 652 quantum
3265 581 3494 651 pertinet
3533 581 3598 636 ad
3625 582 3732 636 ltu-

2152 688 2362 727 manam
2396 684 2659 728 naturam.
2711 674 2853 729 idem
2902 692 3002 728 non
3041 675 3193 728 homo
3235 676 3535 744 appellatur
3570 693 3581 728 :
3612 677 3733 746 quia

2150 764 2291 833 quod
2319 773 2401 819 est
2430 766 2703 834 proprium
2728 766 2980 830 hominis,
3015 779 3227 835 peccata
3260 782 3363 821 n0n
3386 767 3585 822 habuit.
3603 768 3732 825 Nam

2151 860 2205 909 et
2260 854 2505 910 diabolus
2546 858 2598 912 in
2646 858 2937 927 Evangelio
2979 859 3154 914 dictus
3204 869 3287 916 est
3342 860 3522 928 homo,
3559 871 3613 920 ut
3653 874 3734 917 est

2155 943 2285 999 illud
2312 962 2325 999 :
2362 945 2607 999 Inimicus
2654 946 2808 1001 homo
2838 948 3254 1019 superseminavit
3285 950 3484 1003 zizania
3516 950 3730 1021 (Matth.

2154 1035 2399 1107 xnt,25).
2438 1036 2585 1093 Unde
2613 1040 2714 1094 hoc
2745 1054 2937 1093 nomen
2960 1055 3076 1096 esse
3098 1050 3309 1095 constat
3331 1041 3730 1113 homonymum.

2158 1124 2705 1199 Opprobriumautem
2738 1129 2997 1183 hominum
3052 1130 3146 1183 luit
3178 1131 3390 1200 quando
3420 1148 3539 1186 eum
3565 1135 3734 1203 sputis

2156 1215 2449 1271 innumeris
2482 1220 2879 1290 compluebant,
2904 1231 2958 1275 et
2981 1222 3145 1289 alapis
3172 1223 3448 1293 sacrilegis
3478 1226 3727 1280 verbera-

2157 1307 2301 1362 bant.
2336 1307 2564 1379 Abjectio
2616 1312 2772 1380 plebis
2818 1311 2946 1379 luit,
3000 1313 3215 1381 quando
3263 1314 3481 1369 Pontius
3533 1315 3736 1372 Pilatus

2154 1398 2371 1470 (Matth.
2404 1417 2584 1466 xxvn,
2628 1400 2721 1473 27)
2764 1402 2913 1459 dedit
2967 1404 3136 1460 turbis
3174 1414 3521 1473 potestatem,
3575 1423 3736 1476 quem

2154 1488 2355 1543 vellent
2390 1490 2491 1544 sibi
2531 1491 2725 1546 dimitti
2755 1509 2769 1547 :
2802 1493 2878 1547 illi
2916 1493 3209 1549 Barabbam
3237 1497 3517 1567 eligentes,
3575 1498 3731 1554 Chri-

2154 1587 2295 1634 stum
2322 1579 2607 1637 Dominum
2641 1582 2815 1652 potius
2838 1583 3172 1653 abiecerunt.

2230 1691 2386 1747 Vers.
2416 1693 2468 1745 7.
2498 1692 2684 1748 Omnes
2715 1695 2800 1765 qui
2824 1696 3057 1750 videbant
3089 1712 3169 1750 me
3200 1697 3604 1763 aspernabantur
3625 1714 3736 1763 me;

475 1787 579 1823 ποη
624 1770 866 1840 Pellem“:
909 1768 998 1822 εεά
1042 1783 1134 1836 Pro
1178 1766 1321 1819 πυθίδ
1367 1764 1608 1857 omni?”
1641 1762 1857 1857 "adfui?
1907 1763 2052 1816 mum
2085 1781 2129 1841 Β
2159 1782 2314 1837 locuti
2342 1793 2459 1837 sunt
2478 1784 2646 1849 labiis,
2679 1762 3010 1840 et'rnoverunt
3033 1796 3217 1857 caput.
3242 1762 3453 1852 Danaes,
3486 1788 3553 1843 de
3583 1762 3736 1845 malis

473 1860 651 1931 (Rom.
680 1877 795 1927 vin,
827 1860 940 1930 32),
982 1870 1037 1913 ut
1066 1860 1414 1928 implerentur
1453 1854 1698 1910 videlicet
1739 1855 2049 1923 Scripturae,

474 1962 527 2006 et
550 1952 695 2005 salus
722 1950 902 2005 mundi
934 1951 1099 2018 ipsius
1127 1949 1374 2019 passione
1398 1947 1721 2017 proveniret.
1760 1946 1942 1999 Patres
1964 1959 2057 1999 au-

474 2051 585 2098 tem
614 2058 739 2097 suos
764 2042 903 2112 quod
936 2043 1176 2097 Christus
1206 2042 1461 2096 Dominus
1491 2039 1643 2107 dicit,
1672 2052 1740 2093 ex
1784 2038 1873 2093 illa
1906 2048 2056 2107 parte

475 2134 634 2190 debet
656 2133 902 2202 intelligi,
930 2147 1031 2202 qua
1058 2142 1111 2187 et
1141 2132 1331 2187 fratres
1354 2146 1479 2185 Suos
1500 2130 1774 2199 apostolos
1800 2129 2012 2184 vocavit
2038 2143 2054 2194 ;

475 2230 613 2283 sicut
649 2228 702 2281 in
738 2226 1021 2296 Evangelia
1050 2237 1168 2296 post
1197 2225 1642 2279 resurrectionem
1678 2236 1829 2276 suam
1874 2222 2008 2275 dixit
2037 2238 2053 2275 :

482 2315 629 2370 Vade
672 2315 741 2368 ad
769 2316 953 2385 fratres
996 2330 1149 2380 meos,
1194 2323 1239 2368 et
1284 2315 1417 2367 dices
1452 2314 1519 2366 ad
1569 2328 1652 2367 eos
1686 2326 1701 2364 :
1730 2310 1961 2366 Ascendo
1988 2310 2057 2365 ad

475 2406 682 2462 Patrem
712 2424 900 2472 meum,
930 2417 976 2460 et
1003 2405 1206 2459 Patrem
1231 2414 1449 2460 vestrum
1476 2402 1651 2475 (Joan.
1682 2418 1774 2471 xx,
1796 2402 1917 2473 ¹ΓΙ).

549 2496 699 2553 Vers.
734 2500 786 2553 5.
813 2498 889 2550 Ad
922 2506 968 2551 te
1000 2497 1364 2561 clamauerunt,
1398 2506 1444 2549 et
1488 2495 1612 2548 salvi
1637 2494 1762 2564 facti
1791 2500 1941 2557 sunt;
1982 2491 2037 2545 in

478 2595 525 2640 te
551 2596 898 2656 speraverant,
940 2594 987 2639 et
1034 2601 1134 2638 non
1167 2594 1287 2638 sunt
1338 2583 1559 2653 confusi.
1611 2582 1920 2637 Certissima
1968 2587 2056 2634 est

477 2678 743 2732 sententia
773 2690 893 2746 quae
923 2672 1786 2732 dcmonstratcﬁ'ectum.Necesse
1803 2680 1885 2728 est
1905 2672 2050 2726 enim

480 2777 538 2821 ut
568 2767 633 2821 ad
667 2766 945 2821 utilitatem
977 2781 1126 2820 suam
1160 2765 1403 2819 audiatur
1431 2766 1521 2835 qui
1552 2766 1745 2818 clamat
1774 2763 1839 2817 ad
1871 2761 2054 2818 Domi-

480 2873 631 2912 num.
662 2858 853 2926 Quanti
893 2859 1034 2912 enim
1078 2867 1342 2928 martyres
1379 2858 1445 2912 ab
1475 2856 1773 2911 inlidelibus
1802 2871 1905 2909 non
1935 2871 2055 2910 cre-

484 2948 744 3003 debantur
771 2949 962 3016 audiri,
994 2948 1120 3003 dum
1150 2962 1242 3003 eos
1273 2948 1564 3018 corporalis
1595 2963 1749 3015 poma
1765 2962 2053 3001 consume-

480 3049 588 3105 ret;
613 3039 707 3095 sed
738 3040 815 3094 illi
842 3041 1108 3109 potentius
1138 3039 1302 3094 auditi
1334 3050 1477 3105 sunt,
1510 3036 1595 3109 qui
1628 3054 1881 3094 coronam
1913 3042 2055 3092 mar;

479 3134 600 3203 tyrii
631 3134 902 3202 percipere
934 3142 1260 3187 meruerunt.
1288 3131 1539 3186 Dominus
1570 3147 1698 3200 ergo
1722 3132 1893 3199 juStos
1922 3144 2048 3184 suos
2076 3142 2123 3204 ε

478 3238 692 3292 semper
744 3222 980 3287 exaudit,
1010 3221 1105 3276 sed
1149 3221 1596 3290 quemadmodum
1643 3221 1750 3275 illis
1790 3221 2049 3291 expedire

480 3313 771 3385 cognoscit.
822 3315 928 3368 Nec
975 3322 1132 3369 vacat
1185 3313 1325 3384 quod
1372 3323 1698 3383 speraverant
1745 3314 2050 3383 ltequenter

479 3405 726 3471 iteravit;
752 3406 915 3475 ﬁgura
939 3415 1021 3461 est
1046 3406 1188 3461 enim
1219 3420 1335 3475 quae
1363 3404 1550 3461 Grzece
1573 3406 1767 3460 dicitur
1792 3406 2049 3474 epemba-

480 3498 575 3562 sis,
597 3497 784 3552 Latine
807 3497 1048 3563 iteratio,
1081 3498 1290 3567 quoties
1332 3513 1425 3567 per
1453 3497 1660 3568 singula
1691 3508 1953 3552 commata
1985 3497 2050 3552 ad

480 3588 725 3644 decorem
748 3590 1035 3644 maximum
1062 3590 1222 3644 verba
1254 3591 1611 3662 geminantur.
1645 3589 1764 3644 Non
1788 3600 1906 3644 sunt
1930 3607 2056 3644 con-

482 3678 601 3748 fusi,
628 3692 761 3749 quos
783 3679 964 3747 utique
988 3687 1244 3733 venturos
1274 3688 1483 3734 constat
1506 3679 1571 3733 ad
1605 3680 1906 3748 prmmium.
1933 3681 2047 3735 Non

481 3771 624 3826 enim
652 3770 1022 3838 contunditur,
1051 3772 1143 3842 qui
1172 3770 1372 3827 bonum
1403 3771 1729 3828 desiderium
1760 3788 1913 3829 suum
1941 3772 2057 3828 adi-

484 3861 614 3932 pisci
646 3876 803 3932 posse
832 3869 1183 3918 monstratur.

555 3952 707 4008 Vers.
740 3955 793 4009 6.
826 3952 936 4025 Ego
963 3964 1129 4009 autem
1148 3970 1261 4009 sum
1286 3954 1489 4023 vermis,
1523 3964 1572 4009 et
1609 3971 1712 4009 non
1733 3954 1884 4010 homo
1908 3969 1928 4020 ;
1958 3971 2054 4022 op-

486 4042 742 4113 probrium
777 4043 1040 4098 hominum
1091 4052 1138 4099 et
1174 4045 1390 4116 abjectio
1420 4042 1598 4114 plebis.
1637 4045 1747 4100 Hoc
1794 4060 1888 4113 per
1929 4044 2062 4116 ﬁgu-

486 4148 596 4189 ram
636 4133 835 4189 dicitur
863 4134 1147 4204 tapinosin,
1180 4150 1297 4204 qua:
1337 4135 1523 4191 Latine
1566 4135 1864 4192 humiliatio
1914 4153 2056 4190 nun-

485 4234 731 4294 cupatur,
762 4226 971 4295 qumies
1004 4226 1312 4297 magnitudo
1340 4227 1601 4282 mirabilis
1632 4228 1791 4283 rebus
1824 4227 2059 4281 humilli-

487 4315 589 4369 mis
616 4327 988 4385 comparatur;
1020 4316 1159 4370 sicut
1188 4317 1476 4384 Apostolus
1503 4317 1577 4371 ait
1601 4334 1614 4371 :
1640 4316 1860 4387 lnﬁrma
1883 4318 2064 4373 mundi

2156 1883 2363 1930 tantum
2395 1876 2799 1946 suscipiendum
2848 1887 2963 1942 est;
3013 1893 3135 1932 nam
3181 1879 3229 1933 si
3276 1878 3505 1935 misceas
3535 1878 3735 1945 ﬁdeles,

2158 1979 2262 2021 non
2299 1974 2473 2034 potest
2500 1974 2644 2021 stare
2673 1967 2959 2023 sententia.
2985 1968 3115 2034 Qua:
3134 1970 3302 2039 ﬁgura
3322 1969 3505 2025 Graece
3538 1969 3734 2024 dicitur

2156 2055 2520 2126 synecdoche,
2555 2055 2744 2113 Latine
2772 2071 2803 2111 a
2837 2066 2949 2113 toto
2986 2073 3128 2127 pars.
3160 2059 3577 2127 Aspernabantur
3605 2074 3735 2128 ergo

2156 2144 2328 2201 Judaei
2351 2145 2635 2201 Dominum
2665 2146 3018 2215 Salvatorem,
3042 2148 3255 2219 quando
3277 2149 3527 2206 dicebant
3553 2167 3566 2205 :
3594 2149 3741 2205 Alios

2154 2238 2324 2293 salvos
2355 2237 2496 2308 fecit,
2527 2239 2749 2308 seipsum
2776 2254 2876 2293 non
2904 2248 3068 2309 potest
3090 2240 3287 2296 salvum
3309 2242 3477 2310 {acere
3509 2240 3729 2311 (Matth.

2159 2346 2327 2395 xxvu,
2349 2330 2463 2400 42),
2496 2338 2551 2386 et
2575 2341 2789 2386 caetera.
2810 2330 3031 2401 Proprie
3054 2340 3231 2387 autem
3253 2333 3427 2402 posuit
3459 2332 3603 2385 labiis
3632 2345 3733 2388 eos

2156 2420 2313 2487 fuisse
2338 2418 2555 2474 locutos.
2580 2419 2736 2477 Tales
2758 2421 2899 2475 enim
2928 2436 3054 2484 ore,
3094 2436 3198 2475 non
3219 2420 3383 2476 corde
3412 2420 3735 2487 fabulantur,

2152 2509 2348 2583 quibus
2379 2525 2485 2564 non
2535 2511 2776 2577 provenit
2818 2510 2969 2565 ﬁrma
3026 2510 3413 2567 deliberatione
3454 2512 3735 2568 sententia.

2157 2597 2293 2670 Quid
2323 2607 2496 2655 tamen
2529 2600 2614 2657 isti
2635 2600 2781 2654 labiis
2803 2601 3174 2671 loquebantur?
3204 2600 3263 2657 Si
3294 2601 3463 2656 Filius
3498 2602 3586 2655 Dei
3612 2611 3682 2655 est
3703 2642 3719 2666 ,

2158 2689 2426 2744 descendat
2453 2690 2515 2745 de
2559 2706 2705 2745 cruce
2744 2689 2990 2762 (Ibidem,
3034 2693 3147 2761 40).
3199 2692 3340 2747 Istud
3381 2693 3522 2747 enint
3554 2694 3735 2747 animo

2158 2780 2496 2852 riserepante
2516 2781 2828 2837 videbantur
2860 2793 3062 2841 tantum
3099 2783 3239 2839 labia
3271 2798 3581 2852 personare.
3606 2782 3739 2840 Nam

2160 2882 2217 2927 ut
2274 2888 2368 2943 per
2421 2873 2785 2939 iracundiam,
2834 2889 2940 2929 non
3006 2890 3100 2944 per
3151 2875 3411 2931 rationem
3475 2878 3729 2943 probares

2159 2966 2379 3029 dietum,
2410 2965 2626 3034 adjecit,
2657 2973 2916 3019 moverunt
2963 2976 3137 3036 caput,
3169 2966 3310 3037 quod
3357 2968 3619 3021 minantes
3648 2964 3721 3018 la-

2158 3061 2326 3127 ciuut,
2371 3075 2476 3113 non
2496 3059 2821 3131 judicantes.

2229 3196 2380 3252 Vers.
2410 3197 2465 3252 8.
2496 3195 2734 3265 Speravit
2764 3195 2818 3248 in
2854 3193 3093 3259 Domino,
3125 3192 3307 3258 eripiat
3354 3206 3501 3257 eum;
3541 3192 3735 3248 salvum

2154 3288 2309 3358 faciat
2334 3304 2472 3355 eum,
2498 3286 2740 3357 quoniam
2754 3285 2859 3339 vult
2885 3302 3019 3339 eunt.
3043 3285 3153 3340 lloe
3183 3298 3276 3354 per
3298 3284 3515 3354 ﬁguram
3539 3283 3736 3338 dictum

2153 3390 2236 3436 est
2258 3395 2286 3433 a
2318 3378 2541 3445 Judmis,
2576 3395 2694 3449 quae
2717 3377 2902 3434 Graece
2931 3377 3127 3433 dicitur
3152 3377 3343 3441 ironia,
3379 3375 3562 3429 Latine
3604 3373 3728 3428 irri-

2155 3470 2266 3534 sio,
2303 3470 2443 3523 aliud
2468 3484 2625 3537 quam
2667 3477 2891 3523 conatur
2920 3481 2953 3521 o
2972 3467 3230 3521 tendens.
3262 3464 3437 3520 Verba
3467 3464 3733 3532 siquidem

2158 3560 2257 3615 ista
2289 3558 2595 3628 specialiter
2615 3557 2892 3628 Evangelii
2920 3566 3074 3622 sunt;
3103 3557 3351 3613 dicebant
3370 3554 3515 3609 enim
3544 3554 3737 3620 ludai,

2162 3650 2374 3717 quando
2407 3648 2670 3717 pendebat
2712 3649 2763 3702 in
2791 3663 2950 3703 cruce
2978 3662 2992 3699 :
3028 3647 3266 3715 Speravit
3316 3648 3368 3699 in
3400 3642 3645 3708 Domino,
3675 3644 3739 3695 li-

2162 3742 2297 3795 beret
2322 3757 2479 3807 nunc,
2501 3742 2544 3793 si
2566 3742 2697 3806 vult,
2722 3756 2835 3793 eum
2865 3738 3267 3809 (Matth.xav-n,
3298 3735 3412 3806 45).
3509 3736 3740 3791 caelestis

2162 3830 2477 3902 integritas!
2512 3830 2701 3885 Nonne
2743 3830 2989 3884 videmur
3034 3828 3124 3884 hic
3170 3828 3347 3898 potius
3397 3827 3740 3897 Evangelium

2161 3932 2444 3980 recensere
2486 3937 2645 3993 quam
2697 3922 2992 3992 psalmum,
3051 3921 3266 3992 quando
3322 3929 3465 3976 tanta
3509 3921 3740 3975 veritate

2162 4018 2425 4087 completa
2456 4025 2596 4081 sunt,
2627 4024 2684 4069 ut
2715 4028 2822 4069 non
2864 4014 3061 4080 t‘utura,
3092 4013 3191 4069 sed.
3217 4020 3476 4067 transacta
3505 4026 3626 4067 esse
3652 4014 3735 4065 vi-

2163 4108 2426 4165 deantur?
2454 4108 2661 4174 Merito,
2688 4122 2756 4163 ne
2798 4106 2923 4177 quid
2947 4115 3037 4161 aut
3062 4107 3368 4163 excusabile
3390 4105 3625 4175 perﬁdis,
3650 4114 3739 4158 aut

2167 4199 2413 4255 ﬁdelibus
2444 4198 2840 4268 relinqueretur
2862 4197 3193 4266 ambiguum.

2236 4332 2391 4387 νει-ς.
2415 4332 2469 4388 9.
2489 4332 2747 4398 Quoniam
2778 4341 2830 4385 tu
2853 4348 2905 4386 es
2931 4332 3017 4402 qui
3038 4330 3332 4385 abs'traristi
3359 4346 3437 4383 me
3463 4332 3525 4385 de
3540 4341 3741 4386 ventre:

488 4403 639 4477 hujus
665 4405 836 4475 elegit,
859 4416 912 4458 ut
937 4406 1217 4476 confundat
1237 4407 1394 4475 fortia
1417 4406 1470 4478 (I
1495 4407 1613 4462 Cor.
1633 4425 1671 4474 t,
1694 4408 1810 4478 27).
1833 4408 2056 4476 Vermis,

2168 4439 2280 4490 spes
2322 4439 2446 4477 mea'
2462 4423 2524 4477 ab
2576 4423 2811 4477 uberibus
2854 4423 3032 4476 matris
3070 4437 3213 4475 mete.
3250 4420 3327 4473 De
3354 4431 3521 4475 ventre
3564 4422 3749 4491 utique

489 4495 651 4557 nirnia
703 4496 914 4565 quidem
965 4497 1175 4552 videtur
1226 4495 1527 4567 abjectione
1574 4501 1903 4564 temnibilis,
1964 4501 2058 4556 sed

491 4591 670 4659 magni
698 4590 937 4645 continet
957 4599 1288 4645 sacramenta
1306 4591 1546 4663 mysterii
1568 4609 1580 4645 :
1600 4593 1837 4647 nascitur
1858 4592 2062 4663 absque

490 4680 795 4749 concubitu,
830 4685 969 4752 repit
998 4683 1239 4751 humilis,
1272 4694 1519 4740 movetur
1557 4686 1674 4740 sine
1704 4687 1904 4740 sonitu.
1933 4686 2065 4752 Qua:

491 4773 533 4828 si
557 4774 887 4841 consideres,
918 4791 1023 4831 non
1054 4774 1321 4831 immerito
1343 4776 1627 4831 Dominum
1652 4777 1919 4833 Chrismm
1944 4794 2063 4833 ver-

492 4882 632 4922 mem
663 4869 984 4938 appellatum
1023 4883 1143 4925 esse
1187 4884 1500 4941 cognosces.
1540 4870 1741 4925 Vermis
1768 4886 1893 4941 ergo
1940 4872 2060 4939 quia

493 4968 758 5037 mortalis,
792 4969 917 5039 quia
943 4969 1010 5025 de
1038 4984 1200 5026 carne
1220 4970 1335 5024 sine
1360 4969 1716 5039 permixtione
1742 4969 1956 5023 humani
1978 4984 2063 5023 se-

492 5057 649 5114 minis
671 5068 827 5115 natus
852 5067 957 5127 est,
986 5060 1109 5129 quia
1144 5060 1247 5115 viae
1289 5059 1457 5130 ipsius
1484 5060 1777 5116 silentiosa:
1808 5066 1861 5115 et
1887 5058 2063 5113 humi-

491 5148 570 5203 les
615 5149 955 5205 exstiterunt.
997 5151 1284 5221 Comparat
1313 5151 1454 5206 enim
1486 5167 1546 5207 se
1575 5150 1797 5207 Creator
1820 5148 2062 5204 humilli-

489 5237 594 5295 mis
619 5242 881 5295 creaturis
903 5242 1034 5309 suis,
1060 5258 1126 5298 ne
1145 5243 1270 5312 quid
1291 5244 1586 5298 :estimares
1609 5241 1896 5312 abiectum,
1919 5242 2059 5310 quod

490 5331 608 5400 ipso
634 5331 873 5387 noscitur
898 5344 1117 5389 anetore
1144 5332 1430 5388 formatum
1449 5374 1465 5399 ,
1489 5335 1627 5387 sicut
1655 5332 1915 5401 scriptum
1941 5339 2023 5386 est
2047 5347 2060 5386 :

494 5419 639 5476 Fecit
665 5422 800 5477 Deus
821 5425 993 5478 omnia
1022 5425 1167 5480 valde
1195 5424 1326 5478 bona
1354 5424 1505 5493 (Gen.
1538 5440 1575 5489 ι,
1604 5423 1716 5494 3t).
1750 5423 1838 5479 Sic
1866 5432 1917 5479 et
1950 5423 2065 5492 ipse

495 5514 659 5570 David
690 5515 964 5572 doctorem
998 5526 1235 5581 secutus,
1272 5516 1631 5571 minutissimo
1676 5530 1736 5570 se
1779 5514 1935 5584 pulici
1975 5529 2066 5569 co-

491 5605 720 5673 aequavit
741 5606 791 5675 (Ι
819 5607 946 5680 Reg.
964 5624 1106 5673 xxvn,
1123 5608 1240 5677 Q0).
1263 5608 1377 5676 Ipsa
1402 5609 1542 5663 enim
1562 5608 1729 5662 virtus
1750 5616 1830 5662 est
1850 5604 2072 5674 religio-

494 5696 597 5758 nis,
626 5708 678 5751 ut
705 5708 900 5768 quanto
923 5715 979 5754 se
1006 5701 1120 5767 plus
1140 5701 1505 5771 unusquisque
1529 5698 1775 5768 exemplo
1797 5692 2065 5751 Creatoris

2169 4514 2441 4584 virginali,
2472 4514 2563 4582 qui
2603 4515 2714 4583 jam
2769 4524 2899 4568 tunc
2952 4515 3018 4567 ab
3068 4511 3346 4581 originalis
3376 4512 3582 4580 peccati
3616 4512 3744 4565 vitio

2164 4613 2552 4669 sequestratus,
2588 4615 2826 4673 tanquam
2859 4620 3079 4670 sponsus
3126 4602 3366 4668 processit
3410 4602 3471 4655 de
3513 4601 3744 4654 thalamo

2164 4692 2334 4765 (Psal.
2365 4709 2515 4757 xvnt,
2549 4694 2625 4761 (ξ).
2666 4694 2791 4748 lnde
2840 4708 2898 4747 se
2936 4694 3067 4747 dicit
3096 4693 3424 4756 abstractum,
3458 4692 3599 4745 unde
3642 4690 3743 4744 ltu-

2166 4786 2394 4839 manitas
2439 4786 2722 4840 tvnehatur
2770 4785 3025 4839 obnoxia.
3070 4786 3191 4839 Sive
3222 4784 3350 4837 illud
3380 4782 3745 4852 accipiendum

2167 4886 2268 4942 est,
2298 4877 2549 4946 quoniam
2582 4875 2651 4930 de
2693 4886 2846 4930 utero
2896 4877 3079 4929 matris
3106 4875 3226 4945 jure
3255 4889 3314 4930 se
3343 4889 3373 4928 a
3404 4874 3628 4929 Domino
3659 4874 3745 4928 di-

2167 4965 2321 5020 cebat
2371 4966 2719 5032 abstractum;
2762 4973 2820 5019 ut
2875 4964 3179 5020 ostenderet
3214 4964 3544 5018 nativitatem
3595 4962 3744 5016 illam

2168 5056 2432 5112 dominica
2462 5058 2659 5111 virtute
2694 5055 3025 5126 perfectam:
3063 5070 3129 5110 ne
3171 5054 3500 5110 incredibilis
3531 5053 3746 5107 videre-

2169 5157 2258 5203 tur
2302 5149 2523 5219 virginis
2575 5157 2791 5217 partus,
2834 5148 2956 5202 dum
3004 5158 3148 5203 esset
3186 5146 3390 5201 Domini
3432 5146 3747 5214 operatione

2167 5241 2482 5309 completus.
2510 5241 2576 5296 Et
2598 5249 2654 5295 ut
2693 5240 2993 5296 declararet
3023 5240 3310 5310 perfectam
3334 5239 3744 5304 humanitatem,

2167 5349 2325 5404 quam
2373 5349 2648 5389 assumere
2696 5344 2854 5404 atque
2892 5343 3190 5387 monstrare
3230 5332 3480 5401 dignatus
3510 5338 3626 5396 est,
3678 5333 3748 5387 ab

2167 5426 2320 5482 initio
2359 5426 2485 5480 vita:
2508 5442 2618 5480 sua:
2640 5441 2789 5495 spem
2819 5440 2966 5479 suam
2998 5424 3122 5477 dicit
3150 5425 3200 5476 in
3228 5423 3451 5476 Domino
3475 5420 3743 5489 posuisse.

2167 5519 2368 5574 Verum
2402 5519 2489 5573 hic
2515 5532 2726 5588 quoque
2778 5514 3333 5584 incomprehensibilis
3381 5512 3659 5575 sanctitas,
3691 5518 3748 5565 et

2169 5607 2455 5678 singularis
2483 5609 2784 5663 ostenditur
2810 5604 3139 5677 magnitudo.
3169 5602 3303 5656 Nam
3329 5599 3415 5653 cui
3434 5598 3528 5654 alii
3555 5596 3746 5681 datum

2166 5704 2249 5750 est
2303 5696 2642 5754 Divinitatem
2695 5710 3009 5767 agnoscere,
3051 5709 3207 5767 quem
3246 5690 3420 5748 adhuc
3458 5698 3753 5762 potuerant
