4030 6172
328 327 432 381 ίῖὶῖ

1293 320 1652 379 EXPOSlTlO
1692 319 1758 375 ΚΝ
1801 316 2263 377 PSALTERIUM.
2307 316 2500 374 PSAL.
2546 316 2683 375 XXI.

3510 322 3610 377 15.8

323 433 494 486 ubera
526 445 763 488 insterna
796 434 1033 490 lactare?
1065 435 1328 505 Incipiens
1355 451 1484 506 ergo
1511 446 1639 492 mtas
1680 434 1915 501 dicebat,
1952 434 1999 493 A
2029 431 2167 484 tauri
2197 431 2454 487 malitiam
2484 432 2895 502 superbiamque
2922 446 3073 487 snam
3094 433 3287 490 erectis
3310 435 3610 492 cervicibus

326 525 395 575 ad
426 526 568 590 quod
599 525 826 579 aliorum
859 528 943 581 vix
969 535 1177 595 poterat
1206 530 1487 597 pervenire
1522 528 1826 583 maturitas.

404 614 560 667 Vers.
595 616 679 671 It).
717 614 781 669 In
821 628 868 671 te
913 618 1140 688 jactatus
1194 636 1309 673 sum
1351 636 1416 675 ea:
1453 632 1635 685 utero;
1665 621 1728 674 tle
1755 628 1928 674 ventre

329 708 513 761 matris
542 723 671 761 mea:
700 707 839 763 Deus
866 726 1007 763 meus
1046 726 1097 764 es
1139 719 1214 766 tu.
1252 712 1319 768 Ut
1360 712 1524 767 homo
1568 712 1669 767 ista
1719 712 1927 768 loculus

328 810 432 855 est.
468 799 606 854 Nam
636 814 759 855 cum
802 814 862 855 se
892 800 1021 855 dicit
1056 806 1306 873 jactatum
1336 804 1388 857 in
1417 804 1665 866 Domino,
1691 802 1929 857 ostendit

330 891 399 945 ab
430 892 670 946 humana
700 893 981 961 iniquitate
1011 907 1073 949 se
1103 892 1269 948 fuisse
1299 893 1609 949 discretum.
1634 892 1784 960 Quod
1826 907 1927 948 au-

332 992 441 1035 tem
468 980 711 1050 sequitur
743 998 757 1035 :
788 980 866 1035 Ea:
894 991 1039 1037 utero
1080 985 1280 1048 matris,
1326 983 1392 1037 ad
1423 998 1667 1039 errorem
1690 982 1926 1052 pertinet

329 1074 669 1145 Synagogre,
722 1074 863 1129 unde
910 1089 1037 1129 eum
1093 1075 1314 1145 perﬁdia
1362 1075 1668 1130 Judreorum
1715 1084 1927 1131 constat

331 1168 638 1235 expulsum.
671 1165 937 1221 Caeterum
968 1166 1085 1221 sine
1118 1167 1227 1221 Deo
1252 1182 1357 1220 non
1381 1167 1479 1221 fuit
1510 1181 1607 1221 nec
1644 1167 1755 1235 ipsa
1798 1181 1931 1219 con-

331 1255 533 1324 ceptio.
581 1256 713 1310 Nam
744 1257 883 1311 sicut
913 1257 1075 1312 homo
1121 1258 1173 1312 in
1206 1257 1573 1327 iniquitatibus
1603 1258 1921 1327 concipitur,

332 1349 413 1403 sic
444 1350 497 1401 in
531 1348 643 1416 ipsa
674 1347 1054 1401 incarnationis
1077 1349 1280 1415 origine
1304 1348 1512 1402 Domini
1540 1348 1761 1415 Christi,
1784 1347 1924 1402 divi-

331 1452 400 1493 na
428 1438 729 1493 substantia
760 1437 1072 1492 humanitati
1112 1438 1294 1507 juncta
1348 1448 1506 1507 atque
1548 1437 1779 1492 adunata
1832 1437 1927 1492 de-

330 1531 597 1594 claratur;
629 1530 767 1583 sicut
818 1539 873 1583 et
918 1529 985 1582 ab
1031 1529 1221 1598 angelo
1266 1528 1446 1583 Maria:
1493 1544 1703 1597 semper
1730 1527 1925 1596 virgini

334 1622 715 1689 prophetatum
742 1627 826 1673 est
856 1635 871 1672 :
904 1619 1128 1689 Spiritus
1174 1629 1378 1673 sanctus
1415 1620 1731 1686 superveniet
1772 1619 1824 1672 in
1854 1628 1921 1685 te,

330 1720 379 1764 et
452 1711 618 1763 virtus
672 1710 921 1764 Altissinti
966 1709 1281 1765 obumbrabit
1313 1710 1451 1763 tibi:
1480 1720 1746 1781 propterea
1790 1711 1923 1776 quod

333 1814 580 1857 nascetur
613 1819 677 1857 ea:
710 1810 769 1857 'te
800 1812 1064 1870 sanctum,
1112 1803 1371 1856 vocabitur
1420 1800 1467 1855 ρ
1471 1804 1589 1857 ilius
1636 1804 1726 1858 Dei
1769 1803 1923 1874 (Luc.

332 1908 380 1957 ι,
423 1892 552 1962 55).

409 1985 568 2040 Vers.
602 1987 691 2040 Η.
720 1983 805 2039 Ne
847 1985 1136 2041 discesseris
1177 2002 1210 2039 a
1245 1985 1626 2055 me:quouiam
1667 1984 1930 2040 tribulatio

333 2079 581 2147 proxima
608 2087 702 2141 est,
729 2086 779 2131 et
809 2093 909 2132 non
942 2086 1015 2132 est
1046 2077 1133 2149 qui
1178 2077 1407 2149 adjuvet.
1440 2076 1577 2130 Metu
1607 2076 1796 2131 mortis
1822 2075 1931 2147 74

332 2180 389 2225 et
441 2170 544 2223 ista
577 2168 785 2239 prolata
826 2176 952 2223 sunt
984 2185 999 2222 :
1032 2169 1154 2237 quia
1203 2168 1444 2223 dicturus
1483 2179 1598 2222 erat
1627 2185 1641 2221 :
1676 2167 1854 2234 Pater,
1882 2168 1929 2221 si

331 2260 450 2327 ﬁeri
473 2269 662 2331 potest,
695 2268 919 2314 transeat
942 2276 973 2313 a
998 2275 1076 2313 me
1103 2258 1241 2314 calix
1272 2260 1364 2313 iste
1389 2258 1602 2331 (Matth.
1633 2275 1785 2323 xxvr,
1809 2258 1924 2330 59).

328 2349 745 2405 Tr'ibulationem
774 2363 903 2404 vero
950 2348 1081 2404 dicit
1126 2350 1313 2405 mortis
1352 2351 1760 2420 cogitationem,
1806 2363 1927 2419 quae

331 2442 498 2511 longe
529 2448 653 2511 post
679 2440 893 2496 saeculis
923 2440 1258 2496 imminebat.
1288 2440 1458 2508 Quam
1498 2440 1617 2495 ideo
1647 2439 1927 2495 denuntiat

329 2536 646 2606 proximam,
670 2543 725 2588 ut
747 2533 1040 2603 assumptio
1068 2548 1212 2589 vera:
1238 2532 1416 2588 carnis
1444 2531 1712 2587 trisdtiam
1744 2538 1928 2586 osteno

330 2627 490 2682 deret
518 2624 784 2697 passionis
812 2642 823 2679 :
855 2626 967 2683 sive
988 2627 1107 2697 quia
1140 2625 1212 2680 illi
1234 2626 1467 2681 vicinum
1494 2633 1577 2681 est
1599 2639 1757 2681 omne
1784 2623 1927 2696 quod

332 2728 625 2772 venturum
667 2727 782 2785 est,
825 2719 965 2773 sicut
992 2718 1252 2787 prOpheta
1282 2717 1411 2772 dicit
1442 2717 1740 2782 :.Quoniam
1785 2716 1927 2771 mille

331 2811 460 2863 anni
486 2819 607 2864 ante
637 2811 812 2864 oculos
834 2818 969 2876 tuos,
998 2809 1130 2863 sicut
1159 2809 1266 2863 dies
1292 2809 1553 2863 hesternus
1578 2809 1666 2878 qui
1712 2818 1927 2880 prteter-

339 2903 431 2955 ieit
460 2900 636 2970 (Psal.
667 2917 889 2967 Luxu,
924 2901 1001 2973 4).
1036 2899 1160 2956 Sive
1190 2900 1565 2956 tribulationem
1593 2900 1723 2955 dicit
1746 2899 1926 2971 proxi-

329 3011 499 3057 mam,
525 2994 648 3063 quia
680 3002 795 3047 erat
822 2992 875 3048 in
901 3008 995 3048 sua
1021 3008 1182 3049 carne
1219 3007 1491 3062 passurus.
1531 2992 1662 3047 Nam
1701 2992 1925 3062 quicun-

2031 523 2373 587 inllaverunt.
2395 536 2450 580 et
2477 525 2778 579 innocentis
2806 528 3118 595 sanguinem
3151 530 3464 583 truculentis
3492 545 3613 583 eor-

2033 615 2185 669 nibus
2216 616 2535 672 effuderunt.
2589 619 2724 687 Apte
2765 632 2891 671 vero
2937 618 3138 671 addidit
3194 620 3428 687 pingues.
3460 620 3611 675 Tunc

2031 708 2172 762 enim
2192 708 2361 777 ipsum
2381 708 2579 763 animal
2602 709 2761 764 nimis
2791 708 3030 763 redditur
3057 710 3370 778 inquietum,
3393 711 3612 779 quando

2034 801 2353 871 pinguedine
2383 801 2545 856 multa
2568 801 2821 857 refertum
2844 813 2954 865 est;
2982 812 3033 856 et
3059 801 3125 855 de
3157 810 3433 855 mansueto
3455 800 3605 855 ferox

2033 892 2280 955 efficitur,
2310 906 2429 945 cum
2446 892 2863 960 praesumptione
2892 891 3207 945 luxuriantis
3234 895 3474 959 corporis
3495 893 3614 946 ani-

2031 982 2222 1037 matur.
2255 983 2406 1051 Quod
2434 986 2475 1037 si
2504 982 2676 1037 adhuc
2708 984 2868 1038 altius
2911 983 3242 1037 auctoritatis
3285 985 3443 1039 verba
3475 999 3609 1051 pen-

2030 1089 2240 1139 semus,
2271 1076 2739 1143 circumdederunt,
2774 1084 2947 1145 potest
2980 1074 3113 1128 trahi
3140 1074 3205 1129 ad
3234 1089 3326 1131 eos
3357 1075 3608 1141 quiillttm

2032 1179 2154 1218 cum
2200 1162 2387 1233 gladiis
2428 1176 2479 1218 et
2521 1163 2744 1220 fustibus
2790 1164 3097 1219 ambicrunt
3127 1181 3139 1217 :
3168 1164 3467 1218 obsederunt
3515 1180 3611 1217 an-

2034 1263 2164 1322 tem,
2194 1256 2258 1310 ad
2290 1256 2409 1311 illos
2453 1256 2542 1326 qui
2575 1258 2879 1325 sepulcrum
2902 1256 3017 1327 ejus
3040 1258 3439 1320 custodierunt,
3490 1273 3553 1310 ne
3580 1275 3609 1312 a

2033 1347 2309 1415 discipulis
2337 1348 2543 1403 occulte
2572 1357 2873 1416 raperetur.
2905 1348 3124 1401 Obsidio
3154 1348 3294 1402 enim
3322 1348 3463 1401 dicta
3506 1359 3605 1411 ρει,

2034 1438 2186 1508 quasi
2214 1438 2445 1492 hostium
2478 1441 2729 1506 insessio,
2770 1440 2824 1493 id
2864 1448 2948 1494 est
2985 1439 3196 1493 hostilis
3235 1439 3608 1495 circumdatio.

2106 1529 2260 1584 Vers.
2289 1529 2375 1585 15.
2411 1530 2731 1597 Aperuerunt
2762 1531 2814 1582 in
2843 1546 2921 1583 me
2948 1545 3002 1583 os
3041 1545 3209 1598 suum,
3247 1528 3374 1582 sicut
3407 1530 3484 1581 leo
3524 1545 3613 1582 ra-

2032 1622 2177 1692 piens
2207 1632 2250 1676 et
2280 1623 2504 1693 rugiens.
2533 1621 2839 1691 Metapbora
2886 1622 3187 1676 introducta
3220 1630 3304 1675 est
3333 1634 3361 1673 a
3388 1635 3613 1675 consue-

2036 1715 2216 1770 tudine
2246 1715 2499 1776 fcrnrum,
2530 1728 2652 1783 quae
2696 1712 2846 1766 avide
2876 1727 2938 1766 os
2983 1714 3231 1782 aperiunt
3256 1713 3468 1781 quando
3514 1712 3612 1765 ali-

2035 1806 2159 1875 quid
2192 1806 2452 1876 deglutire
2478 1805 2827 1859 contendunt.
2861 1803 2926 1855 In
2957 1820 3034 1857 me
3057 1813 3235 1857 autem
3264 1786 3392 1856 dixit
3425 1812 3611 1856 contra

2034 1912 2143 1962 me,
2166 1912 2287 1950 cum
2319 1894 2623 1950 detestabili
2667 1893 2992 1947 adunatione
3021 1892 3269 1946 dicebant
3294 1908 3307 1944 :
3333 1891 3611 1963 Cruciﬁge,

2033 1988 2276 2058 cruci/ige
2320 1984 2472 2054 (Luc.
2522 2000 2685 2047 mn,
2726 1982 2841 2048 21).
2897 1982 2967 2037 0s
3016 1998 3186 2045 suum,
3226 1996 3410 2036 revera
3439 1998 3611 2047 suum,

2034 2079 2175 2148 quod
2215 2094 2320 2134 non
2349 2077 2453 2132 illis
2482 2076 2741 2146 sapientia
2772 2075 3012 2145 aperuit,
3045 2074 3139 2130 sed
3171 2075 3420 2143 cOgitatio
3448 2073 3613 2129 scele-

2034 2180 2150 2227 rata
2174 2169 2453 2226 reseratit.
2500 2168 2732 2223 Audiant
2765 2176 3050 2237 utrumque
3082 2166 3368 2236 Pelagiani,
3401 2165 3613 2235 quando

2036 2262 2207 2320 Judtni
2228 2261 2514 2332 nequitiam
2538 2259 2701 2316 locuti
2729 2268 2872 2325 sunt,
2905 2259 3003 2328 ipsi
3030 2274 3084 2312 os
3118 2272 3264 2311 suum
3287 2265 3611 2323 aperuerunt.

2035 2355 2090 2411 In
2124 2355 2263 2410 bono
2294 2363 2470 2410 autem
2494 2354 2723 2424 legitur:
2759 2352 2996 2419 Domine,
3025 2352 3160 2406 labia
3184 2367 3293 2405 mea
3312 2352 3531 2420 aperies,
3560 2360 3609 2403 et

2033 2464 2090 2503 os
2123 2464 2289 2503 meum
2310 2441 3289 2515 annuntiabitlaudenttuam(Psal.1.,
3323 2444 3427 2512 17).
3460 2440 3615 2509 Quod

2033 2551 2209 2598 autem
2261 2541 2436 2608 dixit,
2483 2540 2615 2593 sicut
2672 2538 2747 2592 leo
2774 2538 2978 2608 rapiens
3028 2545 3079 2591 et
3136 2535 3617 2608 rugiens:rapiens

2033 2633 2267 2705 pertinet
2305 2631 2371 2687 ad
2401 2629 2794 2687 insanissimam
2843 2629 3158 2685 seditionem
3182 2669 3196 2695 ,
3238 2627 3448 2697 quando
3476 2642 3603 2681 eum

2036 2732 2247 2793 raptum
2292 2730 2573 2777 traxerunt
2618 2722 2684 2775 ad
2717 2721 2947 2776 tribunal
2978 2719 3223 2791 praesidis
3250 2718 3610 2785 audiendum;

2034 2816 2242 2887 rugiens
2275 2813 2338 2867 ad
2381 2813 2719 2880 blaSphemas
2752 2827 2929 2875 voces,
2976 2813 3172 2883 quibus
3200 2811 3565 2867 clamat-erunt
3592 2828 3609 2865 :

2035 2904 2307 2977 Cruci/iga,
2334 2904 2597 2974 cruciﬁge.
2615 2903 2766 2971 Quod
2799 2911 3081 2973 utrumque
3104 2901 3229 2957 feris
3252 2903 3444 2958 merito
3466 2915 3615 2956 com-

2035 3008 2277 3069 paratum
2308 3008 2408 3063 est,
2442 2996 2654 3067 quando
2696 2995 2869 3050 insani
2918 2994 3098 3066 populi
3128 2994 3405 3050 consilium
3446 2993 3613 3049 ratio-

329 3099 446 3153 que
473 3085 667 3138 datnna
688 3083 997 3138 facultatum
1017 3125 1032 3149 ,
1056 3083 1312 3138 orbitates
1332 3082 1583 3150 ﬁliorum,
1605 3082 1922 3138 amissiones
1951 3094 1997 3161 ο
2032 3089 2209 3146 nabile
2240 3088 2604 3159 perdiderunt.

331 3177 639 3239 Deirorum,
684 3174 767 3229 vel
808 3175 911 3229 alia
945 3173 1312 3245 hujuscemodi
1351 3175 1601 3241 sustinet,
1634 3174 1921 3243 longinqua

328 3267 439 3322 sibi
464 3266 602 3320 mala
634 3264 974 3335 cognoscitur
1003 3265 1269 3323 sustinere
1301 3282 1315 3320 :
1346 3280 1465 3320 cum
1496 3280 1623 3320 vero
1662 3265 1715 3320 in
1760 3278 1923 3319 carne
1950 3332 1953 3335 _

333 3374 430 3412 sua
459 3360 581 3427 quis
624 3357 839 3426 patitur,
874 3366 997 3411 tunc
1024 3356 1101 3412 illi
1146 3357 1381 3427 proxima
1410 3356 1674 3411 tribulatio
1699 3357 1919 3426 c0pnla-

332 3462 447 3505 tur.
469 3449 625 3516 Quod
655 3459 831 3505 autem
857 3449 984 3505 dicit
1015 3468 1026 3503 :
1051 3448 1119 3503 Et
1149 3465 1251 3504 non
1275 3451 1451 3520 estqui
1473 3446 1922 3522 adjuvet,putilas

333 3543 603 3612 petentis,
660 3551 715 3597 et
760 3542 929 3596 virtus
978 3541 1275 3597 Divinitatis
1327 3542 1624 3598 ostenditur
1661 3560 1672 3595 :
1705 3541 1826 3610 quia
1875 3540 1921 3596 si

332 3636 480 3691 Deus
506 3650 615 3689 non
646 3634 882 3704 adjuvet,
912 3634 1086 3691 nullus
1126 3642 1213 3693 est
1253 3636 1342 3706 qui
1392 3636 1583 3706 eripiat
1622 3636 1925 3705 periclitan-

334 3738 467 3782 tem.
509 3727 927 3782 Considenemus
964 3742 1092 3797 ergo
1140 3727 1185 3782 si
1237 3725 1493 3782 debemus
1543 3724 1827 3793 aliquando
1856 3724 1924 3779 ab

337 3824 460 3892 ipso
487 3821 687 3887 dividi,
719 3820 808 3889 qui
834 3821 1029 3876 nullius
1047 3860 1063 3889 ,
1092 3820 1194 3877 nisi
1224 3819 1390 3892 ipsius
1418 3827 1619 3874 tantum
1644 3831 1925 3889 possumus

336 3914 682 3968 miseratione
708 3910 924 3967 salvari.

407 4002 563 4059 Vers.
617 4003 706 4058 12.
749 4001 1202 4057 Circumdederunt
1251 4018 1329 4056 me
1376 4001 1524 4056 vituli
1552 4000 1732 4065 multi;
1782 4000 1916 4054 tauri

336 4096 551 4167 pingues
579 4094 885 4148 obsederunt
922 4110 1021 4147 me.
1070 4095 1322 4148 Oratione
1364 4092 1610 4159 decursa,
1650 4106 1806 4161 quam
1860 4089 1915 4145 in

330 4188 674 4258 passionibus
703 4187 817 4241 suis
840 4201 1055 4256 semper
1082 4184 1378 4255 praemittit,
1401 4185 1537 4240 sicut
1575 4198 1693 4238 eum
1724 4183 1917 4239 fecisse

328 4291 580 4348 tempore
610 4278 931 4347 traditionis,
970 4277 1429 4345 Evangelistarum
1459 4274 1595 4331 dicta
1626 4281 1909 4341 testantur,

326 4384 396 4423 nc
444 4382 506 4422 se
552 4367 783 4421 fidelium
814 4376 933 4421 vota
968 4366 1303 4436 praecipitare
1346 4364 1566 4420 forsitan
1616 4364 1916 4419 inconsulte

2104 3181 2256 3236 Vers.
2290 3179 2375 3234 M.
2411 3178 2557 3235 Sicut
2587 3194 2718 3248 aqua
2741 3176 2905 3246 e/Tusa
2925 3188 3041 3232 sunt
3064 3175 3191 3250 [ed.,
3224 3176 3423 3232 effusus
3448 3192 3562 3231 sum
3572 3176 3612 3249 Ῑ,

2030 3282 2077 3329 et
2106 3274 2337 3343 dispersa
2357 3278 2473 3327 sunt
2493 3271 2666 3325 omnia
2692 3287 2809 3325 ossa
2850 3287 2980 3324 mea.
3013 3268 3353 3339 Comparatio
3378 3271 3474 3325 ista
3504 3286 3612 3328 nou

2030 3365 2309 3420 minimum
2340 3364 2579 3419 continet
2609 3372 3030 3417 sacramentum.
3066 3360 3313 3428 Dispersa
3345 3373 3463 3416 sunt
3498 3380 3609 3417 om-

2031 3459 2119 3512 nia
2162 3472 2279 3510 ossa
2324 3456 2474 3525 ejus,
2537 3454 2591 3509 id
2642 3461 2725 3509 est
2781 3453 2916 3507 ﬁrmi
2969 3466 3032 3512 ac
3100 3451 3280 3507 fideles
3338 3453 3607 3520 apostoli,

2028 3548 2243 3621 quando
2270 3546 2405 3602 dixit
2434 3546 2515 3603 eis
2548 3562 2562 3599 :
2599 3545 2731 3599 Ecce
2757 3561 2849 3616 ego
2891 3544 3035 3597 mitto
3064 3559 3148 3597 vos
3196 3543 3329 3596 velut
3361 3560 3519 3613 agnos
3557 3546 3610 3598 in

2030 3640 2198 3695 medio
2224 3641 2463 3707 luporum
2509 3635 2727 3707 (Matth.
2758 3652 2811 3701 ι,
2846 3636 2938 3705 16)
2973 3653 2985 3690 :
3022 3642 3147 3689 tunc
3179 3633 3253 3688 illi
3290 3635 3419 3686 sicut
3469 3650 3605 3703 aqua

2029 3732 2179 3801 eﬂ‘usi
2207 3739 2347 3785 sunt.
2382 3731 2524 3799 Aqua
2554 3730 2697 3781 enim
2741 3725 2953 3795 quando
2999 3723 3255 3789 funditur,
3287 3732 3343 3777 et
3386 3722 3518 3792 rigat
3550 3728 3607 3777 et

2028 3822 2197 3877 abluit
2224 3839 2239 3877 :
2270 3820 2351 3875 sic
2381 3819 2455 3873 illi
2482 3818 2668 3873 orbem
2700 3826 2961 3869 terrarum
2991 3814 3171 3867 divino
3212 3812 3384 3867 imbre
3411 3812 3612 3866 satiau-

2030 3924 2132 3976 tes,
2163 3919 2507 3978 peccatorum
2536 3906 2784 3963 sordibus
2815 3905 3122 3960 abluerunt.

2101 4003 2254 4058 Yers.
2307 4001 2391 4056 l5.
2444 3998 2663 4051 Factum
2715 4005 2787 4051 est
2841 4011 2931 4048 cur
2980 4009 3146 4045 meum
3199 4001 3442 4063 tanquam
3489 4008 3607 4045 cera

2021 4094 2301 4165 liquescens
2323 4090 2377 4143 in
2402 4090 2564 4142 medio
2592 4088 2779 4141 ventris
2800 4086 2915 4138 mei.
2941 4082 3043 4137 Cor
3065 4098 3242 4146 suum,
3276 4083 3602 4136 voluntatem

2020 4197 2171 4239 suum
2203 4181 2363 4245 dicit,
2399 4194 2519 4246 quae
2556 4179 2608 4233 in
2639 4176 2931 4246 Scripturis
2960 4174 3154 4229 divinis
3180 4174 3360 4229 clausa
3390 4173 3606 4242 tegeba-

2022 4282 2138 4341 tur;
2163 4273 2257 4327 sed
2290 4272 2506 4339 impleta
2538 4268 2806 4338 passione,
2840 4265 3015 4320 omnis
3046 4265 3245 4320 veritas
3276 4263 3343 4319 de
3370 4264 3600 4319 adventu

2020 4369 2135 4437 ejus
2165 4364 2428 4436 promissa
2461 4362 2695 4418 revelata
2719 4369 2829 4416 est.
2871 4358 3014 4415 Bene
3044 4367 3223 4414 autem
3247 4358 3374 4427 legis
3402 4365 3606 4428 myste-

327 4467 746 4528 praasumerent,
797 4444 943 4512 venit
977 4457 1042 4511 ad
1091 4456 1380 4510 secundam
1434 4460 1637 4523 partem
1658 4495 1673 4521 ,
1707 4449 1795 4507 ubi
1825 4466 1921 4522 per
1948 4454 2003 4515 D
2029 4458 2107 4514 ria
2134 4467 2439 4526 comparata
2472 4462 2595 4510 sunt
2621 4467 2766 4520 certe,
2793 4467 2911 4523 qua:
2956 4461 3081 4506 tunc
3122 4450 3459 4521 splendorem
3487 4450 3608 4503 red-

326 4553 653 4621 allegoricas
697 4537 1125 4619 comparationes
1175 4545 1534 4602 crueiﬁxionis
1574 4559 1685 4600 suae
1714 4544 1919 4599 revelat

325 4658 607 4697 arcanum.
641 4642 707 4694 Et
730 4650 847 4695 nota
880 4642 1002 4710 quia
1027 4642 1199 4695 futura
1230 4655 1326 4709 pro
1350 4639 1636 4709 praeteritis
1666 4637 1833 4707 ponit,
1858 4643 1920 4692 ut

327 4735 621 4789 durissima
679 4733 834 4787 corda
880 4733 1216 4799 induerunt,
1265 4730 1417 4800 quasi
1452 4741 1666 4800 peracta
1692 4728 1916 4785 veritate

328 4832 697 4883 convinceret.
743 4827 870 4894 Qua:
923 4826 1084 4893 ﬁgura
1136 4826 1331 4880 dicitur
1385 4823 1677 4894 prolepsis,
1730 4821 1916 4878 Latino

330 4919 758 4988 praeoccupatio,
788 4917 1000 4985 quando
1050 4918 1281 4972 refertur
1326 4917 1521 4985 aliquid
1572 4930 1668 4984 per
1705 4924 1917 4984 tempus

330 5013 684 5082 praeritum,
713 5011 854 5080 quod
881 5011 1055 5065 adhuc
1074 5011 1309 5064 creditur
1330 5023 1449 5064 esse
1480 5016 1784 5062 venturum.
1803 5003 1915 5059 To-

330 5118 441 5159 lttttt
473 5105 672 5158 factum
702 5111 805 5169 cst,
840 5118 906 5157 ne
954 5103 1149 5169 periret
1176 5100 1511 5166 incredulus;
1542 5098 1637 5155 sed
1669 5098 1784 5167 ipse
1809 5096 1915 5153 sibi

328 5197 532 5252 exstitit
560 5210 707 5258 reos,
748 5195 836 5264 qui
866 5194 1014 5264 sequi
1048 5194 1205 5248 toties
1234 5192 1556 5262 contempsit
1586 5187 1913 5245 admonitus.

334 5287 499 5341 νεικιὶ
554 5286 723 5349 multi,
767 5285 944 5355 populi
992 5294 1118 5339 sunt
1163 5284 1404 5340 videlicet
1448 5281 1791 5346 Judzeorum,
1821 5281 1911 5352 qui

330 5381 573 5452 ignorata
602 5380 697 5436 Dei
722 5379 875 5449 jug»,
926 5378 1321 5435 inconsiderata
1379 5377 1706 5448 procacitate
1750 5374 1910 5430 lasei-

328 5477 510 5537 vlunt,
558 5470 721 5525 simul
766 5472 1061 5539 petulantes
1103 5478 1159 5525 et
1210 5469 1375 5534 fatui,
1423 5468 1511 5538 qui
1542 5481 1756 5539 gressus
1787 5480 1911 5521 suos

329 5563 469 5617 nulla
483 5560 1216 5630 moderationedistinguunt,
1248 5558 1341 5613 sed
1376 5559 1488 5629 vagi
1511 5573 1573 5614 ac
1606 5556 1823 5629 penduli
1844 5555 1910 5611 ad

328 5653 505 5723 iniqua
534 5654 759 5709 consilia
782 5653 1097 5724 quibusdam
1121 5652 1343 5706 saltibus
1370 5651 1682 5706 efferuntur.
1718 5647 1913 5704 Tauros

330 5750 542 5814 pingues
562 5786 576 5809 ,
612 5747 881 5815 principes
906 5746 1207 5802 Judaaorntn
1238 5744 1491 5815 designat,
1522 5744 1610 5815 qui
1654 5743 1704 5800 in
1740 5743 1907 5798 vicem

2023 4552 2123 4620 dit,
2154 4549 2366 4623 quando
2396 4549 2449 4604 in
2476 4563 2629 4603 usum
2680 4544 2896 4601 luminis
2937 4543 3117 4600 calore
3164 4541 3445 4611 liquefacta
3493 4542 3605 4597 dis-

2022 4644 2269 4701 solvitur.
2305 4641 2546 4697 Ventrem
2576 4654 2705 4695 vero
2736 4653 2890 4693 suum
2924 4636 3051 4691 dicit
3084 4635 3383 4691 Ecclesiam
3412 4636 3603 4689 catho-

2020 4734 2178 4791 licam
2223 4752 2237 4787 :
2300 4733 2389 4787 ubi
2437 4739 2573 4786 tecta
2630 4730 2794 4786 verba
2855 4728 3296 4799 praedicandum,
3352 4728 3601 4782 veniente

2020 4826 2279 4895 temporis
2325 4821 2678 4893 plenitudine,
2727 4830 3032 4891 patuerunt.
3072 4818 3199 4873 Inde
3231 4827 3311 4872 est
3350 4826 3403 4871 et
3435 4818 3597 4879 illud.

2024 4916 2165 4991 quod
2186 4916 2362 4971 velum
2408 4914 2588 4982 templi
2625 4912 2676 4966 in
2710 4912 2957 4981 passione
2988 4908 3200 4965 Domini
3227 4918 3432 4963 constat
3464 4922 3521 4961 se
3546 4924 3598 4960 s-

2024 5024 2174 5075 sum;
2209 5007 2441 5063 revelata
2468 5003 2749 5060 suntenim
2790 5002 2882 5059 tali
2913 5000 3053 5058 facto
3083 5001 3171 5055 illa
3202 5013 3321 5071 qua:
3353 4999 3605 5069 tegeban-

2024 5112 2111 5161 tur
2138 5101 2363 5158 occulta.

2094 5196 2250 5253 Vers.
2281 5194 2364 5249 l6.
2410 5191 2633 5247 Eraruit
2660 5190 2795 5245 velut
2839 5199 2965 5245 testa
2993 5190 3153 5242 virtus
3191 5203 3333 5253 mea,
3361 5194 3406 5239 cl
3431 5184 3607 5251 lingua

2024 5305 2134 5343 mea
2178 5286 2396 5342 adha'sit
2437 5284 2670 5357 faucibus
2692 5283 2842 5348 meis,
2871 5295 2918 5337 et
2938 5284 2990 5336 in
3018 5282 3269 5352 pulverem
3311 5278 3491 5331 mortis
3519 5277 3607 5331 tle-

2021 5382 2275 5435 duxerunt
2318 5393 2416 5433 me.
2451 5376 2700 5430 i'irtutmt
2753 5373 2951 5430 Christi
2996 5381 3136 5425 testa:
3182 5386 3286 5423 non
3346 5376 3598 5439 putemus

2019 5473 2313 5541 incongrue
2361 5476 2746 5537 comparatam,
2782 5467 2901 5533 quia
2945 5464 3083 5516 sicut
3127 5460 3216 5514 illa
3250 5458 3466 5513 fornace
3498 5457 3601 5512 du-

2021 5563 2201 5623 rescit,
2235 5568 2289 5614 et
2318 5558 2506 5613 fortior
2534 5556 2772 5611 redditur
2814 5556 2934 5625 igne
2963 5553 3206 5616 decocta,
3240 5550 3318 5606 sic
3350 5550 3597 5619 passione

2022 5651 2228 5706 Domini
2260 5650 2417 5702 virtus
2440 5650 2555 5716 ejus
2581 5646 2805 5702 solidata
2830 5653 2931 5710 est,
2960 5658 3076 5712 qua:
3106 5645 3250 5710 prius
3278 5641 3425 5713 quasi
3457 5641 3601 5696 lutea

2023 5742 2306 5799 videbatur
2332 5738 2641 5796 incredulis.
2674 5736 2872 5808 Lingua
2896 5750 3021 5794 vero
3050 5750 3143 5793 sua
3174 5734 3441 5807 significat
3468 5748 3603 5804 prac-
