4030 6172
452 283 548 335 lii?)

1639 275 1703 329 M.
1753 270 2031 328 AURELH
2069 267 2464 326 CASSlODOi‘tl

3595 267 3693 320 160

452 395 715 449 dicaturos
746 394 1035 463 apostolos,
1065 392 1154 458 qui
1180 390 1503 443 adltwserutit
1527 388 1755 457 faucibus
1784 385 2018 449 Christi,
2054 386 2097 441 Λ
2129 381 2508 454 conﬁgeretur,-
2545 384 2815 437 videretur
2843 403 2871 436 a
2897 384 3096 446 lllUlll-‘,
3131 383 3434 436 cicdctt‘tut‘
3471 400 3496 431 a
3531 382 3682 447 pitui-

458 489 583 540 tlutn
606 487 720 554 ejus
743 485 989 539 mandata
1011 482 1404 536 custodierunt.
1425 480 1516 533 Ille
1538 479 1678 532 enim
1703 481 1752 529 in
1779 477 2018 529 faucibus

453 577 740 632 Dominicis
768 584 972 637 manet,
1015 573 1103 640 qui
1131 571 1312 625 divino
1343 570 1606 638 adjutorio
1636 569 1801 634 ipsius
1825 565 2020 634 prandi-

451 668 713 720 cationem
737 663 988 716 custodit.
1021 661 1124 716 Sed
1155 661 1422 730 quomodo
1450 675 1508 712 se
1533 658 1661 711 dicit
1687 659 1737 710 in
1767 657 2020 726 pulverem

454 754 742 814 deductum,
800 751 950 818 cujus
998 764 1123 802 caro
1179 765 1282 802 non
1330 748 1542 816 pertulit
1590 743 2022 812 corruptionem?

423 843 558 906 ,Sed
587 843 688 896 hoc
726 840 791 894 ad
823 851 1001 896 votum
1033 838 1438 907 intelligendum
1470 845 1551 891 est
1592 823 1902 889 immanium
1931 834 2022 888 Ju~

457 934 714 995 daeorum,
758 931 846 1000 qui
894 945 953 984 se
1006 930 1257 998 putabant
1288 926 1500 997 Christo
1549 938 1774 980 mortem
1809 925 2024 978 dedisse

457 1037 818 1086 communem,
869 1021 922 1074 in
970 1036 1071 1089 qua
1113 1019 1420 1074 crederetur
1461 1033 1628 1086 usque
1671 1017 1722 1069 in
1753 1016 2024 1084 pulverem

464 1115 629 1168 fuisse
661 1113 948 1182 perductus
979 1131 992 1167 :
1025 1113 1137 1165 sive
1165 1111 1330 1180 magis
1353 1125 1381 1163 a
1414 1109 1666 1163 membris
1698 1109 1825 1169 ruis,
1867 1104 1917 1158 id
1943 1114 2024 1159 est

459 1209 526 1262 ab
569 1207 801 1261 Ecclesia
846 1206 984 1260 dicat
1013 1221 1068 1258 se
1096 1219 1263 1273 usque
1307 1202 1374 1255 ad
1420 1203 1688 1270 pulverem
1722 1199 1884 1252 fuisse
1910 1212 2029 1265 per-

461 1302 706 1362 ductum;
737 1298 861 1351 dum
883 1311 1001 1350 sors
1024 1296 1122 1350 ista
1149 1296 1392 1348 humana:
1423 1291 1712 1346 conditioni
1743 1289 2026 1344 videbatur

465 1404 583 1443 esse
615 1390 932 1442 communis.

535 1481 689 1534 Vers.
717 1481 801 1536 17.
840 1479 1088 1545 Quoniam
1113 1475 1555 1531 circumdederunt
1581 1489 1656 1526 me
1677 1489 1826 1526 canes
1851 1471 2032 1536 multi;

463 1573 730 1625 consilium
757 1570 1146 1642 malignantium
1169 1568 1356 1622 obsedit
1382 1582 1480 1619 me.
1526 1565 1621 1618 llic
1651 1563 1877 1617 mirabili
1911 1578 2033 1632 pro-

466 1666 694 1732 prieta'e
722 1664 982 1730 passionis
1028 1677 1136 1716 suae
1160 1667 1494 1715 sacramenta
1534 1657 1808 1712 describit.
1839 1656 2034 1710 Canum

2131 474 2254 525 uiis.
2281 473 2344 526 Et
2391 490 2456 526 ne
2481 473 2646 527 Demn
2676 474 2935 542 quispiam
2981 475 3267 536 dubitaret,
3302 475 3352 525 in
3397 473 3547 538 cujus
3580 489 3693 540 pas-

2125 565 2186 616 si'
2211 579 2277 619 ne
2311 574 2386 617 tut
2441 573 2495 618 et
2544 573 2685 619 tanta
2731 567 2980 618 miracula
3020 565 3410 628 convenissent,
3446 563 3546 616 Per
3580 566 3691 614 αηὶο

2125 670 2321 707 versum
2369 654 2614 709 mundum
2661 655 2876 708 tenebrae
2924 658 3073 725 facta:
3120 666 3257 719 sunt,
3313 666 3442 708 terra
3472 656 3687 720 tremuit,

2126 754 2280 814 petrw
2311 744 2479 799 scissa:
2507 753 2627 799 sunt
2671 743 2886 816 (Matth.
2946 762 3108 809 xxvii,
3155 746 3282 814 i5);
3316 755 3371 799 lil
3399 749 3541 800 oibis
3573 765 3695 814 pas-

2131 849 2246 888 sutn
2277 838 2361 890 cvi
2387 839 2554 891 tenter
2594 851 2747 891 suum
2781 844 3066 890 testaretur
3103 847 3393 891 auctorem.
3426 838 3513 891 Sic
3545 839 3694 892 istam

2130 925 2533 980 cruciﬁxioncm
2577 936 2748 982 totum
2799 928 3039 982 mirabile
3088 927 3284 982 habere
3337 928 3534 998 decuit,
3579 945 3696 998 qua:

2132 1017 2389 1086 templum
2422 1019 2492 1086 pii
2523 1019 2894 1090 Redemptoris
2929 1020 3157 1087 excepit.
3201 1020 3530 1090 Quapropter
3589 1036 3697 1075 ine-

2133 1109 2234 1162 rito
2265 1123 2295 1162 a
2322 1109 2546 1164 Christo
2576 1110 2744 1164 electa
2784 1118 2866 1164 est
2890 1125 3040 1174 crux,
3069 1111 3119 1163 in
3153 1125 3255 1178 qua
3286 1121 3337 1162 et
3364 1111 3698 1180 singulariter

2134 1199 2497 1266 occumberet,
2529 1209 2582 1255 et
2609 1203 2875 1277 communi
2901 1213 3041 1255 sorte
3070 1211 3382 1255 iuotcretur.

2215 1293 2278 1345 Et
2306 1293 2547 1360 quamvis
2579 1295 2840 1360 passionis
2889 1293 3168 1346 dominica:
3203 1293 3266 1345 ad
3301 1293 3530 1346 litteram
3571 1293 3700 1345 sim-

2141 1383 2260 1451 plex
2297 1382 2382 1435 hic
2416 1381 2658 1454 videatur
2679 1398 2798 1436 esse
2827 1381 3079 1444 narratio,
3124 1393 3297 1435 tamen
3325 1382 3517 1449 aliquid
3551 1383 3704 1435 nubis

2137 1483 2193 1544 et
2253 1472 2606 1542 spiritualitcr
2655 1456 2995 1547 sentiendum
3061 1484 3210 1526 actus
3267 1475 3365 1528 iste
3419 1474 3700 1541 signiﬁcat.

2139 1563 2326 1618 Manus
2358 1563 2554 1620 Christi
2600 1563 2766 1618 Judaei
2795 1563 2897 1616 \iol
2921 1573 3143 1622 .vcrunt,
3174 1565 3384 1632 quando
3403 1563 3517 1632 ejus
3545 1565 3701 1617 mira-

2137 1654 2269 1708 culis
2299 1655 2604 1710 nullatenus
2630 1653 2850 1710 credere
2881 1654 3202 1708 maluernut.
3255 1654 3439 1706 Manus
3461 1658 3600 1708 enim
3629 1655 3701 1709 si-

465 1755 622 1823 igitur
656 1763 841 1808 natura
867 1753 983 1807 talis
1019 1760 1134 1817 est,
1162 1763 1213 1804 ut
1248 1750 1439 1820 ignotis
1469 1749 1770 1804 hominibus
1798 1739 2028 1802 uu'lato-
2065 1732 2109 1792 Β
2136 1741 2391 1816 gniﬁcant
2435 1749 2774 1814 operationcs
2831 1761 2962 1814 quas
2991 1746 3042 1798 in
3073 1740 3403 1799 diversorum
3437 1745 3698 1814 languori-

465 1860 566 1898 nus
602 1843 972 1913 acquiescant,
1001 1842 1095 1898 sed
1137 1842 1454 1911 importunis
1480 1850 1639 1911 atque
1673 1841 1902 1907 assiduis
1951 1840 2029 1892 la-

464 1936 690 1990 tratibus
737 1945 981 2001 arceant,
1023 1949 1156 2004 quos
1195 1935 1380 1988 notitia
1408 1934 1716 1988 domesticae
1747 1947 2031 1988 conversa-

464 2028 626 2083 tionis
659 2029 883 2096 ignorat.
915 2027 1009 2081 llis
1039 2041 1168 2096 ergo
1197 2025 1360 2080 Judzei
1389 2024 1686 2092 justissime
1711 2038 2027 2090 comparan-

461 2131 566 2185 tur,
593 2118 1192 2187 quinovamdoctriuam
1211 2114 1418 2169 Domini
1447 2116 1665 2168 minime
1688 2114 2024 2182 recipientes,

459 2217 643 2263 contra
671 2223 790 2263 cum
810 2208 1151 2262 ferocissimis
1179 2206 1396 2260 vocibus
1427 2205 1786 2260 oblatrahant.
1819 2203 2029 2258 Doctri-

461 2315 527 2354 ua
551 2315 674 2354 vero
700 2315 833 2354 nova
861 2308 972 2364 est,
1001 2302 1139 2354 s‘cut
1162 2299 1497 2367 Evangelista
1522 2298 1647 2353 dicit
1675 2316 1686 2350 :
1724 2297 2026 2352 Mandatum

459 2407 642 2443 norum
663 2393 727 2444 do
754 2391 909 2456 vobis,
934 2400 986 2443 ut
1009 2407 1092 2444 vos
1115 2391 1324 2444 invicem
1344 2391 1572 2460 diligatis
1593 2389 1767 2460 (Joan.
1786 2406 1897 2456 xm,
1912 2387 2023 2459 '54);

457 2480 596 2548 quod
621 2481 780 2534 etiam
829 2479 987 2534 Isaias
1030 2479 1288 2548 propheta
1335 2489 1556 2535 testatur
1583 2480 1812 2538 dicens:
1853 2480 2028 2534 Vetera

456 2572 789 2637 transierunt,
813 2588 923 2625 ecce
946 2588 1071 2624 nova
1095 2573 1229 2639 facta
1254 2581 1372 2625 sunt
1402 2573 1568 2625 omnia
1587 2569 1737 2643 (Isai.
1759 2587 1878 2637 XLV,
1913 2572 2022 2640 19).

460 2660 710 2717 Pateuter
731 2672 908 2716 autem
947 2662 1266 2717 describitur
1306 2673 1457 2716 actus
1498 2662 1586 2716 ille
1617 2663 1900 2729 Judaicus;
1930 2664 2024 2718 luit

456 2751 598 2806 cuitu
625 2755 890 2806 consilium
920 2755 1324 2823 malignantium,
1356 2756 1565 2824 quando
1591 2756 1892 2824 cogitabant
1923 2757 2024 2812 Do-

455 2843 657 2896 minum
704 2844 887 2898 Jesum
927 2843 1050 2898 dolo
1090 2853 1298 2910 tenere,
1358 2847 1619 2915 mortique
1657 2849 1886 2904 tradere.
1916 2850 2022 2920 75

458 2931 851 3001 Illulignaut'um
887 2936 1082 3004 quippe
1110 2935 1265 3000 dicit,
1296 2936 1519 3006 maligna
1545 2937 1911 3008 cogitantium.
1956 2939 2022 2993 Et

458 3023 652 3077 merito
681 3038 740 3078 se
768 3024 963 3080 fatetur
1007 3024 1290 3091 obsessum,
1324 3025 1446 3096 quia
1478 3027 1528 3081 in
1562 3028 1674 3097 ipso
1695 3039 1809 3083 erat
1833 3028 2020 3084 οἰκίαις

455 3112 784 3180 Jerusalem,
815 3130 970 3182 quam
1018 3115 1195 3172 hostes
1220 3115 1340 3171 ﬁdei
1376 3116 1695 3174 Christiana-2
1735 3121 1786 3173 in
1831 3120 2021 3178 eodem
2053 3097 2096 3159 Ο

456 3209 681 3263 obsit/ere
711 3209 1025 3264 videbantur.

532 3299 681 3355 Vers.
714 3301 800 3354 18.
829 3300 1092 3357 Foderunt
1116 3320 1297 3358 manus
1320 3321 1458 3359 meas
1485 3316 1532 3359 et
1560 3307 1710 3374 pedes
1741 3324 1892 3362 meos.
1917 3307 2024 3365 Sed

456 3402 739 3464 antequam
777 3396 843 3450 ad
880 3397 1152 3454 Passionis
1183 3401 1352 3470 ipsius
1399 3401 1675 3457 veniamus
1719 3403 2020 3471 exordium,

454 3488 896 3555 perscrutandum
939 3500 1020 3544 est
1055 3507 1153 3545 cur
1199 3493 1354 3546 talem
1398 3494 1498 3547 sibi
1545 3493 1768 3562 elegerit
1795 3506 2021 3550 mortem

454 3578 542 3644 qui
587 3577 721 3632 dixit
761 3595 774 3630 :
823 3579 1129 3634 l’otestatem
1157 3583 1562 3654 habeo‘poueudi
1587 3585 1810 3638 animant
1837 3601 2019 3652 meam,

455 3677 501 3721 et
525 3681 820 3738 potestatem
845 3673 1001 3728 habeo
1020 3675 1205 3728 iterant
1232 3677 1464 3730 sumendi
1488 3693 1597 3730 eam
1625 3676 1805 3747 (Joan.
1824 3693 1876 3743 κ,
1896 3675 2022 3747 l8)?

454 3758 712 3826 Primum,
738 3764 877 3832 quod
905 3765 1081 3820 crucis
1111 3767 1225 3835 ipsa
1271 3768 1462 3836 positio
1511 3768 1630 3822 talis
1681 3776 1782 3834 est,
1813 3777 1869 3822 ut
1899 3781 2023 3836 pars

455 3852 572 3916 ejus
601 3854 844 3920 superior
872 3855 1039 3910 cwlos
1064 3865 1229 3926 petat,
1277 3857 1499 3912 inferior
1533 3867 1706 3914 terras
1729 3873 1832 3914 non
1864 3859 2019 3915 dese-

456 3949 556 4003 rat,
592 3939 694 3993 ﬁxa
726 3942 1054 3998 infernorum
1088 3947 1191 3999 ima
1235 3949 1529 4016 contingat,
1561 3958 1614 4002 et
1642 3949 1784 4002 velut
1807 3949 2023 4016 quibus-

455 4026 583 4081 dam.
619 4029 854 4086 brachiis
909 4035 1170 4101 extensis,
1227 4037 1449 4091 latitudo
1493 4038 1610 4106 ejus
1656 4039 1816 4093 totius
1846 4050 2023 4108 partes

453 4127 670 4185 appetat
717 4123 920 4188 mundi,
946 4124 1150 4192 jacens-
1176 4142 1301 4182 vero
1331 4136 1558 4204 quatuor
1607 4131 1851 4185 cardines
1880 4131 2022 4186 orbis

451 4209 712 4279 designat.
746 4213 833 4268 Sic
862 4216 915 4268 in
968 4231 1132 4282 parvo
1180 4218 1374 4286 posita,
1435 4231 1625 4274 cuncta
1666 4220 1874 4275 videtur
1899 4236 2022 4276 esse

452 4299 754 4366 complexa.
799 4301 874 4355 De
921 4317 1082 4358 cruce
1120 4304 1328 4376 Domini
1376 4307 1516 4373 dico,
1549 4324 1666 4378 qua:
1706 4310 1771 4364 de
1821 4309 2022 4379 ptenali

2140 1837 2236 1890 bus
2267 1837 2505 1892 medicus
2530 1837 2762 1892 ccclesiis
2790 1837 3028 1890 excreuit
3052 1879 3064 1900 ,
3101 1846 3154 1888 nt
3205 1850 3389 1888 eorum
3439 1835 3699 1888 obstinata

2138 1929 2642 1997 duritiasigiiorum
2693 1928 2977 1981 virtutibus
3029 1927 3346 1986 molliretur.
3385 1915 3542 1979 Pedes
3569 1943 3701 1994 quo-

2137 2037 2240 2090 que
2267 2021 2528 2090 foderunt,
2588 2020 2710 2074 dum
2768 2019 2882 2087 ejus
2931 2021 3218 2087 aposzofos,
3270 2033 3364 2086 per
3405 2033 3537 2086 quos
3573 2017 3700 2072 fides

2137 2111 2444 2166 Christiana
2496 2112 2549 2165 in
2603 2094 2850 2182 genti-bus
2904 2111 3212 2172 ambulavit,
3247 2109 3551 2162 lacerandos
3581 2124 3700 2164 esse

2139 2213 2478 2274 putaverunt.
2514 2202 2602 2256 Sic
2651 2202 2842 2268 futurze
2879 2216 3050 2254 causa:
3091 2201 3141 2254 in
3177 2199 3505 2254 istaDomitn
3531 2201 3698 2252 cruei-

2137 2294 2334 2347 fixione
2368 2293 2636 2362 praedictae
2666 2301 2810 2346 sunt.
2841 2289 3110 2344 Foderunt
3137 2301 3334 2354 autem,
3368 2305 3469 2342 non
3509 2291 3696 2343 transi-

2135 2382 2271 2436 torie
2301 2382 2556 2436 debemus
2580 2381 2845 2449 accipere,
2878 2382 2996 2449 quia
3043 2390 3182 2434 terra
3207 2389 3334 2434 tunc
3359 2375 3533 2433 varios
3564 2381 3698 2433 fctus

2134 2475 2416 2543 germinat,
2455 2471 2669 2540 quando
2709 2472 2978 2524 hominum
3012 2470 3188 2524 studio
3212 2471 3546 2539 cognoscitur
3571 2485 3697 2520 exa-

2135 2576 2266 2619 rata.
2303 2563 2452 2632 Quod
2502 2563 2726 2628 contigit
2782 2562 2832 2616 iu
2885 2576 3108 2630 corpore
3142 2560 3345 2615 Domini
3379 2561 3695 2622 Saltaturis;

2133 2657 2262 2712 illud
2287 2656 2426 2709 enim
2454 2655 2615 2708 clavis
2644 2652 2880 2717 afﬁxam,
2898 2653 3078 2706 lancea
3103 2652 3446 2719 perforatum,
3470 2653 3694 2704 fructum

2130 2745 2285 2799 nobis
2319 2745 2492 2797 intulit
2524 2744 2638 2798 sine
2685 2742 2792 2796 ﬁne
2838 2756 3169 2795 mansurum.
3218 2741 3551 2810 Quapropter
3585 2742 3695 2808 jsun

2135 2852 2238 2890 non
2261 2836 2483 2905 pertime
2515 2836 2683 2888 cimus
2701 2834 2878 2887 dicere
2900 2832 3063 2887 Deum
3091 2845 3250 2886 carne
3276 2831 3694 2902 passum,Deu:n

2129 2937 2402 2980 mortuum
2457 2941 2554 2993 pro
2599 2924 2770 2978 salute
2817 2933 3151 2976 cunctorum.
3201 2921 3348 2977 Linde
3396 2923 3548 2975 l’ater
3589 2923 3694 2974 Au-

2125 3018 2370 3085 gustinus
2401 3014 2716 3070 mirabiliter
2733 3023 2784 3070 et
2806 3014 2964 3068 SOiilo
2993 3029 3140 3069 more
3170 3013 3479 3081 declaravit,
3510 3013 3696 3066 dicens

2130 3108 2326 3180 (Serm.
2359 3105 2426 3160 '59
2455 3107 2519 3160 de
2547 3106 2754 3178 Temp.)
2777 3122 2790 3158 :
2814 3108 2913 3160 l‘tes
2941 3114 3146 3160 vetusta
3176 3115 3289 3162 erat
3317 3114 3374 3160 ut
3401 3104 3558 3160 homo
3581 3121 3695 3157 rno-

2130 3213 2368 3268 reretur;
2387 3201 2528 3271 quod
2558 3215 2625 3256 ne
2655 3215 2864 3269 semper
2891 3200 2992 3254 valt
3011 3209 3092 3254 ret
3113 3201 3162 3254 in
3197 3200 3429 3265 homine,
3453 3189 3538 3254 res
3560 3213 3693 3252 nova

2130 3291 2268 3347 facta
2299 3303 2382 3348 est
2406 3301 2462 3346 ut
2489 3291 2627 3347 Deus
2657 3300 2983 3356 moreretur;
3013 3292 3151 3360 sicut
3180 3301 3231 3346 et
3260 3290 3544 3359 Apostolus
3572 3290 3683 3343 ait:

2128 3385 2242 3440 Nos
2271 3395 2438 3440 autem
2467 3385 2804 3456 prcedicamus
2833 3383 3106 3450 Christum,
3157 3394 3203 3438 et
3230 3383 3365 3438 hunc
3393 3383 3696 3450 cruciﬁxum

2126 3478 2175 3551 (Ι
2209 3480 2328 3534 Cor.
2370 3493 2408 3545 ι,
2437 3477 2550 3548 9'5).
2599 3478 2661 3532 Et
2689 3493 2754 3533 ne
2783 3477 2943 3532 ﬁlium
2991 3476 3225 3545 Virginis
3251 3475 3332 3546 (ut
3355 3475 3567 3544 quidam
3596 3473 3696 3529 de-

2130 3569 2388 3624 mentium
2446 3569 2656 3638 putant)
2696 3569 2858 3624 alium
2904 3567 3129 3622 fortasse
3177 3567 3423 3630 sentires,
3455 3566 3695 3634 adjecit:

2131 3659 2190 3713 C’
2209 3661 2388 3712 ristum
2418 3661 2586 3728 utique
2614 3657 2708 3714 Dei
2729 3660 2980 3724 virtutem,
3007 3666 3054 3711 et
3082 3656 3178 3710 Dei
3207 3656 3507 3726 sapientiora
3532 3670 3549 3709 :
3571 3656 3699 3722 quia

2129 3753 2263 3819 quod
2291 3754 2501 3804 stultum
2550 3760 2623 3804 est
2663 3748 2780 3816 Dei,
2825 3751 3109 3820 sapientius
3153 3736 3225 3805 est
3280 3749 3599 3810 hominibus;
3644 3759 3702 3800 et

2128 3839 2264 3909 quod
2293 3839 2551 3907 inﬁrmum
2580 3849 2650 3893 est
2695 3838 2810 3902 Dei,
2861 3841 3045 3908 [artius
3092 3849 3163 3893 est
3207 3837 3507 3891 hominibus.
3556 3836 3697 3902 Quid

2131 3934 2272 3986 enim
2305 3940 2409 3985 tam
2441 3931 2686 3997 stultum,
2718 3940 2825 3986 tam
2858 3931 3123 3984 inﬁrmum
3149 3929 3354 3985 videtur
3383 3929 3695 3993 incredulis,

2128 4039 2284 4108 quam
2317 4039 2436 4078 eum
2489 4023 2709 4078 audiunt
2761 4024 2947 4085 Deum,
3005 4022 3094 4076 Dei
3143 4021 3329 4076 Filium
3374 4019 3696 4075 cruciﬁxum

2127 4116 2329 4186 pariter
2367 4124 2421 4170 et
2451 4114 2750 4184 sepultum?
2797 4115 2903 4167 Sed
2949 4114 3135 4182 placuit
3165 4112 3273 4165 Deo
3315 4128 3403 4180 per
3423 4110 3687 4163 stultiliarr

2127 4207 2510 4275 prazdicationis
2561 4205 2727 4258 salvos
2768 4205 2933 4274 facere
2981 4203 3236 4256 credentes
3291 4201 3532 4271 (Ibidem,
3573 4199 3693 4264 ‘21).

2126 4299 2439 4354 lncarnatio.
2460 4297 2721 4367 siquidem
2751 4296 2982 4362 Domini,
3014 4292 3395 4350 misericordiae
3427 4293 3592 4361 ipsius
3611 4302 3698 4344 est

453 4389 594 4441 malo
627 4399 986 4456 peccatorum,
1021 4393 1158 4447 facta
1188 4404 1270 4449 est
1295 4395 1446 4451 beata
1477 4397 1805 4468 redemptio:
1835 4411 2018 4468 postea

2130 4391 2393 4444 mirabilis
2445 4387 2691 4453 altitudo,
2746 4387 3112 4441 inaesﬁmabile
3139 4385 3360 4447 donum,
3393 4385 3698 4448 incompre-

455 4477 698 4530 tribuens
745 4477 936 4536 salutis
967 4481 1186 4548 bonum,
1220 4499 1337 4551 qua:
1374 4486 1578 4554 pridem
1623 4489 1782 4544 dabat
1833 4489 2024 4545 interi-

455 4580 564 4622 tum
593 4586 608 4624 :
635 4572 930 4640 patibulum
977 4576 1236 4642 salutare,
1265 4592 1408 4632 mors
1451 4579 1692 4634 indicans
1718 4581 1900 4646 vitam,
1929 4581 2027 4636 hu-

451 4661 646 4714 militas
663 4662 897 4718 divinam
913 4666 1248 4734 proclamans
1264 4669 1621 4724 summitatem
1642 4688 1654 4734 ;
1677 4681 1729 4724 et
1748 4671 2022 4727 Christum

451 4750 504 4805 in
549 4753 703 4818 crnlo,
750 4755 1024 4810 Christum
1052 4758 1104 4811 in
1151 4760 1617 4822 terra,'Christum
1651 4777 1743 4831 per
1771 4775 2020 4820 cunctum

450 4844 657 4914 orbem,
688 4845 958 4901 Christum
982 4863 1192 4920 quoque
1213 4852 1278 4905 ad
1301 4853 1506 4908 inferna
1536 4870 1628 4922 per
1653 4856 1874 4924 ﬁguram
1899 4873 2021 4911 cru—

447 4934 532 5000 cis
557 4949 676 4990 esse
704 4951 1014 5006 cognoscas.
1046 4940 1196 5007 Quod
1228 4944 1270 4994 si
1305 4953 1394 4996 aut
1422 4945 1567 4998 terra
1596 4955 1892 5012 truncatus,
1925 4959 2018 5004 aut

451 5021 662 5092 ignibus
693 5025 891 5082 fuisset
927 5029 1258 5100 absumptus,
1298 5043 1387 5085 aut
1418 5033 1679 5102 lapidibus
1706 5050 2017 5104 oppressus,

451 5125 543 5167 aut
574 5115 820 5172 ﬂuctibus
849 5118 1147 5185 demersus,
1170 5132 1262 5176 aut
1287 5122 1388 5177 alia
1417 5124 1652 5192 qualibet
1680 5137 1851 5182 morte
1886 5145 2020 5197 prte-

451 5214 663 5274 ventus,
691 5223 796 5275 quo
818 5209 990 5278 signo,
1041 5225 1193 5280 rogo,
1239 5212 1482 5267 diabolus
1531 5215 1856 5282 pelleretur?
1904 5219 2019 5285 Quo

451 5295 651 5367 vexillo
706 5297 853 5352 frons
905 5300 1326 5356 Christianorum
1377 5311 1487 5357 tuta
1536 5304 1858 5360 mansisset?
1903 5307 2012 5374 Qua

460 5383 626 5454 ﬁgura
651 5391 892 5458 corporis
917 5403 967 5447 et
992 5392 1184 5448 animae
1204 5394 1504 5448 firmaretur
1525 5395 1844 5451 inﬁrmitas?
1867 5397 2019 5454 Nulla

453 5491 603 5533 mors
631 5489 789 5536 tanta;
815 5484 1079 5552 majestati
1127 5485 1314 5542 melius
1357 5488 1644 5545 convenire
1695 5493 1881 5559 potuit,
1915 5493 2019 5549 nisi

453 5582 573 5634 quae
598 5571 750 5626 nobis
773 5575 1023 5642 perlecta:
1048 5577 1236 5632 salutis
1271 5578 1462 5633 indicia
1503 5580 1800 5651 dereliquit.
1836 5582 2020 5638 Provi-

451 5671 569 5712 sum
612 5672 694 5718 est
740 5665 898 5721 etiam
945 5669 1012 5724 ad
1058 5668 1433 5732 credulitatem
1492 5680 1748 5744 nostram,
1777 5682 1834 5728 ut
1863 5673 2019 5730 altius

2130 4479 2390 4535 hensibile
2419 4478 2730 4550 mysterium
2758 4494 2770 4530 :
2803 4477 2942 4531 unde
2971 4485 3059 4530 aut
3087 4475 3244 4530 rectis
3274 4473 3538 4527 mentibus
3572 4487 3700 4538 pro-

2129 4573 2275 4629 venit
2302 4572 2465 4635 salus,
2513 4580 2604 4626 aut
2635 4569 2903 4640 perversis
2949 4566 3192 4622 sensibus
3229 4572 3515 4634 generatur
3558 4562 3692 4616 intc-

2125 4665 2283 4721 ritus.

2198 4755 2356 4810 Vers.
2386 4755 2474 4808 19.
2531 4753 2986 4806 Dinumerarcrunt
3038 4732 3206 4802 munia
3245 4764 3368 4800 ossa
3404 4761 3548 4811 mea;
3594 4746 3702 4815 ipsi

2124 4863 2243 4902 uero
2270 4847 2711 4900 eonsideraverunt
2737 4853 2781 4898 et
2812 4849 3182 4912 conspexerunt
3211 4854 3309 4893 me.
3341 4838 3530 4892 Forma
3569 4853 3699 4891 cru-

2123 4941 2200 4995 cis
2232 4939 2367 4993 mira
2393 4939 2720 5008 proprietate
2750 4937 2956 5005 depicta
2989 4943 3099 4998 est;
3145 4942 3200 4986 ut
3229 4944 3386 4984 omne
3415 4944 3606 4997 corpus
3635 4929 3697 4981 iu

2123 5048 2186 5088 ea
2215 5031 2296 5088 sic
2319 5031 2522 5086 dicatur
2544 5041 2843 5094 extensum,
2871 5038 3130 5096 quatenus
3157 5023 3271 5092 ejus
3297 5037 3417 5078 ossa
3444 5019 3699 5074 humanis

2123 5125 2289 5178 oculis
2335 5120 2681 5176 numerabilia
2725 5119 3066 5182 viderentur;
3113 5114 3330 5184 utquod
3354 5128 3478 5168 caro
3505 5125 3699 5179 super-

2127 5215 2283 5270 ducta
2310 5213 2597 5276 celavorat,
2634 5209 2798 5264 nimia
2827 5208 3066 5263 tcnsione
3118 5206 3356 5274 corporis
3385 5209 3697 5272 appareret.

2125 5305 2229 5362 Sed
2261 5305 2534 5360 videamus
2559 5313 2731 5355 utrum
2762 5315 2915 5369 pmna
2958 5296 3176 5352 dicenda
3224 5298 3313 5360 sit,
3339 5284 3700 5357 an'tribuual;

2127 5397 2415 5460 damnatio,
2450 5410 2515 5447 an
2568 5393 2879 5461 disceptatio
2909 5408 2921 5443 :
2953 5390 3040 5444 ubi
3078 5388 3226 5458 quasi
3259 5387 3310 5441 in
3357 5385 3522 5457 regali
3551 5383 3704 5437 solio

2125 5497 2467 5554 constitutus,
2505 5488 2864 5555 increpantem
2906 5484 3117 5551 reliquit
3145 5499 3315 5547 reum,
3347 5481 3702 5535 cunﬁtentem

2130 5579 2357 5636 reddidit
2388 5569 2629 5648 protinus
2652 5576 2977 5631 absolutum.
3012 5576 3127 5641 Quo
3165 5573 3304 5626 facto
3352 5571 3441 5625 ille
3471 5571 3702 5624 humani

2123 5671 2339 5744 generis
2368 5671 2647 5725 Miserator
2669 5669 2914 5735 eximius,
2957 5667 3079 5736 quid
3106 5665 3298 5720 sanctis
3327 5663 3435 5719 suis
3466 5669 3705 5732 praesta-
