4030 6172
313 258 404 314 liii

1277 253 1632 311 EXPOSlTlO
1673 253 1736 308 ΙΝ
1780 253 2226 311 TSAIJ‘ERIUM.
2276 253 2462 309 PSAL.
2507 254 2646 308 XXI.

3471 231 3574 309 me

308 381 463 426 turus
491 380 656 434 es~et,
683 371 733 424 in
783 371 1026 424 Latronis
1059 363 1228 424 subita
1254 371 1587 424 caule-suone
1617 386 1682 423 m-
1709 379 1886 423 Itsll'a-
1922 369 1972 428 Α
2001 350 2374 431 monstratum,
2419 367 2557 434 quod
2601 382 2753 422 mens
2803 370 2990 424 devota
3042 369 3302 438 petitione
3350 368 3572 443 supplici

312 465 412 519 vit.
448 461 785 515 Dinumerata
813 472 931 516 sunt
960 463 1119 516 etiam
1139 477 1262 515 ossa
1291 464 1426 532 ejus,
1455 463 1505 516 id
1537 471 1616 516 est
1641 461 1890 530 apostoli,

312 553 432 607 sive
467 552 655 620 reliqui
695 551 1006 614 Christiani,
1053 553 1262 620 quando
1319 553 1692 619 persecutiOue
1755 549 1894 606 facta

315 643 699 696 truculentium
731 641 1062 706 Judteorum,
1113 658 1180 695 ne
1210 642 1259 695 in
1304 641 1560 710 majorem
1611 657 1892 695 numerum

316 731 796 798 convalescerent,
865 733 1247 800 qnmrchautur
1298 733 1590 800 exstingui.
1644 731 1897 800 Sequitur

316 823 479 876 etiarn
510 821 906 897 incredulitatis
935 837 1117 875 eorum
1143 821 1479 875 detestabilis
1501 821 1817 886 obstinatio;
1842 831 1898 875 ut

316 931 420 968 non
444 914 649 982 aliquid
686 913 993 967 transitorie
1024 925 1110 966 aut
1139 914 1420 968 casnaliter
1460 914 1652 968 fecisse
1677 913 1893 968 videan-

318 1013 402 1057 tur
429 1022 448 1058 :
481 1004 578 1058 sed
607 1004 734 1056 dicit
759 1018 856 1057 eos
881 1005 1226 1068 considerasse
1257 1013 1302 1056 et
1332 1005 1687 1071 conspexisse;
1711 1011 1767 1058 et
1803 1018 1897 1059 cor

317 1113 504 1151 eorum
539 1095 812 1164 lapideum
859 1103 940 1148 tot
985 1095 1255 1149 miraculis
1282 1109 1385 1149 non
1417 1093 1584 1149 fuisse
1609 1094 1895 1149 mollitum.

319 1190 494 1244 Petra:
514 1190 698 1242 scissa:
728 1197 876 1252 sunt,
911 1196 1050 1242 terra
1083 1186 1314 1253 tremuit,
1333 1188 1413 1242 sol
1439 1187 1632 1241 amictu
1659 1202 1716 1240 se
1746 1195 1895 1242 tene-

317 1281 504 1342 broso,
539 1296 608 1334 ne
640 1291 843 1334 tantum
876 1281 1054 1334 scelus
1078 1281 1300 1343 videret,
1327 1281 1634 1344 abscondit;
1657 1288 1712 1334 et
1733 1279 1892 1350 (proh

318 1373 535 1442 dolor!)
569 1373 823 1439 iniquitas
854 1373 906 1426 in
927 1373 1159 1441 ipsorum
1183 1373 1354 1428 oculis
1383 1371 1578 1436 deﬁxa,
1600 1372 1653 1426 in
1680 1371 1897 1428 sacrile-

319 1465 410 1535 gio
438 1479 539 1518 suo
557 1465 758 1518 mansit
779 1464 1087 1519 immobilis.

390 1554 551 1609 Vers.
599 1554 691 1607 20.
747 1553 1039 1607 Divis-erunt
1065 1554 1160 1608 sibi
1187 1553 1482 1606 vestimenta
1511 1570 1638 1617 mea,
1671 1563 1716 1607 ct
1746 1568 1898 1621 super

320 1656 506 1700 restem
554 1662 718 1698 meam
767 1647 1008 1717 miserunt
1056 1654 1266 1698 sortem.
1299 1645 1548 1709 Quamvis
1583 1645 1897 1712 tota‘passio

321 1739 533 1793 Domini
589 1754 780 1808 magna
836 1749 1170 1792 sacramenta
1223 1740 1523 1804 contineat,
1581 1747 1756 1792 tamen
1813 1739 1897 1791 hic

319 1833 509 1887 nescio
539 1831 682 1899 quod
730 1831 902 1898 majus
947 1830 1238 1899 parturitur
1281 1844 1558 1893 arcanum,
1613 1827 1753 1898 quod
1800 1828 1900 1880 alia

320 1932 623 1984 uestimenta
664 1944 757 1982 sua
789 1929 913 1990 dicit
945 1943 1063 1986 csse
1092 1927 1398 1996 dividenda,
1433 1927 1592 1980 aliam
1625 1936 1808 1979 vestem
1837 1927 1899 1979 ad

318 2030 528 2077 sortem
579 2021 930 2075 nihilominus
975 2020 1385 2089 perducendum.
1447 2018 1756 2074 Vestimenta
1790 2020 1898 2086 illa,

320 2130 442 2183 quae
463 2115 629 2168 diuisa
657 2123 796 2180 sunt,
823 2113 1128 2182 Scripturas
1163 2112 1468 2182 signiﬁcant
1497 2112 1898 2180 prophetarum,

318 2211 406 2264 vel
433 2209 769 2278 reliquarum
798 2208 1094 2262 caelestium
1144 2205 1456 2270 lectionum,
1494 2219 1627 2274 quas
1667 2203 1900 2258 hrcretici

321 2316 488 2372 prava
519 2299 966 2368 interpretatione
991 2296 1312 2360 dividentes,
1333 2294 1488 2348 Pilati
1515 2294 1768 2348 militibus
1789 2308 1904 2347 sce-

320 2393 493 2447 lerata
527 2407 586 2446 se
617 2381 881 2445 divisione
912 2389 1259 2457 conjunguttt.
1288 2387 1488 2441 Tunica
1515 2399 1640 2440 vero
1662 2385 1903 2453 illa,qn;e

319 2481 475 2536 venit
503 2479 572 2534 ad
601 2468 823 2540 sortem,
856 2493 975 2546 quae
1007 2477 1124 2546 ejus
1151 2478 1489 2530 sanctitatem
1519 2473 1759 2542 corporis
1789 2489 1905 2526 am-

322 2573 530 2637 biebat,
553 2588 711 2643 quam
743 2571 869 2625 dicit
895 2569 1220 2638 evangelista
1249 2567 1429 2636 (Joan.
1463 2583 1570 2635 six,
1605 2565 1694 2635 25)
1746 2563 1905 2618 desu-

321 2681 429 2735 per
453 2665 625 2720 fuisse
649 2673 956 2719 contextam
1004 2678 1099 2732 per
1125 2669 1315 2726 totum,
1361 2661 1619 2715 catholica
1657 2660 1912 2730 probatur

327 2757 601 2820 Ecclesia,
636 2773 752 2827 qua:
779 2745 1083 2810 nullatenus
1111 2755 1341 2807 humano
1371 2751 1720 2820 discerpeuda
1757 2750 1911 2811 datur

325 2852 593 2916 arbitrio;
620 2849 713 2905 sed
738 2851 940 2918 integra
966 2858 1124 2916 atque
1145 2845 1489 2907 inviolabilis,
1508 2843 1657 2914 quasi
1680 2857 1743 2896 ex
1768 2853 1910 2894 sorte

324 2935 626 3009 unicuique
645 2940 829 2994 divina
851 2953 1066 3007 semper
1091 2936 1334 3006 largitate
1358 2941 1665 2999 praestatur.-
1691 2931 1805 2999 Ipsa
1829 2941 1910 2984 est

2000 457 2300 525 postulavit.

2071 546 2225 600 Vcrs.
2253 547 2342 599 2|.
2373 546 2451 599 Tu
2487 557 2674 613 autem,
2711 547 2942 614 Domine,
2966 565 3027 603 ne
3059 550 3206 619 longe
3229 551 3390 618 facias
3420 569 3470 604 α·
3490 557 3575 607 .ri-

2002 637 2126 690 lium
2161 645 2354 691 tnuma
2384 654 2492 701 me;
2543 638 2610 690 ad
2652 639 2990 708 tle/insinuem
3033 654 3194 693 meam
3233 643 3421 709 aspice.
3483 631 3576 694 Ile

2000 726 2110 795 jam
2141 727 2589 781 resurrectionem
2622 729 2955 783 celerrimam
2984 729 3330 798 deprecatur,
3360 743 3414 784 nt
3459 750 3576 801 νιτ-

2004 817 2231 872 ﬁdorum
2291 819 2428 873 mala
2481 819 2770 874 credulitas
2819 823 3217 891 supervenienti
3268 824 3356 878 tali
3405 824 3573 890 gloria

2002 908 2327 963 destruatur.
2377 911 2639 964 Auxilium
2682 913 2824 966 enim
2875 913 3042 979 ipsam
3101 915 3362 983 signiﬁcat
3395 931 3574 969 resur-

2009 999 2326 1066 rectionem,
2377 1016 2494 1070 qua:
2520 1003 2701 1069 utique
2730 1003 2882 1071 longe
2915 1003 3046 1057 facta
3081 1019 3184 1057 non
3235 1015 3336 1072 est,
3361 1007 3574 1074 quando

2007 1089 2258 1144 triduana
2290 1093 2555 1160 provenit.
2588 1092 2838 1159 Sequitur
2869 1110 2883 1145 ε
2916 1093 2995 1146 Ad
3044 1095 3383 1163 defensionem
3415 1114 3574 1151 meam

2003 1187 2204 1262 aspice.
2254 1188 2378 1253 Sed,
2430 1205 2548 1258 qua:
2607 1191 2675 1244 sit
2726 1192 2822 1244 ista
2879 1191 3139 1258 defensio,
3186 1205 3581 1268 consequenter

2007 1289 2246 1346 exponit.

2081 1390 2229 1444 V'ers.
2249 1391 2336 1444 2-2.
2365 1391 2422 1444 E:
2438 1394 2517 1463 ipe
2549 1411 2578 1445 ιι
2608 1395 2826 1464 framea,
2860 1394 3020 1463 Deus,
3052 1398 3274 1451 animam
3301 1375 3486 1463 meani,
3527 1410 3576 1452 et

2009 1479 2072 1534 de
2096 1496 2248 1533 manu
2277 1485 2417 1536 cauis
2445 1486 2648 1538 unicam
2671 1503 2852 1540 meam.
2888 1487 3128 1543 Liberari
3157 1505 3215 1545 se
3244 1491 3527 1559 postulavit
3547 1509 3575 1547 ξι

2010 1580 2180 1626 morte
2207 1589 2366 1642 quam
2414 1571 2694 1632 subiturus
2737 1589 2874 1646 erat,
2919 1582 3115 1637 collato
3157 1585 3358 1638 scilicet
3401 1601 3577 1640 resur-

2014 1661 2258 1716 rectionis
2288 1666 2505 1719 auxilio.
2540 1666 2761 1721 Framea
2791 1673 2931 1725 enim
2975 1685 3330 1744 synonymum
3359 1685 3440 1730 est
3482 1694 3577 1732 no-

2007 1754 2476 1836 men,signiﬁcans
2505 1758 2616 1811 sive
2649 1758 3009 1821 hastam,sive
3024 1763 3278 1831 gladium,
3300 1765 3412 1820 sive
3435 1783 3576 1835 qutu-

2005 1842 2135 1896 iibet
2163 1859 2336 1907 arma,
2372 1861 2466 1914 per
2511 1862 2632 1914 quae
2677 1848 2848 1902 voluit
2897 1848 3127 1904 futurtun
3159 1853 3334 1907 crucis
3359 1856 3576 1908 exitium

2005 1943 2370 2002 competenter
2399 1934 2639 1989 adverti:
2672 1937 2792 2005 quia
2833 1952 2929 2006 per
2959 1940 3127 2003 ipsam
3161 1957 3302 1995 mors
3349 1945 3579 2011 plerum-

2011 2036 2116 2092 que
2141 2023 2394 2078 succedit.
2424 2024 2528 2079 Sed
2561 2025 2731 2092 ptitno
2756 2027 2908 2093 dixit,
2940 2024 3101 2096 Eripe
3132 2031 3351 2083 animam
3375 2048 3572 2095 meum;

2007 2116 2169 2172 modo
2201 2118 2334 2185 petit
2362 2118 2574 2173 liberari
2601 2119 2913 2187 Ecclesiam,
2945 2136 3060 2190 qum
3090 2131 3172 2175 est
3200 2121 3271 2175 illi
3310 2125 3481 2187 unica,
3529 2127 3578 2177 id

2010 2217 2091 2261 est
2111 2208 2407 2274 catholica;
2436 2217 2494 2262 ut
2514 2208 2842 2280 intelligatur
2870 2210 3137 2266 doctrinas
3163 2227 3328 2268 novas
3361 2228 3412 2268 et
3446 2230 3575 2270 cou-

2008 2300 2255 2355 ciliabula
2305 2301 2631 2369 perditorum
2685 2303 2903 2358 unitatis
2960 2307 3222 2360 vocabulo
3266 2312 3576 2378 re~puisscz

2011 2389 2214 2446 itmretii
2234 2406 2294 2446 os
2320 2392 2404 2447 hic
2427 2392 2636 2446 canibus
2660 2407 2996 2464 comparans,
3029 2395 3117 2465 qui
3145 2396 3429 2452 domestica
3451 2417 3580 2467 qna-

2012 2485 2132 2540 dam
2159 2485 2368 2542 feritate
2395 2487 2652 2542 atrociter
2671 2489 2958 2554 mansueti,
2980 2503 3100 2543 cum
3118 2489 3184 2544 de
3211 2476 3576 2560 penetralibus

2015 2577 2213 2630 nostris
2241 2588 2466 2643 exeunt,
2501 2579 2794 2634 Ecclesium
2827 2579 2922 2635 Dei
2951 2581 3200 2637 mordere
3245 2598 3306 2638 ac
3336 2585 3572 2643 lacerare

2017 2667 2291 2724 festinant.
2324 2669 2388 2724 Et
2418 2678 2475 2724 ut
2503 2671 2641 2725 scias
2670 2687 2818 2724 canes
2850 2671 3042 2728 talibus
3080 2675 3382 2730 hominibus
3413 2679 3580 2746 aptis-

2014 2761 2145 2813 sime
2177 2769 2536 2829 comparatos,
2569 2763 2633 2816 de
2660 2779 2815 2815 manu
2857 2766 2999 2818 canis
3044 2765 3200 2832 dixit,
3231 2768 3370 2836 quod
3402 2770 3587 2838 utique

2015 2849 2193 2915 homo,
2222 2865 2324 2903 non
2355 2851 2507 2904 canis
2539 2850 2717 2906 habet.
2752 2851 2898 2916 Sive,
2925 2863 2982 2906 ut
3004 2854 3220 2922 quidam
3252 2858 3455 2924 volunt,
3481 2878 3586 2913 ma-

2013 2955 2108 2992 nus
2139 2941 2277 2994 ranis
2327 2940 2592 3009 signiﬁcat
2637 2950 2954 3010 potestatem
3011 2944 3193 2998 mundi
3246 2948 3416 3012 istius,
3471 2966 3587 3018 qum

325 3041 583 3087 contexta
615 3031 863 3098 desuper,
890 3044 1046 3098 quam
1073 3041 1230 3082 nemo
1259 3024 1466 3090 dividit,
1493 3037 1652 3077 nemo
1681 3021 1909 3075 disrmn-
1938 3054 1982 3114 ρ
2016 3023 2154 3084 Ecclt
2174 3031 2304 3083 siam
2337 3031 2426 3085 Dei
2470 3031 2707 3086 lacerare
2756 3033 2994 3087 mordaci
3022 3048 3085 3088 ac
3127 3035 3352 3092 subdola
3379 3053 3587 3109 semper

328 3126 443 3195 pit;
473 3123 567 3178 sed
602 3131 860 3192 perpetua
893 3120 1185 3174 szabilitate
1219 3115 1546 3178 ﬁrmissima,
1597 3113 1648 3166 in
1691 3111 1907 3166 unitatis

326 3233 443 3271 sum
471 3216 665 3270 rubore
693 3221 1037 3284 perseverat;
1087 3210 1154 3265 de
1207 3223 1308 3279 qua
1357 3207 1470 3276 ipsa
1500 3206 1712 3260 Veritas
1737 3203 1865 3258 dicit
1892 3219 1904 3254 :

331 3308 412 3362 Tu
441 3325 492 3360 es
523 3306 728 3369 Petrus,
761 3313 808 3358 et
837 3319 990 3370 super
1017 3301 1148 3354 hanc
1195 3308 1391 3370 petram
1429 3294 1695 3364 aediﬁcabo
1728 3293 1911 3348 Eccle-

331 3401 461 3454 sium
493 3413 678 3456 meant.
713 3405 756 3448 et
784 3403 946 3464 porta:
973 3392 1126 3463 inferi
1168 3407 1270 3444 non
1297 3388 1642 3460 prtevalebunt
1669 3386 1910 3439 adversus

331 3509 442 3544 eam
475 3487 699 3557 (.llattlt.
743 3500 850 3550 tm,
907 3483 1019 3552 18).
1068 3481 1220 3549 Quod
1275 3481 1470 3535 factum
1502 3488 1554 3534 et
1584 3477 1909 3544 evangelista

333 3593 583 3645 tesmtur,
615 3580 844 3634 dicens:
883 3575 1160 3644 Postquam
1208 3573 1567 3642 cruciﬁxerunt
1613 3585 1745 3633 eum,
1786 3567 1913 3620 divi-

333 3692 358 3729 s
387 3687 507 3727 runt
532 3673 826 3725 vestimenta
855 3670 988 3738 ejus,
1014 3677 1200 3719 sortem
1224 3665 1472 3718 mittentes
1499 3660 1712 3733 (Matth.
1741 3673 1910 3720 xxv",

331 3767 450 3835 55).
494 3763 693 3817 V’erunt
741 3763 838 3813 ista
889 3759 995 3829 76
1037 3773 1146 3810 sors
1180 3755 1232 3809 in
1265 3753 1557 3822 Scripturis
1582 3751 1775 3805 divinis
1805 3759 1912 3803 tam

335 3857 532 3924 sapius
559 3861 1039 3915 commemoratur,
1057 3859 1375 3917 utmagnum
1397 3847 1576 3900 nescio
1593 3843 1718 3914 quid
1745 3841 1909 3896 divini

336 3945 516 4016 indicii
547 3956 760 4014 gestare
784 3943 1026 3997 videatur
1055 3954 1330 3994 arcanum.
1371 3936 1639 4004 Scriptum
1667 3941 1748 3988 cst
1769 3933 1910 3987 enim

337 4038 389 4092 in
414 4036 656 4092 Levitico
687 4049 845 4087 unam
876 4041 1076 4086 sortem
1108 4029 1336 4082 Domino
1359 4026 1493 4091 dari,
1519 4034 1571 4077 ct
1601 4038 1756 4078 unam
1789 4035 1917 4091 apo-

336 4142 588 4197 p-mp'.eo
635 4124 779 4192 (Lee.
814 4139 924 4188 xvr,
971 4122 1050 4187 8),
1108 4120 1158 4173 id
1217 4127 1297 4174 est
1349 4114 1732 4172 transmissori.
1785 4115 1914 4167 Item

341 4217 564 4286 Moyses
587 4214 902 4284 quibusdam
934 4210 1176 4266 tribubus
1203 4220 1345 4262 trans
1371 4207 1678 4272 Jordauem,
1716 4213 1914 4260 terram

337 4315 488 4361 sorte
516 4305 717 4358 divisit.
743 4303 900 4357 Jesus
927 4316 1140 4369 quoque
1164 4299 1303 4352 ﬁTius
1332 4298 1476 4352 Nave
1507 4308 1704 4350 terram
1733 4311 1916 4363 repro-

2014 3118 2290 3188 iniquitate
2321 3119 2559 3174 feetinat.
2618 3119 2783 3175 Canes
2838 3131 3014 3177 autem
3056 3138 3161 3178 non
3205 3127 3257 3180 in
3307 3129 3447 3182 malo
3477 3137 3587 3184 tan-

2012 3217 2144 3274 tum,
2193 3209 2286 3262 sed
2339 3216 2499 3264 etiam
2546 3209 2600 3264 in
2644 3211 2786 3268 bono
2837 3213 2959 3282 poni
3008 3213 3309 3285 frequentia
3344 3222 3587 3291 exempla

2011 3307 2292 3354 testantur.

2085 3399 2236 3454 Vers.
2261 3399 2350 3454 ‘25.
2385 3398 2567 3452 Libera
2589 3417 2666 3454 me
2685 3402 2747 3454 de
2775 3419 2860 3457 ore
2881 3405 3062 3471 leonis,
3091 3415 3138 3460 et
3163 3425 3194 3463 a
3214 3410 3449 3464 cornibus
3471 3413 3586 3466 uni-

2017 3505 2323 3545 comuorum
2369 3489 2708 3545 humilitatem
2757 3509 2944 3549 meam.
2982 3495 3058 3550 De
3081 3514 3167 3552 ore
3193 3500 3372 3567 leonis,
3401 3501 3466 3556 de
3495 3520 3587 3572 po-

2020 3590 2211 3636 testate
2243 3581 2442 3634 diaboli
2470 3581 2618 3645 dicit,
2651 3584 2741 3652 qui
2765 3584 2900 3641 bene
2921 3598 3260 3660 comparatur
3286 3591 3432 3660 feris,
3452 3608 3586 3659 quo-

2020 3671 2160 3725 niam
2187 3671 2435 3725 humanis
2458 3686 2673 3740 semper
2697 3673 2990 3730 delectatur
3011 3679 3209 3733 exitiis.
3239 3680 3343 3736 Sed
3366 3697 3432 3738 ne
3453 3682 3590 3740 forte

2024 3762 2288 3829 aliquibus
2317 3763 2595 3830 scrupulus
2627 3763 2748 3817 inde
2779 3776 3044 3831 nascatur,
3092 3782 3256 3838 quare
3284 3769 3590 3840 frequenter

2020 3869 2120 3907 una
2153 3868 2238 3907 res
2265 3864 2317 3907 ct
2347 3855 2564 3922 optimis
2611 3859 2854 3924 personis
2881 3869 3095 3928 aptatur
3121 3872 3175 3916 et
3205 3863 3474 3930 pessimis,
3503 3867 3587 3920 di-

2021 3943 2249 3998 cendum
2275 3953 2358 3998 est
2387 3945 2526 4012 quod
2554 3946 2619 4000 ad
2652 3947 2856 4003 similes
2884 3959 3060 4017 partes
3091 3951 3280 4007 debeat
3310 3955 3588 4022 applicari.

2025 4033 2462 4104 Uuamqnamque
2487 4049 2597 4089 rem
2630 4036 2867 4090 diversas
2897 4049 3100 4093 certum
3129 4049 3212 4094 est
3241 4041 3436 4097 habere
3461 4060 3590 4112 qua-

2022 4125 2219 4192 litates,
2250 4136 2304 4179 ut
2327 4127 2429 4190 leo,
2463 4125 2530 4179 de
2552 4141 2657 4194 quo
2685 4141 2823 4180 nunc
2861 4142 3040 4182 sermo
3067 4137 3170 4195 est,
3204 4131 3358 4185 habet
3387 4132 3593 4188 fortitu-

2020 4215 2232 4281 dinem,
2292 4223 2509 4284 pr0pter
2559 4230 2716 4283 quam
2768 4216 3059 4272 belluarum
3106 4233 3199 4274 rex
3249 4223 3588 4290 appellatur;

2023 4308 2184 4363 habet
2229 4315 2282 4361 et
2314 4308 2668 4362 truculentam
2715 4308 2995 4373 srevitiam,
3027 4321 3246 4380 propter
3273 4314 3411 4383 quod
3442 4314 3593 4374 ferox

337 4395 612 4450 misiunis
645 4393 764 4447 ﬁliis
810 4392 971 4446 Israel
1015 4401 1162 4445 sorte
1209 4391 1373 4444 missa
1408 4389 1677 4444 distribuit
1707 4389 1908 4456 (.losue,

2024 4400 2236 4453 dicitur.
2268 4399 2604 4468 Quapropter
2631 4400 2885 4454 fortitudo
2914 4399 3030 4469 ejus
3047 4411 3102 4454 et
3120 4412 3355 4472 potestas
3375 4403 3593 4461 Christo

343 4502 504 4549 “tu,
540 4485 654 4553 ill).
705 4483 843 4540 Sors
882 4498 1094 4552 quoque
1146 4481 1336 4536 Jonam
1387 4481 1618 4550 prodidit
1664 4480 1913 4533 latentem

342 4581 495 4649 (Jan.
530 4591 570 4638 t,
597 4577 676 4645 7).
711 4576 774 4627 Et
811 4575 862 4627 in
893 4573 1180 4629 Salomone
1224 4567 1417 4639 legitur
1451 4569 1922 4625 :Coniradictiones
1961 4601 1963 4603 -

344 4669 545 4722 cohibet
574 4681 708 4731 sors,
737 4674 782 4716 et
803 4665 932 4715 inter
959 4672 1184 4730 potentes
1212 4663 1388 4727 deﬁnit
1411 4661 1590 4729 (Prov.
1625 4675 1771 4722 xtttl,
1809 4661 1914 4730 18).

343 4761 399 4814 In
432 4759 582 4813 Novo
623 4770 834 4824 quoque
860 4755 1225 4815 Testamento,
1259 4751 1310 4805 id
1345 4762 1423 4805 est
1457 4752 1509 4805 in
1545 4752 1761 4806 Actibus
1790 4763 1922 4819 apo-

344 4851 646 4904 stolorum,
725 4859 842 4899 sor-3
920 4843 1194 4898 Matthiam
1263 4841 1560 4911 designavit
1615 4840 1914 4910 apostolum

346 4942 482 5010 (Act.
506 4957 546 5004 ι,
576 4939 691 5009 ‘26).
720 4938 912 4992 Paulus
936 4936 1097 4989 etiam
1131 4935 1244 5002 ipse
1279 4935 1551 5002 apostolus
1578 4933 1820 4987 scribens
1851 4931 1917 4986 ad

347 5032 636 5102 Ephesios,
671 5031 821 5086 Sorte
844 5045 901 5086 se
932 5032 1059 5085 dicit
1095 5039 1324 5083 vocatum
1374 5028 1654 5082 secundum
1681 5027 1915 5098 proposi-

347 5136 454 5178 tum
474 5127 588 5191 eius
611 5125 700 5193 qui
723 5125 890 5176 omnia
909 5133 1148 5192 aperatur
1165 5121 1440 5175 secundum
1463 5119 1728 5173 consilium
1746 5118 1921 5170 volun-

346 5219 464 5271 tatis
493 5234 603 5270 sua:
649 5215 862 5283 (Ep/tes.
915 5231 950 5277 t,
987 5213 1095 5285 ii);
1151 5228 1252 5268 nec
1297 5229 1401 5266 non
1452 5211 1516 5265 ad
1572 5211 1920 5264 Colossenses

346 5309 590 5363 scribens
621 5307 796 5360 dicit:
832 5305 1054 5371 Gratias,
1113 5305 1302 5373 inquit,
1350 5313 1553 5374 agentes
1605 5301 1712 5353 Deo
1753 5301 1919 5366 Patri,

344 5403 432 5468 qui
460 5399 672 5450 idoneos
718 5412 811 5448 nos
841 5395 958 5463 fecit
985 5397 1036 5448 in
1067 5405 1210 5466 parte
1239 5395 1390 5448 sortis
1430 5405 1721 5447 sanctorum
1755 5395 1804 5446 in
1837 5393 1922 5445 ln-

346 5493 481 5544 mine
512 5490 708 5558 (Colat.
741 5503 779 5554 l,
806 5487 916 5558 12).
961 5487 1066 5543 Sed
1104 5503 1223 5542 cum
1273 5487 1434 5539 multa
1468 5487 1707 5555 legantur
1737 5498 1840 5539 tam
1871 5488 1919 5540 in

348 5583 527 5639 Veteri
554 5597 714 5648 quam
747 5581 800 5634 in
831 5581 976 5635 Novo
1025 5581 1367 5635 Testamento
1395 5581 1626 5634 sortibus
1662 5581 1818 5633 fuisse
1847 5581 1925 5633 di-

346 5675 482 5737 visa,
514 5685 674 5728 nemo
710 5684 869 5724 ausus
898 5681 976 5724 est
1011 5685 1206 5741 negare
1241 5684 1334 5740 per
1376 5685 1490 5725 eam
1521 5671 1772 5725 diximus
1805 5686 1926 5726 esse

2027 4493 2217 4546 merito
2262 4501 2622 4562 comparatur,
2653 4502 2710 4546 ut
2747 4502 2830 4547 est
2870 4492 2997 4546 illud
3027 4511 3040 4548 :
3079 4493 3209 4549 Vicit
3245 4495 3344 4552 Leo
3373 4499 3435 4551 de
3464 4499 3595 4553 tribu

2022 4581 2164 4636 Juda
2185 4583 2369 4654 (Apoc.
2401 4599 2454 4647 ν,
2486 4583 2563 4652 5).
2598 4583 2814 4636 Ferocia
2860 4599 2985 4638 vero
3025 4585 3191 4653 ipsius
3217 4587 3428 4642 diabolo
3449 4604 3598 4644 com-

2024 4681 2268 4742 petenter
2297 4673 2626 4741 adjungitur,
2683 4673 2820 4727 sicut
2871 4673 3060 4728 Petrus
3118 4677 3388 4744 apostolus
3419 4679 3546 4733 dicit
3579 4697 3593 4734 :

2025 4765 2202 4818 Sobrii
2228 4772 2385 4817 estote
2409 4773 2454 4815 et
2479 4764 2703 4832 vigilate,
2737 4764 2858 4832 quia
2879 4764 3201 4820 adversarius
3231 4777 3388 4820 vester
3416 4769 3597 4822 diabo-

2024 4854 2103 4905 lus
2158 4853 2288 4905 sicut
2337 4853 2414 4906 leo
2459 4853 2661 4924 rugiens
2708 4854 2908 4918 circuit,
2963 4870 3192 4922 qua’rens
3225 4873 3368 4926 quem
3399 4857 3600 4912 devoret

2023 4944 2072 5013 (Ι
2114 4943 2256 4996 Petr.
2302 4959 2356 5009 v,
2403 4943 2481 5014 8).
2510 4945 2582 4998 lta
2623 4943 2678 4997 ﬁt
2727 4955 2784 4998 ut
2808 4961 2967 5000 unum
2997 4947 3217 5013 animal,
3248 4947 3600 5005 consideratis

2023 5034 2138 5102 ejus
2175 5034 2543 5102 qualitatibus,
2576 5035 2735 5088 rebus
2768 5050 2882 5108 asc
2912 5035 3335 5107 discrepantibus
3365 5040 3598 5092 rationa-

2025 5126 2206 5180 biliter
2237 5134 2598 5194 comparetur.
2628 5127 2780 5194 Quod
2809 5144 2974 5197 genus
3000 5129 3278 5183 locutionis
3309 5127 3599 5194 Scriptutae

2025 5215 2217 5269 divina:
2243 5215 2464 5269 forsitan
2497 5231 2766 5285 proprum
2818 5233 2923 5272 non
2975 5219 3240 5272 immerito
3280 5219 3597 5276 dixerimus.

2033 5306 2122 5358 Sic
2153 5315 2202 5357 et
2235 5306 2470 5375 reliquas
2514 5310 2938 5376 comparationes
2986 5308 3284 5378 linjttsmodi
3317 5312 3598 5378 praesentis

2032 5413 2116 5461 ex.
2139 5396 2386 5451 ositionis
2413 5397 2547 5451 ratio
2577 5399 2999 5466 comprehcndit.
3033 5400 3074 5450 A
3103 5399 3361 5465 cornibus,
3394 5401 3442 5454 id
3465 5411 3547 5456 est
3571 5413 3606 5453 ει

2034 5473 2298 5558 Super-bis,
2329 5487 2396 5541 de
2427 5489 2792 5542 summitatnm
2827 5505 3042 5542 suarum
3078 5498 3342 5558 potestate
3373 5493 3603 5546 ferienti-

2037 5581 2152 5632 bus.
2183 5579 2286 5632 Sed
2318 5579 2516 5646 inspice
2545 5579 2682 5645 quod
2708 5580 2906 5632 addidit
2934 5600 2944 5631 :
2981 5577 3410 5647 Unicornuorum,
3441 5581 3491 5637 id
3520 5592 3602 5655 est

2035 5687 2092 5724 sc
2122 5671 2458 5739 singulariter
2500 5671 2836 5742 erige-otium,
2891 5671 2981 5738 qui
3027 5671 3188 5726 nimia
3219 5671 3450 5728 elatione
3477 5689 3599 5729 sur-
