4030 6172
451 251 553 307 163

1628 244 1691 299 lli.
1739 243 2012 299 AURElJl
2053 242 2456 299 CASSIODORI

3604 242 3705 297 166

451 373 663 435 gentes,
687 370 963 417 consortes
988 360 1125 414 ferre
1150 371 1253 413 non
1282 354 1662 424 possunt,dum
1692 355 1789 410 soli
1821 355 2025 410 facien-
2055 359 2105 421 Α
2132 356 2305 412 Deum
2336 356 2425 425 qui
2456 355 2701 412 haeretica
2745 356 3006 427 pravitate
3038 357 3219 412 ctecati
3253 364 3396 422 sunt,
3430 355 3513 413 vel
3541 353 3695 414 idolis

454 457 579 509 dum
609 463 795 525 putant
821 453 1177 524 quodcunque
1208 448 1443 501 libuerit.
1476 446 1621 501 Talia
1654 448 1793 500 eiiim
1826 448 2029 503 anima-

457 545 549 610 lia,
577 559 695 614 qua:
714 560 820 597 uno
847 555 1011 595 cornu
1039 546 1332 599 armantur,
1372 538 1540 590 multo
1572 535 1790 591 fortiora
1818 546 1941 591 sunt
1962 539 2029 593 ab

459 635 544 688 his
572 634 763 703 quibus
786 631 1015 700 duplicia
1044 630 1369 695 tribuuntur,
1403 644 1519 698 qua:
1543 628 1713 683 Graeci
1745 630 2031 701 μονόκερως

461 726 749 795 appellant.
782 723 864 778 Ab
894 722 983 777 illa
1012 722 1155 778 enim
1198 722 1593 775 unicornuorum
1637 723 1883 790 superbia
1925 737 2029 777 non

461 816 677 872 ferenda
724 815 1084 870 humilitatem
1134 829 1309 881 suam,
1352 829 1471 884 quae
1501 814 1754 870 destituta
1802 814 2031 885 opprimi

464 907 617 962 facile
645 918 851 977 posset,
882 907 1016 976 eripi
1044 906 1350 975 postulavit.

538 1023 688 1077 Vers.
721 1023 813 1076 Ἡ.
846 1019 1085 1074 Narrabo
1129 1035 1310 1073 nomen
1356 1027 1499 1073 tuum
1527 1018 1769 1087 fratribus
1793 1020 1947 1083 meis;
1978 1020 2032 1073 in

464 1114 628 1167 medio
660 1110 905 1166 Ecclesiae
952 1111 1172 1164 laudabo
1204 1122 1268 1164 te.
1317 1110 1444 1164 Post
1492 1124 1698 1165 sacram
1732 1111 2028 1179 passionem

467 1203 596 1258 dicit
622 1202 843 1272 gloriam
874 1200 1178 1256 Dimnitatis
1205 1208 1314 1254 toto
1343 1200 1473 1255 orbe
1516 1201 1856 1269 vulgandam.
1892 1199 2031 1255 Nar-

468 1298 589 1351 rabo
617 1299 756 1353 enim
787 1297 932 1362 dicit,
959 1296 1009 1351 id
1030 1304 1115 1351 est
1143 1311 1361 1351 narrare
1389 1294 1825 1351 faciam.Fratres
1854 1306 2031 1352 autem

476 1388 724 1443 dicuntur
745 1390 832 1457 qui
856 1388 1077 1457 diligunt
1106 1397 1161 1442 et
1186 1387 1501 1457 diliguntur.
1527 1388 1661 1442 Nam
1685 1389 1774 1458 qui
1801 1389 1909 1458 pati
1937 1403 2032 1445 ve-

476 1490 627 1536 nerat
658 1496 751 1549 pro
780 1481 948 1535 salute
968 1489 1305 1547 cunctorum,
1359 1494 1516 1548 quem
1546 1494 1731 1534 eorum
1753 1495 1860 1533 non
1890 1478 2036 1534 dice-

471 1582 553 1626 ret
582 1572 830 1626 lratrem?
860 1570 937 1626 De
977 1586 1084 1641 quo
1132 1570 1251 1625 loco
1305 1580 1547 1639 patenter
1600 1569 1674 1624 ait
1706 1569 2034 1638 Apostolus:

471 1662 688 1717 Decebat
717 1662 847 1715 enim
892 1679 1007 1715 eum
1051 1672 1256 1732 propter
1298 1678 1444 1732 quem
1472 1662 1661 1723 omnia.
1691 1672 1737 1716 et
1766 1679 1855 1732 per
1891 1677 2038 1731 quem

471 1755 663 1821 omnia,
691 1755 781 1825 qui
810 1755 993 1809 multos
1023 1755 1157 1822 filios
1187 1754 1237 1808 in
1282 1755 1498 1825 gloriam
1527 1754 1831 1820 adduxerat,
1856 1764 2038 1807 aucto-

472 1863 576 1899 rem
622 1847 803 1900 salutis
850 1862 1026 1900 eorum
1074 1862 1163 1914 per
1199 1847 1486 1916 passionem
1526 1844 1888 1899 consummari.
1940 1844 2042 1911 Qui

473 1937 603 1988 enim
650 1936 957 2004 sanctiﬁcat,
988 1946 1034 1990 et
1076 1937 1163 2005 qui
1193 1935 1603 2004 sanctiﬁcantur,
1627 1935 1690 1988 ab
1720 1950 1822 1989 uno
1846 1950 2039 2009 omnes.

476 2025 695 2097 Propter
716 2043 867 2096 quam
897 2043 1102 2080 causam
1142 2042 1240 2080 non
1265 2026 1601 2096 confundiiur
1624 2028 1806 2095 fratres
1845 2042 1929 2080 eos
1959 2039 2045 2079 uo-

474 2132 591 2169 care
635 2119 805 2170 dicens
847 2132 865 2168 :
910 2115 1173 2170 Nuntiabo
1226 2131 1408 2170 nomen
1458 2126 1598 2169 tuum
1638 2117 1877 2185 fratribus
1919 2117 2044 2171 meis

476 2208 664 2275 (Hebr.
699 2224 755 2274 n,
778 2208 988 2278 l0,ll).
1019 2208 1108 2262 Sic
1137 2209 1205 2259 ait
1238 2208 1368 2262 etin
1402 2207 1693 2278 Evangelia
1717 2217 1838 2276 post
1858 2222 2041 2263 resur-

478 2303 762 2353 rectionem
796 2317 808 2352 :
841 2299 1004 2353 Dicite
1028 2299 1273 2367 fratribus
1302 2300 1425 2353 meis
1453 2298 1666 2370 (Matth.
1695 2314 1883 2368 xxvm,
1916 2299 2042 2370 l0);

478 2397 531 2441 et
558 2390 723 2443 alibi:
760 2391 859 2453 Qui
905 2390 1075 2456 fecerit
1123 2390 1427 2443 voluntatem
1475 2388 1645 2442 Patris
1693 2391 1812 2453 mei,
1864 2389 1952 2454 qui
1993 2389 2045 2443 in

491 2497 564 2534 cat:
586 2482 628 2534 is
651 2491 740 2544 est,
763 2480 843 2534 hic
870 2497 1005 2533 utens
1024 2493 1195 2548 pater,
1213 2490 1257 2534 et
1281 2491 1460 2547 mater,
1484 2490 1529 2535 ct
1552 2480 1587 2549 fi
1601 2490 1709 2534 ater
1730 2492 1803 2535 est
1831 2479 2045 2550 (Matth.

484 2587 582 2639 xtl,
614 2570 727 2642 50).
772 2570 837 2625 In
878 2571 1044 2624 medio
1093 2585 1223 2625 vero
1276 2569 1519 2625 Ecclesia:
1542 2570 1721 2624 laudat
1747 2569 2048 2635 Dominum,

482 2663 569 2732 qui
601 2678 659 2718 se
708 2662 793 2733 pia
851 2662 1259 2717 conversatione
1312 2664 1638 2717 tractaverit.
1690 2662 1863 2731 ipsius
1906 2663 2050 2718 enim

484 2757 811 2825 praeconium
841 2764 922 2808 est
952 2768 1156 2807 morum
1189 2755 1443 2809 sanctitas
1496 2754 1782 2821 custodita,
1837 2754 2050 2823 quando

482 2847 613 2902 nihil
642 2849 782 2904 valet
808 2846 1008 2915 aliquid
1053 2847 1173 2901 boni
1203 2862 1328 2901 caro
1358 2846 1558 2915 facere,
1601 2848 1704 2902 nisi
1753 2847 1839 2903 cui
1868 2847 2053 2903 divina

2133 448 2391 502 scelerata
2420 455 2597 501 mente
2625 446 2961 501 deserviunt.

2211 538 2361 593 Vers.
2392 536 2483 590 27.
2518 538 2776 605 Quoniam
2799 554 2899 591 non
2932 538 3117 607 sprevit
3151 553 3312 608 neque
3326 536 3556 607 despexit
3586 550 3702 605 pre-

2134 644 2240 683 cem
2265 645 2570 701 pauperum.
2615 629 2766 697 Quod
2799 629 2973 683 solent
3010 629 3187 684 facere
3215 628 3396 684 mundi
3426 629 3582 683 istius
3611 627 3702 681 ho~

2136 735 2267 776 nore
2292 721 2587 791 gloriantes
2611 762 2625 785 ,
2654 734 2913 790 spernere
2946 734 3242 789 pauperes,
3275 719 3551 789 despicere
3588 734 3703 788 snp-

2139 811 2402 884 piicantes
2426 850 2443 878 ,
2473 824 2798 882 causamque
2828 811 2896 867 de
2944 811 3155 864 habitus
3184 810 3444 881 qualitate
3488 811 3663 866 metiri
3692 825 3709 876 ;

2143 904 2267 959 utsi
2295 904 2361 959 sit
2390 904 2631 960 vestibus
2678 904 2878 958 n'tidus
2904 946 2919 970 ,
2952 919 3115 959 verax
3158 914 3403 974 putetur;
3435 905 3482 960 si
3513 906 3711 960 amictu

2141 996 2414 1062 sordidus,
2446 996 2894 1052 mendacissimus
2929 997 3209 1071 habeatur.
3244 996 3349 1053 Sed
3380 996 3518 1066 apud
3549 996 3711 1053 Deum

2138 1084 2294 1154 longe
2332 1086 2607 1141 diversum
2654 1096 2735 1141 est
2763 1128 2776 1151 ,
2811 1087 2900 1155 qui
2929 1086 2997 1142 de
3043 1096 3192 1141 veste
3223 1102 3326 1141 non
3354 1086 3589 1157 judicat,
3623 1088 3713 1157 qui

2137 1178 2461 1248 opulentiam
2505 1194 2610 1232 non
2660 1178 2916 1244 honorat;
2969 1178 3064 1232 sed
3112 1178 3203 1233 ille
3245 1192 3431 1247 preces
3474 1178 3714 1232 ﬁdelium

2134 1284 2433 1339 pauperum
2464 1269 2687 1324 exaudit
2715 1279 2767 1323 et
2794 1268 3034 1338 adjuvat.
3080 1269 3293 1339 Egenus
3325 1268 3401 1323 illi
3450 1270 3715 1338 pretiosus

2136 1368 2238 1425 est,
2264 1360 2355 1429 qui
2385 1369 2558 1414 tamen
2593 1360 2750 1415 luerit
2778 1360 3062 1415 sanctitate
3094 1359 3415 1414 ditissimus.

2211 1449 2364 1504 Vers.
2396 1449 2487 1503 28.
2524 1448 2703 1519 Neque
2731 1450 2908 1504 avertit
2939 1449 3123 1517 faciem
3152 1466 3297 1502 suam
3327 1465 3359 1502 a
3388 1464 3496 1514 nte;
3524 1458 3571 1504 et
3599 1465 3717 1503 cum

2140 1540 2412 1595 clamarem
2434 1540 2502 1593 ad
2525 1556 2639 1594 eum
2662 1541 2922 1595 exaudivit
2945 1558 3040 1594 me.
3061 1541 3421 1611 lntelligamus
3440 1540 3581 1594 hunc
3598 1555 3717 1595 ver-

2142 1646 2285 1698 sum,
2309 1641 2363 1687 et
2396 1632 2504 1687 Deo
2528 1632 2760 1702 gratias,
2793 1634 2845 1688 in
2874 1642 3134 1702 quantum
3167 1647 3454 1703 possumus
3475 1674 3492 1698 ,
3523 1633 3715 1688 devota

2071 1713 2115 1774 Β
2145 1732 2329 1780 mente
2354 1723 2669 1779 referamus.
2690 1724 2822 1779 Nam
2848 1739 2970 1778 eum
2994 1725 3194 1779 diceret
3217 1724 3544 1795 generaliter
3566 1739 3727 1791 agen-

2145 1815 2240 1871 das
2284 1828 2408 1870 esse
2448 1815 2647 1883 gratias
2675 1854 2688 1878 ,
2720 1815 2845 1882 quia
2878 1829 3143 1884 pauperes
3173 1814 3431 1869 Divinitas
3470 1814 3721 1871 exaudire

2148 1907 2414 1977 dignatur,
2449 1920 2508 1960 se
2534 1905 2710 1959 intulit
2737 1905 2996 1961 Dominus
3030 1907 3276 1963 Christus
3306 1906 3538 1962 dicendo
3571 1922 3586 1961 :
3616 1906 3722 1961 Ne-

2146 2015 2242 2069 que
2273 1999 2451 2052 avertit
2502 1998 2685 2067 faciem
2726 2014 2758 2050 a
2799 2013 2898 2051 me.
2930 1998 3019 2053 Sic
3055 2011 3183 2069 ergo
3223 2012 3438 2053 eausmn
3485 1998 3719 2053 omnium

2149 2103 2299 2143 suam
2328 2089 2474 2155 fecit,
2505 2088 2581 2143 sic
2609 2097 2827 2158 peccata
2850 2089 3032 2143 mundi
3060 2092 3304 2160 corporis
3328 2092 3408 2145 sui
3436 2093 3721 2147 sanctitate

2149 2180 2366 2244 delevit,
2400 2189 2457 2235 ut
2487 2179 2612 2234 dum
2643 2180 2707 2235 ad
2746 2195 2804 2236 se
2831 2181 3191 2237 inﬁrmitatem
3226 2183 3510 2238 humanam
3542 2183 3722 2248 traxit,

2150 2272 2396 2328 diabolus
2440 2273 2707 2329 amitteret
2757 2274 2898 2343 quod
2946 2274 3184 2330 tenebat.
3227 2274 3362 2342 Quid
3403 2285 3577 2332 autem
3607 2278 3723 2330 cla-

2156 2365 2341 2430 mavit,
2374 2364 2499 2434 quid
2537 2378 2599 2419 se
2627 2364 2759 2420 dicit
2789 2365 3064 2419 auditum?
3107 2362 3301 2435 Utique
3320 2408 3335 2433 ,
3368 2376 3427 2421 ut
3456 2381 3602 2421 mors
3630 2381 3724 2421 no-

2158 2465 2269 2512 stra
2297 2456 2415 2525 ejus
2441 2456 2612 2512 exitio
2641 2457 2881 2513 ﬁniretur
2905 2498 2922 2522 ,
2948 2467 3005 2515 ut
3031 2467 3305 2527 peccatum
3334 2459 3530 2515 veteris
3555 2460 3725 2515 homi-

2159 2548 2240 2603 nis
2268 2547 2621 2604 redimeretur
2648 2548 2823 2618 pretio
2849 2548 3205 2604 sanctissimas
3235 2550 3526 2609 Passionis.

2237 2639 2387 2694 Vers.
2410 2638 2501 2694 29.
2528 2639 2679 2708 Apud
2704 2648 2752 2693 te
2772 2638 2885 2693 laus
2906 2655 3017 2693 mea
3039 2640 3091 2693 in
3121 2638 3350 2694 Ecclesia
3373 2656 3591 2711 magna;
3611 2650 3724 2697 vota

2155 2748 2268 2785 mea
2314 2730 2535 2784 Domino
2575 2729 2783 2784 reddant
2810 2746 2983 2784 coram
3022 2732 3312 2785 timentibus
3338 2748 3470 2785 eum.
3501 2731 3651 2799 Apud
3676 2741 3729 2787 ω

2158 2813 2427 2890 sig'niﬁcat
2447 2820 2514 2874 de
2538 2829 2609 2875 te.
2633 2818 2697 2873 In
2724 2818 2951 2873 Ecclesia
2974 2836 3184 2890 magna,
3212 2821 3471 2876 catholica
3497 2820 3723 2889 scilicet,

487 2937 854 2993 misericordia
880 2938 1198 3007 probitatem
1241 2939 1476 2993 noscitur
1499 2940 1833 3008 praestitisse.
1864 2938 1929 2993 In
1952 2957 2057 2994 me-
2157 2927 2275 2981 q‘m
2297 2912 2545 3008 υηξῨθτξθ
2569 2914 2991 3008 ίθπδτυίη-Ψδθ
3016 2914 3207 3008 dum?“
3235 2925 3334 2969 ⁸⁵⁸·
3363 2914 3556 3008 mf?“
3581 2914 3724 2969 θ¹¹ί¹¹¹

489 3028 576 3080 dio
602 3037 779 3082 autem
814 3028 961 3096 dicit,
996 3028 1167 3097 palam
1218 3038 1274 3083 et
1328 3029 1379 3083 in
1429 3032 1834 3085 conversatione
1862 3030 2056 3086 multo-

2158 3013 2212 3058 et
2241 3002 2590 3072 amplitudine
2633 3013 2780 3059 recte
2819 3003 3013 3059 dicitur
3058 3014 3112 3059 et
3163 3006 3388 3060 honore.
3430 3004 3557 3059 Vota
3596 3016 3724 3060 vero

493 3134 629 3185 rum,
678 3117 764 3172 ubi
813 3078 972 3171 recta:
996 3078 1215 3171 (mentis
1264 3122 1505 3185 operatio
1552 3119 1772 3187 reliquis
1811 3117 2052 3176 ﬁdelibus
2080 3078 2128 3142 ϐ
2160 3094 2359 3149 mam“
2409 3093 2631 3187 imeuigi
2673 3104 3009 3149 s‘mramema
3055 3095 3295 3187 cmoris
3350 3104 3405 3149 εί
3450 3094 3723 3165 “Mum”

478 3217 703 3277 «praestat
739 3208 1062 3274 exemplum.

488 3356 495 3364 ’
558 3339 709 3393 Vers.
730 3337 819 3391 25.
858 3338 959 3404 Qui
982 3338 1162 3389 timetis
1197 3335 1490 3403 Dont'num,
1524 3336 1730 3391 laudate
1756 3354 1909 3403 eum;
1939 3338 2054 3393 uni-

486 3446 683 3483 versum
706 3426 1083 3491 sentenJacub,
1130 3427 1451 3497 inagni/icute
1497 3444 1634 3480 eum.
1696 3427 1857 3482 Paulo
1897 3428 2054 3483 latius

497 3522 702 3576 Domini
736 3521 980 3589 passione
1011 3530 1245 3582 narrata,
1288 3534 1359 3573 ne
1408 3522 1569 3573 corda
1620 3520 1850 3575 ﬁdelium
1899 3523 2052 3592 longa

482 3613 702 3667 tristitia
732 3612 1090 3673 turbarentur,
1140 3608 1288 3665 venit
1333 3611 1397 3666 ad
1441 3611 1659 3665 tertiam
1706 3622 1928 3680 partem,
1963 3614 2053 3669 ubi

478 3709 708 3758 devotos
755 3704 1065 3770 alloquitur,
1102 3712 1160 3755 ut
1211 3702 1420 3757 Domini
1472 3704 1869 3774 dispensatione
1904 3718 2056 3760 reco-

482 3795 633 3863 gnita
662 3794 881 3848 laudent
899 3808 1041 3858 eum,
1067 3803 1119 3847 et
1140 3794 1403 3862 prteconia
1428 3795 1592 3864 ipsius
1618 3796 1849 3864 generali
1875 3796 2054 3851 exsul-

489 3888 687 3941 tatione
725 3886 1140 3941 concelebrent:
1171 3886 1422 3956 quoniam
1466 3901 1562 3955 per
1603 3887 1718 3956 ejus
1752 3889 2051 3956 passionem

493 3979 732 4047 provenit
754 3978 899 4031 salus
933 3976 1166 4031 ﬁdelium
1192 3986 1247 4032 et
1270 3979 1373 4031 vita
1394 3978 1677 4046 iustorum.
1707 3978 1857 4033 Nunc
1881 3980 2052 4034 inten-

484 4068 673 4122 damus
724 4081 881 4136 quam
927 4067 1107 4121 suavis
1154 4067 1208 4121 in
1258 4067 1446 4122 timore
1492 4067 1700 4122 Domini
1748 4069 2052 4124 declaretur

486 4161 729 4216 allectus.
759 4161 943 4216 Timor
971 4163 1112 4215 enim
1147 4161 1410 4216 humanus
1434 4177 1537 4215 non
1565 4162 1769 4217 laudem
1801 4165 2047 4232 parturit,

485 4252 576 4304 sed
608 4251 1048 4320 vituperationem
1079 4268 1093 4305 :
1126 4251 1220 4306 Dei
1247 4259 1421 4307 autem
1453 4253 1630 4317 timor,
1660 4256 1781 4322 quia
1800 4255 1977 4324 justus
1997 4266 2051 4311 et

486 4354 662 4397 rectus
682 4353 784 4410 est,
812 4343 1018 4396 laudem
1046 4353 1286 4412 generat,
1317 4359 1550 4400 amorem
1574 4347 1775 4414 tribuit,
1803 4347 2047 4403 ardorem

485 4433 762 4485 charitatis
785 4431 1098 4486 inflammat.
1124 4433 1351 4487 Laudate
1390 4450 1537 4504 ergo,
1570 4437 1718 4504 dicit,
1747 4439 1837 4509 qui
1864 4440 2048 4492 timetis

489 4523 678 4588 Deum,
703 4523 754 4576 id
782 4525 977 4594 estqui
1005 4526 1360 4580 reverentiam
1392 4527 1594 4585 habetis
1625 4530 1856 4585 nominis
1884 4532 1999 4600 ejus
2030 4545 2047 4588 :

483 4616 612 4685 quia
632 4630 752 4670 eum
782 4630 885 4669 non
918 4625 1153 4671 meretur
1180 4619 1491 4686 praedicare,
1525 4620 1625 4675 nisi
1655 4621 1743 4692 qui
1770 4622 2051 4691 cognosci-

474 4716 573 4761 tur
592 4716 644 4761 et
666 4709 871 4761 timere.
899 4706 1199 4761 Universum
1230 4708 1281 4762 in
1312 4720 1515 4778 partem
1546 4711 1803 4765 bonorum
1832 4714 2045 4780 accipe:

483 4798 606 4865 quia
636 4798 752 4852 illos
780 4805 984 4852 tantum
1010 4800 1210 4854 mavult
1234 4800 1451 4870 intelligi
1481 4803 1568 4870 qui
1592 4803 1696 4872 7⁸1
1729 4802 1851 4858 ﬁdei
1884 4802 2048 4859 Iacob

482 4892 862 4959 devotionique
890 4893 1249 4956 consentiunt,
1299 4905 1613 4961 superantes
1652 4909 1745 4962 per
1773 4895 2051 4965 religionis

482 4981 946 5036 all‘ectum'veteris
970 4981 1207 5036 hominis
1224 4982 1450 5051 primam
1478 4983 1831 5037 nativitatem.

555 5095 705 5150 Vers.
735 5094 826 5148 26.
861 5094 1053 5148 Timcat
1100 5111 1215 5149 eum
1252 5113 1398 5150 omne
1433 5114 1600 5151 semen
1632 5095 1817 5150 Israel.
1859 5095 2048 5151 Semen

484 5182 645 5241 Israel
676 5199 781 5237 non
811 5185 967 5239 unius
998 5186 1233 5241 nationis
1275 5187 1499 5256 populus
1541 5187 1867 5255 signiﬁcatur
1890 5225 1905 5250 ,
1948 5184 2043 5239 sed

479 5285 788 5329 cunctarum
813 5276 1045 5343 gentium
1073 5276 1412 5344 cognoscitur
1440 5275 1729 5343 plenitudo,
1756 5275 1894 5329 unde
1915 5287 2047 5328 con-

480 5372 587 5420 stat
618 5363 908 5419 Ecclesiam
939 5364 1314 5433 colligendam.
1350 5364 1415 5418 Et
1445 5365 1564 5433 quia
1604 5364 1852 5432 superius
1892 5364 2048 5419 dise-

478 5465 604 5509 rat:
636 5454 898 5522 Laudate,
941 5457 1027 5525 qui
1073 5456 1256 5510 timetis
1304 5457 1602 5521 Dominum,
1638 5472 1775 5510 nunc
1815 5457 1879 5511 ad
1913 5471 2049 5526 quos

478 5546 641 5601 timor
670 5549 936 5616 pertinere
969 5551 1134 5616 possit
1161 5546 1418 5613 edicitur;
1444 5547 1510 5601 ad
1541 5548 1807 5604 lsraelitas
1839 5551 2039 5618 utique,

478 5637 531 5693 id
574 5647 658 5697 est
706 5640 946 5696 videntes
999 5640 1281 5697 Dominum
1322 5658 1338 5700 :
1382 5642 1506 5714 quia
1555 5644 1800 5701 nesciunt
1852 5646 2042 5700 timere

2156 3187 2263 3253 sui,
2294 3200 2414 3254 quae
2448 3186 2550 3241 illis
2596 3187 2952 3257 praesentibus
2979 3170 3272 3243 redduntur
3295 3229 3311 3254 ,
3346 3189 3434 3259 qui
3465 3191 3511 3244 ei
3539 3199 3725 3243 sancto

2154 3288 2347 3333 timore
2369 3278 2594 3348 subjecti
2623 3288 2766 3334 sunt.
2798 3279 3038 3349 Denique
3065 3279 3184 3333 vide
3208 3279 3332 3348 quid
3364 3280 3625 3349 sequitur.

2226 3371 2377 3427 Vers.
2399 3373 2487 3427 30.
2511 3370 2675 3425 Edent
2692 3388 2957 3442 pauperes,
2985 3382 3031 3425 et
3055 3374 3437 3427 saturabuntur.
3461 3373 3583 3427 ilazc
3594 3382 3727 3431 sunt

2153 3473 2275 3518 vota
2301 3479 2420 3531 qua:
2445 3462 2693 3532 superius
2729 3464 2882 3517 dixit.
2917 3463 2981 3516 Et
3007 3462 3285 3516 considera
3317 3464 3441 3531 quia
3477 3477 3725 3531 pauperes

2157 3564 2359 3610 tantum
2387 3557 2561 3633 posuit
2590 3556 2680 3625 qui
2712 3555 2894 3610 mundi
2925 3555 3075 3610 istius
3108 3555 3389 3610 illecebras
3416 3562 3724 3621 contemptu

2158 3645 2423 3700 ditissimo
2453 3656 2804 3716 respuerunt;
2838 3660 2945 3700 non
2996 3645 3189 3700 divites
3226 3646 3315 3714 qui
3354 3645 3533 3699 smeuli
3572 3644 3727 3713 hujus

2159 3736 2411 3793 felicitate
2440 3738 2621 3793 referti
2648 3748 2773 3794 sunt
2804 3781 2819 3807 ,
2870 3739 2964 3794 sed
3004 3754 3275 3808 pauperes,
3307 3739 3358 3793 id
3395 3750 3478 3793 est
3505 3752 3725 3807 regnum

2161 3828 2255 3883 Dei
2281 3828 2597 3884 esurientes.
2631 3828 2754 3884 ideo
2794 3828 2937 3883 enim
2965 3828 3204 3895 addidit,
3233 3838 3282 3883 et
3309 3828 3678 3882 saturabuntur
3703 3843 3724 3893 ;

2159 3920 2381 3975 saturari
2408 3919 2549 3976 enim
2575 3933 2679 3975 non
2704 3928 2969 3990 poterant,
2990 3920 3098 3975 nisi
3118 3934 3251 3989 quos
3274 3920 3392 3975 talis
3422 3917 3725 3989 po-sidebat

2154 4010 2386 4065 esuries.

2227 4099 2378 4156 Vers.
2424 4102 2513 4155 3i.
2558 4101 2624 4157 Et
2671 4102 2955 4157 laudabunt
3006 4101 3283 4156 Dominum
3329 4102 3415 4171 qui
3462 4102 3726 4171 requirunt

2152 4205 2268 4243 eum
2291 4206 2309 4245 :
2334 4192 2451 4246 vivit
2479 4206 2567 4245 cor
2594 4192 2747 4265 [mss.
2780 4192 2975 4259 A.,B.,
3002 4190 3260 4256 F.,vivcnt
3281 4190 3460 4262 corda]
3484 4209 3656 4246 eorum
3675 4195 3727 4246 in

2152 4281 2398 4334 saeculum
2443 4280 2637 4335 stcculi.
2687 4282 2987 4337 Permansit
3028 4283 3080 4337 in
3123 4282 3489 4351 superioribus
3534 4282 3721 4337 dictis.

2076 4408 2129 4468 Β
2154 4374 2282 4429 Nam
2304 4389 2424 4428 cum
2449 4374 2666 4428 saturati
2698 4389 2959 4443 pauperes
2980 4374 3199 4439 fuerint,
3228 4374 3508 4429 laudabunt
3546 4374 3724 4428 Domi-

2159 4482 2300 4519 num.
2332 4465 2604 4533 Pauperes
2651 4464 2935 4520 Dominum
2983 4466 3238 4531 laudant,
3283 4464 3474 4520 divites
3522 4475 3722 4519 semet-

2161 4557 2305 4625 ipsos
2333 4557 2573 4610 exaltant
2604 4573 2617 4608 :
2651 4555 2739 4609 isti
2771 4554 3099 4609 thesaurat‘ia
3134 4566 3345 4609 terrena
3390 4565 3721 4625 congerunt,

2159 4649 2237 4704 illi
2264 4648 2469 4703 cmlesti
2502 4648 2741 4703 ubertate
2784 4647 3095 4705 ditescant:
3130 4646 3353 4701 facultas
3381 4646 3596 4715 dispar,
3630 4646 3723 4700 sed

2158 4738 2479 4793 conscientia
2508 4736 2663 4806 longe
2688 4737 2962 4793 dissimilis
2988 4753 3003 4800 ;
3035 4736 3121 4790 isti
3161 4735 3392 4805 denique
3420 4736 3718 4804 locupletes

2156 4839 2283 4887 Sunt
2308 4830 2375 4884 de
2400 4828 2618 4893 mundo,
2644 4828 2715 4883 illi
2746 4828 2812 4881 de
2844 4828 2974 4882 Deo.
3002 4828 3045 4882 0
3069 4843 3230 4897 quam
3259 4829 3414 4897 longe
3442 4827 3725 4881 dissimilia

2154 4932 2275 4976 vota
2301 4922 2477 4976 sortiti
2500 4922 2658 4975 sunt!
2694 4920 2963 4989 Pauperes
2991 4920 3268 4989 possident
3289 4918 3428 4989 quod
3457 4932 3727 4988 nunquam

2154 5013 2405 5082 perdent;
2432 5011 2620 5065 divites
2654 5019 2837 5065 tenent
2863 5009 3004 5077 quod
3039 5026 3142 5063 non
3172 5010 3345 5063 solum
3377 5010 3597 5072 mortui,
3627 5006 3722 5079 sed

2152 5104 2310 5160 etiam
2338 5102 2441 5169 vivi
2486 5100 2792 5171 frequenter
2820 5101 3090 5155 amittunt.
3128 5100 3419 5168 Sequitur:
3464 5097 3603 5153 Vivit
3634 5114 3722 5150 cor

2151 5209 2329 5247 eorum
2355 5194 2405 5246 in
2424 5192 2666 5248 siccatum
2686 5190 2883 5246 seaculi.
2916 5190 3048 5244 Vivit
3071 5207 3180 5255 cor,
3212 5190 3263 5245 id
3287 5200 3370 5246 est
3392 5204 3515 5259 spes
3536 5203 3724 5245 eorum

2157 5285 2448 5341 immobilis
2475 5293 2771 5354 vegetatur.
2825 5284 2955 5339 illud
2983 5284 3125 5338 enim
3158 5284 3423 5340 veraciter
3447 5284 3609 5339 vivere
3636 5284 3723 5337 di-

2157 5377 2347 5439 cimus,
2374 5375 2514 5444 quod
2546 5376 2597 5429 in
2629 5373 2932 5429 Divinitatis
2958 5375 3126 5446 gratia
3155 5382 3483 5443 perseverat.

2229 5467 2381 5520 Vers.
2411 5464 2500 5522 '52.
2531 5465 2951 5527 Reminiscentur.
2980 5477 3025 5518 et
3064 5476 3418 5521 convertentur
3446 5464 3515 5517 ad
3546 5461 3725 5516 Domi-

2156 5573 2275 5609 num
2302 5556 2520 5609 universi
2562 5554 2688 5624 fines
2716 5566 2880 5608 terrm.
2928 5554 3206 5610 Πειηὶηὲιεὶ
3235 5556 3445 5625 proprie
3492 5554 3613 5608 illos
3643 5553 3726 5607 di-

2155 5650 2322 5702 cimus
2366 5662 2501 5716 quos
2546 5654 2663 5715 post
2706 5645 2993 5701 oblivionis
3044 5646 3290 5716 injuriam
3339 5646 3405 5703 ad
3453 5642 3724 5702 memorize
