4030 6172
309 261 418 320 165

1292 255 1649 313 EXPOSITIO
1683 257 1748 312 ΙΝ
1790 257 2242 314 PSALTERI'UM.
2288 259 2475 317 PSAL.
2516 262 2662 320 XXI.

3481 274 3580 331 {66

306 381 525 430 constat
551 371 776 429 rediisse
805 369 1143 427 medicinam.
1169 368 1275 426 Sed
1306 369 1408 424 hoc
1432 370 1500 425 de
1526 370 1741 440 paganis
1763 384 1896 440 quo-
1922 371 1971 431 Α
2000 370 2147 427 litate
2173 371 2536 436 descendunt.
2566 384 2618 430 et
2647 374 2951 435 hominibus
2990 348 3246 450 apparere
3286 398 3387 438 non
3440 402 3567 454 pos-

317 462 487 519 tnodo
518 463 686 531 possit
709 460 953 531 intelligi,
976 462 1065 530 qui
1092 459 1233 515 nulla
1266 468 1599 515 sacramenta
1630 460 1751 514 ﬁdei
1773 468 1897 516 ante

308 556 731 611 conversionem
774 568 927 609 suam
972 551 1238 607 ullatenus
1267 550 1655 620 susceperunt?
1695 550 1801 607 Sed
1845 558 1899 607 et

309 662 405 702 eos
438 647 578 702 bene
601 645 830 701 dicimus
856 645 1157 700 reminisci:
1180 643 1304 715 quia
1334 646 1513 700 omnis
1542 642 1703 700 homo
1725 643 1896 700 Deum

314 738 413 793 sibi
441 740 736 793 conﬁtetur
765 746 1060 792 auctorem.
1089 735 1194 793 Sed
1223 734 1433 806 quando
1460 737 1603 792 Deus
1639 737 1888 805 omnipoo

317 844 436 887 lens
465 847 591 888 esse
619 831 850 887 ﬁdeliter
910 831 1245 900 agnoscitur,
1291 841 1434 885 recte
1476 831 1543 885 ab
1586 832 1663 885 eis
1709 830 1902 884 dicitur

320 921 622 986 reminisci,
653 930 712 975 ut
737 920 802 975 ad
835 920 985 975 illum
1012 918 1275 973 veraciter
1298 919 1543 982 redeant,
1568 934 1721 989 quem
1757 919 1900 987 prius

316 1026 577 1082 perversa
612 1011 887 1065 voluntate
934 1008 1302 1079 neglexerant.
1344 1008 1593 1077 Sequitur
1630 1024 1643 1060 :
1680 1007 1897 1061 Conver-

314 1113 491 1157 tentur
520 1104 592 1155 ad
622 1102 898 1155 Dominum
925 1099 1151 1153 universi
1173 1099 1298 1167 ﬁnes
1321 1108 1485 1152 term.
1512 1098 1795 1167 Pr0pltctia
1821 1107 1905 1152 est

315 1195 649 1250 universalis
694 1192 985 1257 Ecclesia),
1019 1205 1181 1260 quam
1211 1204 1351 1244 nunc
1381 1197 1591 1246 constat
1636 1198 1744 1245 toto
1776 1192 1903 1242 orbe

310 1288 589 1344 diﬁ‘usam.

385 1379 548 1435 Vers.
581 1378 671 1434 35.
709 1374 772 1433 Et
800 1378 1088 1433 adorabunt
1110 1376 1163 1430 in
1186 1385 1455 1448 conspectu
1482 1379 1594 1447 ejus
1622 1391 1792 1429 omnes
1815 1391 1903 1443 pa-

318 1472 430 1526 tric
447 1472 706 1544 gentium.
729 1469 805 1524 Ne
829 1470 949 1539 quis
973 1475 1183 1537 putaret
1204 1466 1448 1532 dubium,
1475 1464 1742 1535 quomodo
1764 1472 1905 1519 esset

315 1564 381 1617 ab
403 1564 670 1618 universis
691 1562 941 1631 gentibus
962 1559 1290 1621 adorandus.
1320 1558 1661 1627 interposuit,
1689 1558 1742 1611 in
1775 1573 1899 1611 ron-

314 1666 493 1722 spectu
539 1656 690 1725 ejus,
721 1653 811 1707 ubi
863 1651 1039 1706 nullus
1066 1651 1288 1716 adorat,
1333 1649 1430 1702 nisi
1462 1648 1552 1717 qui
1597 1648 1663 1703 de
1698 1648 1915 1702 sincera

317 1746 423 1800 ﬁde
453 1743 881 1813 trasumpscrit.
931 1742 1246 1808 Conspectus
1276 1739 1417 1794 enim
1447 1739 1591 1792 illius
1630 1754 1731 1793 non
1782 1748 1863 1793 est
1886 1780 1901 1802 ,

315 1837 416 1891 nisi
445 1851 607 1904 supra
640 1835 984 1891 ﬁdelissimos
1010 1840 1065 1886 et
1092 1831 1297 1887 beatos.
1329 1829 1589 1895 Dicendo,
1618 1845 1787 1882 omnes
1809 1846 1903 1899 pa-

314 1937 427 1987 tria:
453 1935 680 2005 genium
705 1974 718 1994 ,
750 1930 883 1985 nihil
912 1929 1127 1999 excepit
1152 1928 1246 1997 qui
1278 1937 1469 1981 cuncta
1511 1925 1811 1991 conclusit;
1848 1933 1905 1978 ut

319 2044 415 2093 per
447 2028 733 2095 indigenas
756 2039 885 2080 suos
911 2032 965 2078 et
982 2023 1119 2093 ipsa:
1150 2034 1366 2092 quoque
1409 2021 1592 2091 patria:
1617 2021 1905 2075 credantur

316 2099 567 2171 esscdei
582 2128 687 2170 ora:
928 2136 931 2137 ν

389 2208 549 2262 Vcrs.
577 2206 668 2261 54.
701 2206 957 2273 Quoniam
997 2204 1203 2258 Domini
1230 2213 1304 2258 est
1338 2214 1571 2273 regnum,
1596 2213 1652 2257 ret
1681 2205 1790 2270 ipsc
1812 2204 1904 2258 do-

314 2298 605 2351 minabitur
635 2294 1245 2368 gentium.'inlendatnus
1273 2294 1401 2364 quid
1435 2295 1535 2350 iste
1557 2309 1742 2349 versus
1768 2311 1904 2364 pra:-

314 2396 627 2458 pnsteratus
689 2387 981 2457 compellat
1033 2386 1253 2456 intelligi
1308 2402 1325 2440 :
1372 2385 1515 2441 Deus
1561 2387 1905 2441 dominabitur

312 2480 572 2546 gentium,
604 2478 848 2547 quoniam
881 2476 1089 2530 Domini
1113 2486 1185 2531 est
1214 2492 1429 2544 regnum
1450 2492 1470 2530 :
1501 2479 1622 2545 quia
1654 2494 1758 2531 non
1782 2489 1902 2532 sunt

312 2570 563 2638 gentium
587 2578 771 2637 regna,
803 2569 897 2635 sed
922 2567 1164 2633 Domini,
1197 2568 1284 2634 qui
1310 2576 1569 2635 poteSIate
1596 2583 1687 2621 sua
1711 2580 1763 2621 et
1790 2585 1904 2623 mu-

312 2668 395 2711 tat
436 2673 596 2728 reges
636 2666 690 2714 et
732 2659 996 2713 continet.
1050 2659 1112 2711 Et
1144 2670 1364 2711 necesse
1390 2664 1473 2711 est
1500 2655 1671 2725 ipsum
1701 2657 1898 2714 debere

314 2752 524 2821 ubique
552 2749 681 2821 coli,
712 2765 873 2819 quem
897 2763 1076 2805 rerum
1104 2749 1386 2804 Dominum
1411 2753 1622 2809 censtat
1650 2749 1896 2819 intelligi.

313 2845 396 2901 De
427 2860 536 2915 quo
557 2846 678 2900 loco
701 2844 859 2900 Pater
885 2845 1211 2913 Augustinus
1238 2842 1288 2896 in
1312 2842 1452 2896 libro
1475 2841 1540 2896 ad
1566 2841 1897 2896 Honoratum

310 2936 694 3007 presbyterum
717 2949 867 2990 more
897 2949 993 2989 suo
1027 2932 1341 2988 mirabiliter
1356 2933 1494 2987 dixit
1541 2931 1733 3001 (Epist.
1768 2934 1894 3000 120,

314 3045 441 3097 cap.
471 3028 566 3097 27)
600 3044 616 3083 :
650 3028 743 3082 Ille
770 3027 955 3080 irrisus
978 3067 993 3090 ,
1022 3025 1110 3079 ille
1138 3023 1425 3078 cruciﬁxus
1449 3064 1465 3090 ,
1495 3023 1585 3079 ille
1613 3024 1897 3081 derelictus
1926 3046 1973 3112 ο

312 3121 368 3173 hu
396 3138 426 3174 c
455 3133 677 3187 regnum
706 3118 956 3188 acquirit,
990 3126 1044 3172 et
1072 3116 1244 3171 tradet
1276 3119 1327 3170 in
1354 3116 1457 3171 ﬁne
1488 3116 1599 3172 Deo
1635 3126 1688 3171 et
1719 3117 1859 3172 Patri
1882 3158 1897 3181 ,

312 3226 429 3265 non
462 3219 522 3264 ut
551 3212 667 3277 ipse
692 3210 923 3275 amittat,
956 3208 1047 3263 sed
1078 3206 1223 3277 quod
1253 3207 1306 3262 in
1332 3206 1438 3262 ﬁde
1466 3207 1747 3262 seminavit
1776 3223 1896 3263 cum

309 3305 465 3357 venit
500 3301 678 3357 minor
714 3301 903 3368 Patre,
945 3301 1049 3355 hoc
1077 3299 1330 3367 perducat
1357 3297 1412 3353 in
1441 3300 1669 3368 speciem
1700 3300 1752 3354 in
1795 3316 1896 3369 qua

312 3393 543 3462 aqualis
576 3407 682 3447 non
702 3391 937 3447 recessit
962 3405 996 3445 a
1020 3390 1207 3445 Patre.
1249 3390 1478 3445 Probata
1507 3400 1587 3445 est
1616 3390 1701 3446 bis
1740 3390 1896 3447 dictis

312 3483 647 3539 universalis
670 3482 931 3538 Ecclesia.
956 3482 1208 3537 Desinant
1229 3478 1475 3535 homines
1492 3481 1890 3537 Donatistarum

311 3574 557 3629 vanitate
588 3572 864 3627 confundi.
914 3571 1029 3626 Non
1060 3578 1236 3642 potest
1268 3572 1556 3639 praevalere
1586 3572 1705 3641 plus
1742 3572 1890 3627 fraus

310 3661 586 3717 diabolica
624 3676 783 3732 quam
827 3660 1012 3731 religio
1037 3659 1357 3716 Christiana.
1402 3658 1769 3715 Necessarium
1811 3672 1893 3716 est

313 3755 461 3809 cnim
492 3754 711 3810 invento
738 3755 856 3809 loco
885 3753 1260 3808 haereticorum
1286 3751 1560 3807 confutare
1587 3752 1850 3821 nequitias
1874 3770 1891 3809 :

312 3847 572 3915 quoniam
599 3845 724 3899 dum
754 3844 895 3910 illos,
936 3842 1162 3899 Domino
1197 3850 1509 3912 praestante,
1538 3841 1891 3914 destruimus,

314 3939 603 3993 catholicae
630 3937 752 3991 ﬁdei
787 3950 943 3992 sensa
977 3936 1269 3989 ﬁrmamus.

385 4027 543 4083 νοτε.
568 4027 658 4081 '55.
687 4026 1146 4087 Handueaverunt,
1180 4036 1226 4079 et
1254 4026 1595 4079 adoraverunt
1619 4039 1790 4079 omnes
1816 4024 1894 4081 di-

312 4118 437 4171 rites
467 4128 636 4172 terra.
667 4117 806 4182 Quid
835 4128 918 4172 est
959 4118 1060 4171 hoc
1087 4116 1228 4185 quod
1275 4116 1523 4186 superius
1551 4115 1617 4172 de
1652 4130 1886 4186 corpore

311 4208 529 4261 Domini
562 4221 820 4276 pauperes
845 4207 973 4261 dicit
1004 4219 1125 4262 esse
1162 4215 1427 4262 saturatos
1452 4247 1468 4274 ,
1503 4207 1587 4262 hic
1612 4216 1787 4262 autem
1814 4207 1894 4260 di-

309 4302 437 4351 vites
463 4308 613 4352 terra
641 4308 843 4354 tantum
876 4297 1279 4351 manducasse-et
1304 4297 1549 4351 adorasse
1574 4296 1853 4352 conﬁrmat
1869 4297 1895 4351 ἳ

309 4388 560 4450 Scilicet,
593 4397 645 4441 ut
675 4388 938 4458 intelligas
965 4402 1073 4442 non
1097 4387 1347 4452 humiles,
1369 4388 1463 4442 sed
1485 4388 1768 4456 superbos,
1802 4387 1890 4457 qui
1916 4403 1970 4465 ι)

311 4497 419 4534 non
468 4479 663 4533 habent
696 4479 749 4533 in
778 4478 1183 4535 mansuetudine
1228 4493 1376 4547 spem
1408 4479 1849 4547 praedicationum
1872 4521 1889 4548 ,

308 4570 404 4624 sed
428 4569 483 4623 in
504 4568 709 4623 divitiis
728 4570 1218 4638 praesumptionem.
1243 4568 1372 4622 Nam
1401 4569 1526 4623 licet
1544 4568 1731 4623 eadem
1751 4582 1886 4639 prte~

312 4660 649 4713 dicationum
679 4668 1012 4714 sacramenta
1044 4661 1399 4729 susceperint,
1451 4670 1626 4715 tamen
1654 4675 1750 4729 par
1782 4675 1887 4717 non

311 4760 395 4805 est
424 4751 479 4803 in
518 4751 760 4819 utrisque
797 4750 1029 4805 devotio.
1066 4750 1141 4805 Illi
1173 4751 1313 4805 enim
1345 4766 1512 4820 usque
1540 4751 1603 4805 ad
1632 4752 1885 4805 saturita-

312 4851 420 4895 tem
452 4840 759 4905 comedunt,
785 4840 832 4894 id
860 4850 942 4896 est
968 4854 1134 4909 usque
1153 4841 1219 4895 ad
1247 4838 1628 4908 perfectionem
1656 4858 1666 4893 :
1692 4841 1780 4894 isti
1810 4841 1889 4896 sic

312 4931 684 4995 manducant,
731 4940 789 4985 ut
830 4946 937 4985 non
988 4932 1191 5001 magnis
1236 4931 1519 4987 desideriis
1548 4932 1884 5001 eapleantur.

310 5021 472 5077 Aliud
508 5030 592 5076 est
621 5022 762 5077 enim
797 5022 1140 5078 mediocriter
1167 5023 1367 5092 aliquid
1398 5024 1534 5077 velle
1577 5024 1886 5092 percipere,

311 5123 363 5168 et
388 5113 535 5167 aliud
576 5122 688 5167 toto
733 5115 927 5169 mentis
970 5114 1160 5169 ardore
1207 5116 1545 5184 perquirere;
1577 5125 1630 5169 et
1668 5116 1786 5170 ideo
1819 5116 1875 5169 hi

310 5218 418 5259 non
446 5204 699 5260 dicuntur
727 5220 989 5275 pauperes
1014 5204 1236 5272 Christi,
1266 5204 1359 5260 sed
1386 5205 1564 5258 divites
1593 5214 1765 5259 ten-te.

387 5298 544 5352 Vers.
572 5296 662 5352 36.
694 5296 761 5351 In
797 5306 1069 5366 conspectu
1109 5298 1222 5367 ejus
1265 5296 1526 5368 precidem
1556 5296 1776 5351 universi
1802 5297 1890 5362 qui

310 5386 627 5439 ascendunt
665 5386 719 5439 in
743 5395 969 5450 terram;
996 5397 1044 5441 et
1074 5388 1248 5440 anima
1278 5401 1390 5439 mea
1418 5386 1517 5455 ipsi
1559 5387 1706 5441 vivet.
1757 5386 1889 5453 Quia

310 5478 557 5545 superius
578 5477 812 5544 dixerat,
843 5479 1023 5532 divites
1060 5488 1209 5533 terra:
1236 5491 1356 5532 esse
1385 5476 1592 5546 tepidos
1622 5474 1887 5532 Christia-

315 5585 435 5629 nos.
463 5569 576 5640 78
604 5585 741 5625 nunc
764 5569 900 5625 dicit
922 5568 1013 5640 qui
1037 5580 1160 5625 ante
1188 5570 1353 5625 Deum
1391 5570 1683 5641 procidant,
1718 5570 1769 5625 id
1801 5579 1886 5626 est

314 5661 528 5722 radau',
551 5660 639 5730 qui
669 5660 719 5715 in
756 5669 996 5718 terrenas
1023 5659 1485 5732 concupiscentiae
1512 5660 1691 5717 carnis
1720 5660 1880 5731 fragi-

1999 468 2144 514 sunt.
2171 460 2313 517 Bene
2333 472 2511 517 autem
2557 464 2752 518 dictum
2778 477 2856 521 est
2886 468 3221 540 descendunt,
3251 474 3371 542 quia
3416 490 3576 531 omne

1999 558 2281 620 peceatum
2310 566 2432 621 pars
2460 556 2714 621 probatur
2740 555 2980 611 inferior.
3017 559 3145 612 Nam
3177 561 3302 616 dum
3336 578 3573 619 conveu~

2012 648 2094 694 tus
2126 641 2382 696 Ecclesiae
2413 658 2600 699 omnes
2628 644 2916 701 indiscrete
2942 650 3215 718 suscipiat,
3250 653 3417 721 ipsius
3446 670 3582 711 con-

2002 733 2210 799 spectui
2237 732 2346 786 noti
2376 743 2519 800 sunt,
2545 737 2630 805 qui
2674 753 2732 792 se
2762 740 3073 794 meritorum
3105 745 3361 812 qualitate
3383 747 3585 803 discer-

2006 833 2165 875 nunt.
2207 823 2444 877 Animam
2482 841 2607 879 vero
2634 842 2781 881 suam
2808 828 2933 883 dicit
2963 831 3068 886 Deo
3105 834 3298 901 vivere,
3327 841 3578 906 quoniam

2006 915 2145 970 hunc
2176 915 2431 970 mundum
2466 919 2803 973 immaculata
2835 925 3241 981 conversatione
3269 930 3536 985 transivit.

2078 1005 2234 1061 Vers.
2265 1006 2354 1060 57.
2397 1006 2463 1060 Et
2490 1025 2655 1063 semen
2694 1028 2856 1065 meum
2893 1016 3071 1068 serviet
3111 1017 3225 1083 illi;
3252 1025 3581 1077 annuntinbi-

2002 1102 2085 1147 tur
2110 1095 2331 1152 Domino
2358 1103 2618 1170 generatio
2639 1114 2867 1157 ventura.
2894 1105 3076 1161 Semen
3101 1122 3263 1175 opera
3287 1112 3434 1183 dicit,
3460 1131 3579 1185 qute

2014 1197 2257 1256 tempore
2278 1190 2667 1246 incarnationis
2699 1210 2808 1249 Siue
2835 1196 3114 1253 inanifesta
3146 1199 3270 1255 fecit
3314 1202 3365 1256 in
3398 1208 3578 1272 terris,

2010 1287 2068 1331 ut
2100 1280 2323 1347 populos
2366 1280 2699 1349 instrueret,
2732 1297 2941 1340 secreta
2992 1288 3267 1358 religionis
3313 1294 3581 1361 aperiret,

2014 1369 2393 1436 praedicatores
2435 1374 2709 1441 apostolos
2756 1376 3098 1444 institueret,
3147 1382 3235 1450 qui
3268 1383 3579 1453 religionem

2006 1468 2242 1514 sanctam
2266 1464 2472 1516 sincera
2505 1462 2606 1517 ﬁde
2641 1467 3013 1533 praedicarent.
3044 1472 3449 1527 Annuntiabitur
3474 1476 3580 1527 Do-

2012 1549 2149 1600 nifno
2176 1548 2325 1614 dicit,
2354 1550 2421 1605 ab
2446 1553 2649 1619 angelis
2673 1553 2755 1622 (ut
2778 1556 2992 1624 quidam
3019 1560 3249 1631 volunt),
3274 1563 3362 1633 qui
3394 1579 3579 1632 preces

2015 1636 2275 1692 humanas
2315 1638 2381 1692 ad
2426 1639 2708 1695 Dominum
2762 1644 2968 1700 referre
3002 1659 3388 1708 memorantur.
3433 1652 3577 1709 Scri-

2010 1736 2156 1795 ptum
2188 1736 2266 1781 est
2287 1728 2429 1781 enim
2466 1729 2519 1782 in
2551 1730 2685 1783 libro
2713 1730 2895 1786 'l‘ohire
2924 1750 2936 1785 :
2968 1735 3075 1805 Ego
3098 1739 3257 1793 obtuli
3283 1742 3581 1797 memoriam

2010 1820 2255 1871 orationis
2303 1828 2480 1874 vestra:
2525 1832 2641 1875 ante
2677 1822 2952 1879 Dominum
3002 1828 3159 1896 (Tob.
3192 1835 3446 1904 xn,‘12).
3477 1836 3582 1891 Sed

2012 1906 2304 1976 ﬁguraliter
2346 1908 2544 1964 dicitur
2586 1930 2599 1964 :
2644 1913 3047 1969 Annuntiabitur
3096 1918 3319 1974 Domino
3344 1961 3359 1988 ,
3390 1925 3582 1980 scienti

2010 2002 2239 2069 quippe,
2277 2010 2331 2057 et
2372 2004 2548 2057 omnia
2589 2007 2933 2074 praevidenti;
2979 2014 3234 2078 scriptum
3268 2023 3350 2068 est
3378 2018 3569 2071 enim:

2013 2092 2170 2147 Novit
2191 2095 2325 2148 enim
2351 2093 2508 2149 Pater
2540 2106 2703 2150 vester
2721 2140 2735 2163 ,
2764 2099 2837 2153 ait
2868 2098 3149 2167 Dominus,
3177 2105 3299 2173 quid
3326 2106 3464 2160 vobis
3492 2124 3583 2161 ne-

2006 2186 2280 2240 cessarium
2308 2188 2390 2252 sit,
2424 2188 2719 2255 priusquam
2758 2193 2940 2256 petatis
2965 2194 3027 2245 ab
3055 2210 3115 2247 eo
3149 2194 3363 2263 (Matth.
3397 2214 3471 2265 Vl,
3502 2200 3581 2268 8).

2004 2278 2337 2332 Annuntiant
2374 2293 2503 2349 ergo
2535 2280 2708 2349 angeli
2743 2282 2968 2338 Domino
2995 2299 3092 2353 pro
3121 2288 3441 2352 ministerio,
3480 2305 3583 2345 non

2004 2384 2104 2434 pro
2131 2362 2498 2424 inStructione.
2543 2369 2937 2427 'Gencrationem
2966 2385 3233 2429 venturam
3260 2379 3428 2443 dicit,
3468 2396 3583 2449 quo:

2005 2475 2066 2514 ex
2099 2475 2232 2529 aqua
2262 2470 2313 2514 et
2345 2461 2545 2529 Spiritu
2594 2470 2781 2518 sancto
2810 2472 2966 2531 erat,
3000 2465 3229 2520 Domino
3281 2469 3541 2538 largiente
3566 2514 3582 2535 ,

2006 2551 2354 2618 procreanda.
2379 2552 2451 2606 Et
2480 2564 2534 2606 ut
2556 2554 2867 2610 ostenderet
2896 2571 3012 2612 eam
3040 2558 3237 2627 justam
3264 2602 3279 2626 ,
3314 2561 3442 2616 dicit
3472 2563 3582 2616 Do-

2002 2643 2139 2697 mino
2182 2658 2302 2699 esse
2353 2654 2657 2711 venturam;
2704 2650 2981 2717 generatio
3010 2652 3151 2706 enim
3182 2653 3443 2708 malorum
3474 2654 3580 2710 sibi

2003 2733 2216 2789 videtur
2242 2736 2446 2801 venire,
2477 2752 2582 2793 non
2615 2739 2860 2795 Domino.

2072 2822 2227 2878 Vers.
2258 2823 2346 2878 58.
2382 2825 2772 2881 Anauntiubunt
2818 2827 2933 2881 etzli
2969 2830 3226 2899 justitiam
3256 2835 3367 2898 eius
3394 2837 3580 2903 papula

2000 2912 2086 2979 qui
2115 2922 2370 2978 nascetur,
2396 2929 2543 2983 quem
2569 2915 2688 2983 fecit
2720 2915 2992 2972 Dominus.
3026 2919 3080 2971 Id
3110 2929 3192 2975 est
3237 2926 3577 2992 evangelista:

2002 3002 2367 3073 prmdicabunt
2407 3005 2609 3059 Filium
2658 3005 2780 3069 Dei;
2814 3006 2931 3075 ipse
2959 3009 3103 3061 enim
3136 3019 3218 3063 est
3243 3011 3445 3079 iustitia
3478 3016 3577 3066 νει·

2006 3096 2120 3149 tris.
2147 3094 2222 3149 Illi
2254 3110 2382 3165 ergo
2411 3095 2605 3165 popqu
2632 3096 2966 3166 praedicanda
2995 3106 3076 3153 est
3093 3101 3320 3170 justitia,
3346 3102 3436 3172 qui
3463 3119 3579 3159 cre-

2002 3187 2208 3242 diturus
2238 3197 2320 3243 est
2353 3188 2483 3253 Deo,
2516 3191 2604 3258 qui
2635 3199 2975 3259 peccatorum
3004 3206 3177 3249 morte
3202 3181 3454 3250 dereliCta
3488 3213 3578 3252 ve-

2002 3280 2081 3331 nit
2109 3278 2174 3331 ad
2207 3280 2391 3345 vitam,
2420 3280 2507 3348 qui
2538 3279 2616 3334 sic
2644 3279 2903 3335 beneﬁcio
2947 3282 3037 3337 Dei
3070 3298 3138 3337 ex
3169 3282 3272 3339 ﬁde
3299 3287 3537 3341 nascitur
3562 3329 3578 3352 ,

2001 3373 2058 3417 ut
2088 3364 2137 3417 in
2172 3374 2434 3420 aeternum
2482 3365 2662 3420 vivere
2710 3376 3001 3422 mereatur.
3048 3369 3384 3437 Quapropter
3415 3374 3574 3427 nimis

1998 3466 2121 3525 apte
2157 3456 2354 3510 dictum
2386 3466 2468 3511 est
2496 3456 2858 3511 Christianum
2891 3459 3142 3527 populum
3178 3460 3461 3516 Dominum
3497 3463 3574 3519 fe-

1997 3548 2163 3611 cisse;
2193 3547 2398 3601 creavit
2444 3546 2609 3616 enim,
2641 3548 2853 3617 quando
2882 3548 3032 3603 illutn
3064 3549 3132 3605 de
3163 3559 3350 3606 ventre
3394 3555 3579 3610 matris

1997 3637 2206 3700 eduxit;
2266 3639 2361 3692 sed
2436 3648 2560 3692 tunc
2612 3656 2730 3693 eum
2774 3656 2804 3694 a
2857 3643 3088 3709 peccatis
3140 3643 3362 3700 liberum
3412 3646 3575 3711 fecit,

1997 3727 2209 3795 quando
2236 3726 2592 3782 Christianum
2620 3745 2715 3796 per
2740 3746 2932 3799 aquam
2964 3735 3386 3802 regeneratiOuis
3416 3737 3572 3792 insti-

1998 3817 2121 3871 tuit.
2168 3818 2361 3872 Animo
2394 3834 2517 3873 iero
2554 3819 2890 3874 condendum
2922 3831 3002 3876 est
3025 3862 3041 3888 ,
3073 3824 3214 3891 quod
3261 3826 3358 3882 iste
3397 3836 3453 3882 et
3483 3827 3579 3883 alii

2008 3907 2223 3976 psalmi,
2253 3909 2343 3976 qui
2373 3909 2439 3963 de
2467 3908 2719 3964 Passione
2767 3909 2975 3965 Domini
3022 3913 3331 3983 loquuntur,
3377 3918 3428 3972 in
3478 3933 3576 3987 spe

1998 3997 2421 4055 Christianorum
2455 4002 2685 4056 maxime
2718 4004 3098 4070 terminantur;
3133 4016 3190 4060 ut
3220 4006 3320 4062 hac
3349 4008 3578 4079 disposi-

2000 4087 2145 4142 tione
2170 4089 2401 4143 mirahiii
2427 4104 2815 4158 cognoscamus
2843 4092 3071 4147 salutem
3104 4094 3447 4152 credentibus
3478 4098 3575 4155 tali

2001 4179 2255 4250 mysterio
2277 4180 2657 4233 contributam.

2529 4334 2801 4391 Conclusio
2839 4338 3042 4408 psalmi.

2066 4464 2179 4520 ‘lste
2210 4466 2443 4535 psalmus
2471 4478 2553 4522 est
2578 4483 2737 4538 quem
2777 4470 2931 4525 nobis
2966 4472 3198 4541 paschali
3239 4489 3459 4533 munere
3488 4493 3579 4534 so-

1995 4561 2243 4618 lemn‘ter
2272 4563 2517 4618 decantat
2543 4564 2809 4629 Ecclesia;
2837 4578 2889 4620 ut
2915 4568 3221 4623 salutariter
3242 4570 3574 4629 instruamur

1998 4655 2053 4709 in
2088 4656 2336 4711 humanis
2373 4656 2537 4712 rebus
2566 4658 2725 4711 etiam
2756 4659 2940 4714 beatos
2982 4662 3352 4729 temporaiiter
3379 4680 3444 4719 ex
3475 4666 3573 4719 ali-

1996 4761 2098 4816 qua
2130 4758 2277 4815 parte
2318 4762 2346 4801 a
2392 4747 2617 4801 Domino
2647 4749 2943 4819 derelinqui
2963 4792 2979 4815 ,
3009 4767 3129 4807 cum
3171 4761 3350 4811 tamen
3381 4769 3475 4811 eos
3500 4760 3567 4812 ad

1996 4838 2131 4893 bona
2163 4849 2356 4892 aeterna
2385 4838 2625 4893 tuitionis
2647 4854 2756 4894 suae
2784 4841 2978 4895 virtute
3000 4843 3276 4911 perducat.
3311 4844 3461 4900 llunc
3485 4846 3571 4902 fe-

1997 4930 2167 4984 liciter
2192 4930 2379 4986 ﬁentes
2403 4930 2667 4996 audimus,
2695 4947 2790 5000 per
2808 4948 2966 5003 quem
2990 4937 3067 4989 sic
3092 4951 3373 5004 possumus
3394 4938 3569 5005 reﬁci,

1997 5020 2042 5075 si
2068 5020 2241 5074 deﬁxo
2272 5022 2449 5076 animo
2479 5022 2529 5075 in
2559 5021 2748 5076 eodem
2802 5022 3100 5079 mereamur
3138 5026 3324 5096 afﬂigi.
3356 5026 3400 5083 Ο
3433 5027 3566 5084 dura

1995 5114 2153 5169 corda
2183 5115 2516 5169 Judazorum!
2549 5130 2581 5169 ο
2606 5116 2886 5170 insensataa
2916 5129 3121 5172 mentes
3153 5135 3421 5189 nunquam
3451 5136 3568 5177 om-

1995 5205 2122 5260 nino
2165 5205 2525 5261 credentium!
2561 5206 2747 5261 Nonne
2777 5207 2862 5263 hic
2891 5210 3035 5262 solus
3065 5210 3302 5278 psalmus
3330 5210 3395 5265 ad
3427 5210 3557 5266 Pas-

1996 5299 2200 5353 sionem
2229 5296 2553 5353 credendam
2582 5297 2828 5353 sufﬁcere
2857 5298 3152 5367 debuisset,
3184 5314 3339 5360 quam
3366 5299 3445 5356 sic
3464 5303 3578 5356 evi-

1996 5389 2184 5445 denter
2204 5390 2270 5445 de
2312 5405 2372 5445 se
2398 5388 2613 5445 Veritas
2658 5390 2773 5458 ipsa
2815 5389 3163 5459 praedicavit?
3210 5390 3277 5445 Et
3305 5405 3372 5446 ne
3399 5392 3574 5458 alitua

1994 5481 2244 5536 cordibus
2266 5482 2569 5536 durissimis
2592 5482 2874 5537 excusatio
2900 5482 3316 5550 relinqueretur,
3348 5498 3579 5555 sequun-

1992 5578 2077 5625 tur
2106 5570 2243 5623 inter
2270 5570 2403 5624 alios
2437 5571 2507 5625 de
2540 5572 2636 5625 hac
2667 5586 2724 5625 re
2756 5570 2983 5640 psalmi,
3014 5571 3250 5629 evidenti
3298 5582 3353 5630 et
3398 5577 3574 5631 mani-

1993 5659 2273 5717 festissima
2322 5660 2728 5730 prophetatione
2760 5661 3047 5730 conscripti
3077 5706 3090 5730 ,
3127 5662 3178 5721 id
3210 5674 3323 5734 est,
3358 5667 3575 5739 trigesi-
