4030 6172
490 225 517 279 ι
529 223 590 278 (οἳ

486 440 726 495 octavus,
753 442 805 487 et
830 433 1154 486 centesimus
1179 441 1431 495 octavus;
1464 437 1519 482 ut
1550 429 1676 482 nulli
1701 443 1820 483 esse
1843 428 2063 483 deberet

489 529 814 598 ambiguum,
833 527 971 596 quod
997 526 1156 580 lamis
1179 525 1515 594 praeconibus
1536 525 1878 593 cognoscitur
1898 522 2062 578 fuisse

487 623 778 690 vulgatum.
805 617 1058 672 Continet
1082 626 1257 671 autem
1284 615 1564 686 pnesentis
1596 615 1785 683 psalmi
1809 627 2062 667 numerus

488 719 538 761 et
572 709 673 760 alia
705 721 882 762 rerum
914 713 1246 760 sacramenta
1273 704 1596 761 ctelestium.
1629 703 1758 756 Nam
1788 715 1910 756 cum
1940 715 2063 771 pro-

485 798 644 867 pheta
679 795 861 850 Daniel
896 797 1064 851 tribus
1112 795 1539 850 hebdomadibus
1582 793 1880 848 orationem
1907 804 2059 845 suam

487 889 716 943 Domino
742 889 940 957 jugiter
966 888 1314 952 immolasset,
1339 896 1396 940 ut
1418 902 1534 955 qua:
1556 892 1735 940 essent
1758 881 2058 938 lsraelitico

487 979 684 1048 populo
732 978 908 1032 futura
946 985 1294 1048 cognosceret
1322 1017 1338 1045 ,
1368 975 1544 1045 angeli
1575 989 1707 1036 voce
1738 987 2055 1042 responsum

486 1080 569 1124 est
597 1112 612 1136 ,
659 1071 723 1134 ad
774 1070 973 1138 primas
1005 1083 1189 1136 preces
1231 1082 1291 1122 se
1322 1067 1487 1122 fuisse
1520 1065 1932 1131 transmissum,
1965 1062 2059 1117 sed

481 1159 750 1215 diabolica
781 1159 1132 1214 reluctatione
1163 1159 1458 1224 tardatum;
1491 1155 1749 1211 vicesimo
1771 1155 1943 1225 primo
1971 1153 2061 1208 die

487 1254 552 1307 ad
580 1268 698 1306 eum
726 1253 959 1320 potuisse
985 1250 1335 1316 descendere,
1367 1258 1424 1303 ut
1448 1249 1581 1303 votis
1605 1248 1723 1318 ejus
1747 1246 2056 1301 satisfacere

484 1349 748 1415 potuisset
792 1348 964 1415 (Dan.
993 1363 1046 1410 x,
1081 1342 1201 1417 t2).
1241 1345 1580 1412 Quapropter
1608 1351 1663 1397 et
1693 1342 1780 1396 hic
1820 1339 2057 1410 psalmus

486 1453 592 1490 non
643 1438 912 1492 immerito
941 1436 1032 1490 tati
1061 1427 1266 1490 calculo
1315 1434 1555 1489 noscitur
1594 1432 1887 1486 collocatus
1920 1446 1936 1485 :
1966 1429 2058 1498 qui

483 1529 680 1584 diaboli
715 1529 1062 1597 perversitate
1091 1528 1358 1581 destructa
1385 1565 1402 1590 ,
1436 1522 1771 1578 medicinalis
1795 1520 2058 1592 passionis

484 1621 623 1674 dona
666 1619 960 1685 reseravit;
990 1618 1144 1688 cujus
1183 1615 1446 1673 henelicio
1476 1614 1768 1670 humanum
1795 1626 1965 1683 genus
1989 1611 2057 1666 ab

1671 226 1737 280 Μ.
1783 225 2059 281 AURELII
2099 223 2504 281 CASSIODORI

487 351 608 393 mus
636 348 873 408 quartus,
898 337 1368 409 Quinquagcsimus
1397 344 1618 405 quartus
1641 378 1654 402 ,
1688 335 2059 404 sexagesimus
2093 340 2144 398 Α

3642 245 3742 298 163

2245 331 2306 386 In
2339 334 2454 388 loco
2485 351 2685 405 pascua:
2715 337 2784 389 ibi
2818 353 2896 393 me
2923 340 3213 397 collocavit.
3264 345 3496 401 Primam
3540 362 3741 418 partem

2173 435 2455 480 munerum
2489 424 2660 481 ﬁdelis
2691 428 2789 480 iste
2818 442 2975 496 quem
3018 430 3249 486 diximus
3281 445 3556 502 gratanter
3580 452 3742 506 expo-

2173 515 2271 579 nit,
2303 515 2448 578 quod
2499 525 2676 570 tamen
2707 515 2772 571 ad
2805 518 3157 576 universalem
3203 522 3400 580 Christi
3453 527 3741 584 Ecclesiatn

2173 603 2365 658 merito
2380 604 2750 673 cognoscimus
2774 609 3060 676 pertinere.
3081 613 3284 667 Asserit
3309 629 3368 669 se
3393 631 3516 686 ergo
3536 617 3590 671 iu
3619 618 3744 674 locis

2169 707 2372 762 pascunt
2400 691 2771 760 constitutum,
2805 711 2911 750 non
2943 697 3080 754 unde
3103 714 3230 754 caro
3259 716 3557 774 corpusque
3604 719 3743 776 sagi-

2170 791 2349 850 netur,
2379 781 2472 837 sed
2505 784 2644 838 unde
2678 787 2854 838 anima
2883 786 3086 842 cmiesd
3117 789 3311 858 pabulo
3341 793 3558 861 refecta,
3586 799 3743 867 spiri-

2171 873 2324 927 tualis
2355 872 2548 928 laetitias
2588 875 2762 931 nitore
2793 877 3119 946 pinguescat.
3166 880 3259 936 Illa
3299 885 3440 939 enim
3485 885 3578 942 Dei
3619 899 3742 945 sunt

2168 979 2383 1033 pascua,
2431 957 2561 1035 quas
2591 980 2700 1021 non
2746 969 2950 1022 ventris
2989 968 3371 1040 digestionibus
3407 975 3737 1047 dilabuntur,

2168 1053 2256 1108 ubi
2309 1055 2500 1109 iterum
2543 1056 2844 1125 importuna
2897 1073 3002 1113 non
3072 1063 3310 1118 succedit
3355 1066 3596 1134 esuries;
3645 1073 3737 1124 sed

2164 1147 2342 1200 anima
2381 1160 2501 1200 cum
2529 1148 2694 1203 semel
2721 1151 2946 1218 cmperit
2975 1165 3098 1206 esse
3131 1162 3392 1222 saturata,
3422 1155 3478 1211 in
3507 1158 3738 1228 idipsmu

2164 1236 2369 1292 caelesti
2401 1253 2622 1294 munere
2652 1251 2977 1310 perseverat.
3012 1241 3174 1297 Locus
3202 1255 3380 1301 autem
3412 1247 3514 1303 iste
3539 1251 3630 1319 qui
3657 1249 3739 1304 di-

2159 1330 2298 1383 citur
2341 1329 2678 1398 pabulorum,
2710 1333 2890 1388 divina
2935 1334 3092 1390 lectio
3129 1345 3233 1391 est.
3286 1336 3419 1393 Nam
3461 1341 3598 1395 sicut
3643 1356 3736 1411 pe-

2160 1422 2356 1477 cudum
2398 1425 2710 1492 corporibus
2741 1425 3117 1498 pinguedinem
3163 1439 3380 1503 praestat
3421 1445 3547 1503 ager
3571 1433 3736 1503 depa-

2147 1519 2297 1578 ‘stus,
2351 1512 2425 1567 ita
2472 1523 2525 1568 et
2571 1528 2751 1568 sermo
2779 1515 2992 1571 divinus
3037 1519 3270 1572 animam
3322 1521 3470 1597 novit
3512 1521 3738 1579 ﬁdeliter

2165 1605 2412 1674 saginare
2453 1606 2762 1669 meditatus.
2812 1607 2888 1663 De
2924 1608 3008 1664 his
3050 1610 3260 1680 pascuis
3305 1623 3572 1672 saturatus
3609 1633 3736 1675 eru-

483 1721 686 1765 acterna
711 1719 884 1767 morte
920 1710 1238 1776 liberatum,
1262 1707 1329 1764 ad
1369 1715 1643 1778 perpetute
1670 1706 1861 1762 salutis
1912 1703 2046 1762 dona

2163 1695 2324 1750 ctavit
2361 1695 2452 1751 ille
2497 1699 2586 1766 qui
2627 1697 2761 1753 dixit
2789 1698 2936 1760 Deo:
2972 1700 3137 1766 Quam
3163 1702 3336 1758 dulcia
3363 1706 3593 1774 faucibus
3613 1711 3735 1766 meis

477 1802 746 1871 pervenit.

762 1931 1122 1990 EXPOSITIO
1158 1929 1227 1989 1N
1264 1929 1591 1988 PSALMUM
1628 1928 1795 1986 XXII.

1034 2047 1274 2102 Psalmus
1313 2047 1502 2102 David.

556 2163 690 2231 Apte
723 2161 1171 2230 prietermittitur,
1206 2160 1296 2214 ubi
1325 2160 1455 2214 novi
1494 2157 1626 2219 nihil
1671 2165 1753 2234 est
1782 2155 1923 2228 quod
1969 2169 2053 2210 re-

478 2254 740 2322 quiratur.
767 2251 878 2304 lloc
915 2259 1118 2305 tantum
1162 2249 1700 2306 commemorandum
1729 2258 1834 2318 est,
1871 2257 1930 2304 ut
1958 2262 2057 2302 no:-

471 2355 623 2399 .nitua
650 2344 784 2397 tituli
809 2343 965 2411 hujus
985 2341 1050 2395 ad
1073 2342 1426 2411 spiritualem,
1450 2343 1592 2397 sicut
1607 2341 1815 2411 prazfati
1841 2355 2052 2408 sumus,

480 2438 883 2508 intelligentiim
914 2437 1204 2505 perducere
1233 2437 1545 2492 debeamus.
1589 2435 1864 2505 Loquitur
1903 2435 2049 2491 enim

482 2548 576 2601 per
605 2540 768 2585 totum
794 2534 1055 2599 psalmum
1075 2570 1090 2594 ,
1135 2530 1294 2599 primi
1326 2530 1561 2585 hominis
1588 2538 1858 2585 vetustate
1889 2529 2054 2598 depo-

474 2626 601 2688 sita,
633 2634 982 2692 regeneratus
1010 2639 1079 2678 ex
1105 2637 1239 2692 aqua
1274 2632 1328 2678 et
1355 2623 1560 2692 Spiritu
1587 2632 1774 2678 sancto
1805 2622 2058 2678 ﬁdelissi-

478 2730 598 2770 mus
626 2713 968 2770 Christianus
1003 2733 1016 2768 :
1045 2715 1246 2786 gratius
1284 2730 1444 2784 agens
1474 2715 1726 2785 quoniam
1773 2713 1842 2770 de
1887 2715 2054 2769 aridi-

473 2817 586 2861 tate
615 2805 815 2874 peccati
847 2805 912 2859 ad
933 2805 1048 2860 loca
1082 2820 1315 2874 pascuae,
1341 2816 1393 2862 et
1422 2806 1487 2860 ad
1516 2821 1709 2876 aquam
1741 2805 2053 2862 refectionis

473 2897 702 2952 Domino
729 2897 799 2950 sit
845 2897 1101 2965 largiente
1134 2896 1442 2966 perductus.
1492 2897 1557 2950 Et
1588 2897 1885 2952 notandum
1926 2898 2049 2967 quia

2164 1789 2364 1858 eloquia
2393 1790 2518 1843 tua!
2541 1799 2691 1862 super
2716 1792 2814 1846 mel
2844 1803 2889 1846 et
2918 1797 3089 1863 favum
3117 1796 3193 1850 ori
3213 1811 3323 1851 meo
3351 1797 3529 1868 .(l’sul.
3554 1817 3730 1870 cxvm,

2165 1879 2291 1951 105)
2310 1919 2330 1949 ,
2360 1890 2412 1935 et
2443 1881 2524 1936 his
2550 1881 2762 1938 similia.

2238 1990 2394 2046 Vcrs.
2425 1993 2479 2046 2.
2511 1992 2680 2062 Super
2707 2010 2892 2064 aquam
2921 1999 3210 2069 refectionis
3241 2001 3470 2057 educavit
3500 2020 3593 2059 me.
3645 2003 3734 2062 Se-

2164 2086 2396 2141 cundum
2428 2100 2622 2140 munus
2649 2101 2761 2143 sua;
2804 2090 3160 2158 provectionis
3189 2094 3458 2162 ostendit,‘
3483 2096 3624 2151 dona
3649 2098 3732 2151 di-

2167 2175 2287 2230 vina
2318 2190 2636 2246 comparans
2669 2181 3066 2238 amoenitatibus
3107 2183 3264 2253 hujus
3303 2186 3507 2253 saeculi,
3545 2188 3734 2258 quibus

2162 2267 2389 2322 multum
2417 2267 2645 2324 humana
2675 2257 2909 2340 gaudere
2935 2272 3074 2329 solet
3095 2274 3400 2332 inﬁrmitas.
3423 2277 3526 2334 Sed
3557 2257 3732 2334 consi-

2159 2359 2412 2414 deremus
2442 2375 2535 2429 per
2565 2363 2694 2418 istas
2740 2365 3189 2434 comparationes,
3235 2369 3361 2437 quid
3407 2371 3572 2441 magis
3603 2372 3733 2430 velit

2158 2451 2400 2523 intelligi.
2431 2455 2578 2523 Aqua
2607 2454 2894 2525 refectionis
2923 2468 3005 2513 est
3031 2458 3280 2528 baptismi
3307 2461 3600 2531 lavacrum,
3625 2480 3732 2535 quo

2159 2546 2334 2598 anima
2357 2545 2556 2601 sterilis
2577 2547 2824 2604 ariditate
2841 2549 3047 2618 peccati
3067 2553 3132 2606 ad
3161 2553 3328 2611 bonos
3357 2555 3562 2613 fructus
3589 2558 3730 2614 infe-

2163 2640 2358 2694 rendos
2379 2638 2571 2694 divinis
2598 2641 2908 2697 muneribus
2939 2645 3204 2716 irrigatur.
3233 2647 3297 2702 Et
3325 2647 3462 2704 bene
3485 2650 3684 2706 addidit
3713 2671 3726 2705 :

2162 2731 2434 2801 Edueavit,
2465 2733 2520 2788 id
2552 2743 2634 2788 est
2671 2735 2924 2804 paulatim
2954 2739 3197 2807 nutrivit,
3225 2741 3374 2810 quasi
3407 2745 3654 2812 parvulos
3675 2755 3730 2800 et

2155 2835 2392 2890 renatos,
2425 2827 2562 2882 sicut
2588 2828 2772 2884 Petrus
2796 2831 3066 2898 apostolus
3093 2833 3220 2888 dicit
3245 2835 3553 2906 :Tanquam
3582 2841 3726 2894 modo

2155 2917 2312 2987 geniti
2342 2917 2585 2986 infantes,
2622 2921 2951 2976 rationabiles
2986 2931 3034 2976 et
3077 2922 3183 2979 sine
3207 2913 3325 2982 dolo
3366 2931 3447 2983 lac
3485 2934 3723 3004 concupi-

475 2991 614 3044 sicut
643 3000 796 3044 antea
827 2989 1148 3058 Deealogum
1195 2989 1328 3056 legis
1353 2990 1598 3058 accepit,
1632 2989 1707 3042 ita
1741 2989 1826 3042 hic
1855 2989 2042 3045 decem

476 3081 751 3103 I_-_-_n-‘:-
777 3097 827 3103 --
862 3097 957 3103 -..η
981 3082 1048 3103 Ι-.
1086 3096 1199 3103 ---Α
1237 3082 1486 3103 .l:.----_---
1523 3081 1658 3103 ..ηΑᾸ
1687 3096 1786 3103 η---
1822 3080 2043 3103 -ε-...--ιε-

2151 3004 2294 3073 scite,
2328 3014 2382 3059 ut
2409 3008 2461 3061 in
2489 3023 2548 3062 eo
2578 3010 2811 3063 crescetis
2839 3012 2893 3066 in
2919 3013 3132 3067 salutem
3165 3015 3219 3086 (Ι
3247 3015 3390 3073 Petr.
3423 3035 3479 3087 tt,
3503 3021 3582 3091 2).

469 3081 753 3138 beneﬁciis
774 3097 831 3137 se
859 3082 1054 3150 gaudet
1082 3096 1204 3136 esse
1233 3082 1490 3142 ditatum;
1519 3081 1659 3149 quod
1685 3096 1790 3134 non
1820 3080 2046 3150 singulis

475 3175 714 3231 versibus
734 3174 948 3242 dicitur,
967 3174 1061 3231 sed
1091 3189 1184 3243 per
1205 3184 1472 3232 commata
1487 3175 1758 3231 succincte
1779 3185 2048 3232 narratur.

1035 3285 1234 3342 Divisio
1273 3285 1490 3357 psalmi.

544 3396 744 3450 Parvus
787 3395 998 3466 quidem
1047 3397 1284 3467 psalmus
1313 3407 1394 3452 est
1418 3439 1431 3462 ,
1461 3399 1555 3454 sed
1599 3401 1780 3456 multis
1806 3404 2046 3458 noscitur

464 3487 709 3555 partibus
737 3488 1035 3553 contineri,
1065 3488 1153 3557 qui
1184 3488 1498 3544 divisionem
1551 3492 1602 3545 iu
1652 3495 1892 3561 personis
1936 3511 2044 3551 non

469 3577 650 3644 habet,
681 3579 773 3632 sed
808 3580 857 3632 in
891 3579 1068 3633 rebus.
1112 3579 1341 3650 ideoque
1378 3597 1474 3636 nos
1509 3600 1612 3638 non
1643 3587 1955 3656 divisiones,
1986 3599 2046 3646 ut

469 3671 521 3723 itt
550 3670 667 3723 aliis
697 3672 934 3738 psalmis,
962 3673 1054 3725 sed
1077 3681 1253 3727 CBl'iﬂS
1272 3678 1489 3730 .numeri
1514 3693 1605 3743 per
1621 3679 1858 3750 singulas
1885 3697 2043 3752 quas-

469 3777 570 3830 que
603 3772 779 3831 partes
810 3765 1027 3817 l'orsitau
1058 3777 1424 3835 competenter
1457 3769 1740 3825 alﬁxitnus.

1001 3873 1264 3945 Expositio
1303 3879 1508 3946 psalmi.

537 3986 688 4040 Vers.
719 3987 765 4040 1.
796 3986 1039 4041 Dominus
1069 3991 1194 4060 regit
1207 3967 1314 4061 “me,
1347 4004 1392 4045 et
1421 3995 1550 4047 nihil
1579 3997 1704 4049 milii
1730 3999 1912 4052 deerit.
1944 4001 2035 4056 Vir

463 4078 550 4134 ille
577 4079 966 4146 sanctissimus,
993 4080 1085 4149 qui
1112 4097 1207 4150 per
1244 4085 1470 4152 gratiam
1501 4087 1836 4155 baptismatis
1873 4091 2035 4148 iuno-

462 4181 632 4237 vatus,
675 4186 961 4239 pauperem
1003 4187 1062 4226 se
1106 4173 1314 4228 Domini
1357 4176 1562 4245 abjecta
1608 4182 1802 4235 saeculi
1842 4198 2033 4254 pompa

459 4264 734 4328 noscebat,
769 4265 820 4314 in
848 4263 1186 4317 conscientiae
1211 4266 1373 4319 cubili
1404 4267 1560 4322 laetus
1591 4272 1872 4341 exsultat,
1914 4283 1968 4328 et
2005 4291 2037 4330 a

460 4352 686 4406 Domino
715 4367 772 4405 se
805 4355 1003 4421 protegi
1027 4353 1359 4422 jucunditate
1385 4357 1693 4416 dulcissima
1729 4365 1862 4432 proﬁ

459 4443 595 4496 Dicit
619 4445 762 4497 enim
787 4444 893 4513 regi
920 4457 977 4498 se
1013 4458 1042 4496 a
1077 4446 1339 4514 Domino,
1379 4450 1466 4503 ubi
1498 4460 1582 4505 est
1609 4452 1853 4510 defensio
1877 4457 2031 4514 fortis

452 4541 511 4587 et
537 4546 726 4603 magna
747 4534 1021 4600 securius,
1057 4536 1143 4590 ubi
1175 4553 1332 4592 nemo
1365 4541 1553 4595 metuit
1592 4544 1864 4601 inimicum
1888 4590 1904 4614 ,
1940 4551 2030 4604 ubi

453 4621 562 4692 jam
591 4623 764 4676 nullus
791 4639 884 4677 sua
918 4627 1277 4681 imbecillitate
1306 4631 1571 4687 turbatur.
1617 4635 1879 4693 Addenda
1925 4656 2028 4695 au-

454 4723 584 4777 tem,
619 4714 744 4767 nihil
781 4715 903 4768 mihi
931 4718 1107 4782 deerit,
1139 4718 1350 4775 divitias
1379 4737 1505 4779 suas
1551 4741 1750 4796 pauper
1788 4731 1876 4786 ille
1933 4749 2030 4788 no-

455 4803 656 4868 scebat,
685 4817 803 4856 cum
841 4805 943 4859 sibi
980 4821 1009 4859 a
1041 4807 1264 4864 Domino
1303 4813 1660 4870 substantiam
1691 4822 2023 4888 spiritualem

449 4897 699 4950 crederet
763 4898 1106 4956 nihilmniuus
1160 4906 1560 4968 conferendam.
1603 4915 1707 4970 Sed
1752 4919 2030 4973 audiamus

449 4987 507 5041 in
531 4989 994 5059 subsequentibus,
1019 5011 1174 5063 quam
1199 5001 1260 5052 sit
1287 5003 1434 5056 dives
1457 5003 1553 5058 ista
1583 5023 1883 5077 paupertas,
1910 5031 2031 5082 qua:

455 5081 616 5136 tantis
660 5083 813 5137 bonis
860 5089 1091 5153 repletur
1135 5103 1329 5158 quanta
1363 5097 1638 5153 continere
1671 5117 1856 5171 regum
1903 5081 2022 5159 the-

452 5174 689 5227 saururia
721 5191 826 5229 non
877 5191 1167 5235 tuerentur.
1223 5186 1351 5251 Qua:
1401 5188 1562 5257 ﬁgura
1596 5191 1784 5245 Graece
1833 5195 2026 5251 dicitur

449 5264 896 5332 synathroismos,
931 5269 1115 5324 Latine
1141 5280 1502 5345 ermgrcgatio,
1537 5284 1742 5348 quoties
1774 5288 1933 5340 multa
1970 5290 2020 5342 in

450 5368 613 5407 tinum
645 5356 982 5426 colliguntur,
1008 5369 1061 5414 et
1087 5364 1231 5416 Velut
1261 5367 1492 5432 pondere
1521 5371 1660 5424 laeto
1687 5375 2018 5432 audientium

446 5441 639 5497 animis
669 5447 984 5502 olleruutur.
1015 5451 1121 5505 lluc
1142 5453 1354 5508 schema
1382 5458 1496 5512 sive
1523 5461 1628 5531 79
1665 5463 1716 5516 in
1743 5464 2012 5535 laudibus,

447 5531 560 5586 sive
589 5533 638 5586 iu
671 5535 1184 5612 vituperationibus,
1222 5545 1359 5602 inter
1403 5563 1643 5608 oratores
1692 5531 2016 5615 violentissi;

447 5636 596 5676 mum
625 5621 810 5682 haberi
843 5629 999 5682 Solet.
1888 5628 1892 5632 ’

2226 3096 2463 3150 Animam
2493 3113 2656 3173 meum
2685 3103 2944 3155 convertit.
2977 3105 3056 3158 Ad
3077 3099 3300 3175 gratiam
3328 3112 3536 3167 tertiam
3558 3114 3722 3177 venit,

2157 3186 2243 3243 ubi
2274 3189 2500 3244 animum
2527 3205 2680 3250 suam
2719 3192 2900 3249 divino
2930 3195 3188 3254 beneﬁcio
3222 3203 3414 3257 asserit
3455 3220 3566 3259 esse
3603 3221 3723 3258 con-

2153 3296 2368 3337 uersam.
2413 3285 2516 3339 Sed
2566 3301 2854 3358 conversam
2897 3287 3048 3355 dicit,
3073 3292 3210 3359 quia
3240 3303 3358 3362 post
3405 3295 3721 3363 baptismum

2152 3375 2221 3432 de
2250 3377 2545 3449 peccatrice
2584 3381 2716 3434 iacta
2747 3390 2827 3434 est
2861 3381 3026 3448 justa,
3074 3382 3142 3437 de
3180 3382 3458 3440 iteculenta
3486 3390 3723 3444 mundis-

2154 3465 2313 3533 sima,
2344 3467 2410 3521 de
2437 3477 2710 3524 contracta
2739 3471 2857 3525 sine
2886 3488 3045 3542 ruga;
3075 3475 3212 3529 sicut
3235 3459 3521 3544 Apostolus
3550 3480 3678 3536 dicit
3705 3500 3722 3534 ;

2156 3557 2505 3614 Utexhiberet
2542 3561 2635 3614 sibi
2676 3562 2784 3630 ipse
2819 3563 3094 3630 gloriosam
3142 3564 3445 3633 Ecclesium,
3493 3587 3593 3624 non
3629 3572 3723 3625 Ita-

2148 3650 2340 3704 benlem
2382 3653 2634 3705 maculam
2663 3663 2751 3712 aut
2797 3670 2995 3723 rugam,
3047 3665 3134 3709 aut
3185 3658 3382 3728 aliquid
3426 3659 3722 3732 littjusmodi

2147 3742 2365 3812 (Ephes.
2399 3759 2449 3808 v,
2482 3744 2596 3815 27).
2653 3745 2838 3800 Merito
2876 3759 3003 3816 ergo
3040 3750 3262 3806 animam
3293 3765 3440 3808 suam
3470 3754 3721 3822 gloriatur

2147 3833 2213 3886 ad
2237 3833 2512 3887 Christum
2538 3849 2646 3888 esse
2667 3836 2977 3903 conversam,
3009 3853 3127 3908 qua:
3156 3839 3351 3896 dudum
3381 3845 3483 3897 sub
3505 3845 3720 3900 diabolo

2146 3927 2400 3994 probatur
2443 3941 2562 3980 esse
2618 3927 2845 3995 captiva.
2895 3928 3004 3983 Sed
3051 3941 3175 3984 tunc
3223 3943 3308 3993 est
3354 3934 3579 3989 salubris
3620 3940 3717 3990 ista

2142 4020 2446 4086 conversio,
2479 4020 2522 4073 si
2561 4035 2663 4075 non
2701 4023 2888 4077 iterum
2931 4025 3208 4082 incentivis
3239 4028 3378 4084 vitiis
3415 4031 3465 4085 in
3498 4046 3710 4100 peccata

2144 4110 2464 4166 relabamur.
2498 4111 2692 4168 Verum
2719 4111 2874 4169 istam
2901 4119 3302 4175 conversionem
3334 4123 3453 4179 vide
3483 4128 3603 4195 quid
3635 4141 3716 4182 sc-

2143 4211 2348 4268 quitur.

2217 4298 2371 4353 Vers.
2401 4300 2453 4352 '5.
2489 4299 2714 4356 Deduxi:
2743 4320 2822 4358 me
2855 4321 3006 4374 super
3039 4311 3240 4364 semitas
3260 4314 3486 4380 justitia:
3513 4327 3720 4386 propter

1871 4374 2030 4476 ξειυξκ
2061 4399 2113 4460 ι)
2144 4403 2327 4442 nomen
2355 4405 2525 4444 suum.
2546 4392 2798 4458 Quartum
2822 4395 3138 4452 beneﬁcium
3163 4413 3444 4470 memorat,
3473 4409 3613 4476 quod
3636 4417 3715 4463 est

2139 4479 2415 4534 sobicitius
2451 4481 2825 4553 indagandum.
2866 4486 2998 4541 Nam
3039 4505 3157 4544 cum
3195 4510 3346 4563 super
3379 4500 3602 4567 justitin:
3631 4517 3714 4555 se-

2137 4571 2288 4623 mitas
2315 4571 2592 4647 ambulare
2621 4577 2883 4644 superbia:
2905 4579 2995 4645 sit,
3026 4595 3122 4634 cur
3144 4597 3356 4640 sanctus
3389 4589 3464 4641 vir
3497 4589 3623 4644 illuc
3654 4608 3714 4648 se

2136 4659 2330 4727 gaudet
2359 4675 2480 4716 esse
2530 4665 2860 4733 perductum,
2893 4670 3030 4738 quod
3072 4673 3356 4730 dominicis
3403 4683 3598 4750 regulis
3637 4685 3714 4737 vi-

2138 4748 2364 4805 debatur
2389 4767 2507 4808 esse
2535 4758 2893 4812 contrarium?
2919 4760 3020 4816 Sed
3057 4764 3140 4818 hic
3177 4783 3329 4838 super
3360 4748 3534 4826 taliter
3569 4776 3711 4829 acci-

2137 4838 2386 4907 piendum
2414 4852 2516 4906 est,
2558 4848 3002 4912 quemadmodum
3045 4856 3086 4905 si
3129 4855 3352 4922 dicatur,
3386 4861 3585 4927 positus
3629 4876 3714 4918 est

2137 4943 2298 4996 super
2320 4936 2571 5000 pupulum
2603 4939 2995 5009 corrigendum,
3027 4961 3158 5008 quos
3187 4948 3616 5024 debeatjus‘ititv
3635 4975 3712 5009 sc-

2134 5024 2280 5073 mitas
2311 5025 2565 5091 educere;
2601 5030 2732 5082 sicut
2764 5042 2820 5084 et
2857 5034 2990 5087 alius
3029 5039 3286 5106 propheta
3333 5043 3460 5097 dicit
3496 5063 3510 5098 :
3543 5048 3712 5117 Super

2130 5113 2329 5164 excelsa
2350 5117 2522 5168 statuit
2545 5127 2642 5181 me,
2663 5127 2713 5170 ut
2745 5123 2935 5174 vincam
2965 5126 3016 5176 in
3040 5128 3270 5184 claritate
3295 5131 3452 5201 ipsius
3479 5113 3705 5206 (Habito.
3761 5147 3764 5150 ’

2131 5214 2209 5263 ιιι,
2251 5201 2357 5270 19).
2397 5207 2547 5269 Quod
2590 5217 2764 5261 autem
2802 5211 2911 5275 ait:
2943 5211 3162 5283 Pmpter
3201 5235 3381 5274 nomen
3410 5201 3574 5289 suum,
3629 5227 3706 5279 la-

2129 5290 2305 5343 mulus
2333 5292 2529 5347 (ῥιπίδιὶ
2561 5297 2824 5364 gaudebat
2863 5317 2920 5355 se
2965 5307 3028 5357 ad
3074 5308 3218 5360 illam
3259 5312 3535 5367 scientiam
3581 5329 3704 5384 per-

2131 5384 2358 5448 venisse,
2392 5395 2445 5436 ut
2468 5401 2644 5454 posset
2668 5389 3040 5462 Dominijussa
3073 5400 3308 5468 vulgare.
3337 5404 3531 5458 St-mita
3561 5421 3626 5461 en
3653 5424 3705 5461 tn

2117 5472 2339 5541 justitiw
2365 5485 2486 5528 sunt
2529 5479 2928 5550 duo'pi‘tecepta
2975 5490 3249 5560 salutaiia,
3301 5496 3351 5548 in
3382 5499 3573 5565 quibus
3621 5502 3702 5554 lex

2128 5573 2181 5617 et
2211 5567 2539 5634 pr0phetalis
2575 5585 2754 5631 sermo
2781 5581 3127 5636 concluditur
3157 5600 3169 5636 :
3205 5583 3397 5656 Diliges
3430 5589 3703 5646 Dominum

2127 5653 2293 5710 Deum
2314 5666 2457 5714 tuum
2479 5677 2540 5714 ea:
2569 5672 2672 5718 toto
2701 5667 2856 5722 corde
2884 5680 2991 5739 tuo,
3026 5684 3070 5728 et
3096 5690 3157 5729 ex
3180 5687 3283 5732 tota
3316 5681 3486 5736 anima
3517 5695 3621 5754 tua,
3657 5697 3702 5741 et
