4030 6172
1625 115 1651 143 4

292 187 390 241 ibi)

1231 180 1585 236 EXPOSITIO
1626 181 1688 235 IN
1731 177 2182 235 PSAI,.TEIllUM.
2230 176 2417 231 PS.\I..
2464 173 2625 227 XXII.

3458 172 3557 225 170

282 301 575 369 proximum
597 304 739 349 tuum
759 296 887 349 sicut
914 294 1317 363 teipsum(Deut.
1341 310 1411 359 vr,
1430 294 1507 362 5').
1536 294 1720 347 Merito
1743 305 1869 360 ergo
1901 289 1945 346 A
1976 305 2100 349 utea,
2123 286 2170 339 id
2199 296 2277 339 cst
2310 284 2700 353 prmdestinasti
2723 284 2886 339 altare
2917 292 3179 348 sanctum,
3204 284 3340 351 quod
3365 295 3554 337 cuncta

281 404 441 455 super
462 388 670 440 semitas
689 387 914 457 justitite
938 385 1215 439 deductum
1236 402 1293 440 se
1316 402 1435 439 esse
1466 385 1746 454 gaudebat,
1778 384 1869 451 qui

282 480 451 532 animi
506 476 960 545 contemplatione
1006 477 1325 544 proiecerat.
1373 476 1624 539 Addidit,
1670 484 1875 545 propter

286 587 469 625 nomen
498 587 673 635 suum,
702 579 761 623 ut
793 584 950 624 nemo
979 568 1181 623 diceret
1210 569 1412 623 meritis
1442 568 1554 622 suis
1595 567 1872 628 collatum,

284 662 428 731 quod
455 661 637 715 divina
667 661 837 728 gratia
872 659 1131 727 probabat
1151 674 1270 713 esse
1299 672 1632 712 concessum.

357 753 514 808 Vers.
549 752 607 806 4.
636 750 777 804 Nam
798 751 889 803 etsi
909 747 1166 802 ambulem
1185 750 1238 801 in
1266 750 1431 802 medio
1454 747 1645 801 umbrat
1675 746 1873 809 mortis,

286 859 385 894 non
413 840 602 894 timebo
625 840 780 904 mala,
804 840 1047 907 quoniam
1076 846 1129 890 tu
1151 854 1344 890 mecum
1371 855 1441 890 es.
1476 838 1663 903 Quinta
1694 850 1878 889 succe-

287 934 361 985 dit
384 933 579 1000 gratia,
611 946 771 1000 quam
804 944 990 985 revera
1021 938 1230 984 constat
1255 930 1539 995 unicuique
1572 928 1878 980 ﬁrmissimo

286 1023 562 1077 catholico
590 1021 974 1075 contributam.
1006 1020 1145 1074 Dicit
1173 1020 1339 1085 enim,
1368 1019 1468 1073 etsi
1493 1019 1631 1071 inter
1662 1019 1878 1072 lucreti-

288 1128 383 1166 cos
414 1122 469 1166 et
494 1111 870 1165 schismaticos
898 1110 1186 1176 ambulem,
1217 1110 1303 1178 qui
1342 1117 1484 1162 recte
1514 1109 1704 1161 umbra:
1743 1124 1879 1160 mor-

290 1206 353 1256 tis
403 1218 527 1256 esse
557 1200 832 1269 dicuntur,
882 1201 1133 1269 quoniam
1188 1200 1331 1254 exitii
1382 1199 1602 1267 ﬁguram
1645 1208 1877 1267 portant,

290 1309 410 1348 cum
433 1293 501 1345 ad
539 1292 745 1346 inferna
781 1291 1099 1360 perducunt,
1133 1307 1233 1344 non
1265 1291 1445 1344 timebo
1476 1305 1658 1343 eorum
1689 1305 1880 1358 pravas

290 1383 620 1446 suasiones;
651 1382 773 1451 quia
796 1391 852 1435 tu
878 1380 1174 1448 praisentia:
1202 1389 1305 1434 tuae
1328 1380 1554 1434 tuitione
1585 1395 1669 1434 me
1698 1380 1881 1433 defen—

295 1476 413 1539 dis;
444 1474 588 1527 sicut
612 1473 869 1540 scriptum
893 1480 970 1525 e5!
997 1473 1049 1525 in
1083 1469 1341 1539 propheta
1369 1460 1393 1521 :‘
1411 1469 1531 1522 Non
1561 1479 1608 1522 te
1631 1470 1879 1533 deseram,

294 1586 399 1620 non
432 1576 481 1620 te
506 1566 859 1633 derelinquam
888 1561 1022 1634 (Jos.
1046 1579 1082 1628 ι,
1118 1562 1197 1634 5).
1230 1564 1285 1616 In
1314 1562 1418 1617 isto
1446 1562 1640 1630 quippe
1682 1560 1881 1613 mundo

1983 380 2123 433 ridet
2161 379 2414 443 Ecclesia,
2450 376 2589 446 quod
2618 376 2910 431 circumdat
2950 376 3176 445 populus
3200 376 3556 431 Christianus.

1982 472 2163 525 Mensa
2189 472 2329 525 enim
2356 486 2385 524 a
2416 483 2599 523 mense
2623 469 2757 522 dicta
2785 478 2896 535 est,
2929 469 3050 537 quia
3093 469 3280 524 eodem
3309 469 3396 524 die
3431 483 3561 524 cun-

1981 566 2117 618 vivia
2189 565 2291 617 ritu
2348 562 2585 632 gentium
2645 564 3047 615 exercebantur.
3123 561 3377 615 Ecclesiae
3432 576 3560 615 vero

1982 672 2161 710 mensa
2207 666 2289 710 est
2332 656 2483 709 beata
2507 654 2833 715 convivatio,
2866 653 3098 719 epulatio
3122 653 3275 716 felix,
3308 653 3560 705 saturitas

1984 748 2127 813 ﬁdei,
2160 762 2280 804 esca
2311 746 2566 801 emiestis.
2620 744 2812 797 Verum
2853 728 3011 798 istam
3043 760 3266 796 mensam
3304 742 3561 796 adversus

1982 854 2075 893 eos
2103 848 2339 909 paratam
2380 853 2485 890 esse
2516 834 2852 889 manifestum
2888 842 2988 898 est,
3013 834 3102 902 qui
3132 833 3184 887 in
3231 834 3405 902 aliqua
3442 849 3563 901 per-

1982 930 2232 984 versitate
2256 929 2504 993 demersi,
2535 927 2828 981 Ecclesium
2873 925 2962 979 Dei
2992 938 3092 978 suo
3121 927 3351 994 graviter
3379 940 3562 979 errore

1983 1020 2340 1075 contristant:
2374 1019 2440 1072 de
2465 1018 2657 1088 quibus
2691 1016 2978 1084 Apostolus
3009 1015 3134 1069 dicit
3167 1032 3178 1066 :
3214 1014 3315 1079 Qui
3340 1015 3562 1069 mandu-

1982 1122 2062 1165 cat
2084 1113 2307 1180 indigne,
2324 1110 2583 1182 judicium
2606 1108 2701 1161 sibi
2724 1108 2996 1160 mandurat
3018 1115 3065 1159 et
3087 1107 3228 1171 bibit,
3245 1123 3344 1159 non
3359 1108 3467 1177 8ο
3484 1106 3562 1159 di-

1976 1201 2222 1270 judicans
2265 1216 2449 1267 corpus
2485 1197 2692 1251 Domini
2736 1196 2789 1267 (I
2821 1196 2938 1252 Cor.
2972 1212 3045 1262 ιιι,
3077 1196 3205 1268 29);
3251 1197 3430 1250 datum
3462 1199 3564 1250 sci-

1985 1294 2107 1347 licet
2138 1293 2205 1345 ad
2247 1291 2615 1345 remissionem
2660 1296 3020 1357 peccatorum,
3068 1296 3123 1343 et
3168 1288 3330 1342 vitam
3374 1303 3565 1357 perpe-

1987 1394 2129 1437 tuam
2164 1383 2559 1452 possidendam.
2592 1382 2862 1435 Memento
2894 1388 3075 1434 autem
3106 1380 3249 1449 quod
3288 1397 3465 1435 mensa
3512 1392 3566 1434 et

1986 1477 2037 1528 in
2066 1475 2206 1528 bono
2229 1482 2283 1528 et
2308 1474 2357 1526 in
2384 1474 2523 1526 malo
2545 1473 2788 1540 ponitur;
2806 1473 2945 1526 sicut
2966 1472 3090 1526 dicit
3108 1472 3395 1540 Apostolus
3414 1490 3426 1527 :
3448 1472 3565 1526 Non

1985 1565 2192 1631 potestis
2226 1564 2596 1617 communicare
2626 1578 2812 1616 mensa:
2841 1561 3049 1615 Domini
3083 1571 3130 1616 et
3159 1579 3344 1617 mensa‘
3372 1563 3565 1617 damo-

300 1655 547 1710 Ecclesia
575 1654 715 1707 inter
738 1654 947 1722 iniquos
968 1653 1223 1719 ambulat,
1244 1652 1413 1706 donec
1437 1650 1620 1718 iudicii
1651 1650 1767 1704 dies
1791 1650 1885 1704 bo-
1922 1662 1959 1718 Β
1991 1656 2187 1708 nierum
2220 1652 2271 1720 (Ι
2299 1653 2418 1708 Cor.
2456 1670 2504 1718 ιι,
2538 1651 2652 1720 21).

299 1761 491 1800 norum
548 1746 918 1812 malorumque
971 1752 1332 1811 sequestrator
1383 1742 1704 1804 advenerit;
1748 1743 1885 1795 sicut

298 1835 563 1903 propheta
589 1833 718 1887 dicit
747 1850 760 1886 :
796 1832 1042 1901 Spiritus,
1068 1831 1257 1898 inquit,
1287 1830 1451 1884 vultus
1474 1830 1634 1883 nostri
1657 1829 1886 1883 Christus

299 1926 596 1990 Dominus,
644 1926 736 1978 sub
785 1925 931 1992 cujus
960 1923 1239 1975 uelamento
1284 1922 1491 1975 vivimus
1538 1922 1669 1973 inter
1716 1911 1887 1991 gentes

298 2015 521 2079 (Tmen.
552 2030 626 2080 tv,
661 2011 777 2083 20).
805 2013 927 2067 Sive
950 2011 1127 2064 umbra
1150 2011 1347 2076 mortis,
1374 2011 1618 2065 absolute
1644 2009 1888 2065 diabolus

300 2118 407 2172 est,
442 2108 537 2175 qui
569 2106 797 2161 obscure
821 2104 976 2159 nobis
1004 2104 1221 2173 laqueos
1254 2102 1424 2172 ponit,
1455 2112 1512 2156 ut
1541 2116 1636 2170 per
1668 2101 1890 2156 nebulas

302 2201 472 2267 ipsius
502 2197 738 2263 decepti,
776 2196 828 2250 in
867 2204 1082 2249 interna:
1126 2194 1313 2248 mortis
1344 2192 1639 2261 praecipitia
1674 2206 1890 2247 corrua-

301 2306 443 2345 mus.
480 2289 593 2343 Sed
626 2288 742 2342 hmc
784 2302 889 2341 non
932 2286 1185 2340 timentur
1226 2300 1254 2336 a
1308 2299 1432 2338 vero
1478 2283 1639 2351 ﬁdeli,
1687 2282 1790 2337 etsi
1840 2284 1890 2337 in

302 2382 550 2449 ipsorum
582 2377 759 2432 medio
798 2377 973 2430 divina
1023 2374 1387 2429 misericordia
1417 2374 1583 2428 fretus
1618 2373 1894 2428 ambulare

303 2467 735 2539 praesumpserit.
782 2464 889 2520 Cur
920 2465 1063 2519 enim
1093 2465 1172 2517 vir
1196 2465 1371 2533 justus
1409 2463 1529 2516 illos
1569 2462 1753 2516 timeat
1802 2462 1893 2530 qui

304 2573 530 2618 sanctos
556 2561 764 2624 timent,
796 2574 848 2614 et
878 2559 1038 2612 invita
1063 2557 1169 2611 illis
1196 2556 1470 2611 voluntate
1491 2553 1838 2610 deserviunt?

378 2657 539 2711 Vers.
573 2654 800 2724 5.Virga
827 2662 914 2705 tua
941 2661 990 2706 et
1017 2650 1225 2704 baculus
1250 2660 1368 2703 tuus
1397 2650 1507 2720 ipsa
1534 2666 1614 2703 me
1631 2648 1897 2701 consolata

307 2759 449 2802 sunt.
481 2746 601 2800 Jam
630 2754 778 2799 sexta
817 2742 1059 2811 largitate
1087 2742 1314 2794 laetatur.
1360 2739 1519 2809 Virga
1553 2739 1694 2793 enim
1733 2737 1897 2806 perti-

310 2853 404 2896 net
434 2840 503 2894 ad
530 2838 791 2909 justitiam
821 2844 874 2891 et
914 2833 1279 2888 fortitudinem
1322 2832 1530 2885 Domini
1578 2830 1896 2893 Salvatoris,

309 2936 449 2988 sicut
483 2932 541 2985 in
571 2930 676 2982 alio
698 2927 902 2993 psalmo
933 2926 1094 2980 dicit:
1124 2924 1286 2994 Virga
1308 2923 1736 2991 wquitatis,virga
1758 2921 1899 2992 regni

2064 1745 2214 1799 Vers.
2256 1746 2306 1797 7.
2339 1743 2682 1814 Impinguasti
2728 1746 2780 1796 in
2809 1746 2917 1798 olco
2949 1753 3099 1815 caput
3148 1761 3337 1799 meum.
3369 1746 3567 1800 Octava

1991 1838 2201 1906 ponitur
2249 1837 2634 1891 muniﬁcentia.
2693 1835 2861 1906 Caput
2913 1836 3144 1890 ﬁdelium
3188 1837 3437 1892 Christus
3488 1846 3568 1891 est

1992 1930 2270 1992 Dominus,
2303 1929 2390 1997 qui
2421 1937 2565 1983 recte
2588 1927 2782 1982 dicitur
2813 1929 3155 1998 impinguatus
3193 1928 3242 1979 in
3270 1926 3402 1993 oleo,
3434 1942 3567 1997 quu-

1994 2024 2135 2075 niam
2185 2021 2329 2075 nulla
2358 2020 2598 2074 siccitate
2640 2020 2934 2087 peccamris
2977 2020 3202 2072 exaruit.
3237 2017 3411 2088 'Caput
3440 2032 3569 2088 ergo

1992 2128 2143 2167 suum
2171 2113 2224 2165 in
2248 2112 2358 2164 oleo
2380 2110 2570 2165 asserit
2596 2110 2995 2180 impinguatum,
3027 2108 3275 2165 videlicet
3306 2110 3447 2164 unde
3467 2124 3569 2163 ca:-

1996 2213 2110 2256 tera
2157 2200 2397 2257 membra
2445 2200 2773 2254 laetarentur.
2816 2199 2922 2253 Sed
2962 2199 3088 2268 quid
3135 2208 3217 2253 est
3262 2198 3386 2265 hoc,
3427 2200 3569 2268 quod

1996 2292 2203 2363 species
2234 2293 2343 2362 ipsa
2367 2291 2755 2346 benedictionis
2779 2299 2976 2343 sancta:
3014 2289 3325 2358 frequenter
3351 2290 3571 2344 adbibe-

1996 2395 2104 2452 tur,
2135 2385 2287 2438 omit
2314 2384 2620 2453 pr0phetas,
2651 2383 2984 2436 consecravit
3018 2382 3212 2452 reges?
3235 2381 3351 2436 Non
3386 2383 3573 2437 imme-

1998 2478 2125 2542 rito,
2156 2475 2406 2545 quoniam
2431 2476 2593 2530 arbor
2624 2475 2737 2542 ipsa
2765 2475 2911 2543 pacis
2938 2474 3099 2528 etiam
3122 2472 3407 2543 praestabat
3436 2473 3573 2528 indi-

1997 2569 2173 2633 cium,
2230 2566 2370 2635 quod
2419 2565 2535 2635 ejus
2583 2566 2886 2633 specialiter
2930 2579 3123 2621 munus
3164 2565 3406 2619 noscitur
3452 2579 3573 2620 esse

1992 2658 2235 2712 divinum
2264 2676 2278 2711 :
2310 2658 2485 2725 liquor
2514 2656 2791 2722 arboreus,
2828 2655 3095 2726 pinguedo
3124 2655 3424 2719 Iaztiﬁcans,
3461 2670 3574 2709 ma-

1998 2764 2219 2819 gnarum
2262 2749 2432 2818 gratia
2465 2748 2803 2817 dignitatum,
2840 2748 2993 2816 cujus
3032 2746 3155 2802 folia
3202 2747 3253 2800 in
3292 2747 3575 2801 viriditatis

2001 2852 2112 2892 suae
2151 2836 2545 2906 pulchritudine
2575 2844 2941 2904 perseverant.
2984 2835 3108 2890 Ilaec
3150 2836 3311 2891 etiam
3341 2836 3453 2892 Noe
3481 2850 3576 2906 per

2002 2932 2301 2986 columbam
2331 2931 2593 2985 nuntiavit
2619 2930 2777 3000 terris
2796 2929 3057 2985 redditam
3087 2931 3392 3000 sospitatem
3421 2931 3573 3002 (Gen.

306 3026 384 3079 uti
415 3022 590 3090 (Psal.
621 3036 760 3084 tuv,
800 3016 875 3089 7).
904 3015 1124 3070 Baculus
1156 3015 1220 3069 ad
1250 3013 1574 3083 adjutorium
1607 3012 1893 3065 humanum
1925 3029 1969 3090 ρ
2005 3038 2118 3090 virs,
2152 3021 2264 3090 II),
2303 3032 2363 3076 ut
2400 3022 2593 3076 merito
2625 3030 2784 3076 tantce
2816 3021 3208 3076 benedictionis
3252 3035 3418 3092 capax
3457 3037 3578 3078 esse

309 3114 558 3183 respicit,
607 3126 715 3179 quo
758 3120 814 3165 et
853 3125 948 3179 pes
991 3111 1105 3178 ipse
1142 3116 1297 3161 caute
1343 3104 1606 3172 deﬁgitur,
1640 3112 1692 3157 et
1729 3112 1893 3156 totum

311 3221 517 3277 corpus
546 3205 669 3259 nisu
707 3204 936 3270 desuper
980 3199 1402 3255 incumbentium
1434 3196 1744 3251 sustinetur.
1787 3195 1898 3249 lIoe

314 3301 399 3355 nsi
430 3306 561 3353 sunt
590 3297 937 3367 patriarchae;
963 3294 1094 3348 dicit
1118 3291 1258 3346 enim
1286 3289 1469 3355 Jacob,
1499 3287 1561 3341 In
1587 3288 1765 3341 baculo
1788 3303 1898 3340 meo

316 3392 534 3446 transiri
582 3389 867 3443 Iordanem
908 3389 1061 3440 istum
1108 3382 1258 3455 (Gen.
1314 3398 1479 3446 χχχιι,
1523 3380 1632 3451 10).
1671 3380 1799 3433 Item
1846 3380 1897 3432 in

316 3482 509 3539 Exodo
536 3483 613 3533 ait
642 3480 897 3534 Dominus
926 3477 1050 3530 ﬁliis
1079 3474 1237 3529 Israel
1269 3491 1281 3526 :
1325 3473 1487 3527 Renes
1512 3481 1702 3524 vestros
1726 3470 1897 3521 accin-

322 3576 470 3645 getis,
496 3580 727 3625 tenentes
757 3570 957 3623 buculos
994 3568 1047 3619 in
1083 3566 1335 3627 omnibus,
1364 3574 1410 3617 et
1450 3562 1715 3616 comedetis
1759 3562 1898 3628 festi-

322 3674 499 3717 nantes
524 3661 721 3730 (Exod.
746 3676 840 3721 xu,
870 3660 979 3728 ιι).
1013 3658 1163 3725 Quod
1194 3657 1372 3711 multis
1412 3656 1544 3711 locis
1575 3654 1810 3723 reperies
1847 3653 1898 3704 in

326 3756 645 3811 auctoritate
673 3753 874 3806 divina.
907 3751 1027 3804 Istis
1062 3765 1190 3818 ergo
1221 3748 1425 3802 duabus
1455 3747 1614 3802 rebus
1643 3744 1813 3799 ﬁdelis
1844 3760 1902 3798 se

325 3848 522 3901 asserit
551 3844 886 3899 consolatam
920 3860 931 3894 :
968 3856 1068 3895 una
1108 3849 1191 3894 est
1229 3838 1487 3893 districtio
1523 3852 1642 3905 quze
1676 3835 1900 3889 c0nterit

324 3939 578 3998 vitiosos;
611 3936 778 3989 altera
808 3932 1145 4003 gubernatio,
1168 3946 1285 3998 qua:
1313 3929 1540 3984 sustinet
1565 3927 1904 3981 ﬁdelissimos

324 4029 677 4083 Christianos.
710 4027 829 4095 Ipsa
877 4040 1001 4079 vero
1047 4024 1174 4077 dum
1222 4022 1373 4090 ponit
1417 4035 1644 4075 numero
1690 4018 1900 4087 plurali,

323 4120 519 4188 virgam
549 4128 595 4171 et
626 4117 881 4180 baculum,
913 4114 1176 4184 signiﬁcat
1204 4129 1320 4183 quae
1342 4113 1591 4182 superius
1619 4111 1769 4164 dixit.
1800 4110 1905 4163 Sed

325 4210 603 4263 videamus
631 4205 1079 4276 quemadmodum
1109 4214 1330 4271 utraque
1358 4218 1455 4257 nos
1484 4201 1739 4256 consolari
1766 4211 1908 4269 pote-

324 4315 469 4367 runt,
497 4316 623 4356 cum
646 4316 731 4354 res
750 4300 974 4353 omnino
1005 4297 1231 4352 diversae
1259 4296 1388 4351 sint.
1430 4293 1679 4347 Baculuin
1711 4294 1907 4362 quippe

2002 3116 2262 3182 videatur,
2287 3131 2403 3184 quae
2432 3115 2634 3169 fructus
2663 3114 2744 3169 sui
2774 3129 2968 3185 magno
2997 3114 3191 3169 decore
3218 3115 3374 3169 simul
3402 3124 3454 3169 et
3477 3116 3580 3171 uti-

2003 3211 2154 3266 litate
2177 3210 2487 3280 perfruitur.
2517 3210 2595 3264 De
2617 3210 2731 3279 ipso
2757 3209 2897 3263 enim
2928 3215 2981 3262 et
3006 3207 3142 3261 alius
3163 3207 3397 3275 psalmus
3419 3207 3576 3261 dicit:

2005 3301 2289 3369 Propterea
2328 3302 2471 3355 unxit
2499 3312 2547 3354 te
2590 3300 2726 3353 Deus
2768 3298 2905 3353 Deus
2936 3308 3052 3352 tuus
3082 3296 3193 3351 oleo
3230 3296 3584 3354 exsultationis

2004 3411 2111 3463 pra:
2138 3393 2451 3447 consortibus
2479 3391 2576 3444 tuis
2607 3390 2778 3461 (Psal.
2808 3405 2952 3453 XLIV,
2984 3389 3040 3456 8)

2081 3486 2143 3538 Et
2183 3483 2420 3555 poculum
2461 3492 2605 3535 tuum
2650 3481 2925 3541 inebrians,
2957 3496 3109 3549 quam
3139 3480 3440 3549 prwclarum
3468 3479 3583 3532 est!

2006 3578 2214 3630 Nonum
2243 3588 2434 3629 munus
2464 3582 2547 3628 est
2584 3566 2855 3642 Sanguinis
2886 3570 3122 3635 Domini,
3162 3571 3305 3640 quod
3350 3571 3427 3624 sic
3473 3571 3582 3624 ine-

2008 3671 2172 3733 briat,
2206 3678 2265 3722 ut
2296 3678 2527 3721 mentem
2557 3675 2729 3729 sanet,
2762 3679 2791 3716 a
2816 3663 3025 3718 delictis
3045 3663 3352 3732 prohibens,
3382 3676 3489 3716 non
3520 3663 3583 3716 ad

2011 3771 2226 3830 peccata
2276 3759 2590 3828 perducens.
2643 3758 2765 3811 Haec
2810 3756 3096 3810 vinolentia
3136 3755 3344 3809 sobrios
3390 3754 3583 3815 reddit,

2014 3855 2128 3907 haec
2163 3850 2435 3921 plenitudo
2463 3849 2616 3903 malis
2645 3858 2895 3907 evacuat;
2937 3858 2989 3900 et
3019 3846 3106 3915 qui
3141 3845 3233 3900 illo
3262 3846 3450 3912 poculo
3480 3860 3584 3897 non

2012 3943 2170 3997 fuerit
2197 3942 2451 4009 repletus,
2492 3948 2691 3993 aeterna
2722 3938 2959 3992 redditur
2978 3944 3214 4003 egestate
3238 3934 3474 4003 jejunus.
3499 3934 3584 3987 In-

2012 4035 2222 4091 venitur
2255 4036 2415 4088 etiam
2457 4041 2512 4087 et
2550 4032 2601 4085 in
2645 4030 2786 4084 malo
2818 4030 3071 4098 positum,
3104 4039 3161 4081 ut
3188 4027 3352 4082 Isaias
3378 4027 3488 4081 ait:
3520 4025 3586 4078 Et

2012 4124 2186 4193 accepi
2215 4125 2278 4175 de
2302 4137 2459 4174 manu
2481 4131 2567 4173 tua
2594 4118 2805 4172 calicem
2833 4118 3016 4178 ruinaz,
3040 4116 3276 4186 poculum
3304 4116 3395 4169 ira?
3423 4124 3470 4168 et
3497 4116 3584 4168 in-

2015 4215 2325 4285 dignationis
2362 4228 2487 4266 mete
2518 4210 2652 4281 (Isa.
2690 4225 2757 4273 ιι,
2793 4209 2901 4278 17).
2933 4206 3172 4273 Addidit,
3201 4222 3353 4277 quam
3380 4207 3588 4275 praclav

2017 4325 2132 4362 rum
2161 4308 2272 4361 est!
2300 4306 2483 4373 utique
2523 4318 2642 4357 eum
2676 4302 2797 4355 talia
2846 4299 3104 4363 conferat,
3135 4310 3192 4354 ut
3222 4300 3289 4353 ad
3332 4299 3591 4354 caelorum

325 4414 430 4451 non
458 4403 547 4450 est
575 4394 794 4449 dubium
816 4392 1095 4455 consolari,
1122 4390 1212 4457 qui
1242 4389 1307 4442 ad
1329 4403 1485 4455 opem
1516 4385 1785 4441 ferendam
1814 4385 1894 4437 hui

2017 4415 2176 4470 regna
2209 4398 2483 4467 perducat.
2517 4396 2589 4450 De
2612 4408 2718 4464 quo
2747 4393 2938 4461 poculo
2969 4392 3023 4445 in
3045 4390 3333 4460 Evangelia
3353 4391 3550 4444 dicitur
3576 4406 3591 4442 :

328 4502 507 4540 manu:
538 4484 887 4539 imbecillitati
911 4499 1121 4550 semper
1151 4481 1458 4536 assumitur.
1500 4478 1574 4532 De
1604 4478 1743 4549 virga
1784 4477 1907 4545 quid

328 4578 597 4636 dicemus,
630 4588 751 4641 quae
794 4574 1039 4640 percutit,
1073 4571 1276 4640 afﬂigit,
1314 4579 1369 4624 et
1413 4568 1538 4622 vitia
1567 4577 1745 4622 nostra
1769 4566 1909 4634 judi-

328 4669 490 4720 ciaria
525 4666 813 4719 severitate
842 4664 1102 4733 castigat?
1145 4661 1453 4715 Consolatur
1501 4660 1653 4725 plane
1697 4667 1751 4713 et
1797 4658 1911 4725 ipsa

334 4758 541 4820 ﬁdeles,
581 4754 795 4822 quando
824 4769 917 4807 eos
955 4753 1020 4805 ad
1053 4753 1190 4805 viam
1227 4752 1433 4803 Domini
1459 4749 1696 4803 adhibita
1732 4764 1913 4802 ement-

331 4849 547 4900 datione
579 4844 837 4913 perducit.
872 4845 1003 4898 Nam
1042 4858 1187 4898 recte
1220 4843 1476 4897 consolari
1507 4843 1729 4897 dicimus
1757 4857 1914 4896 omne

334 4940 476 5007 quod
505 4940 755 5006 adjuvat;
776 4939 876 4991 etsi
903 4938 966 4989 ad
1000 4950 1316 5004 Ietnpusnos
1342 4950 1437 5003 pro
1464 4950 1558 4988 sua
1587 4934 1917 4990 districﬁone

335 5030 637 5082 contristat.
686 5027 837 5082 Unde
868 5028 995 5079 dicit
1032 5027 1315 5095 Apostolus
1344 5026 1409 5079 ad
1448 5026 1739 5079 Hebraeos:
1774 5025 1915 5089 Quo-

336 5127 473 5175 niam
502 5121 668 5173 omnis
698 5120 970 5189 disciplina
998 5121 1065 5172 ad
1109 5134 1331 5186 prwsens
1373 5134 1472 5170 non
1511 5118 1689 5186 gaudii
1724 5116 1918 5169 videtur

336 5231 458 5277 esse,
482 5214 576 5266 sed
597 5213 857 5277 tristitia;
886 5214 937 5264 in
971 5222 1227 5279 posterum
1259 5220 1425 5263 autem
1450 5210 1665 5262 multum
1696 5209 1918 5278 fructum

338 5303 484 5371 «(ert
514 5301 703 5373 (Hebr.
729 5318 824 5364 xu,
859 5302 965 5367 ll).

411 5396 567 5450 νοτε.
592 5398 646 5447 li.
682 5393 893 5447 Parasti
924 5397 976 5446 in
1013 5404 1285 5461 conspectu
1315 5410 1425 5446 meo
1466 5409 1712 5454 mensam,
1744 5392 1921 5443 adver-

342 5505 424 5540 sus
454 5504 540 5539 eos
568 5486 656 5554 qui
697 5486 944 5538 tribulant
980 5502 1080 5539 me.
1122 5486 1378 5553 Septima:
1417 5482 1783 5552 gratulationis
1825 5498 1923 5535 nu-

340 5591 521 5633 merus
558 5575 868 5636 adhibetur,
910 5590 1029 5627 cum
1071 5575 1196 5628 dicit
1236 5592 1249 5627 :
1303 5574 1509 5627 I’arasti
1553 5575 1604 5627 in
1649 5584 1929 5642 conspectu

631 5668 907 5726 Γιτιιοι..
954 5664 1150 5725 LXX.

2021 4491 2121 4556 Qui
2150 4490 2325 4543 biberit
2364 4504 2427 4541 ea:
2467 4504 2602 4556 aqua
2636 4501 2789 4555 quam
2814 4500 2907 4551 ego
2934 4483 3019 4547 do,
3049 4498 3151 4535 non
3182 4482 3315 4536 sitiet
3346 4498 3590 4553 unquam,

2019 4580 2106 4634 sed
2139 4579 2225 4646 [iet
2265 4580 2318 4630 in
2353 4594 2411 4631 eo
2455 4578 2567 4646 fons
2613 4590 2759 4644 aqua:
2798 4571 3024 4626 salientis
3078 4573 3130 4625 in
3175 4572 3327 4625 vitam
3355 4583 3593 4626 aeternam

2019 4669 2199 4740 (Joan.
2231 4683 2303 4731 tv,
2336 4666 2423 4731 15,
2449 4664 2566 4735 M).

2094 4760 2245 4812 Vers.
2268 4757 2321 4811 8.
2338 4756 2406 4809 Et
2429 4755 2780 4809 misericordia
2805 4763 2894 4806 tua
2922 4753 3247 4823 subsequetur
3268 4770 3346 4807 me
3364 4753 3594 4806 omnibus

2024 4847 2196 4900 diebus
2225 4847 2339 4898 vita:
2373 4859 2521 4899 mete.
2572 4846 2784 4899 Decima
2827 4858 2948 4912 pars
2997 4843 3271 4912 promissa:
3318 4844 3595 4900 divisionis

2026 4938 2239 5004 impleta
2289 4941 2391 4999 est,
2441 4934 2531 4988 ubi
2571 4934 2637 4988 ad
2680 4935 2951 4989 cumulum
2997 4950 3055 4989 se
3099 4935 3295 4988 lictitize
3341 4935 3596 4989 desiderii

2026 5028 2336 5097 magnitudo
2384 5028 2621 5081 satiavit.
2664 5027 2809 5087 Nam,
2835 5042 2954 5081 cum
3004 5026 3347 5081 misericordia
3388 5028 3595 5081 Domini

2026 5132 2235 5186 semper
2273 5117 2559 5184 praecedat,
2590 5116 2677 5170 hic
2703 5116 2851 5179 dicit,
2893 5118 3222 5187 subscquetur
3264 5134 3340 5169 me
3364 5134 3383 5171 :
3407 5117 3592 5171 subse-

2025 5208 2203 5274 quitur
2234 5208 2416 5274 utique
2442 5207 2506 5258 ad
2540 5206 2855 5271 custodiam,
2888 5206 2979 5261 sed
3004 5208 3255 5275 praecedit
3282 5208 3346 5260 ad
3372 5208 3598 5275 gratiam

2027 5298 2426 5353 Conferendam.
2475 5298 2604 5352 Nam
2657 5300 2702 5352 si
2750 5300 2922 5353 solum
2955 5308 3287 5368 sequeretur,
3322 5313 3478 5351 nemo
3504 5300 3592 5351 dn-

2030 5403 2148 5441 nata
2180 5392 2513 5458 perciperet;
2543 5390 2587 5443 si
2617 5400 2817 5444 tantum
2856 5389 3199 5458 prmccderet,
3236 5389 3410 5442 nullus
3453 5399 3600 5458 pote-

2029 5492 2111 5534 rat
2137 5483 2327 5533 collata
2361 5480 2899 5535 servare.Graviores
2919 5491 3043 5533 sunt
3067 5481 3206 5533 enim
3241 5478 3397 5533 insidi
3418 5498 3444 5531 ιε
3468 5494 3601 5549 quas

2029 5587 2058 5625 a
2090 5580 2238 5640 tergo
2268 5570 2508 5623 diabolus
2560 5580 2728 5638 parat,
2783 5582 2835 5625 et
2865 5572 2963 5623 nisi
3010 5570 3214 5622 Domini
3256 5570 3602 5627 misericordia

3136 5657 3166 5712 li
