4030 6172
508 232 592 281 fil
1725 233 1791 286 Μ.
1842 233 2089 287 Αυῐῖιίῌ

2199 232 2549 288 ASSIODORI
3650 238 3737 287 172’.

505 350 847 417 subsequatur,
899 350 1143 403 facillime
1195 348 1445 415 fragilitas
1512 347 1737 399 humana
1790 348 2068 414 decipitur.
2102 352 2151 407 Α
2182 348 2397 399 stitione
2432 347 2727 400 laborabat.
2756 347 2925 400 Prima
2952 336 3097 413 parte
3122 346 3382 401 definiens
3400 346 3603 400 Domini
3636 350 3739 400 uui-

506 440 652 493 Tuuc
696 442 836 494 enim
901 442 1110 509 quando
1176 453 1235 493 se
1300 437 1489 506 aliquis
1550 437 1733 491 vitium
1802 436 2073 491 transiisse

506 531 697 596 credit,
745 533 949 585 incauta
1001 530 1166 597 magis
1215 528 1545 596 ignoratione
1586 528 1866 595 decipitur.
1924 528 2074 582 Unde

508 623 664 675 nimis
692 622 1047 676 necessarium
1081 628 1163 673 est
1205 628 1261 672 ut
1292 634 1505 687 semper
1532 632 1631 673 nos
1676 627 1731 672 et
1769 619 1934 686 gratia
1966 618 2073 671 Do-

507 710 636 764 mini
666 710 953 778 prrecedat,
984 719 1037 762 et
1072 709 1437 764 misericordia
1469 709 1839 776 subsequatur.

579 801 728 855 Vers.
754 801 806 854 9.
839 799 905 851 Et
934 810 986 853 ut
1016 800 1289 854 inhabilem
1320 802 1369 852 in
1402 801 1551 852 demo
1596 800 1801 852 Domini
1827 799 1879 852 in
1910 799 2076 869 longi—

509 892 732 943 tudinem
770 891 990 943 dierum.
1031 888 1179 945 Finis
1228 891 1327 945 iste
1367 890 1561 959 pendet
1604 890 1670 944 de
1712 891 2077 959 superioribus

510 980 685 1035 dictis.
731 980 856 1035 Ideo
901 982 1041 1035 enim
1093 982 1180 1035 illa
1226 980 1493 1049 professus
1520 990 1601 1035 est
1638 981 1735 1034 sibi
1793 995 1910 1035 esse
1953 996 2073 1035 con-

511 1084 681 1138 cessa,
708 1081 767 1125 ut
808 1071 873 1125 ad
911 1072 1253 1127 habitandum
1299 1073 1350 1126 in
1395 1073 1556 1127 domo
1596 1072 1711 1141 ejus
1738 1073 1920 1141 gloria:
1962 1086 2074 1137 per-

511 1162 735 1215 veniret.
769 1162 883 1231 Ipsa
915 1172 996 1216 est
1024 1163 1166 1217 enim
1208 1164 1464 1217 bonorum
1494 1164 1728 1217 omnium
1763 1163 2079 1229 comliletiva

512 1255 787 1325 perfectio,
819 1257 955 1309 sicut
984 1256 1034 1309 in
1072 1255 1176 1311 alio
1205 1255 1409 1325 psalmo
1445 1254 1609 1309 dicit:
1643 1253 1791 1308 Beati
1817 1254 1902 1322 qui
1932 1253 2081 1306 habi—

512 1355 619 1401 tant
645 1347 699 1399 in
740 1347 889 1398 donto
934 1346 1054 1399 tua!
1077 1346 1130 1398 in
1170 1346 1356 1399 sarcula
1386 1344 1690 1398 swculorum
1730 1344 2005 1396 laudabunt
2034 1349 2083 1395 te

514 1436 684 1505 (Psal.
731 1451 948 1502 uuln,
991 1438 1067 1505 5).
1111 1433 1304 1489 Domus
1348 1435 1544 1503 quippe
1600 1432 1803 1486 Domini
1853 1434 2079 1486 futuram

513 1528 775 1600 significat
815 1527 1129 1592 Jerusalem,
1176 1539 1297 1595 qua:
1344 1525 1395 1578 in
1437 1524 1817 1593 longitudinem
1874 1523 2081 1577 dierum

513 1618 628 1673 sine
655 1618 997 1686 ambiguitate
1024 1616 1288 1671 consistit.
1342 1615 1455 1684 Ipsa
1495 1622 1577 1669 est
1620 1616 1762 1669 enim
1809 1614 2081 1669 beatitudo

2181 454 2388 494 versum
2418 439 2604 492 orbein
2652 455 2772 493 esse
2805 451 3062 493 terrarum
3085 483 3098 502 ,
3127 449 3183 491 ut
3211 438 3348 491 sicut
3388 452 3445 492 se
3470 438 3645 491 nullus
3681 439 3739 490 ab

2178 532 2293 599 ejus
2332 530 2555 597 imperio
2592 531 2839 596 probaret
2870 540 3175 598 exceptum,
3209 529 3277 583 ita
3314 544 3411 583 nec
3441 545 3469 582 a
3502 529 3605 584 fide
3632 545 3735 584 cre-

2179 623 2331 677 deret
2380 622 2631 676 alienum.
2694 621 2941 677 Secundo
2991 624 3107 675 loco
3156 620 3515 676 delerminans
3560 621 3739 690 quibus

2178 712 2468 767 virtutibus
2517 712 2723 781 prmtliti
2767 713 2873 766 sint
2917 713 2970 766 in
3019 712 3134 781 ejus
3183 712 3414 766 Ecclesia
3456 711 3739 766 constituti.

2179 804 2368 860 Tertio
2417 804 2851 858 dementissimos
2889 803 3292 873 superstitiosos
3333 803 3648 872 alloquitur,
3692 811 3741 855 ut

2180 911 2311 951 vero
2355 895 2581 950 Domino
2632 895 2971 961 famulantes,
3004 910 3032 948 a
3064 895 3221 949 noxia
3267 894 3366 949 sibi
3408 897 3742 963 perversitate

2182 986 2480 1042 discedant.

2715 1074 2981 1147 Expositio
3013 1076 3216 1145 psalmi.

2249 1186 2356 1257 81
2398 1186 2554 1240 Vers.
2588 1187 2636 1239 i.
2672 1184 2878 1239 Domini
2907 1194 2981 1239 est
3024 1196 3179 1251 terra,
3229 1194 3276 1239 et
3314 1186 3574 1254 plenitudo
3603 1190 3741 1252 eius,

2184 1278 2320 1331 orbis
2350 1285 2621 1344 terrarum,
2654 1275 2935 1330 etuniversi
2954 1277 3038 1343 qui
3063 1275 3289 1329 habitant
3317 1277 3367 1329 in
3396 1293 3475 1330 ea.
3505 1277 3744 1343 Quamvis

2185 1380 2371 1422 terram
2398 1377 2452 1423 et
2482 1368 2534 1421 in
2568 1370 2708 1423 bono
2737 1378 2791 1423 et
2822 1370 2873 1423 in
2904 1369 3043 1423 malo
3079 1369 3201 1437 poni
3244 1384 3386 1437 saepe
3422 1369 3744 1431 noverimus,

2188 1458 2273 1511 hic
2303 1469 2477 1511 tamen
2514 1458 2807 1512 Ecclesiam
2851 1458 3108 1512 debemus
3149 1458 3453 1521 advertere,
3495 1474 3613 1527 quae
3644 1459 3743 1511 Do-

2190 1547 2336 1599 mino
2366 1545 2672 1615 specialiter
2711 1561 2839 1615 pura
2884 1555 3062 1601 mente
3101 1545 3407 1599 famulatur.
3449 1545 3581 1602 Nam
3627 1547 3746 1600 licet

2187 1639 2370 1692 omnia
2392 1638 2598 1705 abipso
2629 1638 2739 1691 sint
2775 1638 3010 1704 condita,
3046 1648 3222 1692 tamen
3252 1637 3379 1691 illud
3423 1637 3591 1707 ipsius
3636 1651 3746 1691 esse

514 1720 788 1781 perpetua,
830 1720 883 1765 et
929 1710 1044 1763 sine
1075 1708 1178 1762 fine
1205 1708 1409 1761 laetitia.
1444 1709 1707 1762 Memento
1739 1715 1916 1761 autem
1947 1708 2084 1775 quod
2121 1714 2162 1773 Β
2192 1728 2405 1797 proprie
2434 1728 2683 1793 dicimus,
2729 1728 2870 1797 quod
2899 1744 3019 1784 eum
3052 1739 3339 1783 veneram,
3367 1738 3657 1783 auctorem.
3688 1729 3747 1783 ει

516 1801 566 1854 in
596 1804 773 1869 priore
799 1815 957 1854 versu
981 1800 1167 1868 psalmi
1197 1798 1376 1866 hujus,
1395 1799 1445 1851 id
1469 1811 1550 1853 est
1571 1798 1815 1851 Dominus
1838 1801 1963 1867 regit
1982 1816 2081 1864 me,

517 1898 557 1942 et
588 1888 718 1941 nihil
762 1889 887 1941 mihi
934 1890 1116 1954 deerit,
1166 1888 1398 1943 breviter
1426 1889 1578 1953 dixit,
1627 1890 1764 1956 quod
1809 1891 1857 1940 in
1896 1888 2084 1943 subse-

515 1980 798 2051 quentibus
825 1980 979 2035 latius
1002 1981 1353 2035 enumeravit.
1386 1981 1513 2047 Quae
1553 1980 1718 2050 figura
1748 1981 1944 2034 dicitur
1975 1980 2087 2048 epi—

517 2073 850 2127 trochasmos
872 2113 886 2138 ,
918 2072 969 2126 id
1014 2081 1097 2127 est
1122 2072 1248 2126 dicti
1280 2074 1475 2127 rotatio
1498 2113 1514 2137 ,
1545 2086 1664 2125 cum
1715 2072 1984 2125 succincte
2024 2084 2087 2125 ea

519 2179 639 2233 quze
665 2171 789 2218 sunt
812 2162 1032 2219 effusius
1073 2163 1295 2219 dicenda
1325 2162 1651 2231 perstringit.
1696 2161 1749 2215 In
1786 2162 1884 2215 hoc
1910 2168 2087 2213 autem

519 2269 675 2312 versu
706 2255 874 2323 ﬁnali,
917 2256 969 2311 id
1008 2264 1113 2322 est,
1149 2255 1216 2310 Ut
1258 2255 1531 2309 inhabilem
1570 2255 1622 2307 in
1662 2254 1811 2307 domo
1858 2252 2083 2317 Domini,

520 2348 571 2399 in
603 2346 969 2418 longitudinem
1013 2347 1230 2411 dierum,
1274 2345 1645 2414 epiphonema,
1690 2343 1739 2397 id
1790 2351 1872 2397 est
1914 2342 2089 2395 accla-

521 2437 704 2499 matio,
737 2436 1068 2490 nobilissima
1102 2437 1261 2491 nimis
1302 2435 1465 2505 figura
1494 2435 1663 2504 posita
1694 2442 1795 2499 est,
1828 2448 1945 2501 qua:
1972 2440 2090 2500 post

521 2534 761 2579 narratas
790 2541 876 2580 res
925 2526 1157 2582 breviter
1183 2540 1304 2579 cum
1341 2524 1722 2579 acclamatione
1773 2521 2087 2590 prorumpit,

522 2630 641 2688 post
666 2619 842 2673 omnia
875 2618 1127 2673 desinens
1169 2618 1219 2672 in
1262 2615 1785 2686 exaggeratissimam
1816 2614 2091 2666 summita-

524 2720 653 2766 tem.
681 2712 773 2766 Sic
803 2711 990 2780 psalmi
1021 2711 1172 2765 istius
1214 2709 1493 2779 principia,
1521 2707 1715 2773 media,
1737 2715 1790 2760 et
1820 2705 1959 2769 finis,
1998 2703 2091 2758 de-

521 2816 642 2856 co-a
672 2803 1002 2856 diversorum
1030 2800 1359 2855 schematum
1389 2798 1507 2852 luce
1530 2797 1824 2851 radiantur.

1058 2936 1328 2989 Conclusio
1362 2936 1564 3005 psalmi.

592 3046 767 3103 Mente
791 3061 1112 3117 reponamus
1139 3046 1263 3115 quid
1298 3044 1533 3099 ctelestis
1562 3044 1649 3097 illa
1697 3042 1869 3095 ﬁstula
1903 3041 2089 3095 decem

526 3140 811 3196 virtutibus
863 3148 1137 3207 compacta
1175 3138 1478 3191 cecinerit:
1521 3150 1676 3205 quam
1725 3133 1878 3187 dulce
1921 3131 2090 3187 melos

526 3232 718 3285 animm
746 3230 965 3284 salutari
990 3226 1341 3281 delectatione
1364 3227 1683 3289 cantaverit;
1712 3232 1771 3278 ut
1798 3224 1851 3276 in
1883 3224 1982 3277 hac
2010 3221 2092 3277 fe-

529 3319 763 3375 stivitate
791 3316 1051 3387 mysterii,
1084 3330 1189 3370 non
1222 3317 1465 3385 voluptas
1491 3314 1719 3380 aurium,
1742 3313 1836 3367 sed
1864 3311 2096 3367 salubri-

529 3419 609 3463 tas
652 3408 907 3477 acquisita
937 3416 1285 3475 cognoscatur
1328 3408 1645 3461 animarum.
1678 3407 1936 3462 Numerus
1966 3422 2099 3477 quo-

524 3515 628 3567 que
664 3500 846 3568 psalmi
898 3500 1054 3567 hujus
1090 3499 1355 3567 significat
1383 3500 1761 3568 perfectionem
1791 3501 2099 3570 sapientiae;

524 3590 781 3659 siquidem
810 3589 992 3658 viginti
1020 3590 1124 3643 duo
1153 3590 1316 3644 libros
1344 3605 1463 3645 esse
1494 3592 1859 3658 cognoscimus
1889 3592 2097 3647 Veteris

524 3679 847 3734 Testamenti
886 3679 1174 3735 secundum
1223 3681 1422 3734 litteras
1468 3680 1830 3747 Hebraeorum,
1865 3696 1995 3749 quas
2032 3682 2098 3736 ad

524 3769 901 3836 plenitudinem
924 3770 1116 3824 divinae
1137 3771 1372 3825 scientia:
1396 3772 1947 3839 comprehendendam
1969 3788 2098 3827 con-

523 3864 631 3911 stat
663 3856 893 3911 humano
930 3858 1107 3929 generi
1138 3861 1482 3915 contributas.
1507 3861 1841 3931 Quapropter
1869 3862 2099 3917 diversis

524 3946 695 4001 modis
727 3948 927 4015 psalmo
954 3947 1041 4002 isti
1069 3962 1295 4017 superna
1325 3959 1615 4005 noscuntur
1636 3952 1922 4007 convenire
1954 3966 2100 4021 mys-

529 4045 678 4102 teria.

781 4176 1140 4233 EXPOSITIO
1178 4174 1243 4231 IN
1283 4176 1603 4231 PSALMUM
1644 4176 1828 4230 XXIII.

874 4265 1114 4321 Psalmus
1140 4267 1305 4321 David
1339 4268 1503 4336 prima
1527 4267 1743 4321 sabbati.

600 4379 781 4433 Velum
820 4378 1098 4446 prmseutis
1132 4377 1287 4443 tituli,
1329 4378 1547 4445 juvante
1579 4379 1824 4445 Domino,
1855 4381 2099 4435 alacriter

527 4468 886 4532 sublevemus,
922 4477 980 4521 ut
1007 4467 1162 4520 nobis
1192 4468 1479 4534 penetralia
1504 4470 1691 4538 psalmi
1721 4470 1919 4524 clarius
1951 4471 2100 4525 inno-

531 4567 752 4611 tescunt.
812 4557 991 4610 Prima
1039 4555 1235 4609 sabbati
1266 4556 1530 4625 significat
1574 4560 1713 4612 diem
1753 4560 2096 4625 dominicam,

528 4664 648 4717 qua:
674 4650 842 4717 prima
869 4657 951 4703 est
980 4657 1101 4717 post
1134 4648 1437 4717 sabbatum,
1471 4666 1572 4718 quo
1603 4651 1690 4706 die
1724 4651 1981 4707 Dominus
2008 4667 2099 4706 re-

529 4742 762 4795 surrexit
808 4754 837 4793 a
886 4742 1130 4794 mortuis.
1175 4742 1273 4805 Qui
1314 4752 1530 4810 propter
1570 4744 1939 4797 excellentiam
1973 4748 2102 4798 tanti

531 4832 768 4887 miraculi
798 4832 1014 4903 proprie
1044 4831 1255 4885 Domini
1287 4841 1639 4902 nuncupatur,
1669 4836 1780 4888 sive
1810 4837 1929 4904 quia
1954 4836 2003 4888 in
2034 4850 2100 4891 eo

530 4923 783 4978 tnundum
813 4922 1072 4977 condidit.
1126 4921 1202 4976 Eo
1246 4921 1506 4991 siquidem
1536 4925 1624 4979 die
1664 4925 1749 4979 isti
1782 4928 1978 4981 sazculo
2012 4941 2100 4980 re-

531 5013 794 5083 surgendo
831 5012 1088 5066 Dominus
1130 5012 1447 5069 subvenisse
1491 5014 1849 5084 cognoscitur,
1890 5018 2101 5085 quando

528 5120 652 5157 eum
680 5111 735 5158 et
764 5101 957 5158 fecisse
1002 5102 1321 5159 declaratur.
1377 5104 1482 5160 Sed
1526 5107 1645 5175 quia
1696 5116 1835 5160 totus
1865 5109 2100 5176 psalmus

531 5204 651 5263 post
678 5194 1125 5251 resurrectionem
1151 5196 1379 5263 canitur,
1410 5196 1531 5251 ideo
1559 5198 1608 5251 ei
1643 5198 1825 5252 titulus
1854 5201 1952 5254 iste
1973 5216 2103 5267 pra:-

531 5291 724 5343 tnissus
744 5296 917 5357 cst,ut
932 5290 1090 5346 corda
1113 5291 1345 5346 fidelium
1368 5306 1601 5364 congruo
1626 5302 1870 5347 moneret
1888 5292 2103 5347 indicio.

1100 5408 1290 5463 Divisio
1329 5410 1533 5480 psalmi.

606 5523 733 5578 Post
773 5524 1219 5579 resurrectionem
1248 5524 1455 5577 Domini
1486 5525 1742 5592 propheta
1776 5523 1949 5578 laetior
1980 5524 2109 5579 effe-

535 5623 674 5681 ctus,
707 5614 995 5670 bumanunt
1027 5629 1194 5683 genus
1224 5614 1529 5683 alloquitur,
1572 5618 1712 5683 quod
1746 5616 1885 5671 varia
1916 5630 2108 5680 super-

2186 1818 2305 1872 ideo
2334 1817 2571 1873 Ecclesia
2594 1834 2701 1873 non
2725 1818 2994 1873 immerito
3027 1819 3299 1874 fructifera
3330 1820 3591 1874 bonorum
3619 1830 3746 1873 terra

2186 1912 2494 1979 suscipitur,
2528 1912 2652 1980 quia
2686 1913 2852 1965 nutrit
2882 1920 2938 1967 et
2978 1914 3219 1968 continet
3252 1914 3504 1983 p0pulum
3535 1913 3744 1967 Christi.

2188 1992 2460 2070 Sequitur,
2489 2011 2534 2054 et
2565 2001 2826 2071 plenitudo
2855 2004 2988 2071 ejus,
3024 2002 3077 2056 id
3126 2012 3207 2057 est
3250 2002 3530 2056 multitudo
3550 2010 3746 2064 sancta,

2188 2105 2291 2158 qua
2314 2091 2547 2159 repletur
2574 2091 2834 2146 Ecclesia.
2858 2090 2961 2145 Sed
2989 2106 3055 2145 ne
3086 2100 3293 2155 terram,
3325 2106 3483 2160 quam
3515 2091 3749 2157 superius

2189 2181 2344 2248 dixit,
2376 2189 2653 2251 angustam
2688 2190 2902 2251 putares
2942 2181 3171 2251 aliqurtm
3196 2181 3419 2235 fortasse
3462 2181 3749 2250 regionem,

2193 2289 2335 2327 nunc
2362 2274 2509 2336 dicit,
2541 2275 2675 2327 orbis
2707 2284 2985 2337 terrarum,
3012 2275 3112 2329 hoc
3150 2283 3233 2329 est
3254 2274 3607 2328 universalem
3654 2273 3751 2326 Ec-

2191 2363 2429 2429 clesiam,
2460 2378 2577 2431 qum
2596 2364 2759 2419 totius
2782 2363 2961 2416 mundi
2979 2362 3180 2416 ambitu
3197 2362 3516 2416 continetur.
3543 2361 3752 2415 Intende

2193 2469 2319 2507 ve:o
2350 2453 2490 2522 quod
2518 2454 2666 2519 dicit,
2715 2459 2805 2524 qui
2833 2454 3066 2507 habitant
3088 2455 3140 2506 in
3166 2469 3256 2516 ea;
3280 2453 3329 2507 id
3373 2464 3474 2520 est,
3517 2468 3621 2507 non
3670 2453 3753 2519 qui

2191 2546 2516 2600 conveniunt
2541 2555 2593 2599 et
2616 2545 2894 2612 recedunt,
2926 2545 3019 2600 sed
3045 2546 3133 2614 qui
3191 2544 3289 2598 fixa
3323 2546 3515 2601 mentis
3560 2543 3755 2598 stabiti~

2198 2644 2301 2689 tate
2332 2636 2639 2704 perdurant.
2666 2636 2917 2690 Habitare
2938 2636 3079 2691 enim
3104 2651 3320 2691 manere
3346 2636 3589 2699 dicimus,
3620 2634 3754 2703 quod

2194 2726 2485 2778 errantium
2519 2741 2621 2779 non
2665 2735 2764 2791 est,
2797 2725 2938 2795 quod
2980 2726 3319 2780 mutabilitati
3361 2742 3464 2778 non
3495 2727 3757 2779 convenit.

2198 2813 2303 2867 Sed
2328 2813 2419 2867 ille
2441 2814 2584 2867 solus
2617 2814 2908 2869 Ecclesiam
2935 2816 3155 2879 habitat,
3179 2815 3267 2883 qui
3296 2830 3460 2883 usque
3477 2814 3541 2868 ad
3562 2815 3756 2868 obitum

2195 2919 2348 2959 suum
2405 2906 2456 2960 in
2506 2905 2608 2960 fide
2650 2906 2947 2961 rectissima
2993 2916 3334 2975 perseverat;
3364 2908 3498 2960 sicut
3530 2914 3584 2959 et
3630 2906 3760 2959 alius

2195 2994 2428 3064 psalmus
2458 2995 2615 3050 dicit:
2671 2996 2737 3050 Ut
2764 2997 3033 3050 inhabitem
3056 2998 3108 3050 in
3130 2998 3281 3051 domo
3312 2995 3515 3051 Domini
3536 2998 3761 3051 omnibus

2120 3077 2163 3141 C
2194 3085 2369 3138 diebus
2397 3086 2508 3140 vita?
2555 3102 2676 3140 mea:
2712 3085 2881 3155 (Psal.
2908 3102 3035 3152 xx",
3059 3086 3138 3156 6).

2269 3174 2421 3230 Vers.
2458 3176 2512 3227 2.
2568 3175 2683 3246 Ipse
2713 3194 2865 3243 super
2908 3179 3069 3231 maria
3096 3179 3325 3247 fundarit
3364 3195 3496 3243 eam,
3544 3190 3589 3233 ct
3618 3196 3762 3249 super

2194 3268 2411 3337 ﬂumina
2435 3270 2735 3338 praeparavit
2762 3269 3043 3335 eam.Quid
3073 3278 3154 3325 est
3183 3286 3332 3339 super
3354 3271 3514 3323 muria
3530 3271 3762 3340 fundare,

2199 3358 2301 3412 nisi
2334 3372 2493 3428 supra
2542 3360 2790 3413 vitiorum
2846 3360 3003 3429 hujus
3050 3361 3228 3415 szeculi
3288 3361 3542 3415 tremulos
3571 3361 3761 3414 fluetus

2197 3447 2491 3502 Ecclesiam
2522 3450 2823 3505 firmissima
2840 3451 3151 3505 credulitate
3177 3450 3429 3517 solidare,
3455 3461 3510 3503 ut
3538 3450 3767 3505 anchora

2197 3538 2321 3593 ﬁdei
2352 3539 2590 3605 fundata,
2620 3542 2881 3610 procellas
2910 3541 3192 3612 cujuslibet
3219 3542 3439 3611 periculi
3469 3558 3571 3596 non
3606 3558 3769 3609 pave-

2197 3629 2344 3683 seat?
2374 3628 2523 3683 Unde
2552 3640 2604 3684 et
2625 3631 2911 3699 Apostolus
2936 3630 3065 3685 dicit
3092 3651 3105 3683 :
3144 3630 3309 3695 Quam
3333 3632 3464 3684 sicut
3494 3633 3769 3684 anc/torum

2198 3721 2439 3774 habemus
2490 3725 2675 3776 anima:
2716 3731 2874 3777 tutam
2921 3732 3073 3793 atque
3130 3724 3286 3791 ﬁxam
3333 3723 3518 3792 (Hebr.
3552 3740 3621 3788 vr,
3658 3726 3770 3791 lit).

2199 3811 2372 3865 Simili
2400 3810 2559 3866 modo
2603 3822 2650 3865 et
2677 3829 2829 3881 super
2854 3814 3071 3884 ﬂumina
3098 3813 3227 3868 dicit
3263 3827 3381 3868 esse
3409 3824 3772 3883 praparatam,

2200 3900 2450 3968 quoniam
2506 3900 2571 3954 ad
2622 3900 2923 3955 voluntates
2979 3900 3311 3955 turbulentas
3365 3911 3768 3971 persecutorum

2204 3999 2438 4057 aptatam
2462 4000 2673 4045 constat
2706 3991 2996 4046 Ecclesium
3023 4008 3038 4057 ;
3088 4002 3146 4044 ut
3175 3990 3224 4045 ei
3266 4005 3445 4059 pravae
3472 3991 3777 4046 voluntates

2206 4093 2400 4133 nocere
2422 4094 2525 4134 non
2543 4081 2777 4145 valeant,
2803 4080 3045 4149 quamvis
3070 4089 3255 4135 contra
3276 4094 3393 4135 eam
3426 4079 3611 4134 insana
3632 4098 3777 4135 men.

2206 4177 2333 4228 tium
2356 4173 2779 4244 przecipitatione
2798 4180 3137 4241 consurgant.

2277 4264 2428 4318 Vcrs.
2462 4265 2515 4317 ὅ.
2547 4264 2671 4327 Quis
2713 4263 2945 4315 ascendet
2970 4263 3020 4314 in
3042 4270 3258 4314 montem
3287 4259 3535 4315 Domini?
3559 4271 3645 4314 aut
3667 4262 3783 4329 quis

2206 4356 2358 4408 stabit
2386 4357 2437 4407 in
2468 4356 2578 4408 loco
2606 4362 2781 4407 sancto
2806 4358 2925 4426 ejus
2965 4355 2989 4407 ξ)
3019 4353 3301 4422 Postquam
3330 4352 3511 4407 docuit
3537 4354 3784 4407 breviter

2128 4443 2177 4503 D
2207 4446 2453 4498 universa
2501 4444 2708 4498 Domini
2732 4456 2852 4497 esse
2882 4457 2999 4512 qua:
3026 4442 3283 4508 condidit,
3320 4457 3460 4496 nunc
3491 4458 3583 4510 per
3618 4445 3787 4496 inter-

2206 4536 2559 4606 rogationem,
2576 4533 2861 4589 secuodam
2887 4532 3182 4602 ingreditur
3200 4541 3425 4601 partem,
3448 4533 3791 4601 respondens

2207 4627 2390 4697 quales
2420 4641 2541 4681 esse
2571 4625 2800 4679 debeant
2824 4624 2911 4693 qui
2959 4638 3017 4676 se
3050 4623 3213 4690 ipsius
3242 4623 3545 4678 desiderant
3573 4639 3788 4676 nuncu-

2208 4732 2356 4785 pare.
2388 4718 2516 4781 Qua:
2563 4715 2724 4784 figura
2752 4715 2947 4767 dicitur
2987 4724 3309 4777 exetasmos,
3344 4714 3393 4765 id
3426 4725 3507 4766 est
3546 4715 3794 4781 exquisi-

2211 4808 2306 4871 tio,
2338 4820 2457 4860 cum
2490 4819 2575 4859 res
2615 4802 2920 4872 complures
2970 4803 3168 4856 divisas
3195 4817 3313 4855 cum
3362 4802 3794 4869 interrogati.ite

2210 4896 2579 4965 exquirentes,
2633 4894 2855 4963 singulis
2900 4907 3018 4961 qua:
3046 4893 3374 4946 conveniunt
3425 4891 3790 4960 applicamus.

2212 4985 2497 5041 Pramittit
2538 4998 2666 5055 ergo
2719 4983 3190 5053 interrogationes,
3238 4991 3296 5036 ut
3341 4991 3462 5051 apta
3502 4984 3799 5049 responsio

2213 5076 2585 5145 subsequatur.
2625 5074 2749 5140 Quis
2773 5074 3008 5128 ascendet
3028 5072 3053 5125 Ρ
3073 5072 3205 5139 Quia
3231 5072 3469 5126 dicturus
3497 5084 3609 5125 erat
3636 5086 3801 5125 mon-

2214 5178 2336 5232 tem,
2363 5163 2417 5221 id
2449 5174 2532 5220 est
2555 5165 2814 5235 justitiam
2865 5175 3196 5232 craterasque
3251 5164 3512 5223 virtutes.
3544 5162 3611 5215 ad
3654 5178 3805 5231 quas

2212 5272 2406 5328 magno
2436 5257 2555 5311 nisu
2601 5254 2886 5319 tendimus,
2914 5252 3162 5323 quoniam
3190 5252 3421 5320 peccatis
3449 5251 3804 5306 obviantibus

2213 5347 2552 5415 impedimur.
2584 5344 2689 5400 Sed
2714 5354 2991 5413 postquam
3025 5344 3176 5409 dixit,
3212 5342 3336 5409 Quis
3358 5344 3607 5408 ascendet,
3647 5357 3808 5396 nunc

2214 5436 2361 5499 dicit,
2392 5436 2577 5498 stabit,
2619 5435 2741 5501 quia
2793 5434 2963 5487 multo
3012 5434 3191 5488 utilius
3245 5442 3326 5487 cst
3365 5435 3416 5486 in
3461 5442 3637 5486 sancto
3680 5432 3813 5484 loco

2216 5536 2350 5579 stare
2378 5539 2533 5593 quam
2564 5524 2629 5576 ad
2657 5523 2775 5592 ejus
2805 5524 3075 5593 fastigium
3110 5526 3408 5592 pervenire.

2294 5617 2440 5671 Vcrs.
2469 5614 2520 5667 ι.
2552 5613 2805 5670 lnnocens
2828 5617 3057 5670 manibus
3083 5627 3127 5670 et
3154 5618 3342 5671 mundo
3371 5618 3539 5682 corde,
3570 5615 3661 5683 qui
3682 5629 3808 5671 non
