4030 6172
398 219 491 272 Πῗῖ

1309 210 1663 267 ΕΧΡΟδΙΊΊΟ
1702 210 1764 262 IN
1809 206 2259 261 I‘S.\I.TEIiIIJ.\I.
2306 204 2493 258 PSAL.
2539 202 2723 257 XXIII.

3548 195 3643 248 175

395 331 583 400 occepit
634 331 684 382 in
732 345 859 382 rano
916 328 1136 380 animum
1180 341 1344 378 suam.
1396 324 1498 377 Ista
1535 330 1615 374 est
1660 324 1960 387 etSpectata
1992 316 2042 375 Α
2069 314 2433 383 requirentium
2460 312 2641 381 faciem
2672 308 2764 362 Dei
2799 307 2984 362 Iacob.
3031 306 3163 374 Quia
3194 304 3533 376 singulariter
3555 319 3642 400 su-

394 420 671 489 responsio
702 439 713 472 :
748 418 1003 473 Innocens
1030 417 1263 470 manibus
1287 426 1332 469 et
1364 415 1555 467 mundo
1600 413 1767 475 corde,
1801 409 1852 462 id
1886 416 1966 461 est

394 513 543 579 cujus
571 509 815 579 operatio
847 509 1116 563 neminem
1152 506 1318 571 laedit,
1354 505 1450 559 scd
1497 511 1752 572 quantum
1787 507 1968 568 potest

393 602 644 670 adjuvare
701 600 991 655 contendit.
1043 599 1107 652 Et
1148 613 1214 651 ne
1244 606 1466 665 putares
1517 608 1673 662 posse
1721 593 1967 648 sullicere

394 692 635 744 innocens
664 689 916 753 manibus,
953 688 1155 742 addidit
1190 697 1237 741 et
1267 686 1457 739 ntundo
1474 686 1666 749 corde;
1698 687 1816 752 quia
1863 682 1969 735 l're-

394 790 624 851 quenter
653 781 986 850 disponimus
1013 779 1231 844 ltedere,
1264 779 1359 833 sed
1391 779 1641 846 juvamtts
1690 776 1967 839 uolentes;

394 883 450 929 et
482 875 676 928 iterum
699 872 835 925 bona
866 872 1129 935 volumus,
1188 869 1281 924 sed
1328 869 1396 923 ab
1436 882 1621 923 eorum
1656 867 1967 933 Operatione

396 980 691 1020 cessamus.
720 964 949 1033 Ideoque
970 979 1075 1017 non
1100 962 1249 1027 dicit,
1285 962 1411 1015 illuc
1433 960 1753 1023 ascendere,
1781 958 1881 1010 nisi
1918 958 1968 1009 in

398 1073 509 1127 quo
550 1070 773 1127 utraque
811 1057 1079 1127 potuerim
1103 1056 1349 1109 inveniri.
1384 1054 1450 1108 In
1473 1072 1603 1109 rana
1636 1069 1763 1107 vero
1792 1054 1977 1122 accipit

399 1151 630 1200 animam
659 1165 836 1212 suam,
871 1147 960 1217 qtti
1004 1155 1153 1216 putat
1185 1146 1535 1201 desideranda
1568 1159 1686 1214 qum
1740 1154 1863 1197 sunt
1893 1141 1976 1195 vel

401 1238 711 1291 transitoria
736 1238 820 1292 vel
842 1236 1065 1291 caduca.
1088 1234 1180 1288 llle
1202 1245 1377 1287 autem
1407 1236 1459 1286 in
1480 1250 1607 1286 vano
1635 1247 1737 1285 non
1768 1233 1977 1300 accepit,

402 1327 496 1395 qui
529 1340 589 1380 se
620 1327 769 1379 novit
800 1326 864 1379 ad
892 1326 1195 1380 Divinitatis
1226 1324 1629 1392 intelligentiam
1663 1321 1827 1376 fuisse
1855 1336 1979 1389 pro-

401 1424 670 1477 creatum,
694 1414 762 1467 ad
796 1415 967 1484 legem
1000 1413 1209 1466 Domini
1234 1412 1662 1474 custodiendam,
1695 1409 1760 1463 ad
1787 1410 1980 1477 cogita-

406 1506 587 1559 tiones
608 1506 731 1559 vita:
756 1515 992 1569 mternac,
1020 1512 1074 1557 et
1091 1501 1350 1572 qudquid
1376 1511 1544 1569 potest
1562 1513 1847 1567 supernam
1865 1512 1985 1567 gra-

408 1593 539 1647 tiam
574 1595 891 1660 promereri.

2074 404 2252 472 perius
2281 403 2488 455 dixerat
2512 418 2526 455 :
2559 400 2685 464 Quis
2710 398 2944 452 ascendet
2976 399 3028 449 in
3053 405 3274 450 montem
3300 394 3544 448 Domini?
3568 392 3645 448 Ne

2074 501 2290 563 putares
2318 492 2420 546 hoc
2447 492 2511 545 ad
2538 490 2810 571 Christum
2834 487 3117 542 Dominum
3150 484 3490 540 solummodo
3520 499 3639 539 esse

2076 581 2433 645 referendum,
2462 594 2604 633 nunc
2629 588 2681 633 et
2704 576 3035 645 generationi
3073 574 3392 629 Christiana:
3426 574 3526 627 hoc
3556 588 3641 628 co-

2077 670 2354 742 gnoscitur
2378 670 2671 737 applicare.
2701 667 2830 721 Nam
2863 681 2982 720 cum
3008 665 3155 730 dicit,
3191 664 3315 717 llaec
3348 675 3447 732 es',
3481 663 3649 733 signi-

2080 761 2360 828 licat,talis
2408 770 2491 815 est
2530 760 2617 814 illa
2670 760 2925 829 generatio
2951 773 3068 825 qua:
3100 755 3378 810 Dominum
3406 756 3652 825 requirit,

2080 852 2131 905 id
2161 861 2241 906 est
2265 864 2385 919 qum
2404 848 2542 905 sacri
2565 847 2897 916 baptismatis
2915 845 3059 900 lontc
3083 849 3397 911 renascitur,
3416 855 3471 902 et
3494 845 3653 900 fidem

2082 957 2231 996 suam
2280 942 2361 1007 pia
2404 940 2712 1008 operatione
2746 936 3107 992 commendat.
3152 935 3423 1005 Sequitur,
3478 940 3656 1005 requi-

2082 1036 2296 1087 rentium
2322 1034 2499 1101 faciem
2530 1029 2812 1084 DeiJacob.
2832 1028 2965 1097 Quid
2992 1027 3217 1092 esthoc,
3247 1028 3387 1098 quod
3405 1038 3459 1083 et
3480 1029 3653 1097 ipsum

2088 1126 2308 1179 verbum
2350 1123 2568 1192 repetit.
2615 1132 2667 1175 et
2707 1121 2846 1173 aliud
2891 1120 3167 1189 subjunxit
3212 1120 3266 1174 in
3315 1120 3457 1173 line?
3505 1120 3658 1174 Prius

2085 1216 2291 1269 dixerat
2310 1213 2630 1284 generaliter
2656 1212 2989 1281 qua’renlium
3014 1209 3305 1275 Dominum,
3336 1209 3424 1279 qui
3461 1224 3519 1265 se
3547 1225 3654 1264 non

2086 1304 2324 1358 ambiunt
2356 1304 2589 1371 praeponi
2623 1320 2636 1367 ;
2670 1301 2761 1355 sed
2793 1316 2891 1354 suo
2920 1301 3108 1355 ordine
3133 1315 3337 1368 suoque
3367 1300 3473 1356 line
3523 1317 3654 1354 enn-

2090 1395 2221 1449 tenti
2248 1404 2392 1460 sunt,
2434 1404 2489 1446 ttt
2517 1394 2598 1447 vel
2638 1393 2908 1446 minimam
2940 1401 3142 1459 partem
3185 1393 3237 1446 itt
3266 1390 3463 1446 Christi
3489 1406 3653 1462 regno

2091 1494 2394 1540 mereantur
2424 1485 2687 1553 accipere.
2713 1483 2816 1537 Sed
2845 1483 2966 1551 quia
2996 1492 3120 1537 sunt
3145 1493 3197 1539 et
3217 1483 3305 1536 alii
3336 1483 3506 1536 nimio
3530 1483 3649 1537 lldei

2092 1577 2271 1630 calore
2295 1575 2587 1639 ferventes,
2609 1576 2718 1645 82
2745 1576 2831 1642 qui
2861 1589 3080 1643 operum
3120 1576 3356 1631 bonitate
3392 1576 3664 1630 nonnullis

487 1683 641 1738 Vers.
676 1686 729 1740 5.
753 1684 1083 1755 Necjuravit
1112 1685 1164 1736 in
1198 1681 1319 1735 dolo
1343 1683 1574 1751 proximo
1600 1697 1714 1735 suo.
1752 1679 1987 1734 Dicenda

2122 1667 2333 1735 trazponi
2361 1680 2420 1720 se
2448 1664 2652 1727 volunt,
2679 1664 2882 1718 addidit
2915 1665 3010 1754 Dei
3036 1663 3233 1731 Jacob;
3265 1677 3318 1720 ut
3349 1666 3449 1721 hoc
3477 1667 3528 1721 iu
3558 1666 3662 1743 illis

411 1774 467 1824 in
501 1772 641 1837 dolo,
701 1772 910 1827 videtur
959 1781 1289 1826 sacramenta
1326 1771 1634 1840 permisisse
1684 1769 1986 1838 simplicia;

413 1864 677 1931 scriptum
694 1872 776 1917 est
800 1863 943 1917 enim
972 1880 984 1915 :
1011 1860 1217 1916 Iuravit
1255 1860 1505 1914 Dominus
1531 1872 1578 1913 et
1608 1876 1707 1913 non
1739 1859 1997 1928 ρωηὶιρὸὲι

414 1953 741 2024 eumlPsal.
765 1970 880 2018 cu,
898 1953 953 2022 4)
979 1954 1232 2022 :legimus
1261 1954 1424 2007 etiam
1449 1950 1769 2020 patriarchas
1786 1951 1998 2019 jnrasse

413 2046 807 2101 sanctissimos.
853 2047 923 2101 Et
946 2061 1111 2115 quare
1142 2046 1268 2101 dicit
1291 2047 1342 2100 in
1389 2045 1713 2113 Evangelio:
1767 2042 1887 2095 Non
1910 2045 2000 2113 ju-

415 2137 559 2190 rabis
585 2154 744 2206 neque
771 2153 858 2207 per
908 2137 1111 2199 calum,
1167 2153 1325 2205 neque
1368 2153 1455 2202 per
1509 2145 1695 2187 terram
1722 2132 1994 2203 (Matt/av.

420 2226 681 2296 ‘54)?etc.
714 2226 987 2282 Veraciter
1008 2231 1190 2299 jurare
1219 2229 1269 2279 in
1304 2225 1481 2281 Veteri
1505 2225 1849 2279 Testamento
1875 2238 2000 2293 pro-

419 2318 654 2372 hibitum
682 2317 896 2387 quidem
929 2333 1036 2370 non
1069 2327 1182 2383 est;
1212 2315 1304 2371 sed
1330 2318 1451 2385 quia
1475 2316 1707 2369 humano
1733 2315 1913 2382 generi
1939 2316 2005 2367 de

422 2408 739 2462 inﬁrmitate
761 2409 960 2463 mentis
984 2407 1291 2477 frequenter
1319 2408 1553 2461 nascitur
1578 2420 1736 2463 causa
1764 2406 2003 2473 periurii,

422 2499 484 2554 in
508 2498 657 2551 Novo
678 2499 1021 2552 Testamento
1043 2498 1222 2552 utilius
1253 2496 1381 2550 dicit
1409 2510 1531 2551 esse
1549 2494 1874 2550 omnimodis
1900 2508 2007 2547 non

428 2589 737 2659 iurandum,
768 2590 906 2644 sicut
934 2598 985 2643 et
1011 2589 1113 2643 alia
1153 2588 1347 2643 similia
1378 2604 1497 2658 quae
1554 2605 1660 2643 non
1710 2590 1999 2652 contraria,

429 2680 529 2737 sed
556 2681 925 2749 cognoscimus
944 2681 1204 2735 cautiora.
1237 2680 1293 2733 In
1328 2680 1620 2750 Evangelio
1650 2683 1847 2751 quippe
1889 2682 2003 2749 ipse

432 2768 696 2823 Dominus
723 2769 797 2821 ait
826 2786 837 2821 :
877 2767 1079 2822 Dictum
1104 2778 1175 2823 est
1195 2769 1435 2837 antiquis,
1468 2769 1685 2822 Oculum
1716 2784 1807 2836 pro
1830 2770 2010 2831 oculo;

2102 1759 2255 1812 faciat
2278 1757 2415 1827 quod
2441 1758 2493 1811 in
2525 1755 2683 1809 Jacob
2719 1755 2905 1809 iecisse
2935 1740 3256 1821 declaratur,
3283 1759 3369 1827 qui
3395 1740 3662 1829 posterius

2104 1861 2276 1913 natus,
2312 1850 2590 1919 primatum
2625 1846 2801 1902 fratris
2828 1849 3056 1903 senioris
3084 1850 3305 1917 accepit.

2202 1942 2353 1995 Verz.
2372 1942 2426 1993 8.
2453 1938 2637 1993 Tollite
2660 1947 2854 2007 portas,
2880 1939 3154 2008 principes,
3186 1949 3392 1993 vestras.
3431 1939 3668 1995 Venitad

2105 2033 2316 2088 tertiam
2366 2038 2574 2099 partem
2606 2030 2729 2084 :ubi
2758 2029 3035 2099 propheta,
3074 2028 3373 2084 Christiana
3418 2030 3673 2100 religione

2105 2122 2393 2189 declarata,
2427 2135 2547 2175 eum
2581 2134 2771 2190 magna
2798 2104 3161 2175 exsultatione
3197 2121 3420 2190 imperat
3447 2120 3675 2175 diversis

2104 2215 2427 2279 errantibus,
2458 2221 2721 2280 quatenus
2743 2213 3007 2281 prioribus
3030 2212 3279 2266 claustris
3307 2226 3540 2283 congrua
3568 2211 3675 2266 ﬁde

2109 2306 2387 2377 patefactis
2408 2349 2422 2372 ,
2457 2305 2628 2374 ipsum
2652 2320 2830 2374 regem
2852 2305 3133 2359 Dominum
3153 2305 3205 2358 in
3232 2304 3344 2359 suis
3371 2306 3676 2374 pectoribus

2109 2401 2391 2455 admittere
2422 2406 2746 2452 mereantur.
2801 2397 3025 2451 Auferre
3053 2395 3196 2451 enim
3230 2397 3469 2466 praecipit
3506 2408 3680 2465 portas

2112 2493 2318 2556 mortis,
2340 2505 2458 2560 quae
2475 2504 2503 2541 a
2532 2489 2772 2559 principe
2794 2488 3003 2543 diabolo
3032 2489 3217 2558 posita
3237 2488 3680 2557 comprobantur.

2110 2583 2241 2649 Quae
2268 2581 2389 2635 ideo
2418 2590 2577 2650 porta:
2596 2590 2720 2633 sunt
2741 2578 3044 2647 appellata,
3071 2577 3194 2647 quia
3222 2591 3318 2647 per
3344 2578 3487 2647 ipsas
3510 2586 3683 2632 trans~

2115 2682 2247 2727 eunt
2288 2672 2533 2725 homines
2561 2684 2658 2724 sua
2702 2669 2837 2726 facta
2870 2676 3168 2738 portantes,
3199 2677 3254 2723 et
3290 2683 3376 2724 res
3420 2669 3678 2723 victuales

2116 2759 2510 2815 studiosissime
2539 2758 2864 2814 deierantes.

433 2876 531 2929 ego
568 2869 738 2912 autem
778 2860 893 2911 dico
934 2859 1095 2922 nobis,
1132 2875 1231 2912 non
1272 2860 1501 2913 resistere
1537 2861 1672 2913 malo
1705 2858 1891 2931 (Ibid,
1924 2857 2015 2924 58,
2192 2849 2255 2903 Et
2270 2849 2555 2911 eleuamini,
2572 2857 2731 2919 porta:
2746 2847 3032 2914 (eternaler,
3049 2856 3097 2901 et
3114 2846 3342 2901 introibit
3361 2847 3471 2901 Rea:
3489 2849 3687 2918 glorirr.

440 2948 557 3015 59).
590 2948 691 3003 Per
720 2950 894 3002 dolum
925 2949 1102 3018 itaque
1122 2952 1271 3020 jurat
1301 2949 1540 3019 quisquis
1578 2950 1734 3004 aliter
1783 2949 2017 3003 facturus
2117 2939 2319 2994 Conll‘a
2346 2947 2530 3007 PONaS
2560 2937 2748 2991 "N3"lis
2773 2937 3027 2991 δθϐεηῐθῐ·
3070 2946 3233 3004 νονιιε
3272 2942 3537 2991 manu?!
3565 2948 3689 2991 811M

443 3050 527 3093 est
556 3054 715 3109 quam
751 3041 1051 3106 promittit:
1093 3041 1319 3095 credens
1362 3042 1656 3111 periurium
1712 3056 1816 3096 nou
1876 3056 2017 3109 esse,
2050 3037 2094 3099 C
2126 3032 2333 3101 βοείων
2366 3040 2421 3084 υῑ
2447 3030 2578 3082 ἰδία*
2623 3028 2853 3083 caducas
2905 3028 3233 3095 οδιθηάθτθιν
3270 3028 3389 3083 mas
3436 3029 3552 3082 δίηθ
3583 3031 3686 3081 "ne

445 3132 727 3195 decepisse
748 3130 992 3199 nequiter
1020 3130 1290 3185 credentis
1322 3146 1581 3185 errorem.

528 3221 677 3274 Vers.
709 3222 762 3275 6.
791 3218 895 3273 llic
924 3221 1133 3288 accipiet
1182 3222 1575 3275 benedictionem
1612 3237 1645 3274 a
1694 3220 1935 3290 Domino,
1982 3232 2027 3274 et

451 3310 855 3363 misericordiam
878 3328 907 3363 a
936 3309 1040 3364 Deo
1069 3311 1287 3364 salutari
1315 3328 1428 3367 suo.
1470 3312 1733 3367 Prtemisit
1783 3311 1894 3378 pias
1933 3312 2029 3364 0b-

453 3402 811 3468 servationes,
844 3417 983 3455 nunc
1024 3402 1231 3457 dicitet
1260 3405 1497 3471 prtemia.
1542 3404 1771 3471 Accipiet
1820 3403 2026 3455 benedi-

456 3493 696 3554 stionem,
719 3506 823 3544 non
846 3506 875 3544 a
892 3492 1130 3560 quolibet
1152 3493 1282 3561 alio,
1300 3492 1394 3548 sed
1416 3493 1483 3546 ab
1504 3493 1621 3562 ipso
1642 3492 1889 3546 Domino.
1916 3493 2032 3561 Ipse

457 3580 825 3649 benedicitqui
852 3581 1182 3650 iudicaturus
1202 3591 1304 3649 est,
1326 3581 1440 3652 ipse
1468 3582 1694 3636 absolvit
1716 3581 1801 3651 qui
1827 3582 2032 3636 incom-

460 3674 792 3728 tnutahiliter
820 3673 1073 3728 damnare
1105 3675 1385 3743 potuisset.
1425 3674 1668 3729 Meritum
1695 3688 1823 3743 ergo
1861 3674 2030 3728 bene-

464 3766 568 3819 licii
608 3779 702 3832 per
732 3763 1150 3833 magnitudinem
1210 3764 1371 3819 voluit
1412 3764 1757 3819 concedentis
1797 3765 2036 3833 agnosci.

463 3853 613 3920 Quod
643 3863 1015 3922 argumentum
1046 3855 1184 3908 inter
1227 3863 1465 3910 oratores
1492 3855 1689 3911 dicitur
1730 3870 1758 3906 a
1789 3869 2037 3925 persona.

465 3946 737 4014 Sequitur,
776 3946 1192 4007 misericordiam,
1230 3954 1285 3999 ttt
1334 3945 1423 3999 illa
1474 3944 1753 3997 benedictio
1796 3960 1901 3997 non
1950 3958 2043 4012 per

468 4036 678 4097 merita,
705 4038 798 4090 sed
836 4049 932 4102 per
963 4034 1345 4104 indulgentiam
1394 4034 1603 4089 Domini
1629 4033 1840 4088 venisse
1869 4034 2044 4088 vidca-

468 4133 574 4197 ωε.
610 4123 797 4178 Nullus
828 4124 1026 4194 quippe
1073 4124 1349 4179 hominum
1390 4133 1473 4180 est
1516 4125 1606 4194 qui
1653 4123 1753 4178 sibi
1796 4125 2043 4177 misereri

469 4230 577 4269 non
608 4225 779 4284 egeat.
812 4213 1088 4269 Donantur
1116 4214 1332 4279 delicta,
1363 4223 1423 4268 ut
1450 4213 1840 4269 veniatcorona
1868 4230 1881 4277 ;
1906 4212 2046 4266 sicut

470 4306 586 4360 dari
616 4322 718 4359 non
751 4315 925 4376 potest
957 4307 1200 4373 libertas,
1236 4307 1337 4361 nisi
1388 4306 1533 4374 prius
1584 4306 1815 4360 servitus
1878 4304 2040 4359 luerit

2130 3136 2428 3176 mansuras.
2456 3117 2586 3172 Nam
2609 3119 2750 3188 quod
2775 3119 2941 3172 Adam
2972 3117 3187 3173 diabolo
3231 3117 3479 3181 faciente,
3520 3118 3691 3187 legem

2132 3208 2570 3279 transgrediendo
2622 3208 2867 3273 perdidit,
2932 3207 3189 3262 Dominus
3241 3208 3485 3262 Christus
3526 3208 3693 3277 legero

2132 3300 2453 3369 complenda
2485 3300 2768 3369 reparavit.
2814 3298 3041 3351 Eleoatte
3061 3308 3177 3352 sunt
3199 3299 3341 3352 enim
3372 3309 3530 3363 partit
3550 3307 3695 3350 teter-

2137 3393 2296 3451 nales.
2324 3392 2373 3445 id
2402 3402 2482 3445 est
2540 3390 2873 3456 baptismatis
2928 3390 3121 3457 gratia,
3157 3388 3463 3442 chrismatis
3506 3388 3697 3453 honor,

2137 3481 2536 3553 praedicationis
2565 3481 2727 3545 salus,
2760 3489 3062 3549 ceteraque
3086 3494 3206 3547 qua:
3230 3477 3446 3532 Christo
3478 3478 3703 3533 Domino

2137 3572 2387 3625 veniente
2414 3583 2669 3623 concessa
2702 3577 2848 3621 sunt.
2867 3567 3056 3621 Merito
3084 3576 3261 3622 autem
3292 3567 3567 3636 appellatae
3587 3579 3706 3622 sunt

2141 3675 2303 3733 purus
2331 3660 2617 3725 ceternales,
2643 3673 2739 3728 per
2755 3672 2887 3728 quas
2912 3658 3022 3712 Rea:
3048 3659 3227 3729 gloria:
3250 3658 3498 3729 dignatus
3520 3670 3600 3713 est
3631 3663 3708 3712 in-

2144 3754 2314 3807 troire.

2216 3852 2373 3906 Vers.
2399 3851 2453 3905 9.
2485 3851 2611 3917 Quis
2638 3860 2714 3905 est
2741 3852 2835 3903 iste
2863 3847 2975 3904 Rex
2994 3850 3171 3920 gloria:
3200 3852 3223 3904 7
3270 3848 3519 3905 Dominus
3569 3853 3717 3922 fortis

2145 3952 2192 3996 et
2232 3953 2426 4014 potens,
2456 3942 2705 3997 Dominus
2733 3951 2910 4014 potens
2949 3942 3002 3996 in
3031 3944 3230 4011 pretio.
3263 3941 3561 4014 Interrogat
3586 3958 3707 4012 pro-

2149 4033 2306 4103 pheta
2338 4033 2404 4088 ad
2426 4034 2849 4089 convincendum
2898 4032 3170 4102 perﬁdiam
3198 4031 3502 4087 Judaeorum
3534 4048 3548 4084 :
3587 4032 3712 4098 Quis

2146 4137 2223 4180 est
2244 4130 2336 4180 iste
2362 4126 2469 4179 Rea:
2498 4126 2708 4196 gloriae?
2739 4123 3109 4193 Respondetur
3130 4139 3225 4193 per
3250 4124 3458 4178 tertiam
3482 4124 3715 4192 speciem

2150 4216 2496 4280 deﬁnitionis,
2526 4231 2643 4284 qua:
2670 4213 2853 4269 Grmce
2879 4214 3073 4269 dicitur
3101 4215 3333 4279 ποιότης,
3369 4215 3551 4270 Latine
3578 4232 3716 4285 qua-

2152 4306 2351 4361 litativa
2377 4324 2389 4359 :
2422 4304 2667 4360 Dominus
2695 4306 2840 4378 fortis
2871 4313 2918 4358 et
2943 4315 3142 4377 potens,
3178 4303 3424 4359 Dominus
3465 4315 3640 4375 potens
3663 4308 3716 4360 in

474 4394 738 4448 absoluta.
771 4395 1033 4449 Salutaris
1059 4409 1185 4464 ergo
1214 4403 1395 4450 noster
1434 4406 1515 4449 est
1565 4395 1822 4449 Dominus
1884 4394 2041 4450 Cbri-
2076 4405 2129 4465 1)
2157 4396 2353 4465 prtelio.
2416 4396 2566 4464 Quod
2626 4397 2669 4450 si
2716 4396 2995 4461 discutias,
3027 4395 3132 4450 soli
3175 4394 3391 4450 Christo
3416 4396 3721 4465 probabitur

474 4492 611 4546 stus,
643 4497 672 4534 a
704 4497 810 4550 quo
834 4493 889 4539 et
920 4483 1190 4537 beatitudo
1234 4484 1503 4548 tribuitur,
1537 4492 1642 4553 etp
1677 4494 1824 4537 ccata
1862 4486 2041 4537 laxan-

474 4579 581 4623 tur.
616 4569 726 4623 Nec
752 4582 960 4625 moveat
985 4572 1125 4639 quod
1158 4572 1301 4639 prius
1329 4571 1478 4635 dixit,
1514 4570 1613 4624 llic
1643 4573 1854 4641 accipiet
1896 4572 2036 4626 bene-

474 4661 750 4715 dic:ioncm
781 4678 811 4714 a
844 4662 1096 4724 Domino;
1124 4675 1177 4717 ct
1208 4674 1387 4732 postea
1417 4664 1710 4732 subjnuxit,
1754 4674 1799 4717 et
1842 4666 2041 4718 miseri-

475 4753 707 4805 cordiam
750 4768 782 4804 a
812 4749 919 4805 Deo
967 4752 1187 4805 salutari
1235 4770 1327 4806 suo
1348 4770 1367 4807 :
1395 4754 1520 4806 dum
1554 4755 1605 4806 in
1652 4754 1840 4807 ordine
1871 4771 2050 4809 rerum

476 4844 654 4911 primo
685 4851 865 4909 parcat
893 4844 1123 4911 peccatis
1156 4845 1373 4905 nostris,
1405 4854 1457 4899 et
1489 4855 1670 4913 postea
1694 4845 2055 4899 benedictionis

479 4933 650 5001 ipsius
670 4947 892 4987 munera
914 4934 1321 5003 subsequantur.
1347 4935 1461 4988 Hoc
1482 4937 1624 4988 enim
1650 4934 1953 5003 frequenter
1976 4935 2054 4989 in-

408 5092 417 5099 .
479 5026 629 5080 venis
657 5039 778 5079 esse
807 5025 1095 5089 variatum,
1126 5038 1181 5081 ut
1212 5028 1381 5096 primo
1408 5028 1757 5080 misericordia
1784 5039 2010 5096 ponatur
2034 5043 2051 5093 ;

478 5129 534 5170 ut
562 5127 646 5171 est
672 5116 820 5181 illud,
866 5117 1001 5171 Deus
1047 5119 1343 5171 misereatur
1380 5118 1528 5172 nobis
1583 5130 1632 5171 et
1671 5120 1925 5172 benedicat
1964 5136 2055 5173 nos

476 5206 651 5279 (Psal.
685 5209 943 5277 uvr,2);
985 5209 1284 5277 iterumque
1306 5210 1570 5263 convertit
1597 5225 1611 5262 :
1642 5207 1909 5263 llluminet
1942 5211 2052 5263 rul-

476 5308 587 5353 tum
609 5315 759 5353 nutu
778 5315 927 5370 super
958 5316 1071 5361 nos.
1099 5308 1146 5352 et
1170 5300 1471 5353 misereatur
1503 5301 1670 5355 nobir.
1723 5301 1852 5366 Qua:
1882 5300 2046 5369 ligura

476 5391 677 5448 dicitur
704 5391 1048 5462 anastropbe,
1076 5389 1125 5445 id
1156 5399 1239 5446 est
1279 5392 1570 5460 perrersio,
1604 5391 1817 5461 quando
1850 5392 2049 5460 promi-

480 5493 600 5533 tuus
621 5478 809 5534 ordine
837 5494 1099 5534 converso
1122 5480 1461 5536 sententiam.

562 5571 711 5627 Vera.
736 5572 789 5626 7.
831 5569 951 5626 licet:
975 5583 1046 5626 est
1074 5574 1329 5645 generatio
1368 5574 1704 5645 querentium
1742 5573 2017 5629 Dominum
2040 5617 2053 5643 ,

2150 4488 2458 4545 convenire.
2490 4489 2718 4545 Gloriosi
2748 4488 2888 4544 enim
2939 4498 3160 4556 possunt
3190 4496 3244 4541 et
3271 4499 3535 4544 terrarum
3584 4492 3720 4556 prin.

2153 4579 2300 4650 cipes
2322 4580 2424 4635 dici
2452 4597 2465 4634 :
2500 4580 2607 4633 Rex
2628 4580 2807 4649 gloria:
2831 4593 2988 4633 nemo
3006 4585 3181 4646 potest
3210 4580 3310 4633 nisi
3341 4581 3488 4636 solus
3515 4582 3721 4637 Altissi-

2158 4685 2276 4723 mus
2307 4669 2551 4725 inveniri.
2604 4670 2733 4723 llnic
2764 4669 2919 4738 igitur
2951 4670 3379 4739 interrogationi,
3433 4673 3570 4729 sicut
3611 4675 3722 4745 jam

2157 4760 2355 4814 dictum
2409 4770 2511 4827 est,
2555 4759 2834 4827 snhjuneta
2880 4761 3157 4826 restionsio
3179 4770 3261 4816 est
3290 4780 3301 4814 :
3331 4763 3416 4817 ubi
3452 4764 3587 4821 bene
3617 4768 3727 4821 sin-

2159 4848 2295 4917 gulis
2326 4849 2504 4903 verbis
2534 4848 2773 4917 arguitur
2794 4848 2996 4902 Judaici
3023 4849 3198 4919 populi
3218 4851 3439 4906 nefanda
3472 4868 3716 4920 praesum.

2158 4937 2287 5007 ptio.
2325 4934 2499 4989 Fortis
2529 4935 2669 4990 enim
2702 4945 2883 4990 contra
2912 4936 3038 4991 illud
3067 4937 3283 5003 dicitur,
3310 4942 3432 5009 quia
3454 4955 3574 4997 eum
3598 4956 3721 4998 eum

2156 5026 2345 5097 gladiis
2366 5034 2420 5080 et
2443 5026 2667 5080 fustibus
2688 5027 2975 5082 tenendum
3001 5041 3121 5084 esse
3145 5037 3480 5098 putaverunt.
3513 5030 3726 5099 Palem,

2159 5131 2314 5186 quem
2346 5117 2417 5169 illi
2467 5116 2616 5185 qttasi
2655 5118 2996 5185 impotentem
3052 5117 3240 5176 Pontio
3292 5120 3459 5176 Pilato
3495 5123 3730 5178 tradide-

2159 5214 2306 5259 runt.
2330 5204 2581 5259 Additum
2605 5216 2685 5260 est
2716 5222 2928 5275 quoque
2955 5215 3133 5277 potens
3163 5207 3215 5262 in
3238 5208 3437 5280 puella,
3468 5226 3534 5265 ne
3567 5206 3647 5266 illi
3682 5214 3733 5270 in

2164 5298 2563 5355 concertatione
2590 5314 2686 5355 sua
2731 5299 2928 5369 aliquid
2972 5300 3311 5371 praevaluisse
3353 5303 3726 5362 crederentur.

2166 5393 2405 5462 Denique
2442 5407 2561 5447 cum
2608 5392 2672 5445 ad
2703 5407 2825 5449 eum
2874 5393 3163 5449 tenendum
3200 5396 3497 5464 venissent,
3538 5397 3726 5455 audie-

2166 5494 2326 5539 runt:
2355 5483 2464 5554 Ego
2490 5501 2624 5549 sum,
2651 5494 2705 5540 et
2732 5501 2939 5551 omnes,
2973 5495 3107 5541 teste
3132 5486 3337 5544 Joanne
3360 5488 3727 5564 Evangelista,

2167 5585 2458 5632 retrorsum
2482 5578 2721 5644 protinus
2751 5588 3067 5633 corruerunt
3116 5576 3295 5650 (Joan.
3338 5598 3486 5655 mu,
3516 5585 3596 5655 9').
3639 5584 3725 5643 Sic
