4030 6172
332 197 424 243 I75
1526 199 1592 250 Μ.
1642 195 1912 250 ΑἱῖΙῖΕῌΙ

2020 192 2347 248 iSSilli‘Olll
3482 191 3577 244 l‘f6

335 316 580 371 humilius
618 317 853 370 Salvator
886 325 978 380 per
1013 313 1233 364 virtutes
1273 321 1398 363 suas
1430 309 1582 361 nobis
1625 309 1897 361 evidenter

2024 314 2080 355 sl
2114 304 2434 355 centesimus

329 409 530 459 edictus
551 415 652 467 est,
677 420 736 458 ac
769 405 810 456 si
843 405 1053 472 proprio
1081 401 1338 454 vocabulo
1370 400 1712 468 panderetur.

399 497 547 550 Vers.
579 497 664 551 10.
690 496 874 548 Tollite
902 493 1384 561 portas,principes,
1415 501 1626 558 vestrm,
1663 500 1705 543 et
1737 493 1897 541 clera-

334 590 481 651 mini,
509 597 669 657 porta:
697 585 980 647 mternales,
1008 593 1054 634 et
1081 585 1311 635 introibit
1337 582 1446 635 Rex
1475 582 1672 648 gluritc.

408 682 560 736 Vers.
605 679 690 730 Η.
725 679 851 741 Quis
881 686 952 728 est
987 676 1078 726 iste
1107 674 1213 726 Rea:
1243 673 1459 743 gloriw?
1499 673 1748 724 Dominus
1804 673 1904 722 vir-

333 781 499 826 tutum
521 770 628 839 ipse
656 776 729 820 est
763 767 868 820 Rex
893 764 1090 835 gloriae.
1113 765 1207 818 llic
1231 765 1388 818 etiam
1413 764 1624 818 schema
1653 763 1898 831 pulcher-

335 864 530 916 rimum
562 859 755 912 factum
778 867 881 923 est,
907 857 1045 925 quod
1073 857 1210 925 apud
1237 856 1454 910 Graecos
1482 856 1678 909 dicitur
1719 855 1903 907 anadi-

334 955 518 1024 plosis,
550 952 686 1022 apud
740 953 958 1006 Latinos
991 951 1382 1020 congeminatio
1411 953 1678 1016 dictionis,
1710 967 1827 1020 quae
1853 952 1908 1004 ﬁt

336 1049 499 1103 autin
523 1063 702 1112 versu,
743 1055 834 1100 aut
870 1047 920 1098 in
965 1045 1286 1115 repetitione
1326 1045 1632 1098 verborum.
1673 1045 1734 1097 Et
1767 1057 1903 1112 quo-

335 1141 476 1195 niam
506 1140 692 1195 eadem
724 1140 964 1194 revoluta
1006 1149 1148 1203 sunt,
1176 1141 1438 1206 expositio
1471 1140 1714 1207 superior
1738 1147 1790 1192 et
1821 1138 1906 1193 hic

335 1231 545 1286 abunde
571 1230 817 1285 sufficiat.
864 1229 994 1283 Nam
1027 1239 1082 1283 ut
1119 1229 1332 1284 Judazos
1376 1229 1746 1293 confundere',
1795 1244 1907 1282 ma-

335 1322 698 1392 gniﬁcentiam
722 1321 932 1375 Domini
961 1321 1204 1390 superius
1246 1321 1573 1390 singillatim,
1614 1331 1670 1374 ut
1695 1334 1908 1385 compe-

335 1413 500 1478 tebat,
533 1413 815 1479 exposuit;
852 1426 992 1464 nunc
1024 1419 1204 1464 autem
1235 1410 1468 1464 breviter
1495 1410 1707 1464 culmen
1747 1411 1908 1463 totius

336 1501 507 1555 laudis
536 1510 591 1555 et
630 1501 867 1554 veritatis
905 1499 1130 1569 adjecit;
1160 1501 1266 1567 iam
1311 1515 1416 1555 non
1464 1501 1637 1554 solum
1693 1500 1905 1565 fortem,

342 1608 448 1646 non
480 1601 770 1660 potentem,
800 1605 904 1644 non
933 1590 985 1644 in
1013 1591 1196 1660 praelio
1225 1607 1492 1660 magnum,
1517 1592 1610 1644 sed
1636 1590 1907 1644 Dominum

2491 303 2746 367 decimus,
2797 308 3117 356 centesimus
3158 301 3488 368 undecimus,
3526 313 3574 357 et

2005 398 2326 446 centesimus
2358 395 2595 446 decimus
2627 409 2859 456 (ιδεμ-εις,
2895 399 2980 463 qui
3007 396 3200 463 juslos,
3234 406 3287 446 ut
3319 401 3463 462 pulo,
3493 395 3575 447 in-

2006 486 2182 558 tlit-aut
2216 485 2396 536 laudes
2428 483 2658 548 Domini,
2693 487 2806 552 ipso
2837 487 3113 555 largiente,
3169 485 3394 554 perfecta
3421 489 3578 539 meri-

2010 587 2180 627 torum
2213 577 2494 628 devotione
2521 584 2768 639 cantare;
2806 586 2859 628 ut
2890 577 2984 629 fuit
3015 577 3304 629 Natltanael
3327 577 3444 640 ,‘tle
3474 593 3580 645 quo

2003 669 2264 722 Dominus
2296 668 2422 722 dicit
2466 670 2515 721 in
2548 669 2836 738 Evangelia
2867 687 2878 721 ε
2926 669 3054 721 Ecce
3084 684 3197 721 vere
3243 667 3481 720 Israelita
3524 670 3582 720 in

2008 777 2109 829 quo
2139 760 2288 812 dolus
2316 777 2413 812 non
2443 772 2514 811 est
2550 758 2728 828 (Joan.
2761 777 2796 822 ι,
2831 759 2922 830 47)
2947 777 2960 825 ;
2981 769 3035 815 el.
3057 759 3318 813 Jeremias
3350 759 3580 827 prophe-

2013 864 2084 917 ta,
2115 852 2182 907 de
2214 867 2317 920 quo
2351 853 2484 905 idem
2515 852 2774 906 Dominus
2803 852 2914 905 ait:
2945 851 3020 905 De
3065 861 3234 906 ventre
3263 852 3441 904 matris
3485 862 3582 904 tum

2010 946 2180 995 vocavi
2206 952 2270 1007 te,
2296 951 2338 996 et
2366 944 2416 994 in
2445 945 2592 996 vulva
2621 943 2928 1010 sanctificavi
2959 955 3004 996 te
3049 941 3262 1018 (Jerem.
3296 959 3332 1007 I,
3357 943 3431 1008 5).
3484 943 3584 996 Job

2013 1048 2224 1100 quoque
2256 1033 2504 1086 similiter
2537 1034 2740 1086 Domini
2766 1049 2893 1086 voce
2917 1034 3159 1088 laudatus
3186 1045 3289 1097 est,
3313 1034 3382 1086 ait
3409 1035 3579 1088 enim:

2019 1123 2265 1193 Nunquid
2295 1126 2624 1179 considerasti
2653 1143 2847 1179 servum
2876 1143 3036 1180 meum
3057 1127 3177 1190 Job,
3204 1129 3336 1194 quod
3384 1144 3482 1179 non
3517 1133 3581 1178 sit

2015 1215 2060 1268 ei
2085 1215 2268 1268 similis
2292 1217 2341 1266 in
2368 1225 2519 1281 terra,
2550 1217 2625 1268 vir
2646 1219 2824 1286 justus
2871 1228 2917 1270 et
2951 1217 3170 1284 simplex
3211 1227 3255 1269 et
3295 1229 3488 1280 rectus,
3520 1222 3580 1269 ti-

2015 1322 2151 1358 mens
2179 1304 2363 1369 Deum,
2417 1324 2474 1359 ac
2505 1310 2740 1360 recedens
2769 1326 2800 1360 a
2829 1309 2966 1362 malo
3007 1307 3124 1372 (Job
3152 1324 3208 1376 ll,
3241 1311 3332 1374 3)?
3366 1310 3429 1363 Et
3475 1325 3577 1362 crc-

2013 1397 2113 1450 teri
2134 1397 2223 1466 qui
2257 1407 2456 1451 tantum
2490 1399 2587 1465 ipsi
2619 1400 2714 1452 soli
2749 1399 2857 1453 Deo
2896 1408 3020 1452 sunt
3049 1400 3182 1452 noti.
3217 1399 3322 1453 Sed
3358 1415 3476 1453 cum
3522 1403 3584 1453 ad

2015 1499 2108 1542 cos
2139 1497 2450 1554 perventum
2483 1488 2659 1553 fuerit,
2683 1489 2980 1544 evidentius
3004 1491 3396 1557 explanabitur.
3433 1493 3584 1546 Aliud

2014 1594 2177 1647 genus
2203 1588 2303 1643 est,
2346 1579 2487 1648 quod
2516 1580 2798 1634 subtractis
2831 1581 3145 1650 quibusdam
3171 1583 3382 1646 litteris,
3404 1593 3586 1636 osten—

337 1685 570 1752 ipsarum
593 1682 720 1736 dicit
750 1696 871 1738 esse
911 1682 1172 1735 virtutum.
1218 1683 1326 1735 Rex
1355 1691 1530 1735 autem
1587 1693 1667 1737 est
1713 1682 1904 1750 glorim,

2020 1669 2092 1722 dit
2114 1669 2244 1722 tales
2262 1669 2311 1722 in
2335 1669 2566 1722 Ecclesia
2592 1669 2835 1736 psallere,
2862 1670 3053 1740 quibus
3067 1686 3170 1724 non
3195 1670 3330 1724 adeo
3348 1673 3586 1725 omnium

337 1776 423 1844 qui
453 1775 579 1828 facit
619 1790 677 1828 se
719 1772 1087 1842 gloriﬁcantes
1118 1775 1300 1843 utique
1329 1773 1614 1842 gloriosos,
1649 1774 1786 1827 sicut
1816 1788 1910 1840 per

339 1864 617 1916 Dominum
669 1861 901 1916 dicitur:
945 1862 1298 1930 Glorificantes
1361 1879 1437 1915 me
1483 1879 1572 1931 ego
1615 1862 1909 1932 glori/icabu

341 1954 392 2024 (Ι
439 1955 561 2024 Reg.
588 1971 644 2022 ιι,
675 1955 790 2025 5U).
823 1956 923 2021 Qui
951 1955 1234 2023 unicuique
1267 1964 1615 2023 potestatem,
1665 1955 1907 2007 virtutem

339 2057 639 2116 caelumque
669 2047 807 2101 dona
829 2047 1034 2111 tribuit,
1069 2055 1126 2099 ut
1162 2047 1293 2100 vult.
1343 2045 1520 2098 Gloria
1547 2047 1688 2099 enim
1720 2046 1913 2098 dicitur

339 2140 547 2194 celebre
594 2140 939 2208 praeeunium,
996 2150 1047 2193 et
1099 2140 1427 2208 frequentata
1483 2140 1736 2193 laudatio.
1781 2142 1914 2193 Sunt

339 2232 577 2298 quidem,
609 2231 844 2283 donante
859 2230 1102 2296 Domino,
1129 2231 1374 2299 etaugeli
1397 2231 1639 2299 gloriosi,
1678 2232 1909 2284 Potestt-

340 2334 438 2385 tes,
497 2322 718 2386 Throni,
779 2321 1215 2388 Dominationes,
1268 2332 1319 2376 et
1366 2323 1482 2376 aliae
1533 2325 1912 2390 potentissimae

342 2422 634 2475 creaturae;
661 2411 753 2464 sed
780 2410 957 2464 nullus
993 2421 1074 2465 est
1125 2411 1234 2464 Rex
1264 2411 1462 2482 gloriw,
1501 2413 1600 2466 nisi
1635 2415 1722 2482 qui
1773 2413 1913 2482 ipsas

341 2503 576 2556 condidit
605 2509 659 2556 et
680 2502 920 2556 continet
940 2502 1298 2557 summitates.
1332 2504 1606 2572 Stupenda
1640 2505 1774 2570 laus,
1810 2506 1912 2559 mi-

343 2593 504 2646 randa
536 2592 836 2646 conclusio!
870 2591 977 2646 Nec
998 2593 1169 2660 potuit
1194 2592 1257 2645 ab
1284 2594 1387 2646 alio
1401 2594 1683 2662 quidquam
1699 2593 1913 2662 dignum

344 2683 465 2747 dici,
501 2683 600 2736 nisi
631 2683 833 2750 abipso
864 2682 951 2750 qui
987 2683 1134 2737 solus
1178 2697 1327 2736 suam
1368 2684 1620 2751 prtevalet
1664 2699 1916 2739 enarrare

344 2775 653 2842 potentiam.
685 2775 1020 2844 Cognoscite,
1049 2774 1288 2843 magistri
1336 2775 1671 2829 saecularium
1715 2776 1915 2830 littera-

344 2881 482 2929 rum,
538 2865 660 2919 hinc
689 2866 980 2930 schemata,
1013 2865 1138 2919 hinc
1165 2864 1358 2919 diversi
1383 2865 1596 2935 generis
1634 2881 1914 2936 argumen-

344 2966 414 3021 ta,
443 2957 566 3012 hinc
586 2956 946 3024 deﬁnitiones,
972 2957 1093 3012 hinc
1115 2956 1514 3026 disciplinarum
1535 2960 1770 3013 omnium
1795 2974 1919 3029 pro-

346 3048 558 3104 fluxisse
575 3049 866 3118 doctrinas,
893 3049 1102 3118 quando
1123 3050 1175 3103 in
1198 3049 1281 3103 his
1299 3049 1490 3105 litteris
1514 3050 1684 3118 posita
1716 3065 1912 3118 cogno-
1943 3063 1990 3126 ο

341 3141 492 3194 ειγὶιὶε
534 3157 653 3209 quae
705 3150 829 3196 ante
878 3141 1090 3198 scholas
1146 3150 1348 3196 vestras
1403 3142 1559 3210 longe
1598 3142 1744 3211 prius
1773 3141 1916 3198 dicta

333 3230 508 3286 .fuisse
535 3232 764 3286 sentitis.

883 3345 1149 3400 Conclusio
1181 3348 1386 3416 psalmi.
1462 3341 1470 3350 ⁸

415 3458 579 3511 Totus
617 3457 702 3511 hic
743 3458 972 3526 psalmus
1001 3459 1067 3513 ad
1117 3461 1374 3514 moralem
1415 3461 1641 3527 pertinet
1686 3461 1920 3531 discipli-

347 3565 466 3601 nam
494 3565 506 3610 ;
539 3550 1026 3612 commonetenim,
1062 3550 1597 3619 utsuperstitionibus
1627 3551 1914 3618 derelictis,

348 3640 663 3704 ve:oetpio
708 3639 933 3693 Domino
991 3641 1218 3694 ﬁdeliter
1265 3643 1546 3696 serviatur.
1599 3643 1734 3710 Quid
1776 3644 1919 3698 enim

347 3730 538 3799 justius
558 3747 712 3799 quam
741 3747 860 3785 eum
885 3731 1134 3787 deserere
1153 3734 1239 3801 qui
1265 3749 1360 3786 nos
1379 3735 1428 3787 in
1459 3735 1626 3789 Adam
1653 3736 1776 3791 fecit
1801 3752 1920 3792 esse

349 3821 641 3873 mortales?
664 3820 797 3886 Quid
829 3822 1038 3875 beatius
1070 3839 1224 3893 quam
1260 3825 1408 3878 illum
1435 3827 1584 3895 sequi
1613 3829 1701 3896 qui
1730 3828 1919 3883 huma-

349 3927 472 3964 num
499 3927 665 3981 genus
689 3911 940 3966 inllietam
974 3923 1196 3969 mortem
1225 3916 1348 3970 fecit
1370 3918 1627 3971 evadere?
1656 3920 1756 3973 Sed
1790 3935 1922 3987 prcc-

348 4013 450 4068 sta,
481 4003 722 4068 Domine,
747 4005 918 4072 utqui
951 4015 1128 4072 portas
1151 4005 1530 4060 misericordia:
1563 4023 1664 4061 tuae
1709 4009 1920 4064 lavacro

350 4103 549 4148 sanctae
582 4097 1002 4162 regenerationis
1034 4097 1368 4162 intravimus,
1399 4099 1556 4152 nullis
1582 4100 1703 4154 inde
1735 4116 1919 4169 pecca-

351 4184 416 4238 tis
465 4185 859 4252 impellentibus
910 4201 1188 4240 exeamus.
1242 4189 1504 4243 Numerus
1555 4199 1728 4244 autem
1765 4191 1922 4260 hujus

349 4277 538 4344 psalmi
591 4277 657 4330 ad
712 4276 899 4346 viginti
947 4288 1053 4332 tres
1101 4279 1304 4334 litteras
1349 4281 1659 4337 Latinorum
1693 4284 1923 4340 fortasse

351 4367 629 4434 pertineat,
663 4383 782 4434 qua:
811 4368 1130 4436 eloquentiae
1154 4372 1381 4439 propria:
1398 4371 1534 4426 dicta
1577 4375 1918 4430 concludunt.

352 4457 418 4510 Ut
449 4456 585 4525 apud
620 4456 873 4512 Hebraeos
913 4459 1095 4526 viginti
1138 4459 1278 4528 duae,
1329 4462 1465 4530 apud
1511 4462 1748 4530 Latinos,
1783 4467 1922 4521 unde

350 4562 490 4601 nunc
541 4562 717 4600 sermo
764 4562 868 4610 εει,
900 4549 1083 4618 viginti
1125 4559 1262 4615 tres;
1305 4555 1441 4621 apud
1479 4556 1698 4611 Graecos
1737 4558 1920 4626 viginti

347 4637 884 4706 quatuorhabeaulur
909 4656 920 4690 :
947 4649 1123 4695 tamen
1155 4643 1204 4695 in
1239 4659 1548 4714 unaquaque
1572 4647 1744 4716 lingua
1769 4665 1920 4706 com-

355 4729 728 4795 prehendenda
761 4740 1072 4796 competens
1100 4731 1384 4788 adhibetur
1413 4737 1678 4804 quantitas
1713 4740 1920 4796 littera-

349 4834 466 4872 rum
492 4834 507 4883 ;
539 4820 614 4872 sic
645 4828 699 4872 et
723 4819 772 4872 in
804 4820 906 4873 isto
939 4821 1132 4891 psalmi
1159 4823 1362 4876 calculo
1395 4826 1602 4881 redolet
1625 4829 1774 4883 beata
1799 4845 1924 4899 per-

343 4911 529 4967 fectio.

599 5022 957 5078 EXPOSITIO
1002 5024 1067 5079 IN
1113 5026 1432 5082 PSALMUSI
1477 5027 1663 5081 XXIV.

787 5113 851 5167 In
877 5115 1026 5184 ﬁnem
1051 5117 1277 5186 psalmus
1305 5117 1490 5170 David.

419 5227 686 5294 Quoniam
736 5227 872 5280 tituli
909 5228 1072 5282 verba
1123 5229 1230 5296 jam
1264 5239 1385 5283 nota
1427 5241 1570 5295 sunt,
1604 5241 1653 5283 (ιι
1695 5234 1928 5298 ps‘ahntts

355 5321 456 5369 iste
487 5317 832 5371 Hebraeorum
867 5317 1066 5386 primus
1089 5318 1372 5386 alphabeto
1400 5319 1697 5387 descriptus
1727 5333 1829 5384 est,
1861 5324 1929 5378 de

356 5405 474 5475 ejus
522 5407 689 5476 magis
732 5408 928 5462 virtute
956 5407 1239 5463 dicendum
1291 5417 1396 5462 est.
1429 5409 1530 5463 I’er
1561 5419 1725 5464 totum
1774 5413 1930 5481 igitur

360 5497 575 5562 librum,
620 5498 725 5550 duo
757 5497 976 5550 istorum
1006 5513 1197 5566 genera
1227 5507 1350 5552 sunt
1379 5499 1697 5565 psalmorum
1729 5520 1740 5555 ε
1767 5519 1926 5556 unum

359 5588 502 5656 quod
531 5589 790 5658 integrum
817 5588 1156 5659 alphabetum
1190 5590 1467 5645 continere
1492 5602 1837 5656 monstratur,
1874 5604 1929 5647 ut

1953 4427 2005 4485 D

2017 1758 2279 1812 bonorum
2330 1774 2549 1828 operum
2582 1760 2782 1815 arridet
2813 1762 3111 1830 integritas,
3133 1771 3202 1837 ‘ut
3244 1772 3325 1816 est
3352 1777 3586 1831 praesens

2016 1851 2268 1918 psalmus,
2295 1853 2593 1920 trigesimus
2622 1854 2829 1918 tertius,
2855 1853 3157 1922 trigesimus
3180 1863 3382 1919 sextus,
3406 1862 3458 1908 et
3481 1855 3588 1924 33

2013 1943 2340 1994 centesimus
2370 1942 2813 2012 quadragesimus
2864 1953 3104 2011 quartus,
3157 1943 3220 1997 de
3267 1946 3455 2013 quibus
3493 1961 3587 1997 suo

2015 2031 2131 2084 loco
2163 2031 2320 2084 latius
2344 2031 2753 2102 distinctiusque
2784 2033 3012 2087 dicetur.
3043 2033 3193 2088 Nunc
3219 2045 3396 2088 autem
3425 2050 3587 2090 nove-

2015 2122 2179 2176 rimus
2220 2123 2358 2175 hunc
2389 2132 2599 2177 sextam
2629 2132 2684 2177 et
2712 2124 2973 2179 decimam
3018 2140 3212 2179 nonam
3253 2126 3452 2180 litteras
3486 2144 3588 2180 non

2017 2219 2251 2285 habere;
2282 2220 2515 2290 reliquas
2550 2235 2681 2276 vero
2709 2222 2761 2275 in
2811 2231 2954 2276 textu
2989 2222 3230 2277 Psalterii
3279 2224 3442 2277 minio
3475 2225 3588 2293 piu~

2016 2313 2218 2379 gendas
2241 2313 2639 2381 essejudicavi,
2675 2328 2740 2368 ne
2762 2328 2862 2382 qua
2897 2314 3194 2381 legentibus
3241 2314 3458 2368 confusa
3499 2331 3588 2367 na-

2016 2413 2264 2456 sceretur
2310 2403 2630 2458 obscuritas.
2691 2405 2784 2457 liae
2832 2412 3009 2457 autem
3061 2404 3328 2473 alphabeti
3377 2406 3588 2467 litterm,

2016 2508 2134 2562 qua:
2165 2494 2324 2548 verba
2374 2493 2701 2563 signiﬁcent,
2760 2495 3069 2566 Hieronymi
3126 2495 3301 2550 Patris
3357 2496 3588 2550 breviter

2018 2585 2200 2640 labore
2229 2575 2478 2639 collectae
2505 2585 2829 2654 sunt;quod
2853 2595 3027 2641 tamen
3068 2585 3354 2656 Scripturis
3398 2588 3587 2642 divinis

2019 2693 2122 2731 non
2150 2678 2494 2746 cognoscitur
2525 2677 2811 2732 insuetum.
2845 2677 2978 2732 Nam
3005 2688 3058 2733 et
3076 2678 3337 2734 Jcrcmias
3363 2680 3588 2747 captivi-

2020 2781 2180 2825 tatem
2206 2771 2502 2828 Jerusalem
2533 2774 2864 2844 quadruplici
2911 2775 3180 2844 alphabeti
3213 2777 3588 2833 lamentatione

2017 2861 2252 2931 deflevit,
2279 2863 2478 2918 docens
2508 2864 2802 2918 litterarum
2844 2876 3198 2930 sacramenta,
3228 2866 3382 2921 etiam
3412 2883 3586 2922 rerum

2017 2957 2170 3011 nobis
2195 2955 2488 3011 caelestium
2531 2955 2767 3010 indicare
2796 2954 3068 3026 mysteria.

2595 3066 2786 3123 Divisio
2821 3069 3023 3137 psalmi.

2091 3185 2226 3239 Toto
2251 3186 2454 3253 psalmo
2484 3199 2578 3252 per
2601 3184 2821 3254 ﬁguram
2846 3183 3172 3253 ethopteian,
3211 3185 3441 3239 mirabili
3464 3202 3588 3254 sup-

2021 3275 2310 3342 plicatione
2344 3275 2663 3343 deprecatur
2694 3273 2954 3336 Ecclesia,
2987 3287 3056 3327 ne
3087 3281 3210 3328 ante
3245 3284 3585 3342 conspectum

2025 3366 2229 3419 Domini
2259 3365 2676 3433 contemptibilis
2688 3365 3201 3434 appareatinimieis.
3219 3364 3399 3418 Primo
3425 3380 3588 3418 mem-

2020 3455 2118 3509 bro
2139 3455 2381 3524 deposcit
2427 3465 2483 3510 ut
2513 3455 2751 3510 instituta
2795 3455 3008 3508 Domini
3030 3456 3248 3524 viasque
3279 3467 3585 3525 cognoscat.

2021 3546 2150 3612 Quae
2178 3547 2346 3601 sectio
2372 3547 2610 3600 continet
2636 3560 2794 3614 supra
2828 3546 3104 3599 memorati
3152 3547 3418 3612 alph-beti
3453 3546 3589 3600 litte—

2021 3656 2109 3694 ras
2135 3640 2387 3710 quinque.
2433 3639 2682 3694 Secundo
2708 3637 2950 3694 membro
2982 3639 3234 3694 beneﬁcia
3267 3640 3382 3709 ejus
3412 3651 3590 3709 postu-

2023 3732 2115 3796 lat,
2140 3745 2258 3800 quae
2286 3731 2484 3784 sanctis
2517 3729 2768 3785 Patribus
2803 3745 2833 3783 a
2865 3731 3060 3784 saeculo
3090 3730 3412 3784 condonavit
3442 3748 3454 3796 ;
3493 3733 3591 3786 hoc

2022 3821 2182 3876 etiam
2229 3820 2466 3874 continet
2506 3830 2791 3889 sequentes
2835 3820 3038 3874 litteras
3083 3835 3197 3874 sex.
3258 3821 3437 3875 Tertio
3479 3823 3591 3875 loco

2022 3911 2154 3967 dicit
2188 3911 2549 3966 custodientes
2582 3920 2841 3979 praecepta
2889 3911 3096 3964 Domini
3148 3921 3343 3965 a-terna
3377 3916 3592 3980 praemia

2023 4006 2336 4071 promereri,
2384 4014 2683 4073 protestans
2715 4021 2771 4060 se
2802 4006 2852 4058 in
2885 4006 3070 4058 eadem
3105 4005 3374 4059 voluntate
3399 4005 3595 4074 jugiter

2025 4109 2376 4163 permanere;
2412 4097 2497 4148 ubi
2529 4097 2763 4164 reliquas
2795 4096 2954 4150 habet
2999 4097 3202 4151 litteras
3252 4111 3465 4150 novem.
3510 4098 3597 4150 Sic

2026 4196 2166 4240 totus
2188 4189 2426 4255 psalmus
2449 4198 2862 4243 memoratarum
2893 4189 3193 4243 litterarum
3207 4190 3597 4258 conscriptione

2025 4279 2266 4347 depictos
2295 4290 2370 4332 est
2383 4319 2395 4332 .

2566 4388 2823 4459 Eapositio
2856 4391 3058 4460 psalmi.

2104 4502 2253 4556 Vers.
2296 4501 2344 4554 1.
2394 4503 2597 4555 Auzea.
2659 4503 2736 4554 Ad
2766 4513 2827 4567 te,
2897 4503 3131 4570 Domine,
3169 4503 3327 4557 levavi
3374 4504 3598 4556 animam

2033 4610 2191 4646 meam
2217 4609 2235 4646 :
2266 4593 2401 4645 Dens
2432 4609 2592 4661 meus,
2628 4595 2676 4645 in
2707 4605 2752 4647 te
2783 4595 3008 4660 con/ida,
3032 4610 3132 4646 non
3162 4593 3447 4646 erubescam
3474 4609 3493 4644 :
3515 4609 3600 4646 ne-

2032 4701 2126 4752 que
2150 4683 2396 4736 irrideant
2419 4699 2497 4736 me
2526 4685 2719 4736 inimici
2753 4687 2868 4738 mei.
2895 4684 3084 4737 Levare
3112 4683 3358 4749 dicimus,
3389 4699 3598 4739 sursum

2033 4776 2259 4845 erigere.
2321 4777 2458 4845 Ergo
2504 4776 2572 4830 de
2625 4785 2836 4830 terrena
2885 4776 3314 4841 conversatione,
3350 4776 3598 4845 vitiisque

2031 4865 2333 4920 carnalibus
2379 4865 2444 4919 ad
2488 4866 2652 4920 Deum
2694 4865 2824 4920 dicit
2855 4865 3146 4920 Ecclesiam
3170 4865 3359 4918 levasse
3379 4867 3604 4918 animum

2036 4971 2207 5020 suam,
2232 4955 2297 5010 ad
2321 4956 2821 5023 contemplationem
2845 4957 3050 5010 scilicet
3077 4955 3376 5010 caelestium
3401 4971 3601 5019 rerum,

2036 5061 2138 5115 qua
2168 5061 2379 5114 semper
2405 5046 2685 5100 Dominum
2736 5047 2856 5116 pius
2907 5047 3115 5100 animus
3168 5047 3402 5102 intuetur
3438 5066 3449 5099 :
3483 5051 3603 5115 quia

2038 5139 2193 5192 facile
2224 5138 2451 5208 humana
2484 5138 2730 5206 despicit,
2756 5139 2843 5208 qui
2874 5139 3052 5193 divina
3076 5141 3435 5209 conspexerit.
3473 5139 3606 5194 Eru-

2040 5227 2234 5280 bescere
2262 5236 2342 5282 est
2371 5239 2544 5282 autem
2569 5230 2845 5296 repentina
2874 5229 3033 5281 animi
3067 5228 3463 5297 perturbatione
3479 5245 3604 5283 eon-

2035 5318 2202 5381 fundi,
2255 5319 2539 5388 subitoque
2587 5319 2725 5373 aliud
2762 5320 3029 5388 respicere
3081 5335 3238 5388 quam
3290 5321 3607 5374 credebatur

2035 5413 2267 5464 evenire.
2305 5411 2442 5464 Petit
2483 5427 2609 5479 ergo
2650 5429 2715 5467 ne
2744 5413 2916 5465 minor
2947 5413 3081 5466 efﬁci
3104 5423 3206 5467 .tur
3237 5414 3289 5467 in
3317 5422 3607 5480 conspectu

2034 5504 2169 5568 ejus,
2205 5520 2320 5571 qua:
2353 5504 2416 5555 de
2447 5504 2615 5571 ipsius
2650 5506 2842 5574 pietate
2867 5506 3065 5557 eonﬁsa
3095 5513 3196 5558 est.
3231 5504 3456 5558 Irrident
3482 5520 3608 5558 veto

2035 5595 2249 5659 inimici,
2285 5595 2491 5661 quando
2535 5595 2791 5662 jnstorum
2839 5596 3213 5650 conﬁdentiam
3273 5612 3375 5649 non
3423 5595 3603 5650 vident
