4030 6172
356 378 464 438 1ἷ7

1292 367 1642 426 ΕΧΡΟΒΙἸΊΟ
1682 365 1748 421 ιΝ
1789 363 2246 420 PSALTERIUM.
2290 363 2482 420 PSAL.
2527 360 2710 420 XXlV.

3529 354 3629 411 ΠΡ

359 515 485 555 esse
511 496 854 568 completam,
882 492 1004 548 etsi
1045 490 1202 544 aliter
1242 487 1397 542 cedat
1438 500 1594 554 quam
1644 491 1951 538 secuturum
1982 483 2034 541 Α
2059 481 2236 535 nullus
2285 481 2396 535 suis
2445 479 2648 534 meritis
2696 476 2761 531 ad
2789 489 2905 546 ejus
2932 475 3155 544 gratiam
3185 473 3352 529 venit.
3395 472 3635 529 Dieendo

359 605 486 644 esse
530 589 914 657 prmdicebant.
975 585 1165 654 Sperat
1211 596 1337 652 ergo
1386 587 1560 634 mater
1589 578 1852 645 Ecclesia,
1896 586 1953 631 ut

361 681 630 746 promissa
657 693 754 732 sua
784 685 1000 744 praestet
1028 673 1317 739 Dominus;
1346 679 1608 741 quatenus
1634 668 1948 732 adversarii,

362 772 510 826 unde
534 786 652 826 eam
682 771 897 823 irridere
921 768 1149 837 possint,
1181 780 1285 820 non
1307 764 1558 818 habeant.
1587 760 1782 817 Ridere
1813 763 1954 816 enim

361 866 685 934 plerumque
709 861 947 932 benigni,
970 861 1182 913 irridere
1199 868 1376 913 autem
1391 871 1604 926 semper
1625 856 1837 910 adversi
1851 862 1952 908 est.

442 955 602 1010 Vers.
633 955 686 1008 Ξ.
720 955 889 1008 Bern.
925 953 1128 1005 Etenim
1153 951 1379 1004 universi
1409 950 1494 1020 qui
1513 951 1758 1002 sustinent
1785 956 1833 998 te
1856 963 1954 998 non

364 1050 747 1120 confundentrir
768 1063 786 1112 ;
811 1046 1194 1114 confundantur
1224 1045 1380 1114 iniqui
1403 1043 1644 1112 facientes
1673 1057 1821 1095 vana.
1851 1040 1958 1093 Ex-

368 1152 617 1210 spectare
673 1150 754 1194 est
807 1139 908 1192 sub
960 1139 1219 1192 malorum
1253 1136 1503 1207 patientia
1531 1133 1698 1188 Deum
1734 1133 1958 1187 viriliter

368 1250 392 1283 s
421 1234 662 1295 stinere;
696 1241 747 1284 ut
777 1231 865 1284 ille
892 1230 1117 1283 veniens
1142 1227 1192 1280 in
1218 1225 1418 1294 judicio
1450 1242 1549 1280 suo
1584 1224 1772 1279 reddat
1817 1223 1959 1294 quod

369 1325 551 1378 devoti
580 1323 790 1374 animus
815 1320 1122 1390 expetebat.
1152 1318 1240 1371 Sic
1264 1330 1318 1372 et
1348 1318 1486 1370 alius
1519 1317 1754 1385 psalmus
1785 1316 1912 1369 dicit
1944 1331 1957 1366 :

376 1418 634 1482 Exspecta
679 1412 977 1475 Dominum,
1024 1411 1234 1464 viriliter
1267 1426 1380 1481 age,
1425 1420 1470 1462 et
1510 1411 1826 1478 confortetur
1877 1423 1962 1460 cor

372 1518 542 1568 tuum,
568 1515 613 1558 et
635 1505 829 1558 sustine
852 1503 1128 1556 Dominum
1159 1503 1333 1572 (Psal.
1364 1518 1507 1565 xxvr,
1528 1500 1633 1569 Li).
1663 1501 1726 1554 Et
1755 1500 1962 1567 respice

372 1597 502 1664 quia
543 1611 642 1665 per
698 1596 919 1664 tiguram
969 1594 1328 1663 anadiplosin,
1381 1609 1500 1663 qua:
1553 1593 1739 1647 Latine
1768 1592 1964 1646 dicitur

373 1689 776 1757 congeminatio
807 1689 1076 1754 dictionis,
1108 1702 1411 1742 sermonem
1435 1688 1670 1757 geminat
1705 1687 1770 1741 ad
1799 1687 1963 1742 deco-

374 1794 513 1832 rem.
543 1779 601 1832 In
633 1780 910 1847 superiore
957 1778 1173 1848 quidem
1209 1778 1414 1847 psalmo
1445 1780 1497 1832 in
1531 1779 1772 1833 versibus
1827 1778 1962 1832 facta

2057 573 2198 626 enim
2253 569 2610 623 misericordia:
2666 577 2786 635 ture,
2821 582 2931 636 qua:
2957 584 2987 619 a
3016 567 3201 619 sazculo
3247 574 3382 631 sunt,
3419 577 3636 633 semper

2048 662 2342 716 Dominum
2375 651 2871 716 misericoFdiarum
2900 658 3160 727 approbat
3181 657 3512 726 largitorem,
3545 657 3634 724 qui

2059 768 2164 807 non
2221 760 2344 807 ante
2375 752 2647 806 hominum
2696 749 2885 804 merita
2938 747 3184 816 suscipit,
3233 745 3327 800 sed
3364 745 3510 814 prius
3542 756 3636 796 sua

2061 846 2200 900 dona
2252 844 2518 900 concedit.
2572 843 2772 898 Omnes
2811 842 3026 911 quidem
3073 841 3307 894 hzereses
3335 831 3637 893 deteStabili

2059 935 2383 1003 cogitatione
2425 941 2652 1003 repertae
2697 941 2823 988 sunt
2852 948 2865 987 :
2897 929 3236 1000 Pelagianum
3283 943 3410 983 vero
3442 925 3637 980 malum

2061 1045 2221 1099 quam
2269 1029 2342 1084 sit
2396 1029 2774 1098 perniciosum,
2835 1025 2961 1080 hinc
3018 1025 3172 1078 datur
3202 1023 3445 1090 intelligi,
3498 1021 3639 1089 quod

2065 1129 2208 1175 tanta
2238 1121 2581 1191 cognoscitur
2605 1119 2920 1175 assiduitate
2952 1116 3221 1183 redargui.
3275 1115 3317 1166 A
3348 1113 3532 1167 stecuto
3559 1112 3642 1164 di-

2065 1211 2158 1276 cit,
2180 1225 2298 1266 cum
2321 1211 2551 1280 creperit
2581 1224 2701 1264 esse
2731 1207 3009 1270 saeculum,
3038 1205 3251 1275 quando
3284 1202 3640 1255 administrari

2067 1311 2276 1370 etrptus
2307 1311 2391 1356 est
2417 1299 2668 1354 mundus.
2705 1298 2963 1352 Saeculum
2993 1305 3074 1351 est
3115 1296 3255 1348 enim
3289 1292 3469 1346 mundi
3514 1289 3670 1344 ordo-

2068 1390 2378 1456 deCurrens,
2416 1391 2501 1459 qui
2532 1390 2596 1442 ad
2630 1389 2802 1442 futura
2836 1388 3082 1451 tendens,
3119 1385 3388 1453 prmterita
3420 1383 3638 1435 deserit.

2070 1483 2195 1536 llrec
2239 1483 2398 1552 aliqui
2442 1484 2490 1535 in
2551 1481 2899 1536 hebdomadis
2952 1477 3379 1541 similitudinem,
3410 1475 3646 1544 septenis

2071 1576 2222 1627 annis
2257 1573 2657 1627 determinanda
2687 1587 2805 1627 esse
2835 1578 3173 1640 putaverunt.
3227 1569 3323 1621 Alii
3366 1567 3508 1621 enim
3555 1579 3648 1619 ste-

2071 1665 2187 1717 cula
2211 1664 2348 1717 dicta
2381 1678 2500 1717 esse
2529 1663 2832 1726 voluerunt,
2866 1661 3004 1730 quod
3053 1660 3106 1713 in
3138 1675 3196 1714 se
3232 1659 3425 1726 jugiter
3479 1655 3650 1710 revol-

2075 1762 2198 1807 vant
2227 1763 2487 1821 tempora.
2527 1753 2594 1805 Et
2623 1767 2690 1806 ne
2719 1751 3090 1804 distinctiones
3117 1749 3400 1802 verborum
3434 1756 3650 1816 [πέριπ-

377 1879 486 1928 ρςι,
531 1868 622 1921 hic
661 1841 840 1922 δίηεω
891 1868 944 1921 in
975 1841 1129 1923 ’δοιίε
1168 1841 1351 1928 ¹νξπωε
1379 1879 1460 1922 ες,
1498 1869 1686 1936 posita.
1722 1868 1960 1934 Addidit,
1999 1864 2043 1923 Β
2078 1847 2289 1900 mittere
2321 1845 2616 1910 videamur,
2649 1845 2998 1898 miserationes
3043 1843 3269 1894 attinent
3299 1841 3364 1893 ad
3388 1843 3650 1906 Operatit»

376 1959 766 2028 confundantur
800 1974 817 2011 :
848 1959 1021 2027 ipsum
1065 1958 1284 2014 verbum
1316 1959 1456 2028 quod
1494 1974 1590 2028 pro
1638 1959 1884 2016 ﬁdelibus
1915 1963 1965 2014 in

380 2050 492 2102 line
525 2049 756 2115 positum
808 2057 913 2116 est,
947 2050 998 2103 in
1037 2060 1186 2118 parte
1210 2050 1526 2119 iniquorum
1560 2052 1683 2106 fecit
1712 2052 1918 2106 initium
1948 2069 1963 2116 ;

377 2139 474 2192 sed
507 2139 615 2192 illic
643 2147 855 2208 optatur
896 2154 962 2192 ne
996 2139 1207 2193 veniat:
1254 2139 1340 2194 hic
1388 2141 1581 2209 petitur
1608 2153 1663 2194 ut
1702 2151 1963 2212 emergat.

377 2226 654 2282 Facimtes
684 2245 834 2294 vana,
867 2227 918 2283 id
947 2235 1028 2283 est
1061 2243 1180 2298 qum
1209 2244 1237 2282 a
1269 2229 1493 2284 Domino
1516 2231 1808 2300 probantur
1839 2233 1968 2288 alie-

378 2335 469 2370 na.
531 2317 733 2372 Vanum
788 2320 934 2374 enim
978 2318 1208 2374 dicimus
1240 2319 1632 2375 infructuosum
1676 2334 1834 2391 atque
1879 2339 1969 2378 va-

376 2425 563 2466 cuum.

454 2499 616 2553 Vers.
650 2503 704 2555 3.
729 2500 922 2556 GIHEL.
961 2502 1087 2556 Vias
1116 2512 1244 2565 tuas,
1280 2503 1512 2568 Domine,
1538 2515 1681 2559 notas
1707 2507 1790 2574 [ac
1819 2510 1964 2572 mihi,

377 2601 425 2641 et
454 2591 669 2644 semitas
692 2601 806 2644 tuas
851 2593 1003 2647 edoce
1054 2610 1150 2646 me.
1205 2595 1345 2648 Inter
1385 2596 1489 2648 vias
1534 2605 1587 2650 et
1632 2601 1754 2651 senti
1778 2616 1834 2651 as
1863 2616 1967 2655 non

381 2696 543 2747 parva
578 2681 832 2736 distantia
861 2692 964 2737 est.
1032 2682 1154 2737 Vias
1184 2685 1324 2738 enim
1373 2685 1618 2748 dicimus,
1649 2704 1780 2756 quas
1815 2704 1967 2743 com-

380 2771 681 2825 ineantium
714 2772 1033 2841 generaliter
1064 2774 1272 2828 licentia
1297 2767 1632 2842 pervagatur,
1667 2793 1783 2844 qute
1812 2778 1968 2831 dicte

379 2873 508 2915 sunt
530 2878 557 2914 a
588 2862 856 2917 vehendo.
889 2862 1100 2917 Semitw
1127 2878 1255 2918 vero
1285 2874 1407 2930 sunt
1431 2881 1548 2933 quae
1579 2876 1805 2935 angusto
1831 2867 1969 2922 calle

377 2955 708 3025 diriguntur,
739 2971 838 3009 nec
865 2956 1024 3024 vulgo
1055 2965 1196 3010 nota:
1225 2967 1370 3019 sunt,
1412 2958 1506 3012 sed
1546 2959 1771 3012 occultis
1817 2961 1970 3014 itine-

377 3050 536 3102 ribus
565 3048 929 3102 ambulantur.
958 3048 1109 3104 Dicta
1134 3061 1215 3106 est
1237 3051 1376 3106 enim
1408 3051 1603 3114 semita,
1627 3051 1777 3119 quasi
1809 3051 1971 3106 semi-

378 3142 494 3193 via.
523 3140 861 3210 Quapropter
886 3139 992 3193 vias
1023 3140 1262 3197 dicamus
1292 3143 1357 3195 ad
1387 3142 1508 3195 vitae
1537 3141 1781 3201 ordinem
1815 3144 1970 3211 perti-

2076 1952 2168 1992 nes
2198 1937 2330 2005 pias,
2363 1936 2723 1988 misericordite
2754 1949 2880 1988 vero
2927 1933 3196 2002 pertinent
3238 1931 3301 1983 ad
3333 1930 3648 1983 clementem

2075 2039 2339 2084 naturam.
2373 2029 2526 2084 Unde
2557 2036 2711 2098 rogat
2733 2036 2791 2081 ut
2821 2035 3172 2093 utrarumque
3213 2037 3390 2076 rerum
3436 2036 3651 2075 suarum

2075 2136 2280 2175 memor
2307 2121 2376 2174 sit.
2410 2121 2689 2174 Dominus.

2148 2237 2304 2292 Vers.
2333 2237 2382 2290 6.
2419 2236 2569 2289 ΖΜΝ.
2603 2233 2802 2287 Delicta
2823 2232 3098 2298 iuventutis
3122 2239 3166 2285 et
3196 2227 3500 2302 ignorantia?
3526 2242 3646 2278 mea‘

2076 2348 2138 2383 ne
2163 2331 2445 2383 memineris
2476 2346 2493 2393 ;
2531 2326 2811 2381 secundum
2836 2340 3074 2396 magnam
3097 2320 3496 2376 misericordiam
3518 2327 3653 2370 tuam

2076 2438 2266 2476 memor
2295 2431 2400 2474 esto
2430 2422 2543 2483 mei,
2578 2418 2733 2471 Deus.
2759 2415 3020 2469 Delietum
3045 2413 3258 2478 quidam
3279 2411 3466 2464 volunt
3492 2409 3654 2462 levius
3682 2468 3684 2470 _

2077 2528 2192 2567 esse
2209 2529 2362 2581 quam
2395 2520 2689 2580 peccatum,
2717 2509 3023 2572 dictumque
3047 2507 3114 2559 ab
3137 2519 3200 2559 eo
3219 2502 3328 2574 8!;
3353 2501 3490 2572 quod
3520 2501 3655 2552 viam

2078 2605 2281 2672 linquat
2317 2601 2606 2670 :cquitatis,
2650 2614 2753 2652 non
2810 2606 2988 2651 tamen
3034 2597 3083 2648 in
3117 2609 3323 2648 summa
3371 2590 3654 2644 criminum

2078 2695 2337 2762 pravitaie
2370 2701 2636 2745 versetur.
2665 2689 2924 2741 Delicium
2962 2694 3046 2741 est
3069 2685 3212 2739 enim
3244 2683 3448 2736 avidius
3480 2680 3655 2736 cibum

2078 2801 2313 2848 sumere,
2371 2784 2637 2836 eat-binm
2703 2782 3130 2848 incompetenter
3189 2779 3404 2841 resolvi,
3471 2775 3655 2828 otiosis

2077 2876 2254 2930 verbis
2279 2887 2494 2942 operam
2520 2873 2669 2936 dare,
2695 2879 2748 2926 et
2771 2879 2966 2923 czctera
2989 2867 3379 2937 hujuscemodi,
3405 2880 3521 2934 quae
3539 2879 3656 2934 gra-

2079 2966 2293 3020 vissima
2327 2981 2428 3017 non
2464 2963 2709 3016 videntur
2744 2973 2864 3014 esse
2901 2968 3117 3028 peccata
3142 2998 3156 3021 ,
3191 2957 3284 3011 sed
3314 2964 3491 3009 tamen
3524 2968 3656 3007 con-

2079 3071 2221 3118 st-tnt
2259 3076 2376 3116 esse
2431 3057 2717 3129 prohibita.
2776 3054 3099 3108 Juventutem
3156 3065 3284 3106 vero
3315 3064 3423 3104 non
3448 3054 3656 3101 tantum

2081 3151 2321 3207 ﬂoridam
2337 3158 2544 3204 :etatem
2563 3146 2760 3216 posuit,
2783 3143 2874 3198 sed
2899 3139 3335 3212 praecipitationis
3355 3139 3655 3203 audaciam,

381 3250 540 3302 “ere.
577 3235 627 3288 ῖη
655 3249 762 3304 (ιυο
807 3234 1046 3291 θῐηδυῖειῑ
1091 3245 1146 3292 el
1190 3237 1468 3291 ἀοοιοῐυηι
1515 3237 1870 3302 CODVCFSﬂliO.
1919 3245 1972 3293 et
2002 3239 2046 3301 C
2080 3258 2196 3312 qum
2229 3242 2278 3293 in
2306 3240 2396 3293 illa
2425 3246 2583 3292 actate
2612 3234 2861 3290 facillima
2895 3241 2996 3295 est,
3030 3230 3156 3285 dum
3188 3230 3334 3284 calor
3357 3227 3520 3281 animi
3547 3242 3656 3280 mo-

378 3326 712 3394 simplicium
729 3325 1038 3382 multitudo.
1069 3327 1292 3382 Semitas
1310 3337 1486 3381 autem
1513 3327 1643 3396 legis
1671 3327 1973 3398 intelligen-

380 3420 516 3472 tiam
544 3417 804 3471 debemus
841 3417 1109 3488 acciperc,
1158 3433 1278 3488 qua:
1310 3428 1362 3472 et
1394 3419 1574 3486 paucis
1599 3426 1760 3487 notae,
1792 3429 1844 3472 et
1867 3418 1972 3473 dif-

381 3511 625 3564 ﬁcultate
677 3510 758 3564 sui
809 3511 1104 3580 probantur
1162 3523 1422 3580 angustae.
1474 3511 1726 3580 Sequitur
1784 3512 1972 3577 enim,

381 3599 544 3652 edoce
577 3616 698 3664 me;
728 3600 814 3668 qui
845 3615 1025 3655 sermo
1080 3615 1186 3654 non
1246 3600 1310 3654 ad
1343 3601 1555 3666 callem,
1591 3601 1683 3655 sed
1710 3601 1774 3656 ad
1807 3602 1976 3672 legem

385 3688 563 3758 magis
593 3689 833 3742 noscitur
866 3691 1151 3759 pertinere.

465 3779 621 3833 Vers.
655 3779 710 3832 4.
740 3779 986 3834 υλιιτη.
1017 3781 1196 3850 Dirige
1220 3796 1299 3833 me
1325 3781 1378 3833 in
1403 3782 1609 3836 veritate
1640 3792 1729 3836 tua
1774 3796 1820 3838 et
1855 3785 1978 3839 doce

386 3887 488 3932 me,
526 3870 646 3937 quia
680 3875 731 3921 lu
763 3886 814 3923 es
846 3870 982 3923 Deus
1012 3872 1252 3924 salutaris
1282 3888 1438 3936 meus,
1473 3881 1520 3925 et
1544 3881 1596 3943 te
1617 3876 1836 3928 sustinui
1873 3885 1978 3929 tota

387 3963 493 4015 die.
521 3960 758 4029 Singulis
785 3961 1120 4015 sermonibus
1146 3963 1454 4031 superiores
1477 3969 1668 4017 Sensus
1687 3965 1773 4019 hic
1794 3981 1980 4023 versus

387 4054 759 4122 amplectitur.
807 4051 986 4122 Dirige
1025 4070 1102 4106 me
1132 4055 1198 4107 ad
1257 4056 1417 4108 vitam
1453 4057 1708 4126 pertinet,
1743 4059 1865 4113 doce
1914 4060 1980 4114 ad

387 4144 694 4196 scientiam.
724 4143 996 4213 Sequitur,
1045 4147 1165 4213 quia
1194 4155 1245 4196 tu
1277 4163 1326 4199 es
1367 4146 1500 4199 Deus
1529 4149 1772 4203 salutaris
1812 4167 1974 4221 meus,

387 4245 437 4286 et
469 4245 514 4285 te
539 4233 757 4286 sustinui
788 4243 890 4287 tota
920 4235 1037 4297 die;
1083 4239 1316 4303 perfecte
1366 4238 1707 4308 breviterque
1750 4255 1847 4294 nos
1881 4242 1982 4294 im-

389 4324 529 4376 buit.
585 4323 710 4378 Duae
761 4325 1025 4393 siquidem
1068 4341 1152 4379 res
1204 4337 1326 4379 sunt
1354 4343 1470 4395 quze
1519 4329 1687 4383 bonos
1739 4329 1982 4384 t-fticiunt

387 4415 773 4468 Christianos:
813 4416 1004 4484 prima,
1051 4426 1108 4468 ut
1135 4416 1298 4469 Deum
1358 4417 1506 4469 nobis
1540 4418 1815 4471 salutarem
1865 4436 1981 4474 cre-

392 4505 588 4556 damus
617 4521 629 4567 ;
662 4505 917 4569 secunda,
953 4515 1007 4558 ut
1047 4505 1144 4557 sub
1178 4507 1338 4559 totius
1375 4507 1495 4560 vita:
1542 4509 1793 4574 patientia
1827 4513 1982 4565 retri-

2079 3333 2304 3388 destiam
2339 3327 2766 3386 conversationis
2802 3324 3035 3380 excedit.
3080 3323 3211 3376 Nam
3255 3322 3402 3376 multi
3439 3321 3657 3390 juvenes

2079 3437 2284 3476 morum
2316 3422 2576 3489 gravitate
2592 3417 2784 3470 maturi
2813 3421 2972 3477 sunt;
3007 3420 3224 3466 econtra
3256 3410 3469 3480 quidam
3502 3424 3658 3463 senes

2079 3512 2310 3568 levitatis
2333 3507 2922 3565 criminemaculantur.
2941 3503 3258 3575 Ignorantia:
3286 3509 3464 3555 autem
3495 3500 3655 3560 dixit,
3712 3559 3718 3566 ν

2078 3602 2199 3674 quia
2228 3603 2394 3656 multa
2425 3600 2648 3654 iacimus
2679 3613 2798 3667 quae
2821 3598 2956 3651 mala
2988 3611 3109 3650 esse
3138 3593 3434 3656 nescimus;
3467 3591 3658 3645 damus

2080 3694 2391 3764 plerumque
2419 3691 2587 3759 ignari
2611 3689 2916 3752 consilium,
2936 3687 3074 3758 quod
3096 3685 3253 3739 laedat
3279 3685 3532 3746 alterum;
3564 3681 3658 3733 da—

2082 3799 2200 3839 mus
2222 3783 2370 3839 velut
2399 3797 2494 3852 pro
2514 3781 2753 3836 remedio
2781 3788 2980 3849 trgroto
3012 3778 3161 3834 cibos
3189 3777 3278 3846 qui
3310 3775 3656 3830 vehementer

2083 3874 2338 3942 affligant.
2385 3872 2557 3941 Ipsam
2599 3886 2811 3940 quoque
2861 3871 3029 3938 legem
3089 3869 3393 3936 frequenter
3431 3866 3659 3920 ollendi-

2084 3979 2202 4018 mus
2241 3964 2569 4034 ignorantes,
2603 3977 2763 4032 quam
2809 3975 2913 4013 non
2943 3960 3067 4014 licet
3090 3959 3347 4028 ignorari,
3380 3958 3503 4012 dum
3534 3973 3649 4010 eam

2083 4055 2315 4109 voluerit
2346 4053 2618 4106 Divinitas
2666 4067 2695 4104 a
2743 4050 3092 4120 generalitate
3135 4047 3388 4117 cognosci
3417 4062 3660 4114 semper-

2084 4161 2186 4217 que
2215 4146 2454 4200 retineri.
2511 4143 2611 4198 Alii
2665 4151 2842 4195 aulem
2876 4142 3064 4194 dicunt
3109 4140 3294 4193 delicta
3353 4140 3664 4210 ignorantia:

2085 4240 2244 4292 etiam
2275 4237 2337 4289 ad
2372 4235 2621 4304 parvulos
2650 4233 2940 4302 pertinere,
2971 4233 3057 4301 qui
3093 4231 3215 4284 licet
3244 4231 3472 4284 invalido
3503 4246 3662 4284 sensu

2087 4327 2246 4396 sopiti
2279 4327 2406 4392 sint,
2455 4335 2632 4378 tamen
2675 4323 2917 4391 originali
2964 4329 3178 4388 peccato
3230 4323 3525 4389 probmtur
3572 4322 3665 4373 ob-

2089 4418 2251 4472 noxii.
2284 4419 2417 4470 l’etit
2447 4431 2574 4485 ergo
2599 4425 2654 4469 ut
2681 4414 2864 4467 delicta
2886 4414 3166 4480 juventutis
3197 4422 3242 4465 et
3269 4413 3574 4483 ignorantia:
3599 4415 3664 4465 ad

2090 4511 2372 4564 vindictam
2399 4522 2674 4562 reservare
2704 4521 2806 4560 non
2842 4508 2985 4570 velit,
3013 4506 3105 4559 sed
3139 4513 3386 4574 tanquam
3413 4507 3664 4561 excidant

393 4594 674 4648 butionem
699 4593 864 4662 ipsius
887 4607 1196 4664 exspectare
1239 4596 1550 4651 debeamus.
1601 4597 1726 4651 Tota
1767 4602 1977 4656 die:ac
2011 4597 2055 4654 D
2087 4604 2182 4666 illi,
2214 4603 2287 4654 ita
2339 4601 2403 4654 ad
2447 4599 2704 4666 judicium
2754 4614 2857 4652 non
2918 4597 3144 4665 patiatur
3189 4596 3405 4652 adduci.
3435 4598 3668 4666 [deoque

391 4686 437 4737 si
469 4686 700 4748 diceret,
730 4684 872 4737 omni
909 4685 1016 4749 die,
1050 4685 1252 4739 scilicet
1285 4702 1390 4739 non
1414 4687 1732 4755 interpolato
1768 4699 1976 4759 tempoo

394 4791 474 4839 re,
520 4776 617 4829 sed
648 4778 897 4830 continua
931 4778 1052 4829 vitae
1074 4779 1459 4846 signiticativne
1492 4781 1752 4848 prolatum
1779 4792 1876 4835 est.

466 4868 624 4922 γει-3.
667 4869 717 4921 5.
763 4867 860 4921 ΠΕ.
926 4869 1265 4921 Reminiscere
1315 4870 1695 4923 ntiseraionum
1749 4882 1975 4935 tuarum,

398 4960 638 5024 Domine,
692 4970 738 5013 et
793 4961 1248 5013 misericordiarum
1298 4975 1528 5027 tuarum,
1570 4981 1682 5027 quo:
1719 4984 1750 5017 (ι
1791 4969 1980 5020 sa'cu/o

394 5063 532 5104 sunt.
567 5050 724 5106 Venit
754 5051 817 5103 ad
850 5052 1143 5106 secundum
1175 5054 1494 5118 membrum,
1531 5055 1769 5122 piissima
1807 5057 1981 5109 Immi-

396 5145 544 5196 litate
569 5158 661 5196 sua
693 5150 896 5210 petens,
932 5151 1194 5211 quaternus
1217 5143 1508 5196 secundum
1536 5146 1978 5198 consuetudinem

396 5236 533 5303 ejus,
595 5236 1018 5289 miscricordiam
1070 5234 1278 5288 Domini
1327 5245 1704 5306 consequatur.
1738 5237 1982 5292 Humano

399 5344 488 5381 usu
524 5328 599 5380 illi
634 5327 829 5381 dicitur
856 5327 1203 5393 reminiscere,
1236 5329 1324 5394 qui
1376 5344 1643 5398 nunquam
1677 5338 1854 5398 potest
1882 5331 1981 5383 ali-

395 5418 518 5487 quid
549 5418 812 5472 oblivisci.
841 5417 972 5471 Nam
1000 5419 1086 5486 qui
1117 5419 1217 5472 sibi
1242 5418 1512 5473 desiderat
1552 5421 1844 5486 subveniri,
1877 5422 1978 5475 lar-

398 5514 620 5577 gitorem
655 5512 898 5565 beneﬁcii
923 5519 1073 5580 putat
1101 5511 1348 5576 oblitum,
1375 5512 1589 5579 quando
1615 5513 1786 5580 aliqua
1822 5515 1981 5567 fuerit

398 5605 649 5658 dilatione
681 5603 941 5657 tardatus.
965 5602 1273 5670 Subjunxit,
1300 5612 1347 5656 et
1379 5603 1847 5657 misericordiarum
1875 5615 1983 5657 tua-

399 5715 528 5761 runt,
551 5711 668 5766 qua:
689 5712 720 5746 a
747 5696 934 5748 sternte
973 5704 1108 5748 sunt.
1143 5695 1197 5746 In
1234 5693 1313 5747 his
1339 5695 1512 5747 verbis
1544 5696 1793 5762 przeclara
1827 5695 1983 5751 nimis

401 5801 444 5844 ct
478 5787 744 5851 regularis
790 5785 943 5841 nobis
985 5786 1229 5842 relucere
1264 5786 1471 5842 videtur
1524 5789 1784 5842 sententia
1815 5805 1825 5853 ;
1861 5790 1985 5860 quia

2089 4703 2334 4762 precatur
2358 4689 2598 4744 Ecclesia
2641 4706 2702 4742 ne
2740 4689 2924 4742 delicta
2983 4689 3282 4752 meminerit,
3333 4688 3425 4742 sed
3485 4691 3659 4755 potius

2089 4797 2278 4834 menter
2348 4783 2412 4832 sit
2473 4785 2580 4842 ejus
2631 4779 2907 4832 secundum
2978 4794 3213 4847 magnam
3267 4778 3668 4832 ntisericmdiam

2088 4889 2258 4928 suam.

2167 4967 2388 5033 Propter
2411 4967 2684 5020 bonitatem
2703 4977 2862 5031 tuam,
2884 4966 3118 5020 Domine.
3151 4965 3384 5019 Dicendo
3413 4982 3425 5017 :
3454 4963 3669 5031 Progter

2095 5061 2364 5115 bonitatem
2390 5069 2554 5128 tuam,
2589 5060 2824 5123 Domine,
2887 5059 3012 5112 fecit
3044 5058 3268 5128 intelligi
3309 5074 3411 5112 non
3455 5066 3670 5127 propter

2093 5155 2339 5209 meritum
2373 5168 2574 5207 meum.
2615 5151 2768 5207 Unde
2791 5152 2920 5205 nulli
2945 5151 3024 5206 fas
3046 5163 3126 5206 est
3159 5150 3445 5221 aliquando
3469 5162 3670 5218 praesu-

2092 5261 2257 5309 mere,
2296 5245 2395 5298 nisi
2427 5261 2582 5314 quem
2617 5247 2850 5314 graviter
2893 5245 3154 5314 contingit
3190 5258 3388 5296 errare.
3443 5243 3569 5308 Qum
3603 5241 3668 5293 li-

2092 5353 2220 5406 gnra
2250 5337 2442 5390 dicitur
2479 5335 2769 5404 emphasis,
2804 5336 2855 5389 id
2904 5345 2985 5390 est
3037 5336 3419 5404 exaggeratio:
3454 5333 3546 5386 sed
3583 5333 3666 5384 hic

2091 5431 2175 5483 illa
2203 5428 2316 5497 ejus
2347 5429 2556 5495 Species
2582 5438 2681 5490 est,
2708 5444 2824 5495 qua:
2849 5428 3108 5496 signiﬁcat
3137 5427 3184 5480 id
3215 5425 3355 5494 quod
3388 5441 3490 5478 non
3517 5424 3668 5478 dicit.

2093 5522 2280 5576 Merito
2310 5535 2435 5589 ergo
2466 5520 2606 5572 illius
2659 5520 2854 5571 bonitas
2901 5519 3158 5570 veraciter
3209 5515 3557 5584 prmdicatur,
3605 5516 3671 5568 de

2092 5624 2195 5678 quo
2224 5609 2478 5676 scriptum
2505 5615 2586 5659 est
2613 5622 2623 5657 :
2664 5604 2829 5658 Nemo
2859 5606 3041 5668 bonus,
3065 5603 3167 5655 nisi
3190 5604 3328 5658 solus
3352 5603 3488 5657 Deus
3514 5602 3668 5676 (Luc.

2098 5714 2241 5760 xvnt,
2283 5699 2390 5764 19).

2174 5792 2319 5847 Vers.
2368 5793 2415 5844 7.
2452 5792 2622 5845 lle'ru.
2664 5790 2838 5845 Dulcis
2865 5801 2908 5844 et
2951 5799 3113 5846 rectus
3145 5790 3393 5846 Dominus
3421 5806 3437 5843 :
3467 5797 3672 5861 preptu
