4030 6172
306 400 405 454 179

1511 388 1579 442 Μ.
1633 390 1671 441 Α
1686 389 1719 440 ι’
1732 387 1908 441 lliLLll
1949 384 2354 483 CASISIUDORI

3463 386 3563 438 «ευ

303 514 396 566 hoc
434 514 594 585 legem
622 517 805 565 statuet
833 504 1235 577 delinquentibus
1260 503 1311 556 in
1338 503 1438 556 via.
1473 501 1649 555 Dulcis
1674 513 1745 555 est
1773 499 1877 552 Do-
1911 509 1955 560 Α
1987 509 2121 569 erat,
2183 504 2324 571 quod
2380 504 2560 574 lingua
2615 512 2796 558 nostra
2852 504 3095 559 Salvator
3157 504 3557 571 interpretatur.

301 606 467 657 minus
491 618 512 657 :
534 602 657 673 quia
682 601 807 655 dum
835 608 1055 654 cunctos
1085 596 1357 652 beneficiis
1390 594 1708 663 praeveniat,
1743 610 1876 646 con-

303 700 601 753 versionem
641 703 818 748 tamen
843 690 1205 759 delinquentis
1232 695 1526 759 exspectat.
1563 685 1707 739 Pluit
1735 684 1878 740 enim

301 805 457 858 super
470 791 640 860 justas
665 794 711 840 et
734 785 950 857 injustas
975 780 1188 853 (Matth.
1211 797 1262 847 ν,
1288 780 1404 848 45),
1437 780 1599 833 vitam
1640 776 1880 831 tribuens

304 883 386 937 bis
407 882 496 951 qui
522 879 865 935 merebantur
899 873 1187 946 exstingui.
1216 873 1401 928 Merito
1428 886 1557 940 ergo
1597 869 1763 924 dulcis
1793 868 1876 923 di—

303 974 461 1039 citur,
486 986 516 1025 a
557 985 664 1041 quo
703 970 887 1025 suavia
934 969 1073 1023 dona
1111 973 1463 1036 praestantur:
1495 964 1632 1018 sicut
1664 969 1717 1016 et
1743 960 1881 1015 alius

302 1065 540 1133 psalmus
576 1062 742 1117 dicit:
775 1063 988 1116 Gustata
1023 1070 1073 1117 et
1126 1056 1292 1114 videte
1326 1057 1571 1128 quoniam
1609 1058 1780 1110 suavis
1808 1066 1881 1109 est

302 1153 553 1209 Dominus
583 1152 755 1225 (Psal.
795 1169 977 1218 sunt,
1006 1153 1081 1220 9).
1119 1151 1301 1205 Dulcis
1328 1151 1471 1207 enim
1504 1152 1676 1206 dictus
1705 1160 1786 1206 est
1816 1151 1880 1205 ad

302 1246 704 1302 similitudinem
733 1246 968 1302 dulcium
1003 1261 1266 1312 escarum,
1289 1246 1482 1316 quibus
1513 1246 1752 1301 maxime
1782 1247 1881 1300 de-

303 1341 530 1398 lectatur
556 1339 887 1396 humanitas.
937 1336 1124 1392 Rectus
1149 1347 1232 1393 est
1259 1339 1472 1409 quando
1488 1347 1608 1408 post
1633 1337 1883 1407 frequen-

304 1444 386 1489 tes
409 1431 800 1503 increpationes
826 1440 879 1484 et
911 1430 925 1483 Ι
965 1430 1250 1499 ngissimas
1278 1430 1716 1499 exspectationes
1738 1428 1883 1483 obsi-

300 1526 397 1580 stit
423 1525 603 1592 malis,
656 1525 902 1579 liumiliat
930 1524 1191 1593 superbos
1216 1534 1269 1579 et
1300 1524 1521 1593 impios,
1556 1535 1616 1579 ut
1667 1526 1884 1581 tandem

299 1615 589 1687 aliquando
617 1616 853 1686 sapiant,
903 1624 956 1671 et
1005 1629 1065 1671 se
1112 1629 1325 1670 errasse
1382 1616 1697 1685 pteniteant.
1730 1616 1883 1684 Quod

300 1716 480 1763 autem
509 1708 670 1778 legem
693 1708 889 1772 statuit,
923 1706 1110 1777 utique
1141 1706 1443 1763 dulcedinis
1465 1715 1520 1763 et
1547 1709 1883 1767 reetitudénis

303 1798 437 1862 fuit;
470 1798 683 1864 quando
720 1798 891 1852 noluit
936 1813 1119 1853 errare
1155 1812 1290 1868 quos
1340 1798 1528 1854 maluit
1576 1799 1709 1869 legis
1760 1817 1882 1871 pro-

1984 593 2186 649 Nomen
2218 593 2481 665 siquidem
2511 597 2681 664 ipsum
2731 596 2919 649 salutis
2943 595 3257 663 intelligitur
3283 609 3404 649 esse
3435 608 3560 663 pro-

1983 684 2165 739 fessio.
2198 685 2487 756 Sequitur,
2518 686 2779 757 capiosum
2819 696 2891 741 est
2922 687 3084 748 enim,
3120 686 3169 740 id
3211 697 3292 741 est
3330 685 3416 741 cui
3458 701 3562 743 non

1983 780 2156 847 possis
2188 795 2410 849 parcere
2440 790 2656 849 pr0pter
2688 796 2770 844 se,
2813 778 2908 834 sed
2952 790 3171 849 propter
3213 780 3287 832 tui
3335 779 3563 835 nominis

1984 871 2341 925 sanctitatem.
2401 873 2505 926 Sed
2564 872 2688 925 dum
2743 872 3005 940 copiosum
3036 871 3230 925 dicitur
3259 880 3560 940 peccatum,

1984 961 2496 1016 abundantissimum
2529 978 2650 1018 esse
2695 972 3027 1016 monstratur
3053 977 3069 1016 :
3099 963 3353 1031 quoniam
3402 976 3563 1018 cursu

1986 1056 2242 1121 temporis
2265 1070 2477 1124 semper
2498 1066 2754 1125 augetur;
2788 1067 2840 1110 et
2870 1056 2967 1109 nisi
3012 1056 3170 1111 fuerit
3199 1056 3375 1109 divina
3403 1058 3565 1112 mise-

1986 1146 2191 1200 ratione
2221 1149 2561 1215 subventum,
2598 1156 2855 1217 quantum
2898 1148 3003 1201 vita
3049 1147 3405 1216 protenditur,
3457 1156 3568 1201 tan-

1988 1250 2097 1295 tum
2136 1242 2365 1296 ltumana
2413 1244 2701 1312 fragilitate
2749 1251 3021 1311 peccatur.
3066 1241 3133 1295 Et
3188 1255 3444 1295 memoria
3483 1254 3567 1295 re-

1985 1333 2158 1388 conde
2185 1334 2324 1403 quod
2353 1334 2586 1389 Ecclesia
2616 1334 2743 1388 dicit
2771 1349 2866 1403 pro
2889 1342 3039 1404 parte
3063 1334 3452 1399 membrorum,
3476 1347 3565 1388 co-

1987 1424 2132 1491 piosa
2171 1436 2265 1477 sua
2320 1439 2437 1477 esse
2491 1436 2736 1492 peccata;
2768 1434 2823 1478 ttt
2865 1426 2950 1493 qui
3008 1438 3069 1479 se
3110 1423 3400 1494 prtedicant
3445 1436 3566 1477 esse

1988 1514 2240 1577 mundos,
2267 1516 2407 1568 sicut
2444 1514 2784 1579 Catltaristtc,
2824 1515 3125 1585 intelligant
3175 1529 3233 1569 se
3266 1515 3566 1584 portionem

1987 1618 2107 1657 cum
2138 1614 2321 1658 saneta
2349 1604 2590 1659 Ecclesia
2623 1619 2728 1658 non
2754 1603 2977 1658 habere.

2062 1693 2217 1748 Vers.
2250 1695 2335 1748 ll.
2378 1693 2587 1749 Lauso.
2625 1694 2755 1760 Quis
2796 1704 2867 1748 est
2897 1694 3048 1749 homo
3075 1695 3160 1763 qui
3193 1696 3367 1747 timeat
3392 1694 3567 1748 Domi-

1988 1786 2155 1840 num?
2187 1784 2368 1854 Legem
2404 1787 2583 1838 statuit
2625 1786 2672 1840 ei
2720 1786 2772 1838 in
2804 1785 2884 1839 via
2910 1801 3064 1853 quam
3095 1783 3262 1857 elegit.
3308 1784 3465 1840 Venit
3500 1786 3564 1839 ad

305 1887 940 1959 mulgationecorrigere.
972 1887 1079 1943 Sed
1103 1865 1308 1958 nevquis
1323 1888 1461 1945 hanc
1487 1865 1880 1948 districtionem
1919 1865 1968 1925 Β
1996 1876 2210 1933 tertium
2240 1877 2565 1941 membrum,
2593 1876 2682 1930 ubi
2706 1876 3018 1945 specialiter
3046 1875 3447 1932 demonstratur
3474 1877 3566 1947 qui

302 1977 551 2033 crederet
578 1993 643 2033 ex
671 1977 965 2047 asperitate
1007 1979 1241 2047 venisse,
1268 1981 1551 2036 consilium
1585 1981 1707 2037 lata:
1753 1983 1884 2055 legis

305 2072 543 2141 exponit,
569 2071 621 2126 id
651 2081 735 2127 est
765 2071 1018 2126 bonitatis
1046 2080 1101 2126 et
1131 2072 1451 2128 dulcedinis.
1489 2072 1556 2127 In
1585 2076 1687 2142 via,
1718 2076 1769 2130 id
1800 2088 1887 2133 est

304 2163 358 2217 in
388 2163 634 2232 praesenti
674 2161 804 2230 vita,
826 2163 914 2218 ubi
941 2163 1025 2218 lex
1056 2165 1293 2232 ponitur,
1324 2165 1375 2219 in
1399 2182 1500 2235 qua
1531 2176 1680 2223 recte
1702 2169 1887 2226 vivere

305 2271 734 2313 commentemur.

378 2345 529 2403 Vera.
576 2348 629 2403 8.
670 2348 878 2402 Tum".
906 2347 1106 2420 Diriget
1133 2350 1279 2403 mites
1328 2351 1381 2403 in
1411 2352 1646 2423 judicio:
1686 2352 1885 2406 docebit

303 2449 594 2494 tnansuetos
622 2440 729 2494 vias
756 2456 896 2493 suas.
940 2440 996 2495 ld
1029 2450 1111 2495 est
1161 2440 1341 2495 animo
1373 2442 1615 2510 placidos
1661 2444 1727 2497 ad
1758 2460 1884 2515 pro-

306 2532 521 2586 missam
545 2530 671 2585 facit
700 2530 1083 2586 beatitudinem
1108 2533 1410 2601 pervenire.
1432 2530 1665 2587 Directus
1690 2536 1884 2605 quippe

305 2621 501 2677 dicitur
526 2622 615 2690 qui
646 2619 715 2677 de
743 2635 909 2676 curvo
941 2630 1120 2677 rectus
1159 2620 1411 2677 efﬁcitur.
1441 2622 1677 2678 Dicendo
1703 2636 1881 2680 autem

306 2715 472 2782 mites,
496 2714 732 2769 excludit
757 2717 1020 2784 superbos
1047 2725 1102 2771 et
1123 2716 1327 2781 elatos;
1345 2716 1482 2771 sicut
1510 2716 1563 2772 in
1595 2718 1881 2789 Evangelio

304 2808 461 2864 dicit:
498 2807 645 2864 Beati
663 2810 826 2876 mites,
840 2808 959 2879 quia
980 2809 1078 2879 ipsi
1097 2810 1425 2879 possidebunt
1455 2821 1641 2865 terram
1666 2811 1879 2884 (Matth.

305 2916 358 2968 ν,
389 2900 469 2970 ι).
500 2899 794 2955 Mansuetos
843 2902 1047 2968 utique,
1094 2916 1200 2956 non
1247 2903 1531 2971 superbos,
1573 2903 1664 2973 qui
1693 2915 1878 2959 contra

304 2993 489 3063 jugum
520 2991 641 3047 lene
671 3003 724 3048 et
752 3008 889 3050 onus
918 2994 1034 3049 leve
1066 2993 1223 3048 noxia
1255 2996 1354 3050 sibi
1383 2995 1632 3050 libertate
1661 2998 1881 3052 recalci-

304 3096 489 3153 trant;
521 3087 617 3142 sed
665 3087 787 3142 illos
827 3086 1024 3142 docebit
1050 3088 1141 3157 qui
1172 3087 1288 3142 sine
1328 3089 1749 3144 murmuratione
1796 3091 1876 3144 fa-

303 3178 451 3232 ciunt
470 3194 590 3248 qua:
616 3179 761 3248 jussa
791 3188 1140 3249 cognoscunt.
1170 3178 1311 3234 Inter
1328 3166 1621 3234 mansuetos
1651 3180 1794 3236 enim
1826 3191 1880 3236 et

305 3269 453 3321 mites
476 3268 592 3323 haec
618 3267 828 3323 videtur
856 3284 975 3323 esse
998 3269 1246 3324 distantia
1269 3285 1285 3323 :
1310 3270 1454 3324 mites
1474 3282 1600 3326 sunt
1624 3274 1712 3342 qui
1738 3274 1880 3327 nulla

304 3359 501 3414 furoris
527 3359 850 3416 accensione
891 3361 1191 3425 turbantur,
1235 3362 1329 3417 sed
1358 3364 1409 3417 in
1461 3364 1680 3421 lenitate
1720 3368 1880 3421 animi

306 3450 500 3521 iugiter
529 3464 913 3521 perseverant;
947 3455 1198 3509 mansueti
1223 3464 1398 3511 autem
1431 3456 1704 3526 dicuntur,
1733 3462 1880 3529 quasi

307 3558 468 3596 manu
496 3544 759 3613 consueti,
789 3545 889 3600 boc
915 3556 999 3601 est
1027 3548 1315 3603 tolerantes
1344 3549 1594 3619 injurias,
1631 3567 1735 3606 non
1762 3553 1883 3609 red-

309 3634 499 3689 dentes
532 3637 731 3690 malum
763 3653 859 3706 pro
908 3639 1071 3692 malo.
1143 3638 1263 3693 Vias
1300 3657 1421 3695 suas
1452 3642 1615 3697 dixit:
1648 3644 1741 3700 sed
1766 3660 1884 3714 qua:

314 3725 425 3778 sint
448 3727 541 3779 vise
571 3726 781 3782 Domini
811 3731 1203 3798 subsequenter
1223 3732 1462 3800 exponit.

382 3817 536 3872 Vers.
572 3819 624 3873 9.
657 3818 775 3874 Joo.
813 3819 1071 3875 Universaz
1100 3825 1194 3877 vite
1226 3823 1439 3879 Domini
1464 3827 1815 3881 misericordia
1835 3839 1883 3882 et

307 3909 511 3973 veritas,
548 3911 916 3980 requirentibus
956 3923 1313 3968 testamentum
1358 3919 1470 3987 ejus
1510 3928 1556 3972 et
1596 3922 1885 3977 testimonia

306 4001 442 4069 ejus.
469 3999 601 4054 Dum
616 4002 724 4055 sint
749 4002 1321 4072 incomprehensibiles
1351 4009 1443 4061 via:
1464 4006 1692 4080 Domini,
1720 4015 1883 4080 aptis-

307 4090 441 4145 sime
480 4106 573 4146 eas
620 4093 721 4148 sub
774 4093 1036 4150 brevitate
1075 4097 1296 4166 colligit.
1355 4100 1485 4165 Quis
1530 4103 1670 4157 enim
1722 4119 1883 4162 onera

302 4179 423 4249 ejus
461 4199 714 4239 enarrare
749 4188 1019 4240 sutliceret
1045 4230 1059 4256 ,
1111 4199 1308 4257 quanta
1368 4194 1601 4259 potentia
1645 4195 1883 4251 cmlestia

308 4282 627 4344 terrenaque
655 4275 995 4330 moderetur?
1022 4278 1127 4333 Sed
1157 4295 1275 4334 cum
1313 4281 1418 4336 illa:
1446 4298 1551 4339 non
1591 4289 1888 4355 potuissent

306 4368 631 4428 enumerari,
660 4368 992 4424 sufﬁcienter
1015 4372 1461 4440 comprehensum
1497 4387 1600 4446 est,
1624 4378 1888 4437 Universa:

307 4456 401 4506 via:
433 4454 639 4508 Domini
671 4458 1017 4512 misericordia
1044 4470 1089 4513 et
1118 4462 1319 4516 veritas.
1354 4464 1731 4532 Misericordia,
1761 4472 1884 4537 quia

311 4546 571 4611 praevenit
612 4556 801 4601 cuncta
843 4548 1117 4615 bonitate;
1152 4554 1371 4619 veritas,
1409 4556 1532 4624 quia
1577 4559 1754 4610 omnia
1783 4558 1885 4613 sub
1913 4585 1963 4645 Β

307 4634 610 4702 integritate
641 4635 917 4705 dijudicat.
939 4637 1043 4691 Sed
1080 4654 1148 4694 ne
1186 4642 1286 4695 hoc
1328 4650 1543 4712 putares
1574 4646 1877 4700 communi—

309 4737 388 4781 ter
410 4725 813 4794 couferendum,
846 4731 1102 4801 sequitur,
1133 4734 1323 4802 quibus
1360 4736 1563 4804 possint
1598 4737 1720 4791 talia
1747 4754 1878 4793 con-

306 4821 525 4886 venire;
584 4822 807 4889 scilicet,
862 4827 1227 4894 requirentibus
1267 4837 1623 4883 testamentum
1679 4834 1787 4899 eius
1839 4841 1882 4885 et

308 4912 597 4966 testimonia
646 4916 778 4986 ejus.
831 4917 1054 4980 Quando
1104 4919 1363 4987 singulari
1408 4936 1631 4975 numero
1685 4921 1886 4976 dicitur

311 5000 705 5073 Testamentum,
738 5016 828 5059 aut
853 5007 1014 5062 Vetus
1043 5010 1393 5079 signiﬁcatur,
1420 5021 1508 5065 aut
1540 5012 1764 5068 Novum.
1790 5013 1888 5071 llic

305 5110 433 5165 ergo
466 5094 841 5151 Testamentum
870 5099 1128 5155 dubemus
1170 5103 1414 5170 accipere
1448 5102 1652 5156 Novum
1680 5121 1693 5169 ;
1745 5106 1887 5159 testi-

306 5189 477 5241 monia
497 5202 627 5244 vero
653 5191 1069 5259 prmcedentiutn
1099 5192 1239 5246 dicta
1271 5191 1683 5261 prophetarum,
1719 5202 1885 5249 testes

305 5282 448 5335 enim
478 5280 696 5337 fuerunt
734 5296 1006 5336 sacrarum
1040 5283 1453 5351 promissionum
1476 5326 1488 5349 ,
1533 5299 1666 5352 quas
1711 5285 1890 5338 Domi-

308 5388 409 5427 nus
436 5376 696 5431 adventus
723 5377 805 5431 sui
835 5377 1266 5432 manifestatione
1295 5379 1600 5447 complevit.

384 5468 531 5522 Vers.
570 5469 656 5525 10.
701 5469 868 5524 Cara.
928 5469 1147 5539 Propter
1191 5488 1374 5525 nomen
1424 5482 1591 5539 tuum,
1647 5473 1882 5539 Domine,

310 5560 667 5627 propitiaberis
715 5574 922 5629 peccato
963 5577 1115 5625 meo;
1168 5563 1428 5633 copiosum
1473 5573 1544 5615 est
1584 5564 1734 5618 enim.
1776 5564 1887 5618 Hoc

306 5649 446 5705 bene
474 5652 540 5705 ad
588 5666 869 5720 personam
900 5654 1132 5707 refertur
1172 5654 1447 5719 Ecclesim,
1480 5654 1632 5720 cujus
1656 5670 1885 5723 congre-

312 5744 580 5809 gationem
608 5758 669 5797 ex
697 5744 923 5799 diversis
960 5748 1327 5814 peccatoribus
1376 5757 1587 5802 constat
1618 5748 1884 5802 evenisse.

317 5832 531 5900 Propter
558 5850 740 5887 nomen
781 5844 945 5904 tuum,
979 5837 1232 5893 Domine:
1263 5842 1382 5909 quia
1426 5838 1580 5894 Jesus
1629 5838 1885 5901 dicendus

1987 1970 2057 2024 sit
2082 1970 2167 2037 qui
2189 1970 2359 2023 timeat
2386 1967 2686 2034 Dominum,
2708 1978 2799 2023 aut
2834 1969 2976 2039 quali
3002 1984 3227 2024 munere
3251 1968 3565 2039 gratuletur.

1988 2059 2092 2114 Sed
2117 2074 2265 2114 more
2294 2074 2392 2114 suo
2415 2061 2887 2128 interrogationem
2918 2060 3213 2129 permittit,
3245 2074 3567 2130 responsura

1986 2166 2105 2220 quas
2135 2160 2446 2221 competunt
2481 2169 2493 2203 :
2530 2151 2711 2221 Legem
2739 2152 2913 2205 statuit
2947 2153 3018 2205 ei.
3052 2151 3151 2206 Iste
3176 2160 3257 2206 est
3290 2167 3448 2221 quem
3478 2167 3566 2207 γοα

1988 2242 2129 2295 lebat
2177 2243 2503 2310 exprimere.
2551 2241 2689 2297 Dicit
2730 2242 3009 2297 hominem
3060 2244 3332 2313 accepisse
3371 2244 3566 2314 legem,

1987 2336 2071 2388 cui
2095 2335 2218 2389 ideo
2249 2335 2414 2390 voluit
2445 2343 2644 2390 metum
2671 2336 2928 2405 adjicere,
2953 2351 3020 2390 ne
3053 2347 3235 2405 posset
3278 2337 3378 2391 sub
3418 2338 3569 2406 igno~

1987 2427 2176 2481 rantiae
2207 2425 2495 2480 securitate
2526 2439 2771 2495 peccare.
2816 2425 2883 2481 In
2914 2428 2993 2482 via
3023 2444 3175 2495 quam
3202 2428 3370 2498 elegit,
3408 2429 3459 2483 id
3486 2439 3567 2486 est

1988 2521 2040 2575 in
2072 2519 2354 2574 sanctitate
2388 2519 2669 2588 pr0positi.

2054 2630 2203 2685 Vcrs.
2236 2627 2322 2683 12.
2352 2629 2495 2684 Men.
2522 2630 2706 2683 Anima
2732 2632 2842 2701 ejus
2866 2631 2917 2683 in
2943 2631 3088 2685 bonis
3113 2632 3486 2701 demorabitur,
3515 2642 3566 2687 et

1985 2743 2153 2780 semen
2180 2727 2289 2795 ejus
2346 2724 2640 2777 hereditate
2673 2724 2950 2794 possidebit
2998 2736 3207 2778 terram.
3251 2724 3384 2792 Quia
3410 2725 3567 2796 justis

1988 2816 2296 2871 hominibus
2320 2815 2497 2869 exutis
2540 2829 2787 2885 corpore,
2822 2832 2928 2869 non
2960 2818 3137 2870 statim
3170 2815 3409 2888 perfecta
3441 2817 3565 2873 bea-

1988 2909 2157 2964 titudo
2188 2909 2367 2972 datur,
2402 2923 2522 2975 quae
2549 2908 2749 2961 sanctis
2784 2907 2837 2961 in
2872 2909 3265 2963 resurrectione
3291 2909 3562 2976 promitti-

1985 3011 2073 3057 tur
2096 3044 2110 3069 ,
2143 3002 2369 3054 animam
2394 3009 2572 3053 tamen
2604 2999 2721 3069 ejus
2754 2998 2883 3053 dicit
2912 3000 2965 3052 in
3011 3000 3152 3054 bonis
3190 3014 3347 3070 posse
3400 3016 3564 3054 remo-

1986 3094 2114 3155 rari,
2146 3089 2398 3161 quoniam
2421 3088 2521 3141 etsi
2551 3087 2727 3141 adhuc
2751 3087 2970 3156 praemia
3014 3088 3101 3141 illa
3132 3101 3389 3157 suspensa
3416 3096 3564 3150 sunt,

1910 3215 1954 3276 Ο
1985 3196 2099 3249 qute
2122 3198 2210 3233 ttrc
2237 3178 2415 3233 orulus
2438 3179 2582 3241 vidit,
2604 3193 2693 3231 nec
2721 3180 2862 3231 auris
2889 3180 3103 3243 audivit,
3136 3195 3225 3231 nec
3262 3180 3315 3231 in
3349 3196 3436 3232 cor
3466 3180 3556 3233 Iw-

1987 3272 2139 3344 minis
2160 3272 2384 3325 ascendit
2406 3269 2455 3341 (l
2484 3266 2601 3323 Cor.
2636 3284 2695 3335 ll,
2725 3269 2780 3339 9)
2807 3286 2819 3333 ;
2853 3269 3012 3323 modo
3042 3278 3218 3324 tamen
3247 3270 3408 3324 futuri
3441 3286 3564 3339 prte-

1987 3362 2078 3417 mii
2106 3359 2406 3415 certissima
2432 3360 2543 3428 spei
2572 3359 2930 3415 delectatione
2962 3369 3272 3427 pascuntur.
3291 3361 3562 3431 Sequitur,

1987 3468 2034 3510 et
2059 3469 2228 3508 semen
2252 3454 2360 3522 ejus
2404 3451 2701 3506 Iucreditate
2725 3454 3003 3520 possidebit
3034 3461 3243 3506 terram.
3288 3454 3427 3508 Istud
3453 3454 3561 3524 jam

1988 3543 2223 3599 futurum
2256 3543 2530 3613 praemium
2564 3544 2805 3598 absolute
2837 3544 3118 3614 signiﬁcat,
3162 3545 3374 3614 quando
3398 3562 3564 3599 semen

1987 3638 2125 3707 ejus,
2155 3638 2204 3691 id
2236 3646 2321 3692 est
2343 3652 2502 3707 opera
2519 3638 2653 3691 bona
2676 3637 2784 3707 85
2814 3638 2864 3690 in
2897 3646 3093 3691 retenta
3122 3637 3407 3693 securitate
3430 3637 3564 3692 reci-

1988 3733 2219 3801 pientur,
2254 3739 2311 3785 et
2336 3729 2605 3797 possessio
2629 3730 2745 3797 ejus
2790 3731 2932 3783 nulla
2975 3731 3197 3784 ulterius
3245 3730 3563 3800 expulsionc

1988 3824 2311 3879 turbabitur.
2347 3822 2444 3889 Qui
2498 3823 2638 3876 enim
2685 3822 2887 3890 aliquid
2941 3838 3003 3875 ex
3040 3821 3351 3877 haereditate
3398 3829 3562 3889 tenet,

1988 3913 2290 3968 ﬁrmissima
2320 3912 2659 3981 posseSsione
2688 3914 2970 3981 gloriatur.

2063 4005 2211 4058 Vers.
2256 4005 2341 4058 l3.
2386 4003 2520 4058 Nox.
2563 4001 2963 4056 Firmamentum
2995 4014 3067 4056 est
3099 4004 3341 4057 Dominus
3369 4006 3553 4057 limen-

1989 4096 2117 4151 tibus
2144 4112 2274 4161 eum,
2315 4105 2362 4148 et
2395 4104 2745 4149 testamentum
2783 4096 2940 4161 ipsius
2964 4108 3019 4148 ut
3062 4098 3409 4164 manifestatur
3437 4095 3563 4148 illis.

1990 4194 2045 4243 In
2079 4190 2178 4243 hoc
2208 4187 2469 4242 versiculo
2500 4187 2781 4255 diligenter
2809 4187 3140 4241 credentium
3173 4189 3380 4241 animos
3409 4202 3564 4242 men-

1990 4291 2175 4349 tesque
2208 4280 2496 4333 rohoravit.
2551 4278 2729 4332 Primo
2777 4279 2901 4346 quia
2961 4279 3185 4331 humana
3235 4280 3569 4332 consuetudo

1990 4370 2259 4426 mutabilis
2283 4379 2386 4433 est,
2416 4371 2787 4435 ﬁrmamentum
2820 4370 2936 4437 ejus
2963 4368 3237 4421 Dominum
3266 4370 3397 4424 dicit
3426 4370 3567 4424 fulu-

1988 4478 2129 4525 rnm,
2162 4471 2220 4515 ut
2248 4460 2314 4514 de
2341 4474 2398 4515 se
2420 4459 2664 4513 dubitare
2689 4473 2791 4512 non
2818 4458 3033 4524 debeat,
3064 4473 3184 4512 cum
3219 4461 3308 4512 tali
3342 4461 3567 4527 promis.

1990 4553 2138 4607 sione
2168 4552 2445 4607 solidatur.
2495 4550 2598 4606 Sed
2634 4550 2751 4604 vide
2774 4551 2915 4621 quod
2952 4549 3081 4603 dicit
3111 4551 3401 4604 timentibus
3430 4568 3566 4604 eum.

1992 4643 2093 4697 Ista
2142 4643 2284 4697 cnim
2334 4640 2577 4707 superbis
2621 4650 2675 4694 et
2717 4640 3004 4694 audacibus
3054 4656 3157 4693 non
3190 4642 3468 4710 promittit.
3507 4644 3570 4699 Et

1994 4736 2203 4791 intuere
2232 4751 2389 4803 quam
2418 4734 2521 4786 vim
2550 4732 2780 4787 habeant
2804 4732 2964 4788 verba
2986 4732 3268 4801 disposita.
3298 4734 3572 4789 llutnanus

1995 4828 2153 4881 timor
2176 4826 2526 4879 difﬁdentiam
2559 4824 2779 4889 tribuit,
2807 4824 3017 4879 divinus
3046 4835 3223 4880 autem
3249 4828 3362 4895 spei
3396 4830 3573 4879 ﬁrma-

1996 4928 2171 4972 menta
2200 4916 2466 4971 conoedit.
2502 4915 2807 4971 Secundum
2840 4916 2983 4971 istud
3011 4927 3094 4971 est
3121 4917 3572 4986 atnplcctendutn,

1996 5013 2258 5081 nimisque
2289 5010 2673 5074 necessarium,
2707 5020 2764 5064 ut
2820 5011 2901 5065 lex
2934 5013 3053 5078 ejus
3080 5011 3244 5079 ipsius
3273 5012 3426 5065 nobis
3458 5026 3572 5064 mu-

1996 5121 2122 5161 nere
2171 5107 2495 5167 declaretur,
2529 5104 2643 5157 sine
2688 5118 2792 5171 quo
2835 5117 2933 5157 nec
2960 5102 3257 5172 intelligere
3286 5102 3574 5170 quidquam

1998 5197 2123 5251 boni
2157 5192 2471 5262 possumus,
2491 5209 2590 5248 nec
2620 5195 2878 5264 perlicere
2907 5193 3170 5248 laudanda
3202 5195 3573 5262 prazvalentus.

2070 5285 2224 5341 Vers.
2263 5286 2345 5339 Η.
2386 5285 2624 5340 ἕψεαι.
2663 5284 2813 5338 Oculi
2834 5287 2929 5338 mei
2949 5302 3144 5357 semper
3169 5286 3239 5337 ad
3270 5284 3573 5352 Dominum,

2001 5380 2244 5449 quoniam
2271 5380 2378 5448 ipse
2408 5378 2581 5431 evellet
2613 5377 2676 5431 de
2704 5377 2882 5448 laqueo
2905 5377 3055 5447 pedes
3082 5394 3239 5433 meos.
3273 5378 3395 5432 Post
3427 5386 3576 5432 ante-

1997 5472 2101 5523 lata
2134 5471 2348 5538 praemia
2387 5468 2686 5534 beatorum,
2723 5484 2862 5523 nunc
2887 5468 3393 5539 contemplationem
3423 5481 3576 5523 suam

1998 5564 2161 5619 fuisse
2183 5563 2313 5620 dicit
2343 5577 2551 5632 semper
2578 5563 2642 5616 ad
2669 5562 2970 5617 Dominum.
3000 5562 3366 5616 Pulcherrime
3396 5569 3577 5617 autem

1997 5657 2335 5725 cognoscitur
2357 5655 2469 5709 ltmc
2497 5655 2628 5708 facta
2656 5654 2960 5709 diversitas.
2991 5654 3137 5709 Solet
3163 5653 3305 5709 enim
3336 5654 3426 5723 qui
3456 5663 3579 5711 ante

2000 5749 2162 5812 pedes
2192 5763 2316 5801 su0s
2361 5764 2463 5801 non
2493 5746 2728 5800 intuetur
2749 5786 2763 5808 ,
2810 5746 2860 5799 in
2908 5745 3127 5815 laqueos
3153 5760 3378 5811 Irruere,
3409 5755 3500 5797 aut
3525 5743 3579 5799 in

2001 5838 2273 5892 foveatum
2317 5840 2490 5891 hiatus
2520 5837 2773 5892 incidere.
2811 5836 2919 5891 Hoc
2959 5846 3136 5890 autem
3180 5837 3492 5891 mirabiliter
3523 5840 3580 5894 et
