4030 6172
286 340 388 399 181

1217 328 1583 387 EXPOSITIO
1627 327 1691 384 IN
1729 324 2195 384 PSALTERIUM.
2241 325 2433 383 PSAL.
2474 325 2641 385 XXV.

3452 324 3556 385 I82

284 453 555 511 veraciter
594 450 795 508 dictum
826 454 932 517 est,
976 446 1096 518 quia
1130 445 1175 500 si
1197 456 1353 501 caute
1383 443 1737 509 ambulemus,
1782 456 1875 511 pe-
1905 442 1959 501 Α
1983 440 2258 497 offeratur.
2308 440 2656 511 Subjungitur
2684 455 2844 497 causa
2877 438 3167 511 probabilis
3204 454 3309 511 qua
3338 438 3559 511 petitio-

284 550 494 617 desque
525 553 741 601 nostros
785 542 1116 611 dirigamus,
1161 538 1210 593 si
1255 537 1321 592 ad
1353 536 1636 592 Dominum
1679 532 1875 602 jugiter

286 639 479 695 oculos
500 637 802 699 elevemus,
832 633 1081 703 quoniam
1106 631 1196 686 ille
1217 636 1493 699 respectus
1516 627 1583 682 ab
1605 626 1749 680 omni
1781 637 1878 677 nos

292 730 593 786 oﬂ'ensione
626 725 802 781 reddit
830 725 1033 777 alienos

363 820 523 874 Vers.
558 817 643 871 15.
676 819 797 873 Ani.
830 812 1043 884 Respice
1071 813 1124 865 in
1156 828 1251 878 me,
1275 821 1322 865 et
1349 812 1585 863 miserere
1608 808 1724 873 mei,
1754 819 1881 873 quo-

293 917 435 969 niam
463 912 648 965 unicus
677 918 724 963 et
762 924 953 979 pauper
992 924 1104 959 sum
1128 922 1243 975 ego.
1266 904 1499 974 Egregia
1533 902 1630 955 sibi
1667 913 1882 966 compa-

292 1009 508 1063 ratione
540 1002 848 1071 respondet,
904 1002 1024 1070 quia
1073 999 1318 1068 superius
1365 996 1528 1061 dixit,
1583 992 1731 1046 Oculi
1786 991 1884 1044 mei

294 1113 497 1166 seraper
518 1095 586 1147 ad
610 1093 904 1157 Dominum,
925 1105 1066 1145 nunc
1086 1089 1240 1152 dicit,
1275 1087 1484 1156 Respice
1508 1087 1675 1148 inme,
1700 1097 1886 1154 quem—

294 1189 590 1245 admodum
618 1200 719 1256 ego
746 1184 801 1237 in
837 1193 910 1248 te,
938 1191 985 1235 et
1037 1182 1271 1234 miserere
1324 1179 1441 1231 mei.
1491 1178 1621 1231 Nam
1674 1174 1763 1243 qui
1819 1174 1883 1225 ad

296 1281 451 1336 illum
484 1293 700 1347 semper
730 1274 974 1339 respicit,
1005 1272 1169 1341 exigit
1194 1282 1249 1325 ut
1290 1286 1410 1325 etim
1459 1268 1745 1322 miseratus
1772 1266 1887 1333 ipse

296 1372 579 1442 respiciat.
609 1367 829 1423 Addidit
868 1379 1083 1435 quoque
1114 1361 1497 1417 misericordia:
1527 1358 1885 1428 amplissimas

297 1477 518 1525 causas,
548 1458 761 1530 quando
792 1458 976 1511 unicus
997 1458 1115 1526 plus
1136 1464 1367 1518 amatur,
1394 1454 1748 1523 pauperrimus
1773 1450 1888 1519 plus

298 1540 538 1611 doletur.
569 1552 723 1621 Quod
766 1552 836 1606 de
882 1564 1105 1620 persona
1142 1547 1434 1603 Christiani
1464 1546 1642 1617 populi
1687 1560 1890 1599 conve-

299 1647 521 1702 nienter
547 1644 675 1698 dicit
705 1642 943 1697 Ecclesia
969 1680 984 1705 ,
1019 1640 1107 1710 qui
1138 1643 1316 1693 unicus
1348 1647 1429 1693 est
1459 1638 1530 1703 ei,
1579 1636 1699 1706 quia
1745 1638 1889 1691 solus

300 1734 517 1790 veracis
544 1732 669 1787 fidei
713 1738 1046 1785 sacramenta
1077 1728 1329 1784 custodit.
1364 1726 1606 1796 Pauper,
1638 1728 1886 1796 quoniam

1981 549 2104 589 nem
2149 549 2301 588 suam
2353 534 2602 602 consequi
2654 532 2960 595 debuisset,
3014 533 3266 602 quoniam
3312 533 3563 585 invocavit

1986 626 2292 680 Dominum.
2346 624 2550 679 Revera
2600 640 2702 678 non
2761 634 2997 679 meretur
3041 625 3394 690 erubescere,
3443 637 3562 692 qua:

1982 732 2129 785 spem
2157 730 2304 769 suam
2358 714 2695 783 cognoscitur
2744 715 2793 767 in
2846 722 2990 767 tanta
3046 715 3241 769 virtute
3289 714 3558 782 posuisse.

1984 806 2158 875 Ipsum
2190 806 2331 859 enim
2356 803 2791 874 elegitinvocare,
2824 804 2912 871 qui
2946 804 3115 858 nescit
3146 804 3232 872 pie
3259 803 3565 872 supplican-

1989 905 2067 947 tes
2093 892 2341 963 abjiccrc.

2006 1032 2013 1036 .
2059 986 2214 1039 Vers.
2236 984 2323 1040 ‘20.
2352 984 2488 1038 Tan.
2530 983 2832 1037 Innocenles
2854 992 2899 1037 et
2925 984 3048 1036 recti
3068 983 3387 1038 adiuuerunt
3419 985 3566 1049 mihi,

1987 1077 2224 1144 quiniam
2273 1076 2493 1127 sustinui
2538 1085 2616 1139 te,
2658 1074 2897 1129 Domine.
2955 1072 3298 1141 Innocentes,
3346 1076 3559 1142 quidam

1992 1166 2291 1235 intelligunt
2334 1166 2586 1234 parvulos
2612 1180 2766 1221 sacro
2816 1166 3135 1233 baptismate
3178 1176 3564 1235 regeneratos,

1991 1260 2077 1329 qui
2106 1260 2278 1313 adhuc
2310 1260 2466 1312 nullis
2489 1259 2770 1313 mundanis
2792 1260 3291 1315 conversationibus
3320 1260 3564 1328 polluun-

1994 1363 2099 1413 tur,
2129 1352 2220 1407 sed
2251 1355 2301 1405 in
2329 1353 2441 1421 ipsa
2464 1352 2748 1407 sanctitate
2778 1360 3075 1418 transeunt,
3104 1367 3265 1422 quam
3297 1351 3568 1421 suscipere

1996 1451 2323 1499 meruerunt.
2359 1442 2540 1496 Rectos
2564 1452 2739 1497 autem
2768 1443 2887 1496 illos
2912 1443 3081 1512 accipi
3113 1443 3319 1509 volunt,
3348 1442 3438 1512 qui
3460 1442 3571 1510 jam

1994 1546 2200 1591 matura
2230 1543 2386 1588 relate
2417 1534 2687 1601 conversi,
2718 1535 2897 1589 divino
2919 1550 3142 1591 munere
3168 1550 3198 1588 a
3231 1543 3571 1604 peccatorum

1995 1638 2120 1684 sunt
2151 1627 2351 1697 laqueis
2380 1627 2630 1681 absoluti.
2663 1626 2770 1683 Sed
2802 1643 2921 1682 cum
2946 1628 3241 1683 dixerimus
3270 1626 3571 1682 Ecclesiam

1996 1722 2155 1775 variis
2189 1719 2463 1773 hominum
2493 1718 2733 1774 moribus
2759 1734 2882 1775 esse
2923 1721 3272 1790 completam,
3301 1719 3574 1789 quomodo

301 1842 332 1881 a
352 1826 544 1880 mundi
566 1822 838 1879 illecebris
863 1831 1195 1891 segregatus,
1221 1820 1364 1874 nulla
1392 1819 1573 1874 saeculi
1598 1817 1890 1872 ambitione
1928 1818 1966 1873 Β
2000 1812 2085 1865 hic
2116 1812 2244 1865 dicit
2270 1818 2499 1877 tantum,
2523 1812 2809 1864 innocentes
2837 1818 2883 1865 et
2912 1813 3035 1865 recti
3063 1812 3385 1865 adhwserunt
3412 1810 3538 1864 mihi
3556 1853 3573 1877 .

303 1915 542 1973 refertus
567 1923 668 1969 est.

380 2006 540 2062 Vera.
570 2008 656 2061 16.
687 2006 821 2060 Pus.
875 2003 1250 2059 Tribulationes
1299 2002 1470 2055 cordis
1518 2000 1616 2053 mei
1666 1999 1896 2054 dilatata:

304 2110 427 2155 sunt
458 2114 477 2151 .'
508 2098 571 2152 de
616 2096 997 2149 necessitatibus
1042 2095 1165 2147 meis
1217 2094 1351 2162 eripe
1397 2107 1494 2145 me.
1543 2092 1765 2144 Dilalata
1814 2098 1898 2144 cst

306 2190 573 2248 Ecclesia:
592 2189 888 2251 tribulatio,
913 2187 1037 2241 dum
1061 2186 1413 2255 cogitationes
1439 2199 1563 2239 suas
1589 2198 1682 2252 per
1710 2182 1895 2237 mundi

305 2281 668 2347 calamitates,
724 2279 811 2332 ubi
859 2286 942 2331 est
990 2276 1282 2341 seminata,
1338 2274 1613 2330 distendit.
1666 2273 1898 2328 Necesse

305 2383 397 2429 est
422 2374 567 2428 enim
598 2380 654 2424 ut
677 2371 896 2437 capiuso
924 2368 1065 2422 fasce
1094 2367 1448 2437 deprimatur,
1477 2365 1567 2433 qui
1591 2380 1688 2434 pro
1711 2364 1896 2419 multis

308 2464 588 2533 affligitur.
627 2460 701 2514 De
737 2458 1117 2512 necessitatibus
1156 2457 1298 2511 enim
1350 2457 1501 2523 dicit,
1548 2470 1680 2526 quas
1709 2471 1898 2525 perse-

307 2565 560 2611 cutorum
610 2562 770 2621 atque
814 2550 1184 2603 haereticorum
1230 2548 1529 2617 pltiebatur
1579 2547 1807 2601 insidiis.
1836 2546 1900 2602 lli

308 2656 441 2702 sunt
483 2646 628 2699 enim
678 2644 769 2712 qui
815 2656 1001 2696 necem
1050 2640 1248 2695 inferre
1290 2640 1512 2709 cupiunt
1555 2639 1899 2695 Christianis.

310 2740 452 2797 Suas
482 2738 626 2791 enim
667 2745 813 2790 recte
838 2734 1049 2788 dicebat
1074 2773 1090 2799 ,
1118 2746 1252 2802 quas
1291 2732 1479 2787 studio-
1507 2732 1784 2786 charitatis
1813 2748 1900 2787 as-

310 2835 639 2897 sumpserat.

390 2921 550 2975 Vers.
588 2919 673 2971 17.
703 2916 869 2971 lane.
903 2915 1032 2969 Vide
1058 2915 1395 2968 humilitatem
1422 2930 1582 2967 meam
1609 2924 1655 2967 et
1683 2914 1905 2968 laborem

313 3028 522 3072 meum,
568 3019 612 3061 et
643 3009 838 3059 dimitte
864 3007 1035 3059 omnia
1084 3016 1292 3075 peccata
1343 3022 1471 3058 mea.
1514 3004 1671 3071 Vide,
1723 3006 1772 3059 id
1820 3014 1903 3060 est

317 3102 591 3172 propitius
641 3102 869 3169 respice.
928 3098 1207 3153 Ilumilitas
1252 3108 1336 3152 est
1384 3107 1559 3153 autem
1612 3100 1903 3164 Ecclesiae,

318 3193 539 3265 quando
569 3191 993 3259 indisciplinatos
1036 3201 1089 3244 et
1133 3205 1324 3258 pravos
1368 3190 1613 3275 docendo
1654 3191 1902 3254 sustinet,
1934 3176 1981 3238 C

318 3294 374 3339 et
407 3293 579 3339 tecros
604 3294 763 3351 atque
790 3283 1024 3334 latentes
1053 3280 1249 3349 patitur
1274 3279 1457 3333 divino
1481 3280 1745 3333 reservari
1766 3279 1909 3349 judi.

320 3378 430 3431 cio.
466 3374 634 3427 Labor
679 3374 818 3425 enim
852 3371 1019 3440 ipsius
1050 3379 1165 3435 est,
1210 3371 1332 3440 quia
1366 3370 1548 3424 multis
1580 3371 1907 3439 persecutio-

323 3467 486 3519 nibus
538 3463 810 3531 multaque
860 3462 1205 3515 contentione
1257 3461 1537 3528 fatigatur;
1590 3471 1641 3514 ct
1700 3477 1911 3530 semper

323 3570 615 3627 pravorum
645 3552 1037 3621 objectiouibus
1066 3553 1313 3607 lacessita
1345 3592 1359 3618 ,
1408 3554 1552 3607 nulla
1602 3553 1686 3606 hic
1713 3562 1909 3620 o;=tata:

326 3648 478 3717 pacis
509 3646 696 3715 requie
722 3644 1065 3711 conquiescit.
1103 3644 1294 3698 Merito
1320 3659 1449 3713 ergo
1480 3657 1598 3713 post
1622 3656 1763 3698 tanta
1791 3661 1911 3713 qua:

328 3738 559 3806 patitur,
596 3736 795 3789 remitti
824 3734 925 3787 sibi
952 3744 1165 3804 peccata
1198 3737 1376 3789 omnia
1406 3736 1724 3804 deprecatur
1747 3778 1761 3801 ,
1789 3738 1910 3805 quia

328 3832 432 3899 pia:
466 3830 764 3883 tolerantiae
814 3828 1133 3883 όυιίεεὶηιυε
1164 3828 1313 3883 labor
1348 3831 1685 3885 clementiam
1713 3831 1911 3901 judicis

328 3935 542 3985 semper
564 3927 859 3989 exSpectat.

404 4012 556 4067 Vers.
612 4013 700 4067 18.
743 4011 871 4067 Res.
918 4011 1131 4081 Respice
1167 4013 1400 4067 inimicos
1442 4030 1575 4066 meos
1604 4052 1618 4079 ,
1671 4015 1916 4081 quoniam

329 4103 661 4171 multiplicati
688 4110 827 4166 sunt,
870 4112 915 4155 et
948 4104 1064 4155 odio
1092 4104 1268 4167 iniquo
1291 4104 1505 4158 oderunt
1531 4119 1628 4157 me.
1660 4104 1911 4169 Dicendo,

328 4197 551 4263 Respice
582 4196 813 4248 inimicos
842 4211 1018 4258 meas,
1067 4208 1163 4262 pro
1205 4195 1335 4263 ipsis
1384 4207 1523 4259 orat,
1581 4205 1637 4249 ut
1696 4197 1919 4251 redi-ant

330 4286 453 4359 ints.
473 4288 563 4349 A.,
582 4285 668 4351 B.,
692 4283 787 4349 F.,
806 4284 1046 4355 crednt]
1068 4303 1079 4338 :
1099 4285 1222 4354 quia
1252 4301 1386 4355 quos
1416 4287 1503 4340 ille
1531 4287 1769 4356 respicit,
1800 4288 1917 4342 sine

326 4379 591 4433 dilatione
617 4377 900 4439 convertit,
930 4378 1067 4429 sicut
1095 4376 1147 4429 in
1176 4377 1463 4445 Evangelio
1494 4377 1711 4432 Petrum
1743 4379 1922 4433 Domi-

327 4486 430 4524 nus
457 4468 697 4537 respexit
724 4476 779 4520 ut
809 4466 960 4520 ﬂeret
984 4466 1136 4538 (Luc.
1162 4482 1291 4535 xm,
1321 4469 1433 4537 Gl).
1459 4468 1675 4522 Addidit
1698 4485 1914 4524 causam

2000 1902 2149 1972 quasi
2195 1910 2250 1955 et
2294 1901 2413 1955 illos
2445 1916 2550 1955 non
2592 1901 2783 1955 habeat
2832 1902 3127 1971 permixtos
3179 1905 3269 1971 qui
3317 1901 3577 1969 improbis

2001 1992 2241 2047 moribus
2288 1992 2632 2060 polluuntur?
2676 1992 2784 2048 Sed
2833 1993 3116 2047 considera
3169 1992 3376 2061 pondus
3424 1991 3575 2046 verbi

2000 2088 2187 2153 istius,
2240 2096 2295 2141 ut
2323 2088 2611 2141 innocentes
2654 2098 2699 2141 et
2744 2098 2903 2141 rectos
2944 2088 3218 2141 adluesisse
3264 2087 3367 2142 sibi
3416 2087 3579 2151 dicat,

2002 2189 2253 2247 tanquam
2285 2180 2360 2233 illi
2388 2179 2585 2234 fuerint
2614 2180 2801 2235 sociali
2830 2189 2987 2250 atque
3018 2180 3362 2249 conglutinati
3390 2221 3404 2243 ,
3434 2180 3577 2249 quod

2002 2271 2069 2325 ab
2103 2284 2327 2343 utraque
2360 2281 2510 2342 parte
2542 2289 2751 2326 morum
2807 2272 3044 2342 probitas
3076 2274 3289 2328 videtur
3335 2272 3571 2328 efﬁcere.

2004 2366 2215 2435 Reliqui
2245 2375 2420 2420 autem
2449 2380 2566 2420 cum
2598 2366 2783 2421 labore
2812 2366 3023 2421 tolerati
3054 2374 3176 2419 sunt
3208 2368 3382 2434 potius
3425 2380 3579 2434 quam

2003 2458 2365 2511 adhaeserunt.
2395 2457 2632 2512 Sustinui
2656 2472 2783 2513 vero
2809 2458 2959 2523 dicit,
3003 2458 3231 2512 viriliter
3262 2473 3415 2527 passa
3462 2472 3581 2511 sum

2005 2547 2058 2601 in
2112 2545 2213 2601 hoc
2258 2546 2457 2601 mundo
2490 2548 2795 2617 frequentes
2824 2549 3127 2617 angustias;
3179 2548 3273 2602 sed
3317 2564 3419 2602 una
3451 2550 3581 2605 mihi

2006 2637 2104 2692 fuit
2128 2638 2447 2705 consolatio,
2480 2648 2526 2691 te
2556 2636 2831 2693 Dominum
2852 2642 3117 2693 sustinere.
3153 2641 3217 2694 Et
3247 2641 3451 2710 inspice
3473 2640 3577 2694 vim

2006 2746 2195 2786 versus
2234 2731 2388 2785 istius
2409 2775 2423 2799 ,
2473 2732 2593 2800 quia
2628 2734 2920 2787 innocentes
2948 2745 2992 2788 et
3020 2745 3182 2788 rectos
3212 2734 3331 2789 ideo
3363 2735 3463 2790 sibi
3489 2739 3583 2788 ad-

2006 2822 2213 2877 haesisse
2248 2822 2397 2891 dicit,
2427 2823 2677 2891 quoniam
2722 2826 2963 2877 sustinuit
3005 2826 3319 2892 Dominum;
3353 2828 3583 2896 alioquin

2009 2927 2112 2967 non
2143 2922 2353 2983 poterat
2382 2913 2517 2968 tales
2544 2928 2753 2979 amare,
2788 2915 2887 2969 nisi
2918 2926 2969 2970 et
3000 2916 3111 2986 ipsa
3143 2916 3211 2971 de
3256 2925 3397 2971 tanta
3432 2917 3583 2972 vide-

2009 3018 2157 3062 retur
2191 3007 2441 3061 lirmitute
2471 3021 2820 3076 praesumere.

2081 3100 2237 3154 Vers.
2265 3098 2356 3151 21.
2389 3098 2603 3153 Redime
2629 3115 2740 3165 me,
2775 3099 2913 3154 Deus
2942 3100 3131 3167 Israel,
3162 3118 3225 3156 ea:
3245 3105 3473 3158 omnibus
3492 3121 3587 3157 an-

2013 3191 2192 3261 gustiis
2216 3195 2357 3243 meis.
2378 3190 2508 3243 Cum
2533 3189 2663 3244 dicit
2692 3190 2906 3244 Redime
2936 3208 3033 3259 me,
3061 3192 3346 3249 adventum
3378 3196 3586 3250 Domini

2012 3282 2302 3337 Sa'vatoris
2349 3283 2608 3351 exposcit,
2656 3280 2811 3351 cujus
2854 3284 3111 3353 sanguine
3162 3284 3473 3355 redempta,
3526 3288 3591 3342 de

2014 3374 2280 3429 diabolica
2309 3382 2392 3427 est
2420 3373 2729 3443 captivitate
2755 3372 2997 3428 liberata.
3022 3375 3163 3429 Deus
3186 3374 3376 3444 Israel,
3408 3378 3459 3433 id
3483 3388 3592 3446 est,

2015 3467 2155 3519 Deus
2207 3476 2258 3519 te
2289 3466 2602 3531 videntium,
2633 3466 2753 3535 quia
2797 3466 2944 3535 ipsos
2990 3482 3176 3524 revera
3220 3480 3400 3539 gratos
3433 3470 3592 3531 habet

2014 3558 2207 3627 quibus
2256 3566 2600 3626 conspectum
2651 3571 2760 3611 sua:
2810 3559 3277 3627 contemplationis
3330 3560 3589 3631 indulget.

2014 3654 2391 3724 Subjungeudo
2416 3654 2581 3720 enim,
2604 3652 2685 3707 Ex
2707 3654 2938 3708 omnibus
2954 3657 3203 3727 angustiis
3226 3656 3369 3722 meis,
3400 3656 3597 3711 nullam

2019 3747 2068 3799 in
2102 3761 2159 3800 se
2212 3745 2473 3799 maculam
2519 3744 2790 3799 desiderat
2837 3745 3087 3811 inveniri,
3134 3748 3387 3816 quoniam
3443 3745 3599 3801 aliter

2017 3837 2233 3891 Christo
2261 3852 2365 3890 non
2400 3842 2577 3903 potest
2603 3836 2853 3905 conjungi
2884 3846 3069 3892 sancta
3093 3852 3307 3906 sponsa,
3343 3836 3447 3892 nisi
3476 3836 3594 3891 fue-

2018 3931 2106 3994 rit,
2138 3934 2193 3979 ut
2217 3925 2418 3980 dictum
2448 3933 2551 3991 est,
2592 3927 2710 3979 sine
2740 3926 2943 3980 macula
2970 3933 3025 3981 et
3053 3942 3203 3997 ruga.

2555 4040 2824 4094 Conclusio
2862 4042 3065 4111 psalmi.

2096 4152 2385 4205 Audiamus
2412 4150 2859 4219 quemadmodum
2884 4148 3057 4203 adhuc
3082 4150 3134 4203 in
3158 4151 3417 4218 angustiis
3440 4150 3597 4220 hujus

2023 4245 2201 4297 mundi
2237 4243 2402 4310 posita
2432 4282 2445 4306 ,
2499 4256 2591 4309 per
2637 4252 2802 4295 totum
2834 4241 3093 4309 psalmum
3143 4242 3208 4294 ad
3256 4242 3599 4296 liberatorem

2024 4350 2175 4388 suum
2209 4336 2400 4388 clamet
2444 4336 2709 4398 Ecclesia;
2763 4342 2817 4387 et
2866 4334 3175 4387 desinamus
3228 4333 3601 4389 tribulationes

2026 4436 2233 4480 nostras
2257 4426 2593 4494 impatienter
2615 4425 2777 4488 ferre,
2803 4440 2922 4479 cum
2944 4426 3109 4493 ipsam
3138 4436 3363 4480 matrem
3395 4434 3601 4481 constet

326 4573 431 4627 qua
468 4517 646 4623 pertire
675 4570 779 4608 non
808 4517 1037 4610 debeant
1072 4572 1084 4608 :
1122 4517 1744 4628 Quoniamlmultiplicati
1774 4567 1914 4613 sunt.
1948 4552 1999 4610 D
2025 4518 2440 4628 Pr?

329 4650 489 4705 Pauci
514 4649 660 4701 enim
683 4646 1030 4703 crederentur
1048 4648 1276 4703 fortasse
1302 4652 1599 4717 contemni,
1621 4650 1913 4706 multorum

331 4755 457 4795 vero
488 4738 725 4808 perditio
754 4739 868 4793 siue
894 4739 1127 4792 maximo
1150 4738 1340 4794 dolore
1364 4754 1471 4794 non
1503 4751 1711 4810 poterat
1742 4744 1907 4796 susti.

330 4831 465 4885 neri.
499 4829 778 4897 Sequitur,
812 4829 932 4896 quia
963 4830 1082 4910 odio
1125 4831 1301 4901 iniquo
1333 4832 1552 4885 oderunt
1591 4848 1689 4886 me.
1728 4833 1916 4889 Eccle-

332 4921 461 4974 siam
491 4934 684 4975 revera
715 4920 889 4988 iniquo
915 4920 1037 4972 odio
1064 4921 1275 4974 oderant
1296 4961 1311 4985 ,
1342 4923 1467 4991 quia
1495 4922 1620 4977 dum
1652 4939 1747 4991 pro
1779 4925 1911 4992 ipsis

332 5016 636 5066 orationem
669 5009 945 5077 funderet,
999 5012 1073 5065 illi
1118 5022 1297 5067 tamen
1329 5029 1445 5068 eam
1478 5016 1725 5083 persequi
1772 5018 1916 5071 nulla

334 5102 735 5158 intermissione
772 5103 1075 5157 cessabant.
1109 5104 1175 5157 Et
1198 5104 1318 5159 ideo
1343 5105 1546 5159 addidit
1570 5108 1689 5159 odio
1718 5108 1915 5177 iniquo,

334 5195 453 5264 quia
486 5209 609 5248 esse
642 5195 850 5247 videtur
874 5202 926 5248 et
949 5193 1151 5262 justum
1178 5236 1193 5260 ,
1222 5194 1359 5250 sicut
1390 5207 1443 5250 ct
1470 5198 1593 5251 illud
1634 5216 1645 5249 :
1682 5197 1918 5268 Perfecto

334 5290 450 5341 odio
476 5286 686 5339 oderam
711 5284 828 5338 illos
855 5283 1026 5353 (Psal.
1058 5300 1315 5353 cxxxvul,
1346 5287 1461 5355 2‘2).

408 5379 565 5435 Vera.
598 5378 684 5432 19.
726 5378 839 5432 δικ.
872 5376 1081 5433 Custodi
1110 5380 1331 5433 animam
1364 5398 1524 5435 nteant
1553 5394 1602 5437 et
1632 5385 1770 5452 eripe
1800 5403 1875 5438 me
1897 5402 1915 5438 :

334 5488 435 5527 non
454 5472 773 5543 confundar,
796 5473 1035 5541 quoniam
1061 5473 1287 5526 invocavi
1310 5484 1373 5528 te.
1401 5475 1583 5529 Fidem
1611 5492 1760 5530 suam
1788 5482 1916 5545 petit

337 5562 579 5617 Ecclesia
606 5562 961 5617 rectissimam
985 5564 1261 5627 custodiri,
1288 5574 1342 5618 ut
1370 5574 1578 5619 servata
1602 5582 1630 5620 a
1657 5568 1918 5621 schisma-

336 5656 479 5720 ticis,
511 5655 659 5710 nulla
711 5663 873 5725 queat
926 5656 1278 5724 perversitate
1326 5658 1615 5723 confundi,
1667 5660 1759 5714 sed
1802 5662 1919 5714 sine

340 5748 548 5805 macula
594 5755 649 5802 et
690 5761 818 5816 ruga
860 5747 1071 5815 Spouso
1101 5761 1198 5804 suo
1230 5758 1415 5804 ornata
1465 5750 1584 5805 lidei
1640 5751 1919 5805 virtutibus

2024 4618 2197 4663 tcmus
2225 4610 2467 4677 adversa,
2504 4608 2727 4662 Domino
2748 4607 2996 4677 juvante,
3036 4607 3288 4673 viriliter;
3318 4624 3599 4679 speremus

2021 4704 2086 4756 de
2126 4703 2238 4771 ejus
2288 4703 2484 4771 pietate
2514 4709 2856 4767 constanter,
2914 4702 3038 4770 quia
3070 4700 3113 4754 si
3162 4716 3259 4756 nos
3290 4702 3340 4755 in
3374 4701 3600 4771 Sponsa:

2023 4796 2261 4863 partibus
2293 4808 2682 4862 permanemus.
2712 4793 2822 4847 Deo
2853 4793 3134 4862 largiente,
3160 4808 3281 4847 cum
3306 4794 3417 4862 ipsa
3441 4794 3596 4849 simul

2022 4886 2086 4939 ad
2133 4895 2332 4939 aeterna
2380 4884 2572 4953 gaudia
2626 4885 3018 4953 perveniemus.
3068 4884 3335 4939 Numerus
3367 4885 3470 4939 iste
3521 4884 3603 4939 his

2024 4980 2300 5031 duodenns
2350 4977 2600 5046 mysteria
2647 4976 2801 5030 nubis
2850 4993 3080 5044 superna
3131 4978 3409 5043 declarat,
3458 4978 3602 5048 quod

2025 5068 2207 5139 viginti
2253 5077 2481 5136 quatuor
2525 5068 2767 5123 seniores
2818 5068 3098 5122 indefessis
3145 5071 3384 5137 vocibus,
3419 5069 3601 5124 laudes

2024 5159 2250 5213 Domino
2266 5160 2415 5214 suavi
2444 5160 2805 5215 modulatione
2823 5160 3224 5227 concelebrent,
3255 5175 3603 5214 commoncns

2026 5258 2081 5303 ut
2112 5250 2178 5303 ad
2220 5250 2622 5305 similitudinem
2654 5265 2839 5304 eorum
2862 5291 2877 5315 ,
2925 5260 2979 5305 et
3009 5265 3107 5304 nos
3144 5252 3404 5321 psalmum
3440 5248 3603 5303 istum

2028 5342 2359 5415 frequentata
2389 5343 2674 5397 devotione
2702 5351 3002 5397 cantemus.

2306 5454 2669 5510 EXPOSITIO
2712 5455 2773 5509 IN
2814 5453 3137 5509 PSALSIUM
3174 5453 3339 5509 XXV.

2588 5546 2831 5600 Psalmus
2872 5548 3054 5601 David.

2104 5660 2235 5713 Cum
2268 5662 2492 5730 psalmus
2540 5658 2804 5726 signiticet
2835 5660 2885 5713 in
2931 5660 3138 5715 actibus
3188 5661 3386 5718 nostris
3411 5677 3603 5719 conve-

2036 5752 2289 5807 nientiam
2336 5749 2690 5813 spiritualium
2743 5764 2951 5811 rerum,
3006 5751 3171 5807 David
3218 5762 3398 5813 autem
3442 5768 3601 5811 manu
