4030 6172
413 385 511 439 185

1612 391 1681 444 Μ.
1728 400 1765 443 Λ
1778 382 2002 445 UREHl
2044 392 2445 449 CASSIODURF

3563 390 3657 445 133

407 500 557 555 fortis
607 512 764 571 arque
810 500 1205 563 desiderabilis,
1246 509 1383 553 t0tus
1430 500 1512 553 hic
1546 512 1718 557 textus
1747 504 1812 557 ad
1856 520 1974 572 pcr-
2006 514 2049 566 Λ
2082 507 2236 560 orceis
2261 508 2524 562 mentibus
2546 506 2875 561 iuducamur.
2910 506 3053 560 Bene
3078 520 3204 576 ergo
3232 503 3493 574 propheta
3524 504 3653 573 petit

406 597 595 649 fectum
625 597 883 662 aptandus
911 604 992 649 est
1018 594 1380 648 Christianum
1408 636 1421 660 ,
1463 596 1548 663 qui
1598 596 1822 650 Domino
1873 600 1975 650 lar-

403 686 580 752 giente
608 687 940 742 diversorum
973 687 1130 741 laude
1160 687 1472 740 meritorum
1505 688 1554 740 in
1589 687 1828 742 Ecclesia
1858 689 1974 758 ejus

401 778 663 832 constanti
710 778 888 832 animo
938 793 1322 847 perseverans,
1369 779 1557 832 divinis
1602 792 1659 833 se
1702 779 1975 832 beneﬁciis

399 868 726 923 consolatur.
756 869 859 924 Sed
886 881 1058 925 tamen
1081 884 1201 925 cum
1235 871 1354 923 talis
1377 872 1603 940 hymnus
1621 870 1838 934 dicitur,
1872 886 1971 925 ne-

398 974 550 1014 cesse
578 969 659 1015 est
688 971 738 1014 ut
770 961 835 1015 ad
864 961 1130 1015 Christum
1166 961 1445 1015 Dominum
1479 961 1835 1031 intelligentia:
1868 961 1972 1015 vir-

398 1061 509 1107 tute
541 1053 817 1108 referatur.

960 1164 1153 1219 Divisio
1195 1164 1405 1232 psalmi.

465 1274 692 1331 Sanctus
731 1276 832 1331 iste
876 1290 1033 1344 quem
1084 1275 1340 1338 diximus,
1387 1275 1557 1342 primo
1588 1277 1750 1329 modo
1784 1277 1968 1344 psalmi

399 1368 761 1423 innocentiam
789 1383 938 1423 suam
971 1368 1160 1437 reSpici
1192 1367 1533 1435 deprecatur,
1567 1367 1688 1436 quia
1721 1382 1844 1422 cum
1871 1368 1973 1423 ini-

394 1459 511 1527 quis
539 1459 849 1514 hominibus
876 1473 982 1515 non
1021 1457 1206 1513 habuit
1235 1460 1554 1526 portionem.
1579 1457 1827 1513 Secundo
1847 1473 1973 1528 sup-

397 1551 557 1618 plicat
578 1566 647 1607 ne
668 1552 933 1607 haereticis
958 1562 1049 1606 aut
1068 1550 1428 1607 schismaticis
1456 1551 1506 1604 in
1531 1549 1733 1619 judicio
1756 1550 1971 1606 Domini

395 1642 683 1698 misceatur
702 1684 723 1711 ,
750 1643 1009 1712 quoniam.
1031 1642 1249 1697 domum
1280 1641 1397 1710 ejus
1434 1655 1492 1695 se
1522 1641 1779 1697 dilexisse
1808 1651 1972 1697 testa-
2034 1698 2037 1699 ν

393 1744 476 1790 ωε
511 1745 611 1793 est.

930 1849 1198 1920 Expositio
1230 1849 1433 1919 psalmi.

462 1970 616 2025 Vers.
660 1970 710 2023 1.
744 1968 933 2023 Judica
954 1986 1052 2035 me,
1088 1969 1325 2036 Domine,
1358 1974 1596 2039 quoniam
1618 1984 1710 2042 ego
1737 1970 1791 2022 in
1817 1970 1967 2022 inno-

392 2062 555 2115 centia
587 2077 699 2113 mea
727 2061 984 2132 ingressus
1028 2078 1175 2127 sum;
1206 2071 1252 2116 et
1281 2062 1333 2114 in
1374 2060 1596 2115 Domino
1625 2078 1835 2129 sperans
1868 2077 1966 2114 non

390 2154 710 2223 infirmabor.
764 2153 1069 2208 Periculosa
1122 2152 1339 2223 quidem
1380 2153 1563 2222 judicii
1596 2151 1807 2207 videtur
1849 2168 1967 2208 esse

390 2243 594 2310 petitio,
624 2242 717 2297 sed
746 2243 1102 2312 sequestratio
1150 2244 1412 2297 malarum
1440 2283 1455 2309 ,
1500 2258 1620 2312 qua:
1652 2245 1709 2297 ﬁt
1738 2246 1790 2298 in
1840 2260 1967 2299 exa-

390 2336 532 2388 mine
555 2333 787 2399 Domini,
810 2333 1151 2404 cognoscitur
1178 2348 1208 2388 a
1238 2333 1374 2389 bene
1392 2335 1582 2388 merito
1599 2343 1969 2404 competenter

390 2426 585 2495 optari.
608 2424 944 2496 Quapropter
964 2434 1171 2504 nonest
1194 2424 1278 2479 hic
1308 2424 1637 2480 detestabilis
1663 2427 1967 2494 arrogantia

392 2517 703 2573 meritorum
724 2559 739 2586 ,
772 2516 867 2573 sed
891 2515 1036 2586 justa
1067 2516 1254 2586 petitio
1285 2515 1511 2570 ﬁdeliter
1548 2514 1830 2570 servientis
1853 2555 1868 2579 ,
1905 2525 1961 2569 ut

390 2618 753 2679 sequestretur
774 2623 804 2664 a
834 2608 1100 2678 pessimis,
1126 2624 1192 2663 ne
1211 2623 1331 2663 cum
1361 2607 1515 2661 malis
1544 2607 1737 2663 habeat
1767 2607 1969 2677 portio-

392 2715 535 2755 nem.
571 2698 812 2755 Postulat
839 2699 981 2754 enim
1013 2698 1094 2753 vir
1118 2709 1334 2754 sanctus
1361 2697 1561 2768 judicia
1583 2738 1598 2764 ,
1630 2698 1753 2768 quia
1786 2707 1967 2753 certus

391 2801 507 2847 erat
535 2792 603 2847 de
629 2791 745 2862 ejus
784 2791 1182 2858 misericordia,
1215 2792 1353 2846 sicut
1402 2792 1474 2845 ait
1523 2792 1812 2861 Apostolus
1844 2808 1857 2842 :
1894 2790 1968 2845 De

389 2894 569 2938 cwtero
592 2884 818 2952 reposita
847 2890 919 2937 est
946 2881 1072 2935 mihi
1111 2898 1299 2936 corona
1326 2881 1545 2954 justitite
1567 2922 1582 2945 ,
1614 2898 1762 2950 quam
1794 2882 1970 2935 reddet

392 2975 517 3029 milii
544 2975 795 3028 Dominus
821 2976 871 3027 in
894 2972 987 3027 illa
1018 2972 1101 3027 die
1115 2975 1291 3044 justus
1312 2974 1480 3044 judea:
1504 2971 1591 3041 (Il
1621 2972 1755 3025 Tim.
1782 2988 1854 3038 tv,
1886 2973 1965 3042 ts).

389 3069 454 3121 In
486 3063 777 3123 innocentia
806 3081 934 3122 vero
963 3080 1055 3120 sua
1084 3066 1399 3137 ingreditur,
1428 3065 1547 3134 qui,
1582 3065 1717 3119 sicut
1744 3063 1967 3119 inferius

388 3161 535 3227 dicit,
581 3172 751 3229 sperat
781 3160 835 3212 in
865 3158 1104 3222 Domino,
1156 3173 1252 3212 nec
1280 3158 1348 3211 de
1377 3159 1487 3212 suis
1515 3156 1806 3227 quidquam
1839 3158 1965 3211 viri-

2082 599 2263 652 dicens
2290 616 2302 651 :
2342 598 2509 652 Proba
2541 616 2635 663 me,
2668 597 2904 665 Domine,
2929 608 2975 651 et
2999 607 3133 651 tenta
3154 614 3253 661 me,
3288 598 3340 650 in
3374 598 3472 651 ista
3504 606 3654 665 parte

2082 702 2197 755 quae
2230 688 2435 743 Domini
2464 700 2565 755 est,
2600 700 2653 741 ut
2698 704 2803 742 non
2831 689 2882 741 in
2919 688 3059 741 illam
3085 688 3430 741 tentationem
3470 687 3657 741 diabo-

2083 779 2236 833 licam
2287 780 2659 845 induceretur;
2716 780 2802 835 ubi
2832 778 3073 849 sequitur
3107 795 3121 833 :
3152 778 3259 832 Sed
3305 777 3463 831 libera
3506 792 3599 830 nos
3625 794 3657 831 a

2082 872 2220 924 malo
2248 871 2460 941 (Matth.
2492 889 2563 938 v1,
2597 872 2706 942 15),
2736 872 2788 926 id
2820 880 2901 925 est
2929 870 2996 924 ab
3034 870 3150 939 ipso
3180 868 3411 924 diabolo.

2155 962 2308 1016 Vers.
2328 965 2381 1018 5.
2409 963 2662 1029 Quoniam
2693 963 3041 1017 misericordia
3067 970 3153 1014 tua
3177 970 3291 1015 ante
3321 960 3493 1013 oculos
3520 975 3657 1013 meos

2083 1062 2175 1116 est,
2202 1061 2253 1104 et
2274 1053 2561 1121 complacui
2582 1054 2634 1105 in
2662 1054 2868 1107 veritate
2891 1063 2995 1106 tua.
3036 1051 3150 1107 lloc
3178 1060 3293 1105 erat
3320 1051 3460 1105 unde
3488 1059 3655 1104 tenta-

2082 1144 2284 1199 tionum
2332 1145 2561 1214 pericula
2608 1160 2712 1198 non
2762 1144 3014 1210 timebat,
3062 1144 3185 1214 quia
3232 1141 3654 1197 misericordiam

2079 1239 2194 1306 ejus
2226 1253 2331 1293 non
2362 1248 2567 1307 poterat
2596 1238 2859 1292 oblivisci.
2891 1237 3099 1307 Jugiter
3130 1237 3271 1291 enim
3312 1236 3417 1288 sibi
3457 1234 3652 1289 subve-

2080 1331 2180 1385 niri
2209 1329 2353 1394 facit,
2381 1330 2464 1384 cui
2496 1330 2746 1384 collatum
2777 1329 3092 1384 beneﬁcium
3137 1336 3263 1381 ante
3302 1326 3487 1381 oculos
3512 1340 3652 1379 sent-

2079 1437 2173 1491 per
2208 1422 2431 1476 assistit.
2463 1421 2574 1487 Qua
2620 1422 2687 1476 de
2719 1436 2777 1476 re
2821 1422 2981 1476 etiam
3033 1421 3255 1474 Domino
3286 1416 3653 1487 complacuisse

2077 1528 2134 1567 se
2158 1513 2308 1567 dicit.
2342 1512 2671 1581 Complacere
2718 1522 2799 1567 est
2846 1520 3023 1565 autem
3055 1525 3178 1565 cum
3209 1508 3407 1563 sanctis
3439 1507 3649 1560 Domini

2076 1614 2325 1657 aeternam
2371 1604 2593 1673 gratiam
2646 1604 2959 1672 promereri.
2994 1600 3059 1654 In
3088 1602 3332 1664 veritate,
3367 1599 3421 1653 id
3464 1608 3548 1654 est
3594 1599 3649 1652 in

2075 1693 2288 1747 Christo
2320 1705 2429 1759 tuo,
2480 1695 2569 1764 qui
2619 1695 2734 1749 ait:
2766 1693 2876 1766 Ego
2926 1709 3041 1747 sum
3090 1692 3192 1761 via,
3239 1693 3426 1745 veritas
3471 1701 3517 1743 et
3544 1690 3647 1743 vita

2078 1784 2253 1855 (Joan.
2293 1801 2401 1851 xw,
2436 1784 2514 1854 6).
2548 1786 2717 1839 Aliter
2765 1786 2906 1839 enim
2942 1782 3081 1837 Patri
3128 1798 3231 1837 non
3279 1791 3453 1850 potest
3501 1794 3648 1835 com-

1999 1884 2046 1941 B
2076 1878 2307 1946 placere,
2342 1877 2442 1931 nisi
2472 1877 2561 1947 qui
2586 1877 2674 1932 tali
2705 1877 2865 1932 fuerit
2893 1874 3209 1931 credulitate
3241 1874 3497 1927 firmatus.

2151 1969 2301 2023 Vers.
2335 1971 2387 2022 4.
2423 1968 2545 2022 Non
2567 1970 2677 2023 sedi
2710 1970 2765 2022 in
2795 1970 3011 2022 concilio
3047 1968 3305 2033 vanitatis,
3338 1976 3383 2019 et
3412 1981 3525 2018 cum
3550 1966 3646 2017 ini-

2061 2058 2173 2129 ‘qua
2197 2060 2478 2130 gerentibus
2506 2075 2606 2112 non
2634 2059 2874 2113 introibo.
2902 2057 3305 2126 Complacuisse
3335 2069 3394 2109 se
3424 2054 3646 2108 Domino

2072 2153 2280 2221 egregia
2298 2151 2453 2204 nimis
2470 2152 2773 2205 narratione
2790 2150 3046 2204 declarat.
3069 2147 3431 2201 Innocentiam
3448 2146 3644 2215 quippe

2071 2257 2219 2297 suam
2251 2244 2435 2297 nititur
2462 2243 2779 2308 ostendere,
2810 2242 3018 2296 duobus
3048 2241 3290 2295 versibus
3330 2238 3646 2308 refugiendo

2071 2352 2189 2405 quae
2223 2351 2378 2405 prava
2402 2346 2553 2401 sunt;
2585 2336 2704 2389 aliis
2736 2350 2861 2389 vero
2890 2334 3094 2388 duobus
3116 2332 3323 2402 agendo
3353 2346 3470 2401 qum
3498 2340 3647 2386 recta

2070 2438 2211 2481 sunt.
2245 2428 2396 2493 Quod
2417 2437 2785 2497 argumentum
2816 2425 2867 2481 in
2898 2425 3088 2493 topicis
3117 2425 3309 2479 dicitur
3331 2440 3395 2479 ex
3428 2430 3646 2477 contra-

2070 2518 2184 2574 riis.
2219 2519 2504 2573 Concilium
2533 2520 2675 2573 enim
2707 2519 2975 2582 vanitatis,
3023 2526 3077 2573 et
3107 2519 3448 2587 congregatio
3498 2515 3646 2569 iuno-

2070 2612 2301 2666 centium
2323 2611 2541 2665 omnino
2563 2612 2832 2665 contraria
2855 2619 2997 2665 sunt.
3028 2610 3316 2663 Enumerat
3338 2610 3478 2664 enim
3504 2622 3643 2660 nunc

2070 2719 2210 2774 quae,
2244 2702 2469 2757 Domino
2494 2703 2752 2774 largiente
2777 2744 2793 2770 ,
2822 2702 3124 2773 peregerit,
3155 2702 3299 2757 unde
3330 2718 3389 2756 se
3415 2701 3644 2770 compla-

2071 2799 2249 2853 cuisse
2285 2804 2509 2851 testatus
2555 2804 2657 2852 est.
2705 2795 2828 2849 Non
2872 2796 3001 2851 sedit
3047 2796 3100 2849 in
3138 2795 3356 2849 concilio
3388 2794 3644 2856 vanitatis,

2069 2889 2158 2959 qui
2192 2888 2505 2943 tractatibus
2543 2886 2847 2957 iniquorum
2884 2887 3028 2941 nulla
3077 2886 3287 2941 consilii
3319 2884 3401 2939 sui
3434 2884 3645 2955 partici-

2072 2980 2285 3048 patione
2309 2980 2593 3033 consentit.
2620 2978 2761 3033 Fieri
2785 2978 2926 3033 enim
2955 2985 3130 3046 potest
3160 2985 3216 3030 ut
3244 2975 3405 3031 homo
3434 2985 3646 3030 sanctus

2072 3085 2201 3124 casu
2245 3071 2422 3140 aliquo
2471 3070 2536 3124 ad
2562 3069 2843 3124 concilium
2870 3069 3045 3123 veniat
3093 3069 3411 3138 iniquorum,
3446 3067 3537 3121 ubi
3565 3066 3646 3119 vel

2070 3156 2366 3231 incongrua
2386 3162 2467 3217 vel
2490 3178 2627 3217 vana
2655 3162 2978 3217 referuntur.
3006 3161 3112 3216 Sed
3140 3161 3263 3215 dum
3292 3161 3416 3214 talia
3445 3174 3643 3228 cogno-

388 3254 509 3317 bus,
531 3251 623 3306 sed
652 3252 719 3305 de
740 3250 916 3304 divina
943 3250 1183 3319 largitate
1206 3251 1498 3317 praesumit.
1524 3251 1777 3320 Sequitur
1808 3250 1967 3319 hujus
1995 3264 2041 3326 ρ
2073 3258 2228 3323 verit,
2255 3272 2425 3327 neque
2443 3272 2563 3310 cum
2585 3257 2663 3311 eis
2689 3256 2861 3321 sedet,
2886 3270 3061 3325 neque
3088 3253 3446 3310 delectatione
3469 3252 3645 3321 aliqua

389 3343 466 3398 rei
494 3341 689 3398 decora
721 3342 967 3411 probatio
989 3381 1005 3408 ,
1035 3348 1155 3411 quia
1195 3342 1247 3395 in
1282 3342 1508 3395 Domino
1536 3341 1853 3396 confidendo
1880 3342 1965 3395 in.

389 3435 653 3488 ﬁrmatum
673 3447 731 3489 se
747 3447 868 3487 esse
885 3448 991 3488 non
1014 3435 1225 3488 asserit.
1250 3434 1377 3487 llaec
1395 3442 1477 3487 est
1492 3434 1632 3488 enim
1648 3435 1965 3502 innocentia,

388 3540 542 3593 quam
572 3526 816 3595 superius
844 3524 998 3592 dixit,
1043 3525 1094 3579 id
1134 3526 1290 3580 estin
1327 3526 1536 3581 Domini
1566 3527 1764 3583 virtute
1794 3528 1967 3582 conﬁ-

310 3642 320 3650 ο
388 3619 534 3685 dere,
568 3633 637 3673 ne
689 3617 856 3688 possit
899 3632 1021 3673 eum
1071 3618 1246 3688 aliqua
1307 3628 1644 3687 peccatorum
1687 3620 1967 3674 inﬁrmitas

388 3711 727 3777 ingravare.’

459 3802 612 3856 Vcrs.
644 3801 698 3854 Ξ.
730 3800 902 3854 Proba
931 3817 1029 3867 me,
1065 3800 1295 3867 Domine,
1326 3812 1373 3855 et
1397 3809 1531 3856 tenta
1560 3819 1640 3855 me
1666 3818 1681 3855 :
1714 3820 1803 3856 ure
1824 3819 1969 3858 renes

390 3910 526 3947 meos
573 3903 620 3947 et
650 3909 740 3947 cor
764 3910 949 3947 meum.
983 3892 1154 3947 Proba
1183 3903 1231 3947 et
1260 3903 1421 3962 tenta,
1449 3909 1552 3949 non
1586 3898 1968 3965 praesumptive

386 3983 595 4052 dicitur,
631 3983 724 4039 sed
754 3983 1269 4039 hocemendatiOnis
1298 3985 1469 4055 gratia
1499 3987 1613 4041 ﬁeri
1645 3990 1959 4054 postulatur.

388 4075 517 4129 Nam
548 4075 764 4145 quando
813 4076 905 4131 ille
949 4087 1315 4145 perscrutatur
1351 4086 1407 4132 et
1446 4088 1614 4133 tentat
1638 4120 1653 4145 ,
1709 4080 1838 4135 facit
1868 4096 1968 4136 nos

383 4174 657 4232 peccatum
702 4166 999 4236 intelligere
1028 4177 1298 4232 nostrum,
1328 4176 1382 4222 et
1420 4168 1486 4221 ad
1519 4167 1748 4225 fructum
1781 4173 1956 4241 poeni-

383 4256 563 4310 tentia:
628 4256 933 4324 pervenire.
1002 4258 1251 4326 Alioquin
1323 4259 1367 4311 si
1423 4259 1564 4313 nulla
1615 4276 1712 4315 nos
1762 4262 1815 4315 in
1863 4264 1965 4318 ltoc

381 4346 577 4401 sarculo
606 4346 926 4402 adversitate
973 4358 1331 4412 commoneat,
1381 4349 1482 4402 sub
1523 4352 1768 4419 neglecto
1798 4353 1964 4408 relin-

381 4438 592 4503 quimus
634 4452 695 4491 ea
745 4452 842 4505 pro
891 4437 1083 4505 quibus
1128 4438 1438 4493 satisfacere
1473 4440 1814 4498 deberemus.
1847 4444 1967 4512 Ipse

382 4530 522 4582 cutim
555 4529 942 4597 subsequenter
972 4530 1211 4598 exponit,
1242 4546 1337 4584 cur
1364 4546 1421 4584 se
1450 4531 1659 4597 probari
1685 4544 1738 4588 et
1777 4539 1967 4592 tentari

2072 3359 2454 3409 commoratur,
2501 3347 2593 3401 sed
2646 3360 2866 3416 pravum
2907 3346 3145 3399 studium
3195 3354 3287 3399 aut
3337 3342 3647 3409 dissuadet,

2070 3448 2164 3491 aut
2191 3440 2417 3493 deserit.
2450 3439 2786 3507 Quapropter
2827 3451 2947 3491 cum
2990 3452 3049 3492 se
3096 3436 3243 3506 prius
3277 3446 3521 3505 negasset
3562 3449 3673 3489 se»

2071 3530 2213 3585 disse
2239 3545 2358 3585 cum
2392 3529 2565 3596 malis,
2615 3529 2773 3583 modo
2815 3543 2874 3583 se
2921 3528 3202 3597 profi:etur
3252 3543 3356 3581 non
3398 3527 3649 3581 introisse

2070 3636 2190 3675 cum
2220 3622 2483 3690 pessimis.
2512 3623 2648 3675 Ante
2674 3620 2816 3675 enim
2852 3628 3135 3674 tractatum
3166 3619 3403 3688 ipsorum
3432 3618 3644 3684 vitavit,

1994 3718 1995 3721 ‘
2073 3720 2193 3779 post
2222 3719 2276 3764 et
2316 3710 2450 3764 facta
2480 3710 2736 3765 deseruit.
2767 3710 3019 3764 lntroitus
3047 3717 3130 3763 est
3160 3709 3301 3763 enim
3334 3708 3399 3762 ad
3437 3708 3643 3771 scelus,

2070 3814 2190 3854 cum
2225 3800 2341 3855 fieri
2370 3801 2565 3869 aliquid
2601 3801 2852 3856 audacter
2893 3801 3159 3869 incipitur.
3203 3800 3454 3853 lntroitus
3497 3801 3641 3853 enim

2070 3892 2281 3947 initium
2311 3890 2577 3960 signiﬁcat
2607 3890 2956 3959 operationis,
2984 3890 3125 3958 quod
3155 3890 3237 3943 vir
3258 3898 3474 3943 sanctus
3495 3903 3525 3941 a
3547 3901 3645 3942 sua

2071 3981 2397 4037 conscientia
2426 3981 2709 4050 proﬁtetur
2737 3980 2991 4035 alienum.

2146 4072 2304 4129 Vers.
2338 4075 2393 4130 5.
2429 4072 2581 4127 0divi
2606 4076 3045 4142 congregationem
3073 4076 3433 4146 malignorum,
3462 4090 3509 4134 et
3535 4095 3651 4135 cum

2069 4172 2236 4241 impiis
2277 4188 2379 4225 non
2425 4171 2626 4226 sedebo.
2659 4171 2832 4225 Minus
2862 4171 3032 4226 fuerat
3078 4182 3263 4227 sancto
3294 4175 3408 4230 viro
3444 4176 3640 4229 malum

2070 4264 2267 4317 vitasse
2283 4262 2589 4328 concilium,
2611 4262 2711 4315 nisi
2735 4273 2787 4316 et
2808 4262 3245 4334 congregationem
3267 4263 3454 4317 odisset
3478 4265 3649 4319 omni~

2070 4354 2243 4410 modis
2260 4353 2627 4409 subdolorum.
2656 4353 2844 4405 Odium
2861 4354 3001 4406 enim
3020 4352 3282 4421 signiﬁcat
3305 4354 3646 4422 divisionem,

2069 4447 2209 4502 sicut
2237 4455 2320 4501 est
2360 4446 2410 4500 iu
2442 4459 2625 4500 amore
2671 4443 2974 4511 collegium.
3025 4444 3091 4498 Et
3140 4460 3261 4498 cum
3309 4447 3553 4515 superius
3590 4460 3650 4500 se

2069 4538 2265 4593 dixerit
2314 4540 2366 4593 in
2420 4538 2671 4593 vanitatis
2700 4536 2928 4591 concilio
2971 4551 3078 4591 non
3132 4538 3364 4600 sedisse,
3400 4539 3559 4592 modo
3588 4554 3650 4593 se

381 4618 747 4684 desideraret,
798 4618 980 4688 utique
1025 4628 1084 4673 ut
1114 4630 1379 4673 urerentur
1407 4637 1548 4675 renes
1593 4632 1641 4675 et
1687 4640 1774 4677 cor
1812 4625 1959 4695 ejus;
1993 4639 2044 4698 Ι)
2072 4631 2347 4701 proﬁtetur
2376 4646 2490 4683 cum
2524 4629 2695 4695 impiis
2736 4643 2835 4681 non
2876 4628 3069 4682 sedere.
3105 4628 3402 4697 Utrumque
3431 4628 3650 4698 quidem

382 4719 645 4777 quatenus
672 4708 1054 4765 delectationes
1082 4720 1136 4766 et
1164 4711 1513 4781 cogitationes
1538 4714 1782 4770 humanre
1810 4720 1961 4775 verbi

379 4796 591 4853 Domini
622 4798 798 4854 calore
845 4808 1237 4871 purgarentur,
1294 4803 1382 4871 qui
1439 4819 1588 4861 more
1636 4805 1956 4877 fornaeium,

378 4891 627 4945 vitiorum
682 4890 869 4944 sordes
914 4890 1239 4959 absumens,
1294 4896 1499 4949 animas
1557 4896 1832 4953 hominum
1892 4903 1956 4956 ad

379 4980 809 5035 exituudationetn
861 4982 1234 5050 perfectissimi
1280 4985 1491 5041 decoris
1542 4988 1777 5043 adducit.
1833 4991 1959 5045 Pcr-

380 5076 724 5130 scrutandum
748 5085 829 5130 est
851 5086 1025 5130 autem
1053 5093 1147 5130 cur
1174 5076 1260 5132 hic
1286 5088 1430 5147 petat
1450 5095 1511 5135 se
1530 5081 1729 5136 debere
1755 5086 1956 5151 tentari,

377 5180 499 5219 cum
527 5166 578 5219 in
610 5166 913 5234 evangeliea
954 5168 1194 5224 oratione
1224 5170 1296 5223 sit
1329 5172 1557 5239 positum
1595 5190 1610 5229 :
1641 5172 1723 5227 Nc
1745 5174 1957 5228 inducas

377 5274 467 5310 nos
511 5258 564 5310 in
615 5258 941 5311 tentationem
983 5258 1199 5328 (Matth.
1230 5277 1301 5327 γι,
1337 5262 1445 5331 15).
1488 5264 1617 5317 Dua-
1644 5275 1769 5319 sunt
1801 5266 1960 5334 igitur

378 5350 736 5403 tcntationes:
773 5367 873 5405 una
908 5352 1138 5415 Domini,
1190 5370 1291 5422 qua
1343 5356 1513 5410 bonos
1546 5366 1732 5423 tentat,
1783 5370 1837 5412 ut
1866 5376 1959 5415 eos

376 5451 742 5509 competenter
773 5441 999 5507 erudiat,
1034 5442 1170 5497 sicut
1198 5445 1387 5513 legitur
1418 5447 1465 5499 in
1496 5447 1688 5503 Genesi
1716 5466 1729 5503 :
1766 5450 1956 5503 Tenta-

375 5533 443 5584 vit
490 5533 735 5587 Dominus
779 5533 1033 5587 Abraham
1060 5534 1211 5603 (Ceu.
1243 5553 1384 5601 xxii,
1421 5539 1507 5605 l);
1543 5518 1789 5595 vel‘illud
1819 5545 1956 5611 quod

376 5625 501 5677 dicit
534 5626 741 5697 Moyses
777 5646 788 5679 :
825 5627 1007 5681 Tentat
1035 5645 1118 5681 vos
1152 5628 1401 5683 Dominus
1432 5631 1566 5686 Deus
1592 5644 1749 5687 vester
1774 5634 1955 5705 (Deut.

380 5729 502 5779 xiii,
546 5719 621 5781 '5).
654 5717 832 5770 Altera
866 5732 991 5772 vero
1018 5719 1213 5774 diaboli
1246 5732 1356 5787 est,
1408 5738 1523 5790 quze
1564 5739 1776 5792 semper
1807 5726 1959 5779 ducit

379 5807 441 5859 ad
494 5815 763 5861 mortem:
801 5809 865 5863 de
916 5824 1017 5878 qua
1071 5825 1351 5879 precamur
1405 5829 1470 5867 ne
1518 5815 1568 5869 in
1621 5816 1740 5885 ejus
1776 5827 1956 5884 partes

2067 4731 2183 4779 crat
2209 4723 2426 4775 omnino
2462 4720 2840 4776 deserendum.
2891 4720 2996 4775 Sed
3050 4721 3139 4775 alii
3189 4732 3314 4776 sunt
3364 4723 3521 4787 vani,
3555 4722 3649 4777 alii

2067 4812 2232 4881 impii.
2261 4810 2393 4864 V'ani
2422 4810 2657 4880 suntqui
2685 4810 2900 4864 caducis
2926 4809 3358 4879 inquisitionibus
3386 4826 3651 4881 occupan-

2067 4914 2182 4970 tur,
2229 4914 2283 4957 et
2327 4904 2378 4955 in
2425 4902 2690 4970 superflua
2720 4909 2928 4969 tempus
2961 4903 3267 4958 narratione
3296 4914 3643 4958 consumunt.

2072 4994 2218 5062 lmpii
2250 5005 2449 5057 autem,
2481 4993 2736 5055 b.t;retici,
2770 4992 2857 5060 qui
2886 4992 3273 5061 quaestionibus
3294 4996 3399 5064 37
3424 4994 3649 5062 perﬁdis

2068 5085 2374 5153 Scripturas
2437 5083 2643 5136 divinas
2702 5082 2995 5149 depravare
3056 5085 3434 5150 contendunt,
3506 5086 3651 5140 sicut

2069 5174 2258 5228 Petrus
2289 5174 2559 5242 apostolus
2584 5173 2656 5227 ait
2683 5191 2693 5225 :
2727 5171 3073 5242 Depravautes
3097 5192 3181 5227 eas
3204 5176 3272 5227 ad
3298 5193 3445 5228 suum
3468 5179 3652 5230 interi-

2065 5278 2171 5320 tum
2201 5277 2245 5318 et
2283 5266 2613 5335 perditionem
2646 5263 2728 5327 (Il
2766 5264 2908 5319 Petr.
2939 5282 3015 5331 Ill,
3053 5267 3165 5335 16).
3189 5267 3295 5321 llos
3318 5283 3444 5335 ergo
3472 5278 3647 5322 utros-

2066 5375 2168 5429 que
2185 5359 2307 5428 jure
2335 5369 2523 5412 monet
2545 5372 2665 5411 esse
2692 5356 2990 5425 fugiendos,
3014 5360 3136 5427 quia
3156 5360 3228 5411 illi
3249 5359 3649 5428 superﬂuitates

2068 5454 2314 5520 diligunt,
2343 5451 2428 5504 isti
2461 5452 2560 5504 tela
2591 5450 2952 5519 perversitatis
2999 5452 3241 5519 infigunt.

2138 5542 2291 5595 Vcrs.
2324 5538 2375 5593 6.
2411 5541 2615 5593 Lavabo
2665 5541 2796 5594 inter
2845 5542 3131 5594 innocentes
3172 5559 3354 5596 manus
3398 5560 3552 5607 nicas,
3599 5556 3653 5599 et

2067 5635 2337 5686 circumibo
2362 5634 2521 5684 altare
2544 5643 2706 5696 tuttm,
2732 5633 2969 5685 Domine.
3002 5634 3180 5689 Potest
3206 5636 3327 5688 talia
3357 5637 3524 5705 loqui,
3558 5638 3652 5705 qui

2068 5737 2227 5795 caput
2266 5742 2415 5779 suum
2450 5727 2686 5794 sequitur
2716 5726 3008 5794 Christum,
3040 5730 3130 5798 qui
3163 5739 3193 5781 tt
3217 5746 3369 5784 rrena
3399 5731 3653 5798 ἀρενίοῑι,

2069 5832 2115 5873 ct
2151 5820 2386 5874 calestia
2414 5819 2772 5891 concupiscit,
2813 5822 2952 5877 sicut
2986 5823 3269 5892 Apostolus
3307 5823 3377 5878 ait
3412 5843 3421 5878 :
3458 5824 3661 5881 Nestm
