4030 6172
277 358 376 412 [85

1209 356 1562 413 EXPOSITIO
1604 358 1668 412 IN
1708 359 2161 419 PSALTEBIUM.
2207 366 2392 420 l’S.\L.
2438 368 2594 425 XXV.

3437 384 3533 441 186

272 472 780 529 autemconrersatio
825 471 875 524 in
906 472 1038 525 cazlis
1081 481 1152 525 est
1185 471 1407 544 (Philip.
1441 490 1495 526 ur
1519 514 1533 537 ,
1566 472 1680 544 ΞΟ).
1718 472 1862 527 later
1891 475 1943 534 Α
1967 479 2106 544 quod
2140 482 2422 537 multorum
2474 488 2817 553 pecudarum
2873 493 3137 553 oblatione
3186 510 3396 567 gravata
3441 503 3531 555 sit,

269 575 569 617 innocentes
614 563 757 617 enim
816 563 951 615 lavat
1007 578 1189 615 manus
1238 577 1383 626 suas,
1432 565 1671 633 quisquis
1720 564 1856 618 facta

272 655 488 721 propria
519 654 698 708 studio
728 653 878 706 bona:
902 654 1321 708 conversationis
1344 654 1607 708 emundat.
1634 655 1698 707 Et
1724 656 1856 709 bene

271 745 511 809 addidit,
554 745 688 797 inter
718 745 1038 810 innocentes,
1084 746 1203 813 quia
1234 753 1456 814 possunt
1481 747 1651 799 lavare
1681 762 1857 799 manus

271 838 430 889 etiam
461 835 558 904 qui
600 844 855 889 nocentes
884 845 1033 898 sunt,
1063 836 1199 891 sicut
1242 836 1365 891 fecit
1408 837 1627 891 Pontius
1660 838 1856 891 Pilatus

270 925 488 987 (Matth.
540 942 708 991 xxvn,
743 925 834 994 24)
861 967 874 991 ,
914 927 999 994 qui
1030 926 1151 980 dum
1184 928 1411 980 animam
1450 943 1598 981 suam
1629 928 1853 981 nefanda

272 1017 483 1070 Domini
515 1016 801 1070 traditione
827 1016 1109 1085 pollueret,
1138 1034 1323 1070 manus
1345 1034 1468 1071 suas
1494 1019 1672 1072 szeculi
1702 1018 1856 1071 istius

269 1108 480 1175 liquore
513 1106 821 1162 mundabat.
844 1106 949 1162 Sed
974 1108 1320 1175 spiritualiter
1343 1127 1522 1162 manus
1546 1112 1679 1162 lavat
1707 1110 1857 1179 quis-

268 1196 386 1264 quis
438 1208 591 1251 actus
642 1211 768 1251 suos
819 1198 1146 1267 laetymabili
1206 1201 1566 1255 saxislaclione
1617 1204 1851 1257 diluerit.

268 1289 565 1342 Circumibo
594 1304 721 1344 vero
765 1289 927 1356 dixit,
959 1290 1010 1343 id
1060 1300 1139 1345 est
1170 1291 1473 1360 frequenter
1520 1292 1744 1357 iterabo,
1797 1301 1853 1344 ut

268 1377 640 1432 assiduitatem
683 1379 1035 1433 sanctissima:
1061 1378 1358 1434 devotionis
1390 1382 1714 1437 ostenderet.
1756 1383 1849 1435 Αι-

268 1482 377 1521 mre
402 1470 548 1521 enim
578 1470 647 1522 ab
686 1470 970 1525 altitudine
992 1471 1189 1524 dictum
1222 1483 1339 1535 e51,
1386 1470 1536 1538 quasi
1576 1472 1695 1524 alue
1722 1486 1850 1537 arar,

269 1558 356 1610 ubi
392 1559 623 1611 Domino
652 1561 1015 1624 sacrificatur,
1048 1571 1103 1615 ut
1129 1562 1502 1629 conspectibus
1536 1562 1849 1630 populorum

268 1648 655 1702 misericord'a:
681 1649 846 1717 ips'us
870 1650 1005 1703 dona
1030 1652 1347 1719 pandantur.

337 1736 494 1793 Vers.
522 1742 575 1793 7.
599 1740 665 1794 Ut
682 1742 891 1794 audiam
908 1757 1073 1796 vocem
1094 1744 1261 1797 laudis
1285 1752 1407 1811 tute,
1427 1753 1473 1796 et
1486 1760 1711 1797 enarrem
1737 1748 1847 1798 nni-

1961 565 2029 621 Et
2058 573 2338 628 considera
2388 578 2528 644 quod
2565 580 2675 634 hare
2723 584 3045 653 accipientes
3085 565 3291 655 judices
3321 594 3534 650 univer-

1959 661 2141 714 saliter
2171 677 2496 720 exsecratur.
2539 669 2669 723 Nam
2705 682 2756 725 et
2781 677 2867 743 qui
2896 675 3157 743 justitiam
3185 682 3386 748 vendit,
3420 701 3531 739 mu-

1960 754 2160 806 neribus
2202 757 2457 811 dexteram
2499 764 2686 831 replet;
2733 774 2786 819 et
2831 769 2921 836 qui
2971 783 3226 828 nocentes
3274 776 3530 844 absolvit,

1960 841 2098 896 idem
2127 859 2275 899 suam
2298 849 2553 903 dexteram
2578 869 2855 909 munerum
2888 862 3194 929 acceptione
3221 841 3528 934 complevit;

1960 932 2047 988 Sic
2077 946 2381 1007 utrumque,
2411 951 2468 994 ut
2497 944 2744 1012 arbitror,
2774 949 2836 1001 ad
2865 950 3032 1004 virum
3061 932 3373 1023 sanguinem
3399 974 3529 1013 con-

1957 1038 2208 1093 grueuter
2237 1034 2521 1099 aptandum
2554 1046 2652 1090 est.

2032 1119 2181 1174 Vers.
2236 1124 2317 1177 ll.
2369 1124 2480 1195 Ego
2508 1139 2675 1182 autem
2721 1132 2773 1184 in
2820 1134 3108 1189 innocentia
3138 1154 3247 1190 mea
3273 1138 3529 1208 ingressus

1958 1225 2069 1261 sum
2101 1226 2119 1263 :
2148 1214 2337 1268 redime
2369 1232 2475 1283 tne,
2509 1229 2554 1270 et
2589 1221 2824 1275 miserere
2855 1226 2973 1279 mei.
3006 1228 3233 1281 Schema
3273 1230 3530 1298 syncrisis

1956 1307 2058 1362 est,
2088 1317 2206 1355 cum
2233 1318 2444 1359 causam
2468 1323 2614 1362 suam
2635 1313 2753 1380 quis
2774 1314 2839 1365 ab
2861 1316 3180 1370 adversariis
3202 1319 3312 1372 suis
3340 1321 3527 1373 nititur

1956 1386 2171 1450 allicere
2199 1398 2495 1455 meliorem.
2527 1403 2656 1455 Nam
2679 1420 2799 1458 cum
2825 1405 2900 1458 illi
2926 1408 3236 1474 accipiendo
3262 1410 3525 1465 fallaciter

1956 1482 2220 1548 gaudeant
2252 1486 2523 1542 dexteram
2564 1505 2712 1544 suam
2746 1496 3059 1549 muneribus
3102 1498 3261 1551 fuisse
3289 1500 3527 1568 comple-

1958 1583 2085 1640 tam,
2119 1590 2177 1628 se
2198 1577 2326 1631 dicit
2356 1579 2418 1632 ad
2444 1580 2765 1637 innocentia:
2791 1585 3040 1641 introisse
3060 1588 3290 1642 divitias.
3321 1588 3527 1659 Ingres‘

1956 1679 2043 1715 sus
2087 1665 2228 1718 enim
2263 1667 2313 1720 in
2346 1667 2627 1724 thesauros
2676 1675 2983 1740 spirituales
3034 1680 3200 1732 multo
3248 1684 3430 1734 verius
3470 1698 3527 1737 se

1956 1755 2265 1808 consolatus
2319 1768 2421 1822 est,
2477 1774 2636 1828 quam
2690 1763 2764 1815 illi
2812 1780 2973 1833 super
3015 1768 3304 1823 mundanis
3329 1770 3527 1824 divitiis

264 1847 408 1883 versa
440 1832 705 1884 mirabilia
732 1842 835 1885 tua.
870 1834 1157 1887 Provecms
1186 1836 1248 1887 ad
1283 1836 1521 1888 coelestia
1570 1836 1689 1888 ideo
1722 1835 1847 1888 illud
1882 1831 1927 1889 B
1955 1843 2187 1910 gaudere
2219 1848 2535 1913 potuissent.
2589 1850 2798 1905 Redime
2827 1831 2926 1919 me,
2973 1855 3022 1908 id
3052 1868 3134 1909 est
3163 1858 3423 1914 adventus
3453 1861 3526 1913 tui

261 1923 532 1991 spirituali
583 1924 765 1978 animo
812 1926 1124 1981 circumibat
1168 1928 1371 1992 altare,
1424 1937 1482 1981 ut
1530 1939 1847 1983 concentum

259 2020 552 2072 dominica:
583 2019 753 2074 laudis
780 2020 1008 2074 audiret.
1042 2021 1201 2075 Forte
1233 2006 1360 2074 illud
1388 2021 1549 2086 dicit,
1583 2023 1722 2091 quod
1754 2038 1850 2077 co-

261 2124 373 2161 ram
398 2111 522 2176 ipso
540 2108 806 2161 indefessa
830 2123 957 2163 voce
985 2109 1291 2177 przeciuitur
1316 2128 1326 2160 :
1356 2110 1594 2174 Sanctus,
1620 2124 1845 2179 sanctus,

262 2214 469 2253 sanctus
526 2198 776 2254 Dominus
832 2200 970 2253 Dezs
1020 2201 1244 2255 Sabaoth
1299 2200 1430 2273 (Isa.
1474 2220 1546 2268 vr,
1577 2203 1679 2274 ’5
1723 2207 1849 2270 Qum

261 2309 379 2346 cum
412 2292 647 2355 audiret,
680 2302 734 2345 et
762 2292 1049 2347 devotione
1080 2295 1306 2347 maxima
1349 2296 1703 2364 cognovisset,
1730 2311 1849 2348 nar-

260 2394 400 2436 raret
429 2384 642 2451 populis
664 2384 909 2438 universa
933 2384 1189 2437 mirabilia
1218 2401 1332 2452 qua:
1360 2385 1622 2454 ltodieque
1647 2387 1696 2439 in
1720 2402 1846 2439 san-

262 2480 471 2524 ctarum
501 2471 865 2524 celebratione
894 2472 1175 2525 missarum
1226 2473 1378 2527 beata
1417 2476 1558 2527 canit
1591 2475 1846 2529 Ecclesia.

334 2562 496 2615 Vers.
525 2562 579 2615 8.
615 2560 850 2625 Dontine,
895 2563 1053 2616 dilexi
1100 2566 1331 2618 desorem
1360 2566 1538 2619 domus
1578 2576 1675 2620 tua:
1700 2575 1743 2619 et
1774 2568 1849 2619 la-

260 2669 374 2704 cum
402 2652 733 2705 habitationis
775 2652 955 2722 gloria:
1004 2661 1123 2707 tace.
1159 2654 1506 2710 Beatissimus
1554 2657 1643 2710 ille
1690 2673 1846 2727 quem

260 2742 545 2808 di.itnus,
600 2744 889 2796 secundum
946 2744 1162 2798 modum
1220 2746 1476 2799 orationis
1534 2748 1845 2815 ingreditur,

259 2835 578 2903 supplicans
606 2843 681 2898 ut,
717 2848 836 2888 cum
866 2834 1096 2888 decorem
1136 2836 1313 2889 domus
1338 2836 1547 2891 Domini
1589 2839 1845 2905 dilexerit,

262 2928 371 2979 illis
398 2927 494 2995 qui
533 2927 601 2978 ab
635 2925 824 2981 eodem
855 2926 1015 2980 alieni
1044 2936 1168 2981 sunt
1197 2928 1501 2983 nullatenus
1534 2930 1844 2997 misceatur,

257 3019 356 3074 sed
382 3020 437 3072 in
461 3017 579 3087 ejus
601 3018 835 3073 Ecclesia
863 3028 1191 3086 perseveret.
1217 3019 1461 3073 Decorem
1487 3022 1666 3074 donius
1693 3021 1843 3087 dicit,

257 3128 373 3165 non
400 3110 849 3179 pulchritudinem
877 3111 1134 3179 parietum
1157 3120 1248 3165 aut
1280 3112 1696 3165 ministeriorum
1724 3126 1845 3180 pre-

257 3200 594 3253 tiosissimas
635 3207 941 3268 apparatus,
977 3199 1071 3254 sed
1104 3201 1335 3267 ipsorum
1364 3208 1576 3254 actuum
1605 3200 1845 3254 beatissi-
1873 3196 1919 3258 C

259 3306 406 3345 mam
439 3290 774 3359 qualitatem,
808 3290 861 3344 in
904 3291 1094 3356 quibus
1119 3300 1308 3345 cuncta
1343 3293 1538 3360 gaudet
1568 3293 1802 3347 Ecclesia
1827 3334 1843 3360 ,

260 3384 315 3437 id
345 3392 457 3446 est,
501 3383 555 3435 in
592 3383 911 3451 psalmorum
937 3382 1279 3452 jubilatione,
1307 3385 1360 3437 in
1401 3399 1618 3453 precum
1650 3385 1848 3438 sancti-

260 3482 391 3537 tate,
427 3475 481 3527 in
511 3474 798 3528 Christiani
832 3476 1014 3546 populi
1038 3476 1331 3531 humillima
1354 3477 1655 3532 devotione.
1688 3478 1842 3533 Prius

262 3564 405 3617 enim
456 3563 526 3616 de
570 3563 856 3619 universali
907 3565 1041 3618 dixit
1085 3564 1343 3632 Ecclesia,
1397 3582 1535 3621 nunc
1585 3568 1726 3622 venit
1777 3568 1843 3622 ad

262 3664 476 3706 saneto:
499 3693 514 3718 ,
550 3653 601 3705 in
632 3654 825 3722 quibus
855 3655 1017 3722 gloria
1051 3655 1140 3708 Dei
1174 3656 1414 3711 habitare
1460 3659 1796 3725 cognoscitur
1825 3674 1839 3710 :

263 3748 327 3796 de
354 3743 554 3812 quibus
591 3745 879 3811 Apostolus
919 3746 1046 3800 dicit
1077 3764 1092 3800 :
1127 3747 1394 3815 Templum
1424 3750 1557 3801 enim
1603 3750 1696 3802 Dei
1722 3767 1843 3803 san-

260 3845 395 3886 ctum
425 3844 521 3899 est,
555 3836 687 3903 quod
707 3836 827 3888 estis
850 3852 934 3889 vos
966 3834 1021 3906 (1
1048 3836 1165 3891 Cor.
1200 3854 1279 3903 ιιι,
1300 3839 1409 3909 l7).
1442 3839 1838 3894 Dicendoenim

261 3926 589 3978 habitationis
620 3925 811 3992 locum,
840 3928 1053 3981 humani
1084 3932 1315 3998 pectoris
1345 3932 1665 4000 significavit
1694 3945 1841 3985 arca-

260 4034 423 4080 num;
455 4018 769 4072 mirabiliter
811 4020 1136 4090 subjungens
1159 4063 1173 4086 ,
1204 4022 1384 4090 gloria:
1423 4034 1544 4088 tute,
1573 4024 1695 4091 quia
1724 4024 1841 4077 ubi-

258 4121 472 4175 cunque
520 4108 747 4173 habitat,
789 4111 955 4179 gloria
1007 4120 1112 4165 est.
1171 4114 1475 4167 Gloriosum
1509 4116 1648 4167 enim
1676 4114 1837 4169 efficit

257 4198 517 4265 quidquid
550 4197 848 4254 inhabitare
875 4201 1154 4270 dignatur,
1204 4213 1258 4259 et
1285 4205 1351 4259 ab
1391 4206 1614 4275 hospitis
1646 4208 1841 4261 merito

255 4290 456 4343 crescit
482 4289 699 4356 hospitii
725 4293 1048 4360 magnitudo.

328 4381 484 4433 Vers.
510 4381 562 4433 9.
590 4380 672 4433 Ne
690 4383 843 4434 simul
867 4384 1051 4448 perdas
1074 4402 1186 4437 cum
1216 4366 1384 4457 impiis
1401 4391 1626 4443 animant
1650 4408 1833 4455 meam,

256 4480 302 4522 et
340 4486 459 4522 cum
487 4471 608 4523 viris
645 4474 951 4542 sanguinum
983 4475 1133 4527 vitam
1181 4494 1361 4531 meam.
1398 4480 1546 4535 .luste
1578 4494 1727 4549 rogat
1768 4500 1834 4537 ne

1956 1935 2211 2001 sanguine
2245 1939 2480 2003 pretioso
2520 1940 2741 1995 liberum
2777 1944 2960 2008 redde,
2994 1960 3098 2012 quo
3130 1947 3406 2001 absolutus
3445 1962 3526 2004 est

1957 2026 2206 2093 mundus,
2243 2030 2329 2096 qui
2374 2031 2604 2096 peccatis
2635 2034 2916 2087 tenebatur
2959 2035 3249 2091 obnoxius.
3285 2038 3350 2091 Et
3380 2042 3525 2094 mise-

1954 2132 2064 2169 rere
2094 2120 2209 2184 mei,
2243 2120 2447 2175 scilicet
2478 2122 2529 2174 in
2560 2121 2661 2176 hoc
2688 2124 2907 2192 mundo,
2944 2126 3030 2179 ubi
3064 2126 3292 2183 fideliter
3321 2132 3524 2201 suppli-

1949 2210 2196 2264 cantibus
2228 2214 2418 2279 parcis.

2031 2301 2176 2357 Vers.
2214 2304 2301 2359 1‘2.
2334 2304 2435 2359 Pes
2482 2310 2613 2361 enim
2661 2327 2801 2366 meus
2844 2314 2980 2367 stetit
3019 2316 3071 2369 in
3130 2317 3209 2370 via
3257 2327 3428 2382 recta;
3476 2317 3531 2370 in

1949 2394 2171 2448 ecclesiis
2258 2396 2548 2451 benedicam
2602 2388 3104 2459 Dominumfluter
3161 2408 3526 2463 concutientes

1955 2487 2187 2540 hccreses
2210 2495 2263 2541 et
2291 2490 2473 2542 mundi
2509 2492 2741 2559 graviter
2771 2496 3055 2551 saevientes
3098 2500 3396 2568 angustias,
3426 2499 3525 2552 hoc

1953 2576 2087 2630 bene
2119 2578 2200 2630 vir
2226 2579 2519 2635 catholicus
2549 2584 2859 2652 profitetur,
2895 2588 3018 2655 quia
3066 2606 3153 2657 pes
3193 2589 3308 2657 ejus
3340 2591 3526 2643 immo-

1953 2667 2075 2723 bilis
2103 2670 2440 2738 perduravit;
2471 2673 2559 2742 qui
2595 2675 2719 2729 licet
2750 2679 3067 2746 importunis
3097 2681 3525 2735 tribulationibus

1953 2756 2189 2824 ﬂuctuet,
2222 2760 2276 2813 in
2310 2773 2460 2828 parte
2492 2762 2611 2817 fidei
2644 2766 2809 2819 nescit
2835 2768 3161 2835 quibuslibet
3192 2772 3525 2825 necessitati-

1951 2849 2049 2903 bus
2076 2852 2425 2907 commoveri.
2474 2852 2703 2908 Possunt
2733 2857 2875 2911 enim
2923 2859 3053 2912 tales
3079 2901 3093 2926 ,
3127 2870 3181 2915 et
3211 2862 3294 2914 his
3325 2862 3525 2915 similes

1951 2940 2051 2995 hoc
2080 2942 2297 3009 dicere,
2342 2944 2409 2998 de
2458 2945 2651 3013 quibus
2698 2948 2811 3016 ipse
2859 2949 3115 3005 Dominus
3161 2954 3522 3007 testimonium

1952 3034 2222 3101 perhibet,
2278 3045 2334 3089 ut
2376 3046 2460 3090 est
2507 3037 2678 3091 illud:
2711 3038 2916 3109 Reliqui
2960 3040 3085 3094 mihi
3127 3052 3318 3111 septem
3363 3044 3524 3097 millia

1948 3126 2191 3191 virorum,
2219 3127 2305 3197 qui
2326 3144 2428 3182 non
2449 3140 2775 3183 curvaverant
2788 3148 2952 3201 genua
2967 3142 3083 3186 ante
3108 3132 3235 3186 Baal
3252 3133 3368 3203 (Ill
3392 3134 3521 3206 Reg.

1950 3238 2062 3286 xxx,
2100 3223 2210 3292 18).
2246 3222 2311 3277 In
2345 3225 2426 3278 via
2454 3235 2615 3293 recta,
2651 3225 2703 3279 id
2736 3234 2818 3280 est
2856 3226 2909 3281 in
2944 3226 3208 3281 mandatis
3237 3228 3375 3293 tuis,
3406 3244 3524 3296 qua:

1950 3322 2094 3365 recta
2123 3322 2269 3381 sunt,
2300 3323 2355 3368 et
2378 3324 2552 3369 rectos
2582 3315 2778 3370 faciunt
2803 3316 3136 3371 obedientes.
3162 3317 3295 3370 Nam
3317 3318 3524 3387 quoties

1947 3404 2136 3472 plurali
2193 3421 2413 3461 numero
2478 3406 2729 3461 dicuntur
2771 3409 3013 3463 ecclesia:
3047 3449 3061 3472 ,
3122 3408 3304 3463 mundi
3372 3409 3524 3462 istius

1945 3497 2235 3551 Christiani
2269 3497 2445 3566 populi
2485 3498 2886 3567 significantur,
2920 3499 3008 3567 qui
3032 3498 3101 3553 de
3130 3499 3359 3552 diversis
3388 3514 3519 3568 gen-

1948 3588 2089 3642 tibus
2116 3586 2410 3657 probantur
2436 3604 2557 3643 esse
2600 3590 2831 3644 collecti.
2869 3590 3067 3644 Futura
3112 3600 3196 3644 est
3232 3590 3373 3643 enim
3419 3605 3521 3644 una

1943 3690 1994 3735 et
2029 3682 2261 3748 perfecta
2289 3680 2603 3747 Jerusalem,
2642 3674 3054 3750 quaemalorum
3090 3681 3521 3751 sequestrationc

1943 3770 2271 3839 purgabitur.
2302 3771 2438 3825 Dicit
2458 3786 2592 3841 ergo
2622 3772 2807 3825 beatus
2825 3773 2924 3825 iste
2948 3787 3106 3841 quem
3131 3772 3383 3836 diximus,
3416 3785 3520 3825 non

1942 3861 1997 3913 in
2027 3861 2301 3923 Ecclesia,
2334 3862 2429 3915 sed
2476 3864 2528 3914 in
2556 3863 2778 3915 ecclesiis
2807 3876 2866 3917 se
2897 3863 3123 3917 Domino
3152 3874 3483 3917 cantaturum
3503 3903 3520 3928 ,

1941 3952 2061 4021 quia
2106 3967 2200 4021 per
2241 3954 2546 4008 universum
2596 3955 2854 4008 mundum
2908 3969 3102 4009 nomen
3152 3961 3359 4008 constat
3400 3967 3520 4008 esse

1941 4043 2281 4097 catholicum.

2481 4173 2751 4227 Conclusio
2781 4174 2981 4243 psalmi.

2013 4306 2424 4362 Consideremus
2460 4308 2671 4377 qualem
2705 4307 2859 4362 nobis
2891 4307 3117 4361 formam
3148 4306 3269 4360 vitae
3298 4306 3515 4377 religio-

1942 4416 2032 4455 sus
2064 4401 2165 4453 iste
2207 4400 2505 4455 tradiderit.
2558 4400 2695 4454 Dicit
2737 4404 2878 4455 enim
2930 4400 3047 4454 ideo
3087 4416 3144 4455 se
3195 4400 3280 4455 hic
3321 4402 3517 4457 vitasse

1948 4490 2227 4559 pessimos,
2253 4506 2318 4545 ne
2340 4491 2392 4545 iu
2411 4491 2615 4560 judicio
2644 4492 2850 4546 Domini
2873 4508 2991 4546 eum
3022 4495 3173 4547 mdis
3203 4494 3371 4562 possit
3399 4509 3518 4549 esse

256 4577 374 4614 τυῐη
408 4562 587 4629 impiis
612 4563 789 4615 animi!
819 4564 932 4631 eius
958 4576 1142 4633 Pereat
1168 4568 1217 4621 in
1252 4570 1426 4623 futuro
1453 4572 1678 4641 judicio,
1709 4591 1829 4630 cum
1867 4550 1916 4610 Β
1942 4585 2195 4649 sociatus,
2221 4583 2515 4639 admonens
2533 4593 2591 4637 ut
2613 4585 2913 4654 iniquorum
2935 4585 3205 4640 consortia
3232 4585 3516 4655 fugientes.

259 4653 448 4719 quibus
477 4653 564 4705 hic
596 4667 931 4707 communem
966 4670 1069 4708 non
1104 4658 1285 4711 habuit
1326 4663 1617 4715 actiOnem.
1644 4665 1834 4719 Merito

258 4752 398 4803 enim
428 4752 499 4803 ab
523 4752 601 4805 eis
629 4751 697 4805 ibi
725 4766 781 4806 se
811 4755 1134 4822 sequestrari
1156 4751 1349 4823 petiit,
1380 4771 1408 4807 a
1441 4756 1633 4824 quibus
1666 4757 1750 4810 hic
1780 4771 1838 4812 se

262 4842 370 4907 ipse
404 4843 609 4896 divisit.
644 4832 963 4915 Sanguinum
988 4847 1128 4900 enim
1152 4848 1246 4900 viri
1267 4858 1410 4913 sunt,
1440 4848 1525 4916 qui
1551 4850 1837 4904 carnaliter

260 4936 458 4995 vivunt,
487 4945 540 4988 et
566 4935 708 4987 nulla
734 4940 879 5002 jussa
912 4939 1149 4993 cozlestia
1175 4941 1578 5006 concupiscunt.
1605 4942 1838 4996 Pereunt

257 5041 382 5092 ergo
411 5030 544 5081 tales
567 5028 633 5082 de
656 5030 823 5083 futura
853 5031 1175 5099 Jerusalem,
1205 5033 1291 5103 qui
1322 5050 1416 5102 pro
1437 5051 1531 5089 sua
1564 5037 1835 5105 impietate

257 5117 543 5171 damnandi
575 5130 717 5173 sunt.

294 5201 481 5262 ’Vers.
536 5209 621 5263 10.
676 5210 741 5263 In
790 5229 1004 5280 quorum
1052 5218 1286 5270 manibus
1338 5219 1627 5289 iniquitates
1671 5230 1832 5275 sunt:

256 5299 458 5353 dextera
486 5316 661 5353 eorum
691 5305 881 5372 repleta
904 5315 973 5358 est
1002 5309 1310 5362 numeribus.
1345 5311 1573 5379 Exponit
1597 5314 1685 5380 qui
1708 5324 1830 5365 sunt

254 5391 345 5442 tiri
366 5392 701 5459 sanguinum,
729 5395 778 5446 in
802 5412 1026 5463 quorum
1044 5401 1429 5455 consuetudine
1450 5404 1691 5458 videmus
1713 5419 1831 5458 esse

253 5482 609 5551 aequissimas
638 5486 896 5540 actiones.
924 5487 1109 5541 Manus
1136 5491 1278 5544 enim
1310 5502 1501 5547 uestra:
1531 5494 1831 5561 significant

250 5574 527 5637 generales
558 5585 919 5643 operatlones,
953 5595 1081 5648 quas
1109 5583 1341 5649 gerimus
1376 5583 1425 5636 iu
1462 5585 1555 5639 hae
1587 5587 1701 5640 luce
1731 5587 1826 5641 de-

247 5677 456 5731 gentes.
511 5668 608 5722 llic
652 5668 856 5723 dextera
903 5676 1199 5741 specialiter
1248 5676 1453 5744 iudicis
1491 5682 1824 5735 venalitatem

250 5759 586 5824 flultmtlial,
618 5776 770 5828 quam
803 5763 919 5818 ideo
951 5768 1070 5819 dicit
1104 5770 1344 5836 rrplrtam
1368 5784 1465 5822 esst
1496 5774 1783 5827 muneribus
1810 5791 1825 5825 .-

1942 4675 2186 4729 fidelibus
2202 4674 2397 4729 Christi
2415 4674 2674 4743 spirituali
2701 4690 2912 4743 semper
2932 4674 3516 4744 charitatejungamur,

1944 4765 2066 4834 quia
2119 4781 2184 4819 ex
2231 4764 2429 4818 diutina
2482 4765 2757 4818 hominum
2807 4766 3250 4834 conversatione,
3309 4781 3515 4820 morum

1944 4871 2157 4925 semper
2178 4857 2545 4910 contrahimus
2574 4858 2899 4925 qualitatem.
2935 4856 3047 4911 Hoc
3079 4858 3219 4911 enim
3250 4867 3303 4911 et
3334 4867 3516 4911 sextus

1946 4948 2181 5016 psalmus
2223 4948 2492 5015 admonet,
2526 4963 2646 5001 cum
2678 4949 2807 5003 dicit
2839 4966 2852 5002 :
2886 4948 3143 5002 Discedite
3171 4967 3200 5002 a
3228 4965 3303 5003 me
3344 4965 3515 5003 omnes

1943 5041 2026 5108 qui
2056 5040 2336 5105 operamini
2371 5040 2683 5107 iniquitatem
2714 5038 2889 5108 (Psal.
2920 5056 2993 5105 vt,
3035 5040 3120 5109 9);
3156 5040 3252 5093 hoc
3276 5048 3331 5093 et
3371 5039 3516 5093 deci-

1942 5146 2059 5183 mus
2107 5130 2363 5191 septimus
2410 5130 2498 5197 qui
2545 5130 2619 5183 ait
2648 5148 2661 5183 :
2694 5129 2820 5182 Cum
2850 5140 3026 5185 sancto
3072 5140 3273 5184 sanctus
3304 5133 3422 5194 eris,
3472 5140 3515 5183 et

1940 5238 2050 5274 cum
2083 5223 2189 5274 viro
2218 5221 2482 5273 innocente
2512 5221 2748 5274 innocens
2776 5221 2874 5273 eris
2894 5266 2908 5288 ,
2941 5230 2987 5275 et
3013 5238 3127 5275 cum
3154 5221 3310 5274 electo
3332 5222 3514 5274 electus

1940 5315 2057 5377 eris,
2088 5325 2133 5368 et
2164 5332 2279 5367 cum
2307 5329 2536 5382 perversa
2577 5315 2874 5367 subveneris
2903 5312 3073 5383 (Psal.
3098 5330 3226 5381 xvu,
3264 5315 3378 5382 26).
3411 5314 3514 5368 Re-

1937 5421 2062 5459 vera
2110 5412 2167 5458 ut
2211 5413 2627 5472 cognosceretur
2682 5404 2867 5472 ingens
2924 5404 3162 5466 malum,
3212 5405 3351 5472 quod
3405 5414 3509 5459 tam

1937 5496 2125 5549 crebro
2150 5495 2463 5547 monebatur
2506 5508 2626 5547 esse
2663 5491 2988 5563 fugiendum.
3028 5496 3366 5562 Quapropter
3400 5507 3511 5550 stu-

1934 5586 2082 5638 diose
2130 5599 2433 5652 qumramus
2479 5584 2767 5652 gloriosum
2819 5584 2977 5638 nimis
3008 5592 3295 5653 aptumque
3344 5587 3507 5641 colle-

1932 5680 2093 5747 gium,
2116 5675 2254 5743 quod
2277 5692 2371 5728 nos
2392 5676 2671 5729 virtutibus
2688 5677 2914 5742 erudiat,
2948 5685 2999 5729 et
3022 5676 3292 5731 desiderio
3317 5680 3510 5732 divina:

1932 5772 2204 5825 (Itatit'rlis
2238 5770 2447 5823 accendi
2476 5779 2511 5834 ι,
2553 5786 2615 5821 ne
2650 5770 2702 5823 in
2737 5771 3087 5828 retributione
3111 5773 3221 5844 88
3249 5775 3506 5829 malorum
