  <div class='ocr_page' id='page_1' title='image "/cluster/home/n/w/nwhite01/storage/ocr_20150623/70/hvd.32044054758735/099.png"; bbox 0 0 3982 6184; ppageno 0'>
   <div class='ocr_carea' id='block_1_1' title="bbox 493 310 591 369">
    <p class='ocr_par' dir='ltr' id='par_1_1' title="bbox 493 310 591 369">
     <span class='ocr_line' id='line_1_1' title="bbox 493 310 591 369; baseline 0.01 -3"><span class='ocrx_word' id='word_1_1' title='bbox 493 310 591 369; x_wconf 70' lang='grc' dir='ltr'><strong>ιετ</strong></span> 
     </span>
    </p>
   </div>
   <div class='ocr_carea' id='block_1_2' title="bbox 1699 300 2537 363">
    <p class='ocr_par' dir='ltr' id='par_1_2' title="bbox 1699 300 2537 363">
     <span class='ocr_line' id='line_1_2' title="bbox 1699 300 2537 363; baseline -0.008 0"><span class='ocrx_word' id='word_1_2' title='bbox 1699 309 1769 363; x_wconf 83' lang='lat' dir='ltr'><strong>M.</strong></span> <span class='ocrx_word' id='word_1_3' title='bbox 1821 305 2095 361; x_wconf 76' lang='lat' dir='ltr'><strong>AURELH</strong></span> <span class='ocrx_word' id='word_1_4' title='bbox 2136 300 2537 361; x_wconf 68' lang='lat' dir='ltr'><strong>CASSIODORI</strong></span> 
     </span>
    </p>
   </div>
   <div class='ocr_carea' id='block_1_3' title="bbox 3658 305 3765 365">
    <p class='ocr_par' dir='ltr' id='par_1_3' title="bbox 3658 305 3765 365">
     <span class='ocr_line' id='line_1_3' title="bbox 3658 305 3765 365; baseline 0 -1"><span class='ocrx_word' id='word_1_5' title='bbox 3658 305 3765 365; x_wconf 69' lang='grc'><strong>188</strong></span> 
     </span>
    </p>
   </div>
   <div class='ocr_carea' id='block_1_4' title="bbox 491 415 3765 494">
    <p class='ocr_par' dir='ltr' id='par_1_4' title="bbox 491 415 3765 494">
     <span class='ocr_line' id='line_1_4' title="bbox 491 415 3765 494; baseline -0.002 -14"><span class='ocrx_word' id='word_1_6' title='bbox 491 423 682 480; x_wconf 84' lang='lat' dir='ltr'><strong>merito</strong></span> <span class='ocrx_word' id='word_1_7' title='bbox 698 437 981 494; x_wconf 60' lang='lat' dir='ltr'><strong>iungamur</strong></span> <span class='ocrx_word' id='word_1_8' title='bbox 1012 420 1281 490; x_wconf 88' lang='lat' dir='ltr'><strong>pessimis,</strong></span> <span class='ocrx_word' id='word_1_9' title='bbox 1311 419 1400 490; x_wconf 99' lang='lat' dir='ltr'><strong>qui</strong></span> <span class='ocrx_word' id='word_1_10' title='bbox 1428 420 1708 488; x_wconf 83' lang='lat' dir='ltr'><strong>collegium</strong></span> <span class='ocrx_word' id='word_1_11' title='bbox 1749 419 1834 475; x_wconf 91' lang='lat' dir='ltr'><strong>hic</strong></span> <span class='ocrx_word' id='word_1_12' title='bbox 1867 419 2067 473; x_wconf 90' lang='lat' dir='ltr'><strong>habere</strong></span> <span class='ocrx_word' id='word_1_13' title='bbox 2099 423 2141 478; x_wconf 81' lang='grc' dir='ltr'><strong>Α</strong></span> <span class='ocrx_word' id='word_1_14' title='bbox 2176 417 2277 482; x_wconf 84' lang='lat' dir='ltr'><strong>Qui</strong></span> <span class='ocrx_word' id='word_1_15' title='bbox 2310 416 2557 470; x_wconf 82' lang='lat' dir='ltr'><strong>tribulam</strong></span> <span class='ocrx_word' id='word_1_16' title='bbox 2602 431 2680 468; x_wconf 87' lang='lat' dir='ltr'><strong>me</strong></span> <span class='ocrx_word' id='word_1_17' title='bbox 2726 416 2922 469; x_wconf 86' lang='lat' dir='ltr'><strong>inimici</strong></span> <span class='ocrx_word' id='word_1_18' title='bbox 2968 415 3089 481; x_wconf 87' lang='lat' dir='ltr'><strong>mei,</strong></span> <span class='ocrx_word' id='word_1_19' title='bbox 3138 416 3237 481; x_wconf 87' lang='lat' dir='ltr'><strong>ipsi</strong></span> <span class='ocrx_word' id='word_1_20' title='bbox 3263 415 3511 485; x_wconf 74' lang='lat' dir='ltr'><strong>inﬁrmati</strong></span> <span class='ocrx_word' id='word_1_21' title='bbox 3551 426 3672 472; x_wconf 87' lang='lat' dir='ltr'><strong>sunt</strong></span> <span class='ocrx_word' id='word_1_22' title='bbox 3716 430 3765 475; x_wconf 79' lang='lat' dir='ltr'><strong>et</strong></span> 
     </span>
    </p>
   </div>
   <div class='ocr_carea' id='block_1_5' title="bbox 493 510 2073 579">
    <p class='ocr_par' dir='ltr' id='par_1_5' title="bbox 493 510 2073 579">
     <span class='ocr_line' id='line_1_5' title="bbox 493 510 2073 579; baseline -0.005 -9"><span class='ocrx_word' id='word_1_23' title='bbox 493 514 756 569; x_wconf 87' lang='lat' dir='ltr'><strong>voluimus</strong></span> <span class='ocrx_word' id='word_1_24' title='bbox 785 528 905 567; x_wconf 89' lang='lat' dir='ltr'><strong>cum</strong></span> <span class='ocrx_word' id='word_1_25' title='bbox 938 511 1201 579; x_wconf 76' lang='lat' dir='ltr'><strong>malignis.</strong></span> <span class='ocrx_word' id='word_1_26' title='bbox 1234 510 1385 578; x_wconf 88' lang='lat' dir='ltr'><strong>Quod</strong></span> <span class='ocrx_word' id='word_1_27' title='bbox 1414 510 1458 565; x_wconf 89' lang='lat' dir='ltr'><strong>si</strong></span> <span class='ocrx_word' id='word_1_28' title='bbox 1483 510 1789 578; x_wconf 83' lang='lat' dir='ltr'><strong>diligentius</strong></span> <span class='ocrx_word' id='word_1_29' title='bbox 1818 524 2073 579; x_wconf 89' lang='lat' dir='ltr'><strong>perscru-</strong></span> 
     </span>
    </p>
   </div>
   <div class='ocr_carea' id='block_1_6' title="bbox 493 586 2071 669">
    <p class='ocr_par' dir='ltr' id='par_1_6' title="bbox 493 586 2071 669">
     <span class='ocr_line' id='line_1_6' title="bbox 493 586 2071 669; baseline -0.004 -11"><span class='ocrx_word' id='word_1_30' title='bbox 493 615 686 668; x_wconf 91' lang='lat' dir='ltr'><strong>temur,</strong></span> <span class='ocrx_word' id='word_1_31' title='bbox 714 616 811 657; x_wconf 89' lang='lat' dir='ltr'><strong>nec</strong></span> <span class='ocrx_word' id='word_1_32' title='bbox 833 602 1099 669; x_wconf 77' lang='lat' dir='ltr'><strong>quantitas</strong></span> <span class='ocrx_word' id='word_1_33' title='bbox 1124 601 1292 669; x_wconf 87' lang='lat' dir='ltr'><strong>ipsius</strong></span> <span class='ocrx_word' id='word_1_34' title='bbox 1316 601 1521 655; x_wconf 85' lang='lat' dir='ltr'><strong>numeri</strong></span> <span class='ocrx_word' id='word_1_35' title='bbox 1552 609 1726 653; x_wconf 90' lang='lat' dir='ltr'><strong>vacat.</strong></span> <span class='ocrx_word' id='word_1_36' title='bbox 1760 599 1890 654; x_wconf 88' lang='lat' dir='ltr'><strong>Nam</strong></span> <span class='ocrx_word' id='word_1_37' title='bbox 1914 586 2071 669; x_wconf 84' lang='lat' dir='ltr'><strong>quin-</strong></span> 
     </span>
    </p>
   </div>
   <div class='ocr_carea' id='block_1_7' title="bbox 493 691 2075 765">
    <p class='ocr_par' dir='ltr' id='par_1_7' title="bbox 493 691 2075 765">
     <span class='ocr_line' id='line_1_7' title="bbox 493 691 2075 765; baseline -0.005 -15"><span class='ocrx_word' id='word_1_38' title='bbox 493 711 597 765; x_wconf 87' lang='lat' dir='ltr'><strong>que</strong></span> <span class='ocrx_word' id='word_1_39' title='bbox 625 693 859 763; x_wconf 73' lang='lat' dir='ltr'><strong>porticus</strong></span> <span class='ocrx_word' id='word_1_40' title='bbox 904 691 1069 746; x_wconf 89' lang='lat' dir='ltr'><strong>fuisse</strong></span> <span class='ocrx_word' id='word_1_41' title='bbox 1097 692 1420 755; x_wconf 81' lang='lat' dir='ltr'><strong>SalomOnis,</strong></span> <span class='ocrx_word' id='word_1_42' title='bbox 1455 695 1507 745; x_wconf 91' lang='lat' dir='ltr'><strong>in</strong></span> <span class='ocrx_word' id='word_1_43' title='bbox 1542 692 1733 760; x_wconf 87' lang='lat' dir='ltr'><strong>quibus</strong></span> <span class='ocrx_word' id='word_1_44' title='bbox 1763 691 2075 762; x_wconf 72' lang='lat' dir='ltr'><strong>periclitan-</strong></span> 
     </span>
    </p>
   </div>
   <div class='ocr_carea' id='block_1_8' title="bbox 492 781 2076 853">
    <p class='ocr_par' dir='ltr' id='par_1_8' title="bbox 492 781 2076 853">
     <span class='ocr_line' id='line_1_8' title="bbox 492 781 2076 853; baseline -0.004 -14"><span class='ocrx_word' id='word_1_45' title='bbox 492 788 625 839; x_wconf 90' lang='lat' dir='ltr'><strong>tium</strong></span> <span class='ocrx_word' id='word_1_46' title='bbox 674 784 825 837; x_wconf 87' lang='lat' dir='ltr'><strong>turba</strong></span> <span class='ocrx_word' id='word_1_47' title='bbox 880 783 1199 853; x_wconf 83' lang='lat' dir='ltr'><strong>languebat,</strong></span> <span class='ocrx_word' id='word_1_48' title='bbox 1258 783 1564 851; x_wconf 79' lang='lat' dir='ltr'><strong>evangelica</strong></span> <span class='ocrx_word' id='word_1_49' title='bbox 1626 781 1781 835; x_wconf 89' lang='lat' dir='ltr'><strong>nobis</strong></span> <span class='ocrx_word' id='word_1_50' title='bbox 1830 781 2076 845; x_wconf 65' lang='lat' dir='ltr'><strong>designat</strong></span> 
     </span>
    </p>
   </div>
   <div class='ocr_carea' id='block_1_9' title="bbox 493 871 2074 943">
    <p class='ocr_par' dir='ltr' id='par_1_9' title="bbox 493 871 2074 943">
     <span class='ocr_line' id='line_1_9' title="bbox 493 871 2074 943; baseline -0.002 -15"><span class='ocrx_word' id='word_1_51' title='bbox 493 874 780 929; x_wconf 81' lang='lat' dir='ltr'><strong>auctoritas</strong></span> <span class='ocrx_word' id='word_1_52' title='bbox 812 871 991 943; x_wconf 79' lang='lat' dir='ltr'><strong>(Joan.</strong></span> <span class='ocrx_word' id='word_1_53' title='bbox 1025 889 1075 940; x_wconf 76' lang='grc' dir='ltr'><strong>ν,</strong></span> <span class='ocrx_word' id='word_1_54' title='bbox 1104 872 1184 942; x_wconf 78' lang='lat'><strong>‘2).</strong></span> <span class='ocrx_word' id='word_1_55' title='bbox 1215 873 1315 941; x_wconf 86' lang='lat' dir='ltr'><strong>Qui</strong></span> <span class='ocrx_word' id='word_1_56' title='bbox 1346 874 1581 927; x_wconf 86' lang='lat' dir='ltr'><strong>calculus</strong></span> <span class='ocrx_word' id='word_1_57' title='bbox 1619 871 1905 942; x_wconf 83' lang='lat' dir='ltr'><strong>quinquies</strong></span> <span class='ocrx_word' id='word_1_58' title='bbox 1937 872 1989 924; x_wconf 92' lang='lat' dir='ltr'><strong>in</strong></span> <span class='ocrx_word' id='word_1_59' title='bbox 2017 886 2074 925; x_wconf 90' lang='lat' dir='ltr'><strong>se</strong></span> 
     </span>
    </p>
   </div>
   <div class='ocr_carea' id='block_1_10' title="bbox 494 964 2075 1035">
    <p class='ocr_par' dir='ltr' id='par_1_10' title="bbox 494 964 2075 1035">
     <span class='ocr_line' id='line_1_10' title="bbox 494 964 2075 1035; baseline -0.004 -16"><span class='ocrx_word' id='word_1_60' title='bbox 494 966 771 1033; x_wconf 82' lang='lat' dir='ltr'><strong>reductus,</strong></span> <span class='ocrx_word' id='word_1_61' title='bbox 816 968 869 1021; x_wconf 93' lang='lat' dir='ltr'><strong>in</strong></span> <span class='ocrx_word' id='word_1_62' title='bbox 921 967 1170 1021; x_wconf 83' lang='lat' dir='ltr'><strong>vicesima</strong></span> <span class='ocrx_word' id='word_1_63' title='bbox 1222 968 1403 1035; x_wconf 86' lang='lat' dir='ltr'><strong>quinta</strong></span> <span class='ocrx_word' id='word_1_64' title='bbox 1453 980 1665 1019; x_wconf 90' lang='lat' dir='ltr'><strong>summa</strong></span> <span class='ocrx_word' id='word_1_65' title='bbox 1713 964 2075 1034; x_wconf 78' lang='lat' dir='ltr'><strong>progreditm,</strong></span> 
     </span>
    </p>
   </div>
   <div class='ocr_carea' id='block_1_11' title="bbox 496 1057 2073 1127">
    <p class='ocr_par' dir='ltr' id='par_1_11' title="bbox 496 1057 2073 1127">
     <span class='ocr_line' id='line_1_11' title="bbox 496 1057 2073 1127; baseline -0.003 -15"><span class='ocrx_word' id='word_1_66' title='bbox 496 1068 554 1112; x_wconf 90' lang='lat' dir='ltr'><strong>ut</strong></span> <span class='ocrx_word' id='word_1_67' title='bbox 581 1058 658 1112; x_wconf 91' lang='lat' dir='ltr'><strong>sic</strong></span> <span class='ocrx_word' id='word_1_68' title='bbox 680 1058 839 1111; x_wconf 85' lang='lat' dir='ltr'><strong>corda</strong></span> <span class='ocrx_word' id='word_1_69' title='bbox 869 1057 1099 1112; x_wconf 91' lang='lat' dir='ltr'><strong>lidelium</strong></span> <span class='ocrx_word' id='word_1_70' title='bbox 1123 1058 1308 1126; x_wconf 79' lang='lat' dir='ltr'><strong>psalmi</strong></span> <span class='ocrx_word' id='word_1_71' title='bbox 1339 1058 1492 1112; x_wconf 84' lang='lat' dir='ltr'><strong>istius</strong></span> <span class='ocrx_word' id='word_1_72' title='bbox 1519 1057 1711 1127; x_wconf 64' lang='lat' dir='ltr'><strong>abysso</strong></span> <span class='ocrx_word' id='word_1_73' title='bbox 1740 1065 2073 1121; x_wconf 87' lang='lat' dir='ltr'><strong>recreentur,</strong></span> 
     </span>
    </p>
   </div>
   <div class='ocr_carea' id='block_1_12' title="bbox 496 1147 2078 1218">
    <p class='ocr_par' dir='ltr' id='par_1_12' title="bbox 496 1147 2078 1218">
     <span class='ocr_line' id='line_1_12' title="bbox 496 1147 2078 1218; baseline -0.003 -15"><span class='ocrx_word' id='word_1_74' title='bbox 496 1151 635 1204; x_wconf 85' lang='lat' dir='ltr'><strong>sicut</strong></span> <span class='ocrx_word' id='word_1_75' title='bbox 664 1149 714 1203; x_wconf 91' lang='lat' dir='ltr'><strong>in</strong></span> <span class='ocrx_word' id='word_1_76' title='bbox 758 1148 866 1203; x_wconf 78' lang='lat' dir='ltr'><strong>illis</strong></span> <span class='ocrx_word' id='word_1_77' title='bbox 890 1149 1179 1218; x_wconf 87' lang='lat' dir='ltr'><strong>porticibus</strong></span> <span class='ocrx_word' id='word_1_78' title='bbox 1210 1149 1503 1218; x_wconf 88' lang='lat' dir='ltr'><strong>jacentium</strong></span> <span class='ocrx_word' id='word_1_79' title='bbox 1535 1147 1821 1214; x_wconf 79' lang='lat' dir='ltr'><strong>probatica:</strong></span> <span class='ocrx_word' id='word_1_80' title='bbox 1858 1147 2078 1215; x_wconf 70' lang='lat' dir='ltr'><strong>piscina:</strong></span> 
     </span>
    </p>
   </div>
   <div class='ocr_carea' id='block_1_13' title="bbox 498 1240 1505 1308">
    <p class='ocr_par' dir='ltr' id='par_1_13' title="bbox 498 1240 1505 1308">
     <span class='ocr_line' id='line_1_13' title="bbox 498 1240 1505 1308; baseline -0.001 -16"><span class='ocrx_word' id='word_1_81' title='bbox 498 1240 714 1295; x_wconf 85' lang='lat' dir='ltr'><strong>lavacro</strong></span> <span class='ocrx_word' id='word_1_82' title='bbox 740 1255 881 1308; x_wconf 70' lang='lat' dir='ltr'><strong>tegra</strong></span> <span class='ocrx_word' id='word_1_83' title='bbox 907 1254 1131 1308; x_wconf 88' lang='lat' dir='ltr'><strong>corpora</strong></span> <span class='ocrx_word' id='word_1_84' title='bbox 1156 1241 1505 1294; x_wconf 79' lang='lat' dir='ltr'><strong>Sanabantur.</strong></span> 
     </span>
    </p>
   </div>
   <div class='ocr_carea' id='block_1_14' title="bbox 769 1397 1817 1457">
    <p class='ocr_par' dir='ltr' id='par_1_14' title="bbox 769 1397 1817 1457">
     <span class='ocr_line' id='line_1_14' title="bbox 769 1397 1817 1457; baseline -0.003 -1"><span class='ocrx_word' id='word_1_85' title='bbox 769 1399 1128 1457; x_wconf 73' lang='lat' dir='ltr'><strong>EXPOSITIO</strong></span> <span class='ocrx_word' id='word_1_86' title='bbox 1168 1399 1231 1454; x_wconf 83' lang='lat' dir='ltr'><strong>IN</strong></span> <span class='ocrx_word' id='word_1_87' title='bbox 1270 1398 1591 1453; x_wconf 71' lang='grc' dir='ltr'><strong>ΡδΑωιωι</strong></span> <span class='ocrx_word' id='word_1_88' title='bbox 1631 1397 1817 1453; x_wconf 75' lang='lat' dir='ltr'><strong>XXVI.</strong></span> 
     </span>
    </p>
   </div>
   <div class='ocr_carea' id='block_1_15' title="bbox 767 1508 1802 1578">
    <p class='ocr_par' dir='ltr' id='par_1_15' title="bbox 767 1508 1802 1578">
     <span class='ocr_line' id='line_1_15' title="bbox 767 1508 1802 1578; baseline -0.005 -13"><span class='ocrx_word' id='word_1_89' title='bbox 767 1510 1006 1566; x_wconf 81' lang='lat' dir='ltr'><strong>Psalmus</strong></span> <span class='ocrx_word' id='word_1_90' title='bbox 1036 1509 1196 1563; x_wconf 67' lang='lat' dir='ltr'><strong>David</strong></span> <span class='ocrx_word' id='word_1_91' title='bbox 1221 1511 1516 1578; x_wconf 80' lang='lat' dir='ltr'><strong>priusquam</strong></span> <span class='ocrx_word' id='word_1_92' title='bbox 1547 1508 1802 1561; x_wconf 81' lang='lat' dir='ltr'><strong>littiretur.</strong></span> 
     </span>
    </p>
   </div>
   <div class='ocr_carea' id='block_1_16' title="bbox 568 1623 2083 1696">
    <p class='ocr_par' dir='ltr' id='par_1_16' title="bbox 568 1623 2083 1696">
     <span class='ocr_line' id='line_1_16' title="bbox 568 1623 2083 1696; baseline -0.004 -13"><span class='ocrx_word' id='word_1_93' title='bbox 568 1628 729 1683; x_wconf 87' lang='lat' dir='ltr'><strong>Tituli</strong></span> <span class='ocrx_word' id='word_1_94' title='bbox 754 1627 911 1696; x_wconf 83' lang='lat' dir='ltr'><strong>hujus</strong></span> <span class='ocrx_word' id='word_1_95' title='bbox 939 1626 1157 1681; x_wconf 86' lang='lat' dir='ltr'><strong>historia</strong></span> <span class='ocrx_word' id='word_1_96' title='bbox 1173 1626 1374 1693; x_wconf 80' lang='lat' dir='ltr'><strong>Regum</strong></span> <span class='ocrx_word' id='word_1_97' title='bbox 1401 1624 1613 1693; x_wconf 83' lang='lat' dir='ltr'><strong>quidem</strong></span> <span class='ocrx_word' id='word_1_98' title='bbox 1638 1623 1906 1678; x_wconf 82' lang='lat' dir='ltr'><strong>volumine</strong></span> <span class='ocrx_word' id='word_1_99' title='bbox 1923 1623 2083 1677; x_wconf 87' lang='lat' dir='ltr'><strong>latius</strong></span> 
     </span>
    </p>
   </div>
   <div class='ocr_carea' id='block_1_17' title="bbox 502 1712 2080 1788">
    <p class='ocr_par' dir='ltr' id='par_1_17' title="bbox 502 1712 2080 1788">
     <span class='ocr_line' id='line_1_17' title="bbox 502 1712 2080 1788; baseline -0.004 -15"><span class='ocrx_word' id='word_1_100' title='bbox 502 1720 766 1773; x_wconf 89' lang='lat' dir='ltr'><strong>indicatur</strong></span> <span class='ocrx_word' id='word_1_101' title='bbox 797 1717 848 1788; x_wconf 90' lang='lat' dir='ltr'><strong>(I</strong></span> <span class='ocrx_word' id='word_1_102' title='bbox 877 1717 1001 1787; x_wconf 81' lang='lat' dir='ltr'><strong>Reg.</strong></span> <span class='ocrx_word' id='word_1_103' title='bbox 1034 1732 1143 1780; x_wconf 82' lang='lat' dir='ltr'><strong>xv1,</strong></span> <span class='ocrx_word' id='word_1_104' title='bbox 1175 1712 1287 1784; x_wconf 82' lang='grc'><strong>15).</strong></span> <span class='ocrx_word' id='word_1_105' title='bbox 1334 1715 1465 1768; x_wconf 82' lang='lat' dir='ltr'><strong>Nam</strong></span> <span class='ocrx_word' id='word_1_106' title='bbox 1496 1730 1616 1769; x_wconf 90' lang='lat' dir='ltr'><strong>cum</strong></span> <span class='ocrx_word' id='word_1_107' title='bbox 1649 1715 1774 1768; x_wconf 88' lang='lat' dir='ltr'><strong>Saul</strong></span> <span class='ocrx_word' id='word_1_108' title='bbox 1802 1720 2080 1782; x_wconf 90' lang='lat' dir='ltr'><strong>peccasset</strong></span> 
     </span>
    </p>
   </div>
   <div class='ocr_carea' id='block_1_18' title="bbox 2175 504 3759 575">
    <p class='ocr_par' dir='ltr' id='par_1_18' title="bbox 2175 504 3759 575">
     <span class='ocr_line' id='line_1_18' title="bbox 2175 504 3759 575; baseline 0 -14"><span class='ocrx_word' id='word_1_109' title='bbox 2175 506 2484 561; x_wconf 81' lang='lat' dir='ltr'><strong>ceciderunt.</strong></span> <span class='ocrx_word' id='word_1_110' title='bbox 2535 505 2624 561; x_wconf 92' lang='lat' dir='ltr'><strong>Sic</strong></span> <span class='ocrx_word' id='word_1_111' title='bbox 2671 506 2826 559; x_wconf 80' lang='lat' dir='ltr'><strong>istius</strong></span> <span class='ocrx_word' id='word_1_112' title='bbox 2870 504 3264 575; x_wconf 79' lang='lat' dir='ltr'><strong>epichirematis</strong></span> <span class='ocrx_word' id='word_1_113' title='bbox 3304 505 3541 561; x_wconf 82' lang='lat' dir='ltr'><strong>breviter</strong></span> <span class='ocrx_word' id='word_1_114' title='bbox 3587 506 3759 563; x_wconf 85' lang='lat' dir='ltr'><strong>forma</strong></span> 
     </span>
    </p>
   </div>
   <div class='ocr_carea' id='block_1_19' title="bbox 2178 593 3757 665">
    <p class='ocr_par' dir='ltr' id='par_1_19' title="bbox 2178 593 3757 665">
     <span class='ocr_line' id='line_1_19' title="bbox 2178 593 3757 665; baseline -0.001 -14"><span class='ocrx_word' id='word_1_115' title='bbox 2178 594 2408 665; x_wconf 84' lang='lat' dir='ltr'><strong>perfecta</strong></span> <span class='ocrx_word' id='word_1_116' title='bbox 2440 603 2542 649; x_wconf 88' lang='lat' dir='ltr'><strong>est.</strong></span> <span class='ocrx_word' id='word_1_117' title='bbox 2592 593 2741 650; x_wconf 86' lang='lat' dir='ltr'><strong>Nunc</strong></span> <span class='ocrx_word' id='word_1_118' title='bbox 2792 594 2858 647; x_wconf 91' lang='lat' dir='ltr'><strong>ad</strong></span> <span class='ocrx_word' id='word_1_119' title='bbox 2900 594 3212 665; x_wconf 78' lang='lat' dir='ltr'><strong>exponenda</strong></span> <span class='ocrx_word' id='word_1_120' title='bbox 3260 595 3422 650; x_wconf 89' lang='lat' dir='ltr'><strong>verba</strong></span> <span class='ocrx_word' id='word_1_121' title='bbox 3454 596 3757 651; x_wconf 86' lang='lat' dir='ltr'><strong>redeamus.</strong></span> 
     </span>
    </p>
   </div>
   <div class='ocr_carea' id='block_1_20' title="bbox 2178 685 3761 757">
    <p class='ocr_par' dir='ltr' id='par_1_20' title="bbox 2178 685 3761 757">
     <span class='ocr_line' id='line_1_20' title="bbox 2178 685 3761 757; baseline 0.001 -16"><span class='ocrx_word' id='word_1_122' title='bbox 2178 687 2443 757; x_wconf 79' lang='lat' dir='ltr'><strong>PrOpheta</strong></span> <span class='ocrx_word' id='word_1_123' title='bbox 2474 701 2602 754; x_wconf 86' lang='lat' dir='ltr'><strong>ergo</strong></span> <span class='ocrx_word' id='word_1_124' title='bbox 2631 686 2763 739; x_wconf 90' lang='lat' dir='ltr'><strong>dicit</strong></span> <span class='ocrx_word' id='word_1_125' title='bbox 2797 685 3093 753; x_wconf 83' lang='lat' dir='ltr'><strong>exsultans,</strong></span> <span class='ocrx_word' id='word_1_126' title='bbox 3128 702 3187 741; x_wconf 92' lang='lat' dir='ltr'><strong>se</strong></span> <span class='ocrx_word' id='word_1_127' title='bbox 3238 702 3559 756; x_wconf 89' lang='lat' dir='ltr'><strong>quemquam</strong></span> <span class='ocrx_word' id='word_1_128' title='bbox 3588 687 3761 743; x_wconf 87' lang='lat' dir='ltr'><strong>homi-</strong></span> 
     </span>
    </p>
   </div>
   <div class='ocr_carea' id='block_1_21' title="bbox 2179 778 3758 847">
    <p class='ocr_par' dir='ltr' id='par_1_21' title="bbox 2179 778 3758 847">
     <span class='ocr_line' id='line_1_21' title="bbox 2179 778 3758 847; baseline 0.003 -16"><span class='ocrx_word' id='word_1_129' title='bbox 2179 795 2303 832; x_wconf 86' lang='lat' dir='ltr'><strong>num</strong></span> <span class='ocrx_word' id='word_1_130' title='bbox 2337 794 2439 833; x_wconf 90' lang='lat' dir='ltr'><strong>non</strong></span> <span class='ocrx_word' id='word_1_131' title='bbox 2475 780 2687 846; x_wconf 88' lang='lat' dir='ltr'><strong>timere,</strong></span> <span class='ocrx_word' id='word_1_132' title='bbox 2719 779 2971 847; x_wconf 87' lang='lat' dir='ltr'><strong>quoniam</strong></span> <span class='ocrx_word' id='word_1_133' title='bbox 3000 793 3029 832; x_wconf 86' lang='lat' dir='ltr'><strong>a</strong></span> <span class='ocrx_word' id='word_1_134' title='bbox 3052 778 3164 833; x_wconf 89' lang='lat' dir='ltr'><strong>Deo</strong></span> <span class='ocrx_word' id='word_1_135' title='bbox 3188 778 3366 833; x_wconf 85' lang='lat' dir='ltr'><strong>fuerat</strong></span> <span class='ocrx_word' id='word_1_136' title='bbox 3397 780 3758 844; x_wconf 84' lang='lat' dir='ltr'><strong>illuminatus,</strong></span> 
     </span>
    </p>
   </div>
   <div class='ocr_carea' id='block_1_22' title="bbox 2179 870 3757 938">
    <p class='ocr_par' dir='ltr' id='par_1_22' title="bbox 2179 870 3757 938">
     <span class='ocr_line' id='line_1_22' title="bbox 2179 870 3757 938; baseline -0.001 -12"><span class='ocrx_word' id='word_1_137' title='bbox 2179 872 2467 926; x_wconf 88' lang='lat' dir='ltr'><strong>ostendens</strong></span> <span class='ocrx_word' id='word_1_138' title='bbox 2496 870 2832 925; x_wconf 89' lang='lat' dir='ltr'><strong>formidinem</strong></span> <span class='ocrx_word' id='word_1_139' title='bbox 2865 885 3078 938; x_wconf 90' lang='lat' dir='ltr'><strong>semper</strong></span> <span class='ocrx_word' id='word_1_140' title='bbox 3104 870 3300 924; x_wconf 85' lang='lat' dir='ltr'><strong>habere</strong></span> <span class='ocrx_word' id='word_1_141' title='bbox 3331 870 3582 925; x_wconf 84' lang='lat' dir='ltr'><strong>tenebras</strong></span> <span class='ocrx_word' id='word_1_142' title='bbox 3608 885 3757 937; x_wconf 89' lang='lat' dir='ltr'><strong>suas,</strong></span> 
     </span>
    </p>
   </div>
   <div class='ocr_carea' id='block_1_23' title="bbox 2179 960 3761 1032">
    <p class='ocr_par' dir='ltr' id='par_1_23' title="bbox 2179 960 3761 1032">
     <span class='ocr_line' id='line_1_23' title="bbox 2179 960 3761 1032; baseline 0.001 -17"><span class='ocrx_word' id='word_1_143' title='bbox 2179 962 2391 1032; x_wconf 88' lang='lat' dir='ltr'><strong>quando</strong></span> <span class='ocrx_word' id='word_1_144' title='bbox 2418 970 2607 1016; x_wconf 81' lang='lat' dir='ltr'><strong>contra</strong></span> <span class='ocrx_word' id='word_1_145' title='bbox 2635 977 2751 1015; x_wconf 89' lang='lat' dir='ltr'><strong>eam</strong></span> <span class='ocrx_word' id='word_1_146' title='bbox 2785 961 2999 1029; x_wconf 82' lang='lat' dir='ltr'><strong>ponitur</strong></span> <span class='ocrx_word' id='word_1_147' title='bbox 3039 961 3346 1014; x_wconf 84' lang='lat' dir='ltr'><strong>illuminatio</strong></span> <span class='ocrx_word' id='word_1_148' title='bbox 3375 976 3629 1029; x_wconf 85' lang='lat' dir='ltr'><strong>superna.</strong></span> <span class='ocrx_word' id='word_1_149' title='bbox 3658 960 3761 1016; x_wconf 89' lang='lat' dir='ltr'><strong>Se-</strong></span> 
     </span>
    </p>
   </div>
   <div class='ocr_carea' id='block_1_24' title="bbox 2181 1053 3763 1126">
    <p class='ocr_par' dir='ltr' id='par_1_24' title="bbox 2181 1053 3763 1126">
     <span class='ocr_line' id='line_1_24' title="bbox 2181 1053 3763 1126; baseline -0.002 -16"><span class='ocrx_word' id='word_1_150' title='bbox 2181 1056 2379 1126; x_wconf 87' lang='lat' dir='ltr'><strong>quitur,</strong></span> <span class='ocrx_word' id='word_1_151' title='bbox 2398 1065 2445 1109; x_wconf 81' lang='lat' dir='ltr'><strong>et</strong></span> <span class='ocrx_word' id='word_1_152' title='bbox 2473 1056 2615 1108; x_wconf 83' lang='lat' dir='ltr'><strong>salus</strong></span> <span class='ocrx_word' id='word_1_153' title='bbox 2643 1071 2773 1109; x_wconf 89' lang='lat' dir='ltr'><strong>mea.</strong></span> <span class='ocrx_word' id='word_1_154' title='bbox 2796 1055 2850 1108; x_wconf 87' lang='lat' dir='ltr'><strong>In</strong></span> <span class='ocrx_word' id='word_1_155' title='bbox 2873 1069 2979 1123; x_wconf 87' lang='lat' dir='ltr'><strong>quo</strong></span> <span class='ocrx_word' id='word_1_156' title='bbox 3000 1054 3165 1108; x_wconf 89' lang='lat' dir='ltr'><strong>verbo</strong></span> <span class='ocrx_word' id='word_1_157' title='bbox 3186 1064 3380 1108; x_wconf 85' lang='lat' dir='ltr'><strong>cuncta</strong></span> <span class='ocrx_word' id='word_1_158' title='bbox 3398 1053 3687 1118; x_wconf 79' lang='lat' dir='ltr'><strong>concludit,</strong></span> <span class='ocrx_word' id='word_1_159' title='bbox 3713 1060 3763 1107; x_wconf 90' lang='lat' dir='ltr'><strong>et</strong></span> 
     </span>
    </p>
   </div>
   <div class='ocr_carea' id='block_1_25' title="bbox 2185 1142 3765 1214">
    <p class='ocr_par' dir='ltr' id='par_1_25' title="bbox 2185 1142 3765 1214">
     <span class='ocr_line' id='line_1_25' title="bbox 2185 1142 3765 1214; baseline -0.001 -14"><span class='ocrx_word' id='word_1_160' title='bbox 2185 1146 2538 1201; x_wconf 75' lang='lat' dir='ltr'><strong>Valetudinem</strong></span> <span class='ocrx_word' id='word_1_161' title='bbox 2569 1145 2830 1214; x_wconf 78' lang='lat' dir='ltr'><strong>Corporis,</strong></span> <span class='ocrx_word' id='word_1_162' title='bbox 2862 1152 2916 1198; x_wconf 89' lang='lat' dir='ltr'><strong>et</strong></span> <span class='ocrx_word' id='word_1_163' title='bbox 2944 1144 3135 1197; x_wconf 67' lang='lat' dir='ltr'><strong>animat</strong></span> <span class='ocrx_word' id='word_1_164' title='bbox 3163 1144 3497 1212; x_wconf 89' lang='lat' dir='ltr'><strong>sospitatem.</strong></span> <span class='ocrx_word' id='word_1_165' title='bbox 3528 1142 3765 1211; x_wconf 82' lang='lat' dir='ltr'><strong>Utraque</strong></span> 
     </span>
    </p>
   </div>
   <div class='ocr_carea' id='block_1_26' title="bbox 2182 1233 3764 1303">
    <p class='ocr_par' dir='ltr' id='par_1_26' title="bbox 2182 1233 3764 1303">
     <span class='ocr_line' id='line_1_26' title="bbox 2182 1233 3764 1303; baseline -0.002 -12"><span class='ocrx_word' id='word_1_166' title='bbox 2182 1238 2322 1292; x_wconf 87' lang='lat' dir='ltr'><strong>enim</strong></span> <span class='ocrx_word' id='word_1_167' title='bbox 2354 1245 2476 1290; x_wconf 87' lang='lat' dir='ltr'><strong>sunt</strong></span> <span class='ocrx_word' id='word_1_168' title='bbox 2499 1236 2689 1290; x_wconf 88' lang='lat' dir='ltr'><strong>indicia</strong></span> <span class='ocrx_word' id='word_1_169' title='bbox 2715 1236 2903 1289; x_wconf 84' lang='lat' dir='ltr'><strong>salutis</strong></span> <span class='ocrx_word' id='word_1_170' title='bbox 2927 1274 2943 1300; x_wconf 85' lang='lat'><strong>,</strong></span> <span class='ocrx_word' id='word_1_171' title='bbox 2972 1234 3187 1303; x_wconf 85' lang='lat' dir='ltr'><strong>quando</strong></span> <span class='ocrx_word' id='word_1_172' title='bbox 3215 1234 3479 1287; x_wconf 86' lang='lat' dir='ltr'><strong>sustinent</strong></span> <span class='ocrx_word' id='word_1_173' title='bbox 3510 1233 3764 1288; x_wconf 79' lang='lat' dir='ltr'><strong>videlicet</strong></span> 
     </span>
    </p>
   </div>
   <div class='ocr_carea' id='block_1_27' title="bbox 2183 1324 3764 1397">
    <p class='ocr_par' dir='ltr' id='par_1_27' title="bbox 2183 1324 3764 1397">
     <span class='ocr_line' id='line_1_27' title="bbox 2183 1324 3764 1397; baseline -0.002 -17"><span class='ocrx_word' id='word_1_174' title='bbox 2183 1327 2524 1397; x_wconf 88' lang='lat' dir='ltr'><strong>gravissimas</strong></span> <span class='ocrx_word' id='word_1_175' title='bbox 2554 1328 2851 1393; x_wconf 81' lang='lat' dir='ltr'><strong>passiones.</strong></span> <span class='ocrx_word' id='word_1_176' title='bbox 2887 1327 3049 1391; x_wconf 79' lang='lat' dir='ltr'><strong>Quem</strong></span> <span class='ocrx_word' id='word_1_177' title='bbox 3089 1325 3309 1378; x_wconf 87' lang='lat' dir='ltr'><strong>timebo?</strong></span> <span class='ocrx_word' id='word_1_178' title='bbox 3355 1324 3403 1379; x_wconf 88' lang='lat' dir='ltr'><strong>id</strong></span> <span class='ocrx_word' id='word_1_179' title='bbox 3450 1334 3535 1379; x_wconf 89' lang='lat' dir='ltr'><strong>est</strong></span> <span class='ocrx_word' id='word_1_180' title='bbox 3562 1326 3764 1378; x_wconf 91' lang='lat' dir='ltr'><strong>nullum</strong></span> 
     </span>
    </p>
   </div>
   <div class='ocr_carea' id='block_1_28' title="bbox 2187 1416 3767 1480">
    <p class='ocr_par' dir='ltr' id='par_1_28' title="bbox 2187 1416 3767 1480">
     <span class='ocr_line' id='line_1_28' title="bbox 2187 1416 3767 1480; baseline -0.002 -7"><span class='ocrx_word' id='word_1_181' title='bbox 2187 1419 2458 1473; x_wconf 84' lang='lat' dir='ltr'><strong>hominum</strong></span> <span class='ocrx_word' id='word_1_182' title='bbox 2482 1417 2796 1470; x_wconf 68' lang='lat' dir='ltr'><strong>fartnitlabo.</strong></span> <span class='ocrx_word' id='word_1_183' title='bbox 2823 1416 3008 1469; x_wconf 88' lang='lat' dir='ltr'><strong>Timor</strong></span> <span class='ocrx_word' id='word_1_184' title='bbox 3033 1417 3175 1470; x_wconf 91' lang='lat' dir='ltr'><strong>enim</strong></span> <span class='ocrx_word' id='word_1_185' title='bbox 3208 1416 3409 1470; x_wconf 80' lang='lat' dir='ltr'><strong>fecerat</strong></span> <span class='ocrx_word' id='word_1_186' title='bbox 3442 1416 3671 1480; x_wconf 88' lang='lat' dir='ltr'><strong>Domini,</strong></span> <span class='ocrx_word' id='word_1_187' title='bbox 3698 1430 3767 1470; x_wconf 90' lang='lat' dir='ltr'><strong>ne</strong></span> 
     </span>
    </p>
   </div>
   <div class='ocr_carea' id='block_1_29' title="bbox 2185 1506 3763 1579">
    <p class='ocr_par' dir='ltr' id='par_1_29' title="bbox 2185 1506 3763 1579">
     <span class='ocr_line' id='line_1_29' title="bbox 2185 1506 3763 1579; baseline -0.004 -15"><span class='ocrx_word' id='word_1_188' title='bbox 2185 1522 2505 1579; x_wconf 88' lang='lat' dir='ltr'><strong>quemquam</strong></span> <span class='ocrx_word' id='word_1_189' title='bbox 2535 1506 2695 1560; x_wconf 90' lang='lat' dir='ltr'><strong>alium</strong></span> <span class='ocrx_word' id='word_1_190' title='bbox 2730 1508 2920 1562; x_wconf 89' lang='lat' dir='ltr'><strong>timere</strong></span> <span class='ocrx_word' id='word_1_191' title='bbox 2945 1506 3221 1574; x_wconf 74' lang='lat' dir='ltr'><strong>potuisset.</strong></span> <span class='ocrx_word' id='word_1_192' title='bbox 3253 1507 3503 1575; x_wconf 78' lang='lat' dir='ltr'><strong>Sequitur</strong></span> <span class='ocrx_word' id='word_1_193' title='bbox 3534 1522 3547 1557; x_wconf 92' lang='lat'><strong>:</strong></span> <span class='ocrx_word' id='word_1_194' title='bbox 3585 1506 3763 1559; x_wconf 88' lang='lat' dir='ltr'><strong>Domi-</strong></span> 
     </span>
    </p>
   </div>
   <div class='ocr_carea' id='block_1_30' title="bbox 2187 1596 3769 1669">
    <p class='ocr_par' dir='ltr' id='par_1_30' title="bbox 2187 1596 3769 1669">
     <span class='ocr_line' id='line_1_30' title="bbox 2187 1596 3769 1669; baseline -0.001 -17"><span class='ocrx_word' id='word_1_195' title='bbox 2187 1616 2284 1655; x_wconf 87' lang='lat' dir='ltr'><strong>nus</strong></span> <span class='ocrx_word' id='word_1_196' title='bbox 2332 1601 2568 1669; x_wconf 82' lang='lat' dir='ltr'><strong>defensor</strong></span> <span class='ocrx_word' id='word_1_197' title='bbox 2599 1598 2714 1651; x_wconf 73' lang='lat' dir='ltr'><strong>vita:</strong></span> <span class='ocrx_word' id='word_1_198' title='bbox 2743 1614 2894 1661; x_wconf 79' lang='lat' dir='ltr'><strong>mete,</strong></span> <span class='ocrx_word' id='word_1_199' title='bbox 2928 1614 2959 1649; x_wconf 92' lang='lat' dir='ltr'><strong>a</strong></span> <span class='ocrx_word' id='word_1_200' title='bbox 3004 1614 3103 1664; x_wconf 88' lang='lat' dir='ltr'><strong>quo</strong></span> <span class='ocrx_word' id='word_1_201' title='bbox 3150 1596 3449 1664; x_wconf 73' lang='lat' dir='ltr'><strong>trepidabo?</strong></span> <span class='ocrx_word' id='word_1_202' title='bbox 3495 1596 3640 1650; x_wconf 79' lang='lat' dir='ltr'><strong>Multi</strong></span> <span class='ocrx_word' id='word_1_203' title='bbox 3674 1612 3769 1665; x_wconf 89' lang='lat' dir='ltr'><strong>per</strong></span> 
     </span>
    </p>
   </div>
   <div class='ocr_carea' id='block_1_31' title="bbox 2188 1686 3768 1761">
    <p class='ocr_par' dir='ltr' id='par_1_31' title="bbox 2188 1686 3768 1761">
     <span class='ocr_line' id='line_1_31' title="bbox 2188 1686 3768 1761; baseline -0.002 -18"><span class='ocrx_word' id='word_1_204' title='bbox 2188 1698 2342 1744; x_wconf 87' lang='lat' dir='ltr'><strong>actus</strong></span> <span class='ocrx_word' id='word_1_205' title='bbox 2367 1689 2580 1761; x_wconf 84' lang='lat' dir='ltr'><strong>iniquos</strong></span> <span class='ocrx_word' id='word_1_206' title='bbox 2610 1696 2828 1754; x_wconf 88' lang='lat' dir='ltr'><strong>accepta</strong></span> <span class='ocrx_word' id='word_1_207' title='bbox 2862 1687 2953 1741; x_wconf 90' lang='lat' dir='ltr'><strong>Dei</strong></span> <span class='ocrx_word' id='word_1_208' title='bbox 2985 1702 3203 1740; x_wconf 90' lang='lat' dir='ltr'><strong>munera</strong></span> <span class='ocrx_word' id='word_1_209' title='bbox 3234 1686 3599 1755; x_wconf 85' lang='lat' dir='ltr'><strong>perdiderunt.</strong></span> <span class='ocrx_word' id='word_1_210' title='bbox 3630 1686 3768 1752; x_wconf 86' lang='lat' dir='ltr'><strong>Quo-</strong></span> 
     </span>
    </p>
   </div>
   <div class='ocr_carea' id='block_1_32' title="bbox 502 1776 2093 1877">
    <p class='ocr_par' dir='ltr' id='par_1_32' title="bbox 502 1776 2072 1877">
     <span class='ocr_line' id='line_1_32' title="bbox 502 1776 2072 1877; baseline -0.004 -14"><span class='ocrx_word' id='word_1_211' title='bbox 502 1811 634 1875; x_wconf 87' lang='lat' dir='ltr'><strong>Deo,</strong></span> <span class='ocrx_word' id='word_1_212' title='bbox 664 1824 758 1877; x_wconf 90' lang='lat' dir='ltr'><strong>per</strong></span> <span class='ocrx_word' id='word_1_213' title='bbox 785 1776 1026 1864; x_wconf 69' lang='lat' dir='ltr'><strong>sanctum</strong></span> <span class='ocrx_word' id='word_1_214' title='bbox 1056 1806 1359 1861; x_wconf 89' lang='lat' dir='ltr'><strong>Samuelem</strong></span> <span class='ocrx_word' id='word_1_215' title='bbox 1391 1807 1703 1874; x_wconf 81' lang='lat' dir='ltr'><strong>prophetam</strong></span> <span class='ocrx_word' id='word_1_216' title='bbox 1737 1804 1901 1857; x_wconf 83' lang='lat' dir='ltr'><strong>David</strong></span> <span class='ocrx_word' id='word_1_217' title='bbox 1932 1802 2072 1871; x_wconf 90' lang='lat' dir='ltr'><strong>apud</strong></span> 
     </span>
    </p>
   </div>
   <div class='ocr_carea' id='block_1_33' title="bbox 2201 1776 3770 1877">
    <p class='ocr_par' dir='ltr' id='par_1_33' title="bbox 2201 1776 3770 1849">
     <span class='ocr_line' id='line_1_33' title="bbox 2201 1776 3770 1849; baseline -0.002 -15"><span class='ocrx_word' id='word_1_218' title='bbox 2201 1797 2305 1835; x_wconf 76' lang='lat' dir='ltr'><strong>rum</strong></span> <span class='ocrx_word' id='word_1_219' title='bbox 2332 1790 2509 1834; x_wconf 82' lang='lat' dir='ltr'><strong>autem</strong></span> <span class='ocrx_word' id='word_1_220' title='bbox 2532 1780 2766 1849; x_wconf 77' lang='lat' dir='ltr'><strong>defensor</strong></span> <span class='ocrx_word' id='word_1_221' title='bbox 2798 1776 2895 1831; x_wconf 86' lang='lat' dir='ltr'><strong>fuit</strong></span> <span class='ocrx_word' id='word_1_222' title='bbox 2926 1777 3198 1842; x_wconf 69' lang='lat' dir='ltr'><strong>Dominus,</strong></span> <span class='ocrx_word' id='word_1_223' title='bbox 3234 1778 3539 1830; x_wconf 87' lang='lat' dir='ltr'><strong>nullatenus</strong></span> <span class='ocrx_word' id='word_1_224' title='bbox 3566 1777 3770 1844; x_wconf 88' lang='lat' dir='ltr'><strong>aliquid</strong></span> 
     </span>
    </p>
   </div>
   <div class='ocr_carea' id='block_1_34' title="bbox 502 1894 2087 1969">
    <p class='ocr_par' dir='ltr' id='par_1_34' title="bbox 502 1894 2087 1969">
     <span class='ocr_line' id='line_1_34' title="bbox 502 1894 2087 1969; baseline -0.003 -17"><span class='ocrx_word' id='word_1_225' title='bbox 502 1909 705 1969; x_wconf 85' lang='lat' dir='ltr'><strong>patrem</strong></span> <span class='ocrx_word' id='word_1_226' title='bbox 734 1913 887 1952; x_wconf 90' lang='lat' dir='ltr'><strong>suum</strong></span> <span class='ocrx_word' id='word_1_227' title='bbox 918 1905 1002 1951; x_wconf 90' lang='lat' dir='ltr'><strong>est</strong></span> <span class='ocrx_word' id='word_1_228' title='bbox 1022 1907 1216 1951; x_wconf 87' lang='lat' dir='ltr'><strong>unctus</strong></span> <span class='ocrx_word' id='word_1_229' title='bbox 1244 1896 1297 1949; x_wconf 91' lang='lat' dir='ltr'><strong>in</strong></span> <span class='ocrx_word' id='word_1_230' title='bbox 1326 1910 1525 1965; x_wconf 90' lang='lat' dir='ltr'><strong>regem.</strong></span> <span class='ocrx_word' id='word_1_231' title='bbox 1561 1894 1757 1949; x_wconf 79' lang='lat' dir='ltr'><strong>Verum</strong></span> <span class='ocrx_word' id='word_1_232' title='bbox 1788 1894 1877 1947; x_wconf 91' lang='lat' dir='ltr'><strong>hic</strong></span> <span class='ocrx_word' id='word_1_233' title='bbox 1905 1894 2087 1948; x_wconf 88' lang='lat' dir='ltr'><strong>titulus</strong></span> 
     </span>
    </p>
   </div>
   <div class='ocr_carea' id='block_1_35' title="bbox 489 1985 2087 2060">
    <p class='ocr_par' dir='ltr' id='par_1_35' title="bbox 489 1985 2087 2060">
     <span class='ocr_line' id='line_1_35' title="bbox 489 1985 2087 2060; baseline -0.004 -15"><span class='ocrx_word' id='word_1_234' title='bbox 489 1989 570 2046; x_wconf 73' lang='lat' dir='ltr'><strong>&#39;de</strong></span> <span class='ocrx_word' id='word_1_235' title='bbox 592 1990 703 2060; x_wconf 87' lang='lat' dir='ltr'><strong>ipsa</strong></span> <span class='ocrx_word' id='word_1_236' title='bbox 734 1988 985 2044; x_wconf 91' lang='lat' dir='ltr'><strong>unctione</strong></span> <span class='ocrx_word' id='word_1_237' title='bbox 1011 2004 1117 2043; x_wconf 90' lang='lat' dir='ltr'><strong>non</strong></span> <span class='ocrx_word' id='word_1_238' title='bbox 1144 1987 1398 2056; x_wconf 88' lang='lat' dir='ltr'><strong>loquitur,</strong></span> <span class='ocrx_word' id='word_1_239' title='bbox 1430 1987 1524 2041; x_wconf 91' lang='lat' dir='ltr'><strong>sed</strong></span> <span class='ocrx_word' id='word_1_240' title='bbox 1557 1986 1703 2041; x_wconf 89' lang='lat' dir='ltr'><strong>illam</strong></span> <span class='ocrx_word' id='word_1_241' title='bbox 1733 1985 1912 2056; x_wconf 92' lang='lat' dir='ltr'><strong>potius</strong></span> <span class='ocrx_word' id='word_1_242' title='bbox 1935 2000 2087 2040; x_wconf 91' lang='lat' dir='ltr'><strong>com-</strong></span> 
     </span>
    </p>
   </div>
   <div class='ocr_carea' id='block_1_36' title="bbox 504 2078 2086 2151">
    <p class='ocr_par' dir='ltr' id='par_1_36' title="bbox 504 2078 2086 2151">
     <span class='ocr_line' id='line_1_36' title="bbox 504 2078 2086 2151; baseline -0.003 -14"><span class='ocrx_word' id='word_1_243' title='bbox 504 2097 806 2137; x_wconf 82' lang='lat' dir='ltr'><strong>memorare</strong></span> <span class='ocrx_word' id='word_1_244' title='bbox 854 2081 1205 2151; x_wconf 79' lang='lat' dir='ltr'><strong>dignoscitur,</strong></span> <span class='ocrx_word' id='word_1_245' title='bbox 1251 2079 1465 2149; x_wconf 89' lang='lat' dir='ltr'><strong>quando</strong></span> <span class='ocrx_word' id='word_1_246' title='bbox 1508 2088 1631 2151; x_wconf 84' lang='lat' dir='ltr'><strong>post</strong></span> <span class='ocrx_word' id='word_1_247' title='bbox 1675 2078 2086 2148; x_wconf 85' lang='lat' dir='ltr'><strong>persecutiones</strong></span> 
     </span>
    </p>
   </div>
   <div class='ocr_carea' id='block_1_37' title="bbox 503 2150 2083 2239">
    <p class='ocr_par' dir='ltr' id='par_1_37' title="bbox 503 2150 2083 2239">
     <span class='ocr_line' id='line_1_37' title="bbox 503 2150 2083 2239; baseline -0.003 -12"><span class='ocrx_word' id='word_1_248' title='bbox 503 2172 702 2237; x_wconf 85' lang='lat' dir='ltr'><strong>Saulis,</strong></span> <span class='ocrx_word' id='word_1_249' title='bbox 723 2181 849 2226; x_wconf 89' lang='lat' dir='ltr'><strong>voto</strong></span> <span class='ocrx_word' id='word_1_250' title='bbox 875 2150 1053 2239; x_wconf 79' lang='lat' dir='ltr'><strong>pepuli</strong></span> <span class='ocrx_word' id='word_1_251' title='bbox 1074 2179 1160 2225; x_wconf 90' lang='lat' dir='ltr'><strong>est</strong></span> <span class='ocrx_word' id='word_1_252' title='bbox 1180 2170 1471 2239; x_wconf 90' lang='lat' dir='ltr'><strong>perductus</strong></span> <span class='ocrx_word' id='word_1_253' title='bbox 1491 2168 1557 2223; x_wconf 87' lang='lat' dir='ltr'><strong>ad</strong></span> <span class='ocrx_word' id='word_1_254' title='bbox 1587 2150 1810 2238; x_wconf 75' lang='lat' dir='ltr'><strong>regnum</strong></span> <span class='ocrx_word' id='word_1_255' title='bbox 1841 2167 1927 2239; x_wconf 86' lang='lat' dir='ltr'><strong>(II</strong></span> <span class='ocrx_word' id='word_1_256' title='bbox 1951 2169 2083 2239; x_wconf 82' lang='lat' dir='ltr'><strong>Reg.</strong></span> 
     </span>
    </p>
   </div>
   <div class='ocr_carea' id='block_1_38' title="bbox 505 2261 2093 2333">
    <p class='ocr_par' dir='ltr' id='par_1_38' title="bbox 505 2261 2093 2333">
     <span class='ocr_line' id='line_1_38' title="bbox 505 2261 2093 2333; baseline -0.003 -15"><span class='ocrx_word' id='word_1_257' title='bbox 505 2277 559 2333; x_wconf 82' lang='grc' dir='ltr'><strong>ν,</strong></span> <span class='ocrx_word' id='word_1_258' title='bbox 591 2265 668 2333; x_wconf 79' lang='grc'><strong>5),</strong></span> <span class='ocrx_word' id='word_1_259' title='bbox 700 2278 821 2318; x_wconf 92' lang='lat' dir='ltr'><strong>cum</strong></span> <span class='ocrx_word' id='word_1_260' title='bbox 862 2271 916 2318; x_wconf 91' lang='lat' dir='ltr'><strong>et</strong></span> <span class='ocrx_word' id='word_1_261' title='bbox 939 2263 1098 2317; x_wconf 89' lang='lat' dir='ltr'><strong>istum</strong></span> <span class='ocrx_word' id='word_1_262' title='bbox 1130 2262 1387 2329; x_wconf 90' lang='lat' dir='ltr'><strong>psalmum</strong></span> <span class='ocrx_word' id='word_1_263' title='bbox 1420 2276 1600 2315; x_wconf 89' lang='lat' dir='ltr'><strong>rerum</strong></span> <span class='ocrx_word' id='word_1_264' title='bbox 1634 2261 1871 2330; x_wconf 89' lang='lat' dir='ltr'><strong>ipsarum</strong></span> <span class='ocrx_word' id='word_1_265' title='bbox 1904 2262 2093 2316; x_wconf 81' lang='lat' dir='ltr'><strong>te5tili-</strong></span> 
     </span>
    </p>
   </div>
   <div class='ocr_carea' id='block_1_39' title="bbox 506 2351 2091 2422">
    <p class='ocr_par' dir='ltr' id='par_1_39' title="bbox 506 2351 2091 2422">
     <span class='ocr_line' id='line_1_39' title="bbox 506 2351 2091 2422; baseline -0.003 -12"><span class='ocrx_word' id='word_1_266' title='bbox 506 2358 716 2410; x_wconf 84' lang='lat' dir='ltr'><strong>catione</strong></span> <span class='ocrx_word' id='word_1_267' title='bbox 757 2369 878 2409; x_wconf 89' lang='lat' dir='ltr'><strong>eum</strong></span> <span class='ocrx_word' id='word_1_268' title='bbox 909 2353 1298 2422; x_wconf 87' lang='lat' dir='ltr'><strong>conscripsisse</strong></span> <span class='ocrx_word' id='word_1_269' title='bbox 1341 2351 1681 2407; x_wconf 87' lang='lat' dir='ltr'><strong>manifestum</strong></span> <span class='ocrx_word' id='word_1_270' title='bbox 1727 2352 1819 2406; x_wconf 88' lang='lat' dir='ltr'><strong>sit.</strong></span> <span class='ocrx_word' id='word_1_271' title='bbox 1864 2352 1995 2406; x_wconf 84' lang='lat' dir='ltr'><strong>Nam</strong></span> <span class='ocrx_word' id='word_1_272' title='bbox 2046 2352 2091 2406; x_wconf 92' lang='lat' dir='ltr'><strong>si</strong></span> 
     </span>
    </p>
   </div>
   <div class='ocr_carea' id='block_1_40' title="bbox 508 2444 2091 2515">
    <p class='ocr_par' dir='ltr' id='par_1_40' title="bbox 508 2444 2091 2515">
     <span class='ocr_line' id='line_1_40' title="bbox 508 2444 2091 2515; baseline -0.002 -14"><span class='ocrx_word' id='word_1_273' title='bbox 508 2448 733 2515; x_wconf 84' lang='lat' dir='ltr'><strong>primam</strong></span> <span class='ocrx_word' id='word_1_274' title='bbox 786 2446 930 2501; x_wconf 91' lang='lat' dir='ltr'><strong>illam</strong></span> <span class='ocrx_word' id='word_1_275' title='bbox 976 2447 1282 2500; x_wconf 85' lang='lat' dir='ltr'><strong>unctionem</strong></span> <span class='ocrx_word' id='word_1_276' title='bbox 1328 2445 1466 2499; x_wconf 86' lang='lat' dir='ltr'><strong>velis</strong></span> <span class='ocrx_word' id='word_1_277' title='bbox 1512 2444 1835 2509; x_wconf 83' lang='lat' dir='ltr'><strong>advertere,</strong></span> <span class='ocrx_word' id='word_1_278' title='bbox 1888 2444 2091 2499; x_wconf 91' lang='lat' dir='ltr'><strong>nullum</strong></span> 
     </span>
    </p>
   </div>
   <div class='ocr_carea' id='block_1_41' title="bbox 510 2534 2094 2606">
    <p class='ocr_par' dir='ltr' id='par_1_41' title="bbox 510 2534 2094 2606">
     <span class='ocr_line' id='line_1_41' title="bbox 510 2534 2094 2606; baseline 0.001 -17"><span class='ocrx_word' id='word_1_279' title='bbox 510 2545 635 2592; x_wconf 78' lang='lat' dir='ltr'><strong>ante</strong></span> <span class='ocrx_word' id='word_1_280' title='bbox 679 2537 848 2605; x_wconf 87' lang='lat' dir='ltr'><strong>ipsam</strong></span> <span class='ocrx_word' id='word_1_281' title='bbox 878 2537 1140 2606; x_wconf 88' lang='lat' dir='ltr'><strong>psalmum</strong></span> <span class='ocrx_word' id='word_1_282' title='bbox 1182 2535 1372 2605; x_wconf 80' lang='lat' dir='ltr'><strong>legitur</strong></span> <span class='ocrx_word' id='word_1_283' title='bbox 1417 2534 1683 2591; x_wconf 79' lang='lat' dir='ltr'><strong>eﬂ&#39;ecisse.</strong></span> <span class='ocrx_word' id='word_1_284' title='bbox 1738 2534 1924 2588; x_wconf 83' lang='lat' dir='ltr'><strong>Restat</strong></span> <span class='ocrx_word' id='word_1_285' title='bbox 1965 2549 2094 2604; x_wconf 89' lang='lat' dir='ltr'><strong>ergo</strong></span> 
     </span>
    </p>
   </div>
   <div class='ocr_carea' id='block_1_42' title="bbox 512 2623 2088 2695">
    <p class='ocr_par' dir='ltr' id='par_1_42' title="bbox 512 2623 2088 2695">
     <span class='ocr_line' id='line_1_42' title="bbox 512 2623 2088 2695; baseline 0 -15"><span class='ocrx_word' id='word_1_286' title='bbox 512 2636 570 2681; x_wconf 88' lang='lat' dir='ltr'><strong>ut</strong></span> <span class='ocrx_word' id='word_1_287' title='bbox 599 2628 754 2683; x_wconf 88' lang='lat' dir='ltr'><strong>istam</strong></span> <span class='ocrx_word' id='word_1_288' title='bbox 785 2626 1077 2682; x_wconf 88' lang='lat' dir='ltr'><strong>secundam</strong></span> <span class='ocrx_word' id='word_1_289' title='bbox 1116 2626 1426 2681; x_wconf 89' lang='lat' dir='ltr'><strong>unctionem</strong></span> <span class='ocrx_word' id='word_1_290' title='bbox 1450 2625 1747 2695; x_wconf 78' lang='lat' dir='ltr'><strong>intelligere</strong></span> <span class='ocrx_word' id='word_1_291' title='bbox 1771 2623 2088 2681; x_wconf 85' lang='lat' dir='ltr'><strong>debeamus.</strong></span> 
     </span>
    </p>
   </div>
   <div class='ocr_carea' id='block_1_43' title="bbox 1044 2735 1515 2807">
    <p class='ocr_par' dir='ltr' id='par_1_43' title="bbox 1044 2735 1515 2807">
     <span class='ocr_line' id='line_1_43' title="bbox 1044 2735 1515 2807; baseline 0.004 -17"><span class='ocrx_word' id='word_1_292' title='bbox 1044 2735 1243 2791; x_wconf 84' lang='lat' dir='ltr'><strong>Divisio</strong></span> <span class='ocrx_word' id='word_1_293' title='bbox 1305 2737 1515 2807; x_wconf 74' lang='lat' dir='ltr'><strong>psalmi.</strong></span> 
     </span>
    </p>
   </div>
   <div class='ocr_carea' id='block_1_44' title="bbox 580 2845 2097 2916">
    <p class='ocr_par' dir='ltr' id='par_1_44' title="bbox 580 2845 2097 2916">
     <span class='ocr_line' id='line_1_44' title="bbox 580 2845 2097 2916; baseline 0 -13"><span class='ocrx_word' id='word_1_294' title='bbox 580 2848 712 2903; x_wconf 84' lang='lat' dir='ltr'><strong>Cum</strong></span> <span class='ocrx_word' id='word_1_295' title='bbox 741 2845 1051 2916; x_wconf 79' lang='lat' dir='ltr'><strong>frequenter</strong></span> <span class='ocrx_word' id='word_1_296' title='bbox 1080 2855 1205 2903; x_wconf 88' lang='lat' dir='ltr'><strong>ante</strong></span> <span class='ocrx_word' id='word_1_297' title='bbox 1229 2861 1447 2916; x_wconf 79' lang='lat' dir='ltr'><strong>regnum</strong></span> <span class='ocrx_word' id='word_1_298' title='bbox 1477 2845 1800 2902; x_wconf 89' lang='lat' dir='ltr'><strong>liberaretur</strong></span> <span class='ocrx_word' id='word_1_299' title='bbox 1823 2847 1891 2902; x_wconf 88' lang='lat' dir='ltr'><strong>ab</strong></span> <span class='ocrx_word' id='word_1_300' title='bbox 1922 2848 2097 2903; x_wconf 82' lang='lat' dir='ltr'><strong>inimi-</strong></span> 
     </span>
    </p>
   </div>
   <div class='ocr_carea' id='block_1_45' title="bbox 512 2936 2095 3010">
    <p class='ocr_par' dir='ltr' id='par_1_45' title="bbox 512 2936 2095 3010">
     <span class='ocr_line' id='line_1_45' title="bbox 512 2936 2095 3010; baseline 0.001 -17"><span class='ocrx_word' id='word_1_301' title='bbox 512 2937 592 2993; x_wconf 88' lang='lat' dir='ltr'><strong>cis</strong></span> <span class='ocrx_word' id='word_1_302' title='bbox 613 2936 727 2991; x_wconf 86' lang='lat' dir='ltr'><strong>suis</strong></span> <span class='ocrx_word' id='word_1_303' title='bbox 754 2936 1051 3002; x_wconf 87' lang='lat' dir='ltr'><strong>acerrimis,</strong></span> <span class='ocrx_word' id='word_1_304' title='bbox 1083 2951 1178 3006; x_wconf 90' lang='lat' dir='ltr'><strong>per</strong></span> <span class='ocrx_word' id='word_1_305' title='bbox 1209 2946 1376 2991; x_wconf 91' lang='lat' dir='ltr'><strong>totum</strong></span> <span class='ocrx_word' id='word_1_306' title='bbox 1408 2938 1671 3005; x_wconf 86' lang='lat' dir='ltr'><strong>psalmum</strong></span> <span class='ocrx_word' id='word_1_307' title='bbox 1711 2939 1947 3007; x_wconf 87' lang='lat' dir='ltr'><strong>loquitur</strong></span> <span class='ocrx_word' id='word_1_308' title='bbox 1971 2957 2095 3010; x_wconf 86' lang='lat' dir='ltr'><strong>pro-</strong></span> 
     </span>
    </p>
   </div>
   <div class='ocr_carea' id='block_1_46' title="bbox 514 3028 2097 3100">
    <p class='ocr_par' dir='ltr' id='par_1_46' title="bbox 514 3028 2097 3100">
     <span class='ocr_line' id='line_1_46' title="bbox 514 3028 2097 3100; baseline 0.002 -17"><span class='ocrx_word' id='word_1_309' title='bbox 514 3030 698 3099; x_wconf 87' lang='lat' dir='ltr'><strong>pheta.</strong></span> <span class='ocrx_word' id='word_1_310' title='bbox 738 3028 797 3084; x_wconf 90' lang='lat' dir='ltr'><strong>In</strong></span> <span class='ocrx_word' id='word_1_311' title='bbox 841 3029 1012 3100; x_wconf 87' lang='lat' dir='ltr'><strong>prima</strong></span> <span class='ocrx_word' id='word_1_312' title='bbox 1063 3029 1328 3099; x_wconf 88' lang='lat' dir='ltr'><strong>positione</strong></span> <span class='ocrx_word' id='word_1_313' title='bbox 1362 3029 1642 3083; x_wconf 91' lang='lat' dir='ltr'><strong>Dominum</strong></span> <span class='ocrx_word' id='word_1_314' title='bbox 1675 3045 1734 3085; x_wconf 90' lang='lat' dir='ltr'><strong>se</strong></span> <span class='ocrx_word' id='word_1_315' title='bbox 1764 3031 1951 3086; x_wconf 88' lang='lat' dir='ltr'><strong>dicens</strong></span> <span class='ocrx_word' id='word_1_316' title='bbox 1983 3047 2097 3086; x_wconf 56' lang='lat' dir='ltr'><strong>meo</strong></span> 
     </span>
    </p>
   </div>
   <div class='ocr_carea' id='block_1_47' title="bbox 516 3120 2098 3183">
    <p class='ocr_par' dir='ltr' id='par_1_47' title="bbox 516 3120 2098 3183">
     <span class='ocr_line' id='line_1_47' title="bbox 516 3120 2098 3183; baseline 0.001 -8"><span class='ocrx_word' id='word_1_317' title='bbox 516 3130 688 3183; x_wconf 88' lang='lat' dir='ltr'><strong>tuere,</strong></span> <span class='ocrx_word' id='word_1_318' title='bbox 733 3128 788 3174; x_wconf 90' lang='lat' dir='ltr'><strong>et</strong></span> <span class='ocrx_word' id='word_1_319' title='bbox 829 3120 1033 3175; x_wconf 90' lang='lat' dir='ltr'><strong>nullum</strong></span> <span class='ocrx_word' id='word_1_320' title='bbox 1073 3120 1299 3174; x_wconf 87' lang='lat' dir='ltr'><strong>alterum</strong></span> <span class='ocrx_word' id='word_1_321' title='bbox 1332 3121 1643 3175; x_wconf 82' lang='lat' dir='ltr'><strong>formidare.</strong></span> <span class='ocrx_word' id='word_1_322' title='bbox 1677 3121 1783 3176; x_wconf 89' lang='lat' dir='ltr'><strong>Sed</strong></span> <span class='ocrx_word' id='word_1_323' title='bbox 1825 3124 1965 3176; x_wconf 89' lang='lat' dir='ltr'><strong>inter</strong></span> <span class='ocrx_word' id='word_1_324' title='bbox 2005 3124 2098 3177; x_wconf 86' lang='lat' dir='ltr'><strong>ad-</strong></span> 
     </span>
    </p>
   </div>
   <div class='ocr_carea' id='block_1_48' title="bbox 515 3212 2097 3284">
    <p class='ocr_par' dir='ltr' id='par_1_48' title="bbox 515 3212 2097 3284">
     <span class='ocr_line' id='line_1_48' title="bbox 515 3212 2097 3284; baseline 0.002 -18"><span class='ocrx_word' id='word_1_325' title='bbox 515 3227 666 3267; x_wconf 89' lang='lat' dir='ltr'><strong>versa</strong></span> <span class='ocrx_word' id='word_1_326' title='bbox 698 3213 882 3267; x_wconf 68' lang='lat' dir='ltr'><strong>steculi</strong></span> <span class='ocrx_word' id='word_1_327' title='bbox 910 3228 1073 3267; x_wconf 91' lang='lat' dir='ltr'><strong>unum</strong></span> <span class='ocrx_word' id='word_1_328' title='bbox 1118 3212 1216 3266; x_wconf 89' lang='lat' dir='ltr'><strong>sibi</strong></span> <span class='ocrx_word' id='word_1_329' title='bbox 1250 3220 1472 3267; x_wconf 87' lang='lat' dir='ltr'><strong>testatur</strong></span> <span class='ocrx_word' id='word_1_330' title='bbox 1502 3227 1625 3268; x_wconf 90' lang='lat' dir='ltr'><strong>esse</strong></span> <span class='ocrx_word' id='word_1_331' title='bbox 1664 3212 1947 3284; x_wconf 76' lang='lat' dir='ltr'><strong>suffugium</strong></span> <span class='ocrx_word' id='word_1_332' title='bbox 1969 3255 1984 3279; x_wconf 93' lang='lat'><strong>,</strong></span> <span class='ocrx_word' id='word_1_333' title='bbox 2018 3224 2097 3282; x_wconf 92' lang='lat' dir='ltr'><strong>ut,</strong></span> 
     </span>
    </p>
   </div>
   <div class='ocr_carea' id='block_1_49' title="bbox 517 3300 2103 3371">
    <p class='ocr_par' dir='ltr' id='par_1_49' title="bbox 517 3300 2103 3371">
     <span class='ocr_line' id='line_1_49' title="bbox 517 3300 2103 3371; baseline 0.003 -16"><span class='ocrx_word' id='word_1_334' title='bbox 517 3302 644 3355; x_wconf 90' lang='lat' dir='ltr'><strong>licet</strong></span> <span class='ocrx_word' id='word_1_335' title='bbox 670 3301 920 3369; x_wconf 85' lang='lat' dir='ltr'><strong>periculis</strong></span> <span class='ocrx_word' id='word_1_336' title='bbox 950 3301 1317 3371; x_wconf 90' lang='lat' dir='ltr'><strong>corporalibus</strong></span> <span class='ocrx_word' id='word_1_337' title='bbox 1343 3300 1660 3371; x_wconf 73' lang='lat' dir='ltr'><strong>iactaretur,</strong></span> <span class='ocrx_word' id='word_1_338' title='bbox 1712 3303 1827 3371; x_wconf 90' lang='lat' dir='ltr'><strong>ipse</strong></span> <span class='ocrx_word' id='word_1_339' title='bbox 1858 3304 1910 3357; x_wconf 91' lang='lat' dir='ltr'><strong>in</strong></span> <span class='ocrx_word' id='word_1_340' title='bbox 1942 3304 2103 3359; x_wconf 90' lang='lat' dir='ltr'><strong>domo</strong></span> 
     </span>
    </p>
   </div>
   <div class='ocr_carea' id='block_1_50' title="bbox 517 3389 2101 3451">
    <p class='ocr_par' dir='ltr' id='par_1_50' title="bbox 517 3389 2101 3451">
     <span class='ocr_line' id='line_1_50' title="bbox 517 3389 2101 3451; baseline 0.003 -5"><span class='ocrx_word' id='word_1_341' title='bbox 517 3389 728 3446; x_wconf 88' lang='lat' dir='ltr'><strong>Domini</strong></span> <span class='ocrx_word' id='word_1_342' title='bbox 776 3391 1086 3446; x_wconf 82' lang='lat' dir='ltr'><strong>ﬁrmissima</strong></span> <span class='ocrx_word' id='word_1_343' title='bbox 1136 3391 1422 3447; x_wconf 89' lang='lat' dir='ltr'><strong>devotione</strong></span> <span class='ocrx_word' id='word_1_344' title='bbox 1465 3394 1661 3447; x_wconf 91' lang='lat' dir='ltr'><strong>mentis</strong></span> <span class='ocrx_word' id='word_1_345' title='bbox 1692 3393 1973 3449; x_wconf 86' lang='lat' dir='ltr'><strong>habitaret.</strong></span> <span class='ocrx_word' id='word_1_346' title='bbox 2002 3397 2101 3451; x_wconf 86' lang='lat' dir='ltr'><strong>Se-</strong></span> 
     </span>
    </p>
   </div>
   <div class='ocr_carea' id='block_1_51' title="bbox 519 3480 2101 3550">
    <p class='ocr_par' dir='ltr' id='par_1_51' title="bbox 519 3480 2101 3550">
     <span class='ocr_line' id='line_1_51' title="bbox 519 3480 2101 3550; baseline 0.003 -16"><span class='ocrx_word' id='word_1_347' title='bbox 519 3480 688 3535; x_wconf 79' lang='lat' dir='ltr'><strong>cunda</strong></span> <span class='ocrx_word' id='word_1_348' title='bbox 729 3481 1018 3550; x_wconf 76' lang='lat' dir='ltr'><strong>positione,</strong></span> <span class='ocrx_word' id='word_1_349' title='bbox 1050 3482 1330 3550; x_wconf 88' lang='lat' dir='ltr'><strong>multiplici</strong></span> <span class='ocrx_word' id='word_1_350' title='bbox 1361 3482 1517 3536; x_wconf 90' lang='lat' dir='ltr'><strong>clade</strong></span> <span class='ocrx_word' id='word_1_351' title='bbox 1554 3482 1833 3549; x_wconf 86' lang='lat' dir='ltr'><strong>liberatus,</strong></span> <span class='ocrx_word' id='word_1_352' title='bbox 1873 3485 2101 3539; x_wconf 86' lang='lat' dir='ltr'><strong>diversis</strong></span> 
     </span>
    </p>
   </div>
   <div class='ocr_carea' id='block_1_52' title="bbox 520 3572 2103 3643">
    <p class='ocr_par' dir='ltr' id='par_1_52' title="bbox 520 3572 2103 3643">
     <span class='ocr_line' id='line_1_52' title="bbox 520 3572 2103 3643; baseline 0.002 -16"><span class='ocrx_word' id='word_1_353' title='bbox 520 3572 695 3628; x_wconf 87' lang='lat' dir='ltr'><strong>modis</strong></span> <span class='ocrx_word' id='word_1_354' title='bbox 740 3573 937 3642; x_wconf 83' lang='lat' dir='ltr'><strong>gratias</strong></span> <span class='ocrx_word' id='word_1_355' title='bbox 980 3574 1108 3643; x_wconf 86' lang='lat' dir='ltr'><strong>agit,</strong></span> <span class='ocrx_word' id='word_1_356' title='bbox 1156 3582 1210 3627; x_wconf 90' lang='lat' dir='ltr'><strong>et</strong></span> <span class='ocrx_word' id='word_1_357' title='bbox 1253 3576 1547 3642; x_wconf 75' lang='lat' dir='ltr'><strong>praphetite</strong></span> <span class='ocrx_word' id='word_1_358' title='bbox 1588 3575 1779 3643; x_wconf 86' lang='lat' dir='ltr'><strong>spiritu</strong></span> <span class='ocrx_word' id='word_1_359' title='bbox 1822 3590 1971 3643; x_wconf 88' lang='lat' dir='ltr'><strong>spem</strong></span> <span class='ocrx_word' id='word_1_360' title='bbox 2000 3577 2103 3630; x_wconf 89' lang='lat' dir='ltr'><strong>sibi</strong></span> 
     </span>
    </p>
   </div>
   <div class='ocr_carea' id='block_1_53' title="bbox 523 3663 2106 3732">
    <p class='ocr_par' dir='ltr' id='par_1_53' title="bbox 523 3663 2106 3732">
     <span class='ocr_line' id='line_1_53' title="bbox 523 3663 2106 3732; baseline 0.004 -17"><span class='ocrx_word' id='word_1_361' title='bbox 523 3664 715 3717; x_wconf 76' lang='lat' dir='ltr'><strong>futurae</strong></span> <span class='ocrx_word' id='word_1_362' title='bbox 743 3664 1086 3718; x_wconf 89' lang='lat' dir='ltr'><strong>beatitudinis</strong></span> <span class='ocrx_word' id='word_1_363' title='bbox 1121 3663 1422 3732; x_wconf 90' lang='lat' dir='ltr'><strong>pollicetur.</strong></span> <span class='ocrx_word' id='word_1_364' title='bbox 1464 3664 1749 3720; x_wconf 87' lang='lat' dir='ltr'><strong>Sciendum</strong></span> <span class='ocrx_word' id='word_1_365' title='bbox 1791 3680 1921 3721; x_wconf 85' lang='lat' dir='ltr'><strong>sane</strong></span> <span class='ocrx_word' id='word_1_366' title='bbox 1963 3665 2106 3721; x_wconf 90' lang='lat' dir='ltr'><strong>hunc</strong></span> 
     </span>
    </p>
   </div>
   <div class='ocr_carea' id='block_1_54' title="bbox 522 3754 2102 3826">
    <p class='ocr_par' dir='ltr' id='par_1_54' title="bbox 522 3754 2102 3826">
     <span class='ocr_line' id='line_1_54' title="bbox 522 3754 2102 3826; baseline 0.003 -19"><span class='ocrx_word' id='word_1_367' title='bbox 522 3754 786 3822; x_wconf 84' lang='lat' dir='ltr'><strong>psalmum</strong></span> <span class='ocrx_word' id='word_1_368' title='bbox 816 3755 1107 3809; x_wconf 87' lang='lat' dir='ltr'><strong>secundum</strong></span> <span class='ocrx_word' id='word_1_369' title='bbox 1140 3770 1261 3810; x_wconf 89' lang='lat' dir='ltr'><strong>esse</strong></span> <span class='ocrx_word' id='word_1_370' title='bbox 1284 3756 1495 3810; x_wconf 90' lang='lat' dir='ltr'><strong>illorum</strong></span> <span class='ocrx_word' id='word_1_371' title='bbox 1520 3758 1608 3825; x_wconf 89' lang='lat' dir='ltr'><strong>qui</strong></span> <span class='ocrx_word' id='word_1_372' title='bbox 1635 3772 1731 3826; x_wconf 89' lang='lat' dir='ltr'><strong>per</strong></span> <span class='ocrx_word' id='word_1_373' title='bbox 1751 3765 1902 3811; x_wconf 88' lang='lat' dir='ltr'><strong>actus</strong></span> <span class='ocrx_word' id='word_1_374' title='bbox 1934 3758 2102 3812; x_wconf 80' lang='lat' dir='ltr'><strong>David</strong></span> 
     </span>
    </p>
   </div>
   <div class='ocr_carea' id='block_1_55' title="bbox 524 3844 1799 3919">
    <p class='ocr_par' dir='ltr' id='par_1_55' title="bbox 524 3844 1799 3919">
     <span class='ocr_line' id='line_1_55' title="bbox 524 3844 1799 3919; baseline 0.002 -22"><span class='ocrx_word' id='word_1_375' title='bbox 524 3844 831 3914; x_wconf 76' lang='lat' dir='ltr'><strong>significant</strong></span> <span class='ocrx_word' id='word_1_376' title='bbox 858 3844 1059 3901; x_wconf 82' lang='lat' dir='ltr'><strong>Christi</strong></span> <span class='ocrx_word' id='word_1_377' title='bbox 1093 3845 1299 3900; x_wconf 90' lang='lat' dir='ltr'><strong>Domini</strong></span> <span class='ocrx_word' id='word_1_378' title='bbox 1328 3845 1501 3901; x_wconf 83' lang='lat' dir='ltr'><strong>futura</strong></span> <span class='ocrx_word' id='word_1_379' title='bbox 1526 3847 1799 3919; x_wconf 79' lang='lat' dir='ltr'><strong>mysteria.</strong></span> 
     </span>
    </p>
   </div>
   <div class='ocr_carea' id='block_1_56' title="bbox 1064 3956 1567 4028">
    <p class='ocr_par' dir='ltr' id='par_1_56' title="bbox 1064 3956 1567 4028">
     <span class='ocr_line' id='line_1_56' title="bbox 1064 3956 1567 4028; baseline 0 -17"><span class='ocrx_word' id='word_1_380' title='bbox 1064 3956 1335 4026; x_wconf 69' lang='lat' dir='ltr'><strong>Expositio</strong></span> <span class='ocrx_word' id='word_1_381' title='bbox 1363 3958 1567 4028; x_wconf 80' lang='lat' dir='ltr'><strong>psalmi.</strong></span> 
     </span>
    </p>
   </div>
   <div class='ocr_carea' id='block_1_57' title="bbox 602 4069 2103 4139">
    <p class='ocr_par' dir='ltr' id='par_1_57' title="bbox 602 4069 2103 4139">
     <span class='ocr_line' id='line_1_57' title="bbox 602 4069 2103 4139; baseline 0 -16"><span class='ocrx_word' id='word_1_382' title='bbox 602 4070 752 4126; x_wconf 77' lang='lat' dir='ltr'><strong>Vers.</strong></span> <span class='ocrx_word' id='word_1_383' title='bbox 804 4070 849 4124; x_wconf 83' lang='grc' dir='ltr'><strong>Ι.</strong></span> <span class='ocrx_word' id='word_1_384' title='bbox 893 4069 1147 4126; x_wconf 87' lang='lat' dir='ltr'><strong>Dominus</strong></span> <span class='ocrx_word' id='word_1_385' title='bbox 1176 4072 1484 4124; x_wconf 85' lang='lat' dir='ltr'><strong>illuminatio</strong></span> <span class='ocrx_word' id='word_1_386' title='bbox 1530 4088 1639 4125; x_wconf 88' lang='lat' dir='ltr'><strong>mea</strong></span> <span class='ocrx_word' id='word_1_387' title='bbox 1680 4080 1729 4125; x_wconf 85' lang='lat' dir='ltr'><strong>et</strong></span> <span class='ocrx_word' id='word_1_388' title='bbox 1780 4074 1922 4128; x_wconf 84' lang='lat' dir='ltr'><strong>salus</strong></span> <span class='ocrx_word' id='word_1_389' title='bbox 1971 4088 2103 4139; x_wconf 87' lang='lat' dir='ltr'><strong>mea,</strong></span> 
     </span>
    </p>
   </div>
   <div class='ocr_carea' id='block_1_58' title="bbox 522 4163 930 4231">
    <p class='ocr_par' dir='ltr' id='par_1_58' title="bbox 522 4163 930 4231">
     <span class='ocr_line' id='line_1_58' title="bbox 522 4163 930 4231; baseline 0.007 -18"><span class='ocrx_word' id='word_1_390' title='bbox 522 4179 671 4231; x_wconf 82' lang='lat' dir='ltr'><strong>quem</strong></span> <span class='ocrx_word' id='word_1_391' title='bbox 699 4163 880 4215; x_wconf 86' lang='lat' dir='ltr'><strong>timebo</strong></span> <span class='ocrx_word' id='word_1_392' title='bbox 906 4164 930 4216; x_wconf 86' lang='lat'><strong><em>?</em></strong></span> 
     </span>
    </p>
   </div>
   <div class='ocr_carea' id='block_1_59' title="bbox 593 4251 2107 4323">
    <p class='ocr_par' dir='ltr' id='par_1_59' title="bbox 593 4251 2107 4323">
     <span class='ocr_line' id='line_1_59' title="bbox 593 4251 2107 4323; baseline 0.003 -21"><span class='ocrx_word' id='word_1_393' title='bbox 593 4251 746 4304; x_wconf 83' lang='lat' dir='ltr'><strong>Vers.</strong></span> <span class='ocrx_word' id='word_1_394' title='bbox 786 4252 837 4303; x_wconf 75' lang='lat'><strong>9..</strong></span> <span class='ocrx_word' id='word_1_395' title='bbox 885 4252 1133 4306; x_wconf 84' lang='lat' dir='ltr'><strong>Dominus</strong></span> <span class='ocrx_word' id='word_1_396' title='bbox 1178 4252 1414 4323; x_wconf 74' lang='lat' dir='ltr'><strong>defensor</strong></span> <span class='ocrx_word' id='word_1_397' title='bbox 1444 4254 1556 4307; x_wconf 76' lang='lat' dir='ltr'><strong>vita:</strong></span> <span class='ocrx_word' id='word_1_398' title='bbox 1586 4270 1731 4323; x_wconf 74' lang='lat' dir='ltr'><strong>mete,</strong></span> <span class='ocrx_word' id='word_1_399' title='bbox 1764 4272 1793 4307; x_wconf 94' lang='lat' dir='ltr'><strong>a</strong></span> <span class='ocrx_word' id='word_1_400' title='bbox 1823 4270 1921 4322; x_wconf 86' lang='lat' dir='ltr'><strong>quo</strong></span> <span class='ocrx_word' id='word_1_401' title='bbox 1950 4256 2107 4322; x_wconf 87' lang='lat' dir='ltr'><strong>trepi-</strong></span> 
     </span>
    </p>
   </div>
   <div class='ocr_carea' id='block_1_60' title="bbox 522 4339 2101 4413">
    <p class='ocr_par' dir='ltr' id='par_1_60' title="bbox 522 4339 2101 4413">
     <span class='ocr_line' id='line_1_60' title="bbox 522 4339 2101 4413; baseline 0.007 -23"><span class='ocrx_word' id='word_1_402' title='bbox 522 4341 695 4392; x_wconf 76' lang='lat' dir='ltr'><strong>d.bo?</strong></span> <span class='ocrx_word' id='word_1_403' title='bbox 724 4339 860 4394; x_wconf 84' lang='lat' dir='ltr'><strong>Dant</strong></span> <span class='ocrx_word' id='word_1_404' title='bbox 889 4345 1199 4411; x_wconf 86' lang='lat' dir='ltr'><strong>appropiant</strong></span> <span class='ocrx_word' id='word_1_405' title='bbox 1226 4360 1378 4413; x_wconf 84' lang='lat' dir='ltr'><strong>super</strong></span> <span class='ocrx_word' id='word_1_406' title='bbox 1416 4361 1494 4398; x_wconf 89' lang='lat' dir='ltr'><strong>me</strong></span> <span class='ocrx_word' id='word_1_407' title='bbox 1536 4356 1788 4411; x_wconf 74' lang='lat' dir='ltr'><strong>nxentes,</strong></span> <span class='ocrx_word' id='word_1_408' title='bbox 1844 4358 1897 4399; x_wconf 87' lang='lat' dir='ltr'><strong>ut</strong></span> <span class='ocrx_word' id='word_1_409' title='bbox 1947 4349 2101 4401; x_wconf 85' lang='lat' dir='ltr'><strong>edant</strong></span> 
     </span>
    </p>
   </div>
   <div class='ocr_carea' id='block_1_61' title="bbox 525 4445 887 4484">
    <p class='ocr_par' dir='ltr' id='par_1_61' title="bbox 525 4445 887 4484">
     <span class='ocr_line' id='line_1_61' title="bbox 525 4445 887 4484; baseline 0.017 -5"><span class='ocrx_word' id='word_1_410' title='bbox 525 4445 702 4482; x_wconf 69' lang='lat' dir='ltr'><strong>carnes</strong></span> <span class='ocrx_word' id='word_1_411' title='bbox 732 4448 865 4484; x_wconf 81' lang='lat' dir='ltr'><strong>mens</strong></span> <span class='ocrx_word' id='word_1_412' title='bbox 874 4471 887 4484; x_wconf 85' lang='lat'>.</span> 
     </span>
    </p>
   </div>
   <div class='ocr_carea' id='block_1_62' title="bbox 2189 1868 3773 1936">
    <p class='ocr_par' dir='ltr' id='par_1_62' title="bbox 2189 1868 3773 1936">
     <span class='ocr_line' id='line_1_62' title="bbox 2189 1868 3773 1936; baseline -0.003 -12"><span class='ocrx_word' id='word_1_413' title='bbox 2189 1872 2506 1924; x_wconf 84' lang='lat' dir='ltr'><strong>amiserunt.</strong></span> <span class='ocrx_word' id='word_1_414' title='bbox 2523 1869 2565 1922; x_wconf 85' lang='lat' dir='ltr'><strong><em>A</em></strong></span> <span class='ocrx_word' id='word_1_415' title='bbox 2582 1885 2679 1935; x_wconf 87' lang='lat' dir='ltr'><strong>quo</strong></span> <span class='ocrx_word' id='word_1_416' title='bbox 2701 1868 3003 1935; x_wconf 83' lang='lat' dir='ltr'><strong>trepidabo?</strong></span> <span class='ocrx_word' id='word_1_417' title='bbox 3020 1868 3405 1936; x_wconf 89' lang='lat' dir='ltr'><strong>lntcrrogative</strong></span> <span class='ocrx_word' id='word_1_418' title='bbox 3425 1870 3773 1936; x_wconf 79' lang='lat' dir='ltr'><strong>pronuntian-</strong></span> 
     </span>
    </p>
   </div>
   <div class='ocr_carea' id='block_1_63' title="bbox 2190 1960 3771 2030">
    <p class='ocr_par' dir='ltr' id='par_1_63' title="bbox 2190 1960 3771 2030">
     <span class='ocr_line' id='line_1_63' title="bbox 2190 1960 3771 2030; baseline -0.001 -15"><span class='ocrx_word' id='word_1_419' title='bbox 2190 1960 2315 2015; x_wconf 88' lang='lat' dir='ltr'><strong>dum</strong></span> <span class='ocrx_word' id='word_1_420' title='bbox 2339 1968 2441 2027; x_wconf 80' lang='lat' dir='ltr'><strong>cst,</strong></span> <span class='ocrx_word' id='word_1_421' title='bbox 2472 1960 2523 2014; x_wconf 93' lang='lat' dir='ltr'><strong>id</strong></span> <span class='ocrx_word' id='word_1_422' title='bbox 2546 1968 2629 2015; x_wconf 88' lang='lat' dir='ltr'><strong>est</strong></span> <span class='ocrx_word' id='word_1_423' title='bbox 2653 1975 2681 2013; x_wconf 89' lang='lat' dir='ltr'><strong>a</strong></span> <span class='ocrx_word' id='word_1_424' title='bbox 2710 1960 2877 2024; x_wconf 90' lang='lat' dir='ltr'><strong>nullo,</strong></span> <span class='ocrx_word' id='word_1_425' title='bbox 2906 1960 3045 2016; x_wconf 88' lang='lat' dir='ltr'><strong>sicut</strong></span> <span class='ocrx_word' id='word_1_426' title='bbox 3066 1968 3121 2014; x_wconf 88' lang='lat' dir='ltr'><strong>et</strong></span> <span class='ocrx_word' id='word_1_427' title='bbox 3138 1962 3380 2029; x_wconf 91' lang='lat' dir='ltr'><strong>superius</strong></span> <span class='ocrx_word' id='word_1_428' title='bbox 3401 1962 3598 2028; x_wconf 87' lang='lat' dir='ltr'><strong>posuit,</strong></span> <span class='ocrx_word' id='word_1_429' title='bbox 3621 1978 3771 2030; x_wconf 84' lang='lat' dir='ltr'><strong>quem</strong></span> 
     </span>
    </p>
   </div>
   <div class='ocr_carea' id='block_1_64' title="bbox 2192 2050 3774 2120">
    <p class='ocr_par' dir='ltr' id='par_1_64' title="bbox 2192 2050 3774 2120">
     <span class='ocr_line' id='line_1_64' title="bbox 2192 2050 3774 2120; baseline 0 -15"><span class='ocrx_word' id='word_1_430' title='bbox 2192 2051 2412 2105; x_wconf 82' lang='lat' dir='ltr'><strong>timebo?</strong></span> <span class='ocrx_word' id='word_1_431' title='bbox 2440 2050 2599 2105; x_wconf 88' lang='lat' dir='ltr'><strong>Tales</strong></span> <span class='ocrx_word' id='word_1_432' title='bbox 2629 2053 2825 2120; x_wconf 86' lang='lat' dir='ltr'><strong>quippe</strong></span> <span class='ocrx_word' id='word_1_433' title='bbox 2859 2051 3303 2120; x_wconf 85' lang='lat' dir='ltr'><strong>interrogationes</strong></span> <span class='ocrx_word' id='word_1_434' title='bbox 3336 2066 3431 2119; x_wconf 91' lang='lat' dir='ltr'><strong>pro</strong></span> <span class='ocrx_word' id='word_1_435' title='bbox 3461 2051 3774 2119; x_wconf 83' lang='lat' dir='ltr'><strong>abnegatio-</strong></span> 
     </span>
    </p>
   </div>
   <div class='ocr_carea' id='block_1_65' title="bbox 2194 2141 3775 2211">
    <p class='ocr_par' dir='ltr' id='par_1_65' title="bbox 2194 2141 3775 2211">
     <span class='ocr_line' id='line_1_65' title="bbox 2194 2141 3775 2211; baseline 0.003 -16"><span class='ocrx_word' id='word_1_436' title='bbox 2194 2142 2348 2195; x_wconf 88' lang='lat' dir='ltr'><strong>nibus</strong></span> <span class='ocrx_word' id='word_1_437' title='bbox 2376 2141 2714 2211; x_wconf 83' lang='lat' dir='ltr'><strong>accipiendas</strong></span> <span class='ocrx_word' id='word_1_438' title='bbox 2764 2158 2883 2196; x_wconf 86' lang='lat' dir='ltr'><strong>esse</strong></span> <span class='ocrx_word' id='word_1_439' title='bbox 2932 2157 3036 2196; x_wconf 88' lang='lat' dir='ltr'><strong>non</strong></span> <span class='ocrx_word' id='word_1_440' title='bbox 3089 2142 3309 2196; x_wconf 88' lang='lat' dir='ltr'><strong>dubium</strong></span> <span class='ocrx_word' id='word_1_441' title='bbox 3357 2151 3458 2197; x_wconf 89' lang='lat' dir='ltr'><strong>est.</strong></span> <span class='ocrx_word' id='word_1_442' title='bbox 3515 2144 3775 2199; x_wconf 82' lang='lat' dir='ltr'><strong>Addidit:</strong></span> 
     </span>
    </p>
   </div>
   <div class='ocr_carea' id='block_1_66' title="bbox 2192 2231 3781 2303">
    <p class='ocr_par' dir='ltr' id='par_1_66' title="bbox 2192 2231 3781 2303">
     <span class='ocr_line' id='line_1_66' title="bbox 2192 2231 3781 2303; baseline 0.003 -17"><span class='ocrx_word' id='word_1_443' title='bbox 2192 2231 2329 2286; x_wconf 88' lang='lat' dir='ltr'><strong>Dum</strong></span> <span class='ocrx_word' id='word_1_444' title='bbox 2352 2233 2664 2301; x_wconf 79' lang='lat' dir='ltr'><strong>apprOpiant</strong></span> <span class='ocrx_word' id='word_1_445' title='bbox 2706 2249 2856 2303; x_wconf 83' lang='lat' dir='ltr'><strong>super</strong></span> <span class='ocrx_word' id='word_1_446' title='bbox 2885 2250 2960 2287; x_wconf 90' lang='lat' dir='ltr'><strong>me</strong></span> <span class='ocrx_word' id='word_1_447' title='bbox 2990 2242 3244 2298; x_wconf 84' lang='lat' dir='ltr'><strong>nocentes,</strong></span> <span class='ocrx_word' id='word_1_448' title='bbox 3301 2244 3355 2287; x_wconf 83' lang='lat' dir='ltr'><strong>ut</strong></span> <span class='ocrx_word' id='word_1_449' title='bbox 3401 2234 3553 2287; x_wconf 78' lang='lat' dir='ltr'><strong>edant</strong></span> <span class='ocrx_word' id='word_1_450' title='bbox 3600 2251 3781 2291; x_wconf 76' lang='lat' dir='ltr'><strong>carnes</strong></span> 
     </span>
    </p>
   </div>
   <div class='ocr_carea' id='block_1_67' title="bbox 2192 2322 3775 2397">
    <p class='ocr_par' dir='ltr' id='par_1_67' title="bbox 2192 2322 3775 2397">
     <span class='ocr_line' id='line_1_67' title="bbox 2192 2322 3775 2397; baseline 0.004 -21"><span class='ocrx_word' id='word_1_451' title='bbox 2192 2337 2350 2378; x_wconf 83' lang='lat' dir='ltr'><strong>meus.</strong></span> <span class='ocrx_word' id='word_1_452' title='bbox 2375 2322 2779 2377; x_wconf 85' lang='lat' dir='ltr'><strong>Truculentium</strong></span> <span class='ocrx_word' id='word_1_453' title='bbox 2808 2324 3147 2378; x_wconf 90' lang='lat' dir='ltr'><strong>inimicorum</strong></span> <span class='ocrx_word' id='word_1_454' title='bbox 3182 2326 3268 2380; x_wconf 93' lang='lat' dir='ltr'><strong>hic</strong></span> <span class='ocrx_word' id='word_1_455' title='bbox 3295 2336 3417 2379; x_wconf 88' lang='lat' dir='ltr'><strong>vota</strong></span> <span class='ocrx_word' id='word_1_456' title='bbox 3448 2326 3775 2397; x_wconf 87' lang='lat' dir='ltr'><strong>panduntur,</strong></span> 
     </span>
    </p>
   </div>
   <div class='ocr_carea' id='block_1_68' title="bbox 2193 2415 3784 2486">
    <p class='ocr_par' dir='ltr' id='par_1_68' title="bbox 2193 2415 3784 2486">
     <span class='ocr_line' id='line_1_68' title="bbox 2193 2415 3784 2486; baseline 0.005 -18"><span class='ocrx_word' id='word_1_457' title='bbox 2193 2416 2283 2486; x_wconf 92' lang='lat' dir='ltr'><strong>qui</strong></span> <span class='ocrx_word' id='word_1_458' title='bbox 2315 2430 2420 2468; x_wconf 92' lang='lat' dir='ltr'><strong>non</strong></span> <span class='ocrx_word' id='word_1_459' title='bbox 2451 2415 2621 2469; x_wconf 91' lang='lat' dir='ltr'><strong>solum</strong></span> <span class='ocrx_word' id='word_1_460' title='bbox 2650 2416 3013 2486; x_wconf 78' lang='lat' dir='ltr'><strong>exstinguere,</strong></span> <span class='ocrx_word' id='word_1_461' title='bbox 3059 2416 3154 2471; x_wconf 89' lang='lat' dir='ltr'><strong>sed</strong></span> <span class='ocrx_word' id='word_1_462' title='bbox 3202 2421 3363 2472; x_wconf 91' lang='lat' dir='ltr'><strong>etiam</strong></span> <span class='ocrx_word' id='word_1_463' title='bbox 3403 2418 3659 2474; x_wconf 88' lang='lat' dir='ltr'><strong>aviditate</strong></span> <span class='ocrx_word' id='word_1_464' title='bbox 3694 2419 3784 2476; x_wconf 89' lang='lat' dir='ltr'><strong>fu-</strong></span> 
     </span>
    </p>
   </div>
   <div class='ocr_carea' id='block_1_69' title="bbox 2195 2507 3787 2576">
    <p class='ocr_par' dir='ltr' id='par_1_69' title="bbox 2195 2507 3787 2576">
     <span class='ocr_line' id='line_1_69' title="bbox 2195 2507 3787 2576; baseline 0.003 -15"><span class='ocrx_word' id='word_1_465' title='bbox 2195 2507 2356 2574; x_wconf 87' lang='lat' dir='ltr'><strong>roris,</strong></span> <span class='ocrx_word' id='word_1_466' title='bbox 2388 2508 2530 2575; x_wconf 87' lang='lat' dir='ltr'><strong>ipsas</strong></span> <span class='ocrx_word' id='word_1_467' title='bbox 2559 2521 2771 2576; x_wconf 90' lang='lat' dir='ltr'><strong>quoque</strong></span> <span class='ocrx_word' id='word_1_468' title='bbox 2815 2508 3077 2561; x_wconf 89' lang='lat' dir='ltr'><strong>humanas</strong></span> <span class='ocrx_word' id='word_1_469' title='bbox 3107 2522 3297 2564; x_wconf 87' lang='lat' dir='ltr'><strong>carnes</strong></span> <span class='ocrx_word' id='word_1_470' title='bbox 3326 2509 3548 2576; x_wconf 88' lang='lat' dir='ltr'><strong>cupiunt</strong></span> <span class='ocrx_word' id='word_1_471' title='bbox 3588 2511 3787 2567; x_wconf 86' lang='lat' dir='ltr'><strong>crude-</strong></span> 
     </span>
    </p>
   </div>
   <div class='ocr_carea' id='block_1_70' title="bbox 2198 2596 3787 2673">
    <p class='ocr_par' dir='ltr' id='par_1_70' title="bbox 2198 2596 3787 2673">
     <span class='ocr_line' id='line_1_70' title="bbox 2198 2596 3787 2673; baseline 0.004 -21"><span class='ocrx_word' id='word_1_472' title='bbox 2198 2598 2324 2653; x_wconf 89' lang='lat' dir='ltr'><strong>liter</strong></span> <span class='ocrx_word' id='word_1_473' title='bbox 2351 2596 2631 2651; x_wconf 84' lang='lat' dir='ltr'><strong>devorare.</strong></span> <span class='ocrx_word' id='word_1_474' title='bbox 2663 2597 2730 2651; x_wconf 88' lang='lat' dir='ltr'><strong>Et</strong></span> <span class='ocrx_word' id='word_1_475' title='bbox 2758 2596 2877 2652; x_wconf 91' lang='lat' dir='ltr'><strong>ideo</strong></span> <span class='ocrx_word' id='word_1_476' title='bbox 2898 2596 3237 2653; x_wconf 90' lang='lat' dir='ltr'><strong>inimicorum</strong></span> <span class='ocrx_word' id='word_1_477' title='bbox 3276 2610 3419 2654; x_wconf 90' lang='lat' dir='ltr'><strong>tanta</strong></span> <span class='ocrx_word' id='word_1_478' title='bbox 3449 2600 3631 2655; x_wconf 87' lang='lat' dir='ltr'><strong>feritas</strong></span> <span class='ocrx_word' id='word_1_479' title='bbox 3656 2618 3787 2673; x_wconf 79' lang='lat' dir='ltr'><strong>pro-</strong></span> 
     </span>
    </p>
   </div>
   <div class='ocr_carea' id='block_1_71' title="bbox 2197 2687 3785 2759">
    <p class='ocr_par' dir='ltr' id='par_1_71' title="bbox 2197 2687 3785 2759">
     <span class='ocr_line' id='line_1_71' title="bbox 2197 2687 3785 2759; baseline 0.003 -16"><span class='ocrx_word' id='word_1_480' title='bbox 2197 2687 2363 2753; x_wconf 90' lang='lat' dir='ltr'><strong>ditur,</strong></span> <span class='ocrx_word' id='word_1_481' title='bbox 2394 2694 2454 2742; x_wconf 93' lang='lat' dir='ltr'><strong>ut</strong></span> <span class='ocrx_word' id='word_1_482' title='bbox 2474 2687 2805 2743; x_wconf 87' lang='lat' dir='ltr'><strong>liberationis</strong></span> <span class='ocrx_word' id='word_1_483' title='bbox 2825 2689 2993 2758; x_wconf 87' lang='lat' dir='ltr'><strong>gratia</strong></span> <span class='ocrx_word' id='word_1_484' title='bbox 3024 2689 3347 2758; x_wconf 89' lang='lat' dir='ltr'><strong>duplicetur.</strong></span> <span class='ocrx_word' id='word_1_485' title='bbox 3382 2690 3596 2759; x_wconf 79' lang='lat' dir='ltr'><strong>Adiecit</strong></span> <span class='ocrx_word' id='word_1_486' title='bbox 3629 2709 3645 2746; x_wconf 88' lang='lat'><strong>:</strong></span> <span class='ocrx_word' id='word_1_487' title='bbox 3677 2692 3785 2759; x_wconf 74' lang='lat' dir='ltr'><strong>Qui</strong></span> 
     </span>
    </p>
   </div>
   <div class='ocr_carea' id='block_1_72' title="bbox 2198 2780 3787 2852">
    <p class='ocr_par' dir='ltr' id='par_1_72' title="bbox 2198 2780 3787 2852">
     <span class='ocr_line' id='line_1_72' title="bbox 2198 2780 3787 2852; baseline 0.002 -17"><span class='ocrx_word' id='word_1_488' title='bbox 2198 2781 2441 2836; x_wconf 84' lang='lat' dir='ltr'><strong>tribulant</strong></span> <span class='ocrx_word' id='word_1_489' title='bbox 2468 2796 2549 2835; x_wconf 88' lang='lat' dir='ltr'><strong>me</strong></span> <span class='ocrx_word' id='word_1_490' title='bbox 2576 2780 2773 2834; x_wconf 86' lang='lat' dir='ltr'><strong>inimici</strong></span> <span class='ocrx_word' id='word_1_491' title='bbox 2808 2783 2928 2848; x_wconf 85' lang='lat' dir='ltr'><strong>mei,</strong></span> <span class='ocrx_word' id='word_1_492' title='bbox 2958 2782 3054 2852; x_wconf 89' lang='lat' dir='ltr'><strong>ipsi</strong></span> <span class='ocrx_word' id='word_1_493' title='bbox 3093 2782 3341 2851; x_wconf 78' lang='lat' dir='ltr'><strong>inﬁrmati</strong></span> <span class='ocrx_word' id='word_1_494' title='bbox 3367 2791 3481 2837; x_wconf 86' lang='lat' dir='ltr'><strong>sunt</strong></span> <span class='ocrx_word' id='word_1_495' title='bbox 3515 2793 3561 2836; x_wconf 86' lang='lat' dir='ltr'><strong>et</strong></span> <span class='ocrx_word' id='word_1_496' title='bbox 3591 2785 3787 2839; x_wconf 85' lang='lat' dir='ltr'><strong>cecide-</strong></span> 
     </span>
    </p>
   </div>
   <div class='ocr_carea' id='block_1_73' title="bbox 2199 2873 3789 2945">
    <p class='ocr_par' dir='ltr' id='par_1_73' title="bbox 2199 2873 3789 2945">
     <span class='ocr_line' id='line_1_73' title="bbox 2199 2873 3789 2945; baseline 0.003 -18"><span class='ocrx_word' id='word_1_497' title='bbox 2199 2884 2343 2928; x_wconf 85' lang='lat' dir='ltr'><strong>runt.</strong></span> <span class='ocrx_word' id='word_1_498' title='bbox 2394 2875 2593 2931; x_wconf 86' lang='lat' dir='ltr'><strong>Versus</strong></span> <span class='ocrx_word' id='word_1_499' title='bbox 2643 2875 2749 2929; x_wconf 87' lang='lat' dir='ltr'><strong>iste</strong></span> <span class='ocrx_word' id='word_1_500' title='bbox 2793 2873 2992 2942; x_wconf 89' lang='lat' dir='ltr'><strong>pendet</strong></span> <span class='ocrx_word' id='word_1_501' title='bbox 3041 2875 3109 2929; x_wconf 90' lang='lat' dir='ltr'><strong>de</strong></span> <span class='ocrx_word' id='word_1_502' title='bbox 3152 2876 3427 2945; x_wconf 89' lang='lat' dir='ltr'><strong>superiore</strong></span> <span class='ocrx_word' id='word_1_503' title='bbox 3479 2879 3789 2945; x_wconf 87' lang='lat' dir='ltr'><strong>sententia;</strong></span> 
     </span>
    </p>
   </div>
   <div class='ocr_carea' id='block_1_74' title="bbox 2202 2963 3781 3034">
    <p class='ocr_par' dir='ltr' id='par_1_74' title="bbox 2202 2963 3781 3034">
     <span class='ocr_line' id='line_1_74' title="bbox 2202 2963 3781 3034; baseline 0.003 -16"><span class='ocrx_word' id='word_1_504' title='bbox 2202 2963 2443 3034; x_wconf 89' lang='lat' dir='ltr'><strong>probatio</strong></span> <span class='ocrx_word' id='word_1_505' title='bbox 2470 2972 2553 3019; x_wconf 90' lang='lat' dir='ltr'><strong>est</strong></span> <span class='ocrx_word' id='word_1_506' title='bbox 2580 2964 2720 3020; x_wconf 85' lang='lat' dir='ltr'><strong>enim</strong></span> <span class='ocrx_word' id='word_1_507' title='bbox 2741 2966 3009 3034; x_wconf 89' lang='lat' dir='ltr'><strong>quomodo</strong></span> <span class='ocrx_word' id='word_1_508' title='bbox 3037 2966 3240 3019; x_wconf 89' lang='lat' dir='ltr'><strong>nullum</strong></span> <span class='ocrx_word' id='word_1_509' title='bbox 3268 2964 3460 3021; x_wconf 91' lang='lat' dir='ltr'><strong>timere</strong></span> <span class='ocrx_word' id='word_1_510' title='bbox 3483 2966 3781 3024; x_wconf 84' lang='lat' dir='ltr'><strong>debuisset.</strong></span> 
     </span>
    </p>
   </div>
   <div class='ocr_carea' id='block_1_75' title="bbox 2202 3054 3791 3126">
    <p class='ocr_par' dir='ltr' id='par_1_75' title="bbox 2202 3054 3791 3126">
     <span class='ocr_line' id='line_1_75' title="bbox 2202 3054 3791 3126; baseline 0.004 -17"><span class='ocrx_word' id='word_1_511' title='bbox 2202 3054 2336 3110; x_wconf 85' lang='lat' dir='ltr'><strong>Nam</strong></span> <span class='ocrx_word' id='word_1_512' title='bbox 2358 3057 2400 3108; x_wconf 90' lang='lat' dir='ltr'><strong>si</strong></span> <span class='ocrx_word' id='word_1_513' title='bbox 2436 3064 2809 3124; x_wconf 89' lang='lat' dir='ltr'><strong>persecutores</strong></span> <span class='ocrx_word' id='word_1_514' title='bbox 2837 3056 2925 3124; x_wconf 88' lang='lat' dir='ltr'><strong>qtti</strong></span> <span class='ocrx_word' id='word_1_515' title='bbox 2958 3056 3235 3111; x_wconf 81' lang='lat' dir='ltr'><strong>formidari</strong></span> <span class='ocrx_word' id='word_1_516' title='bbox 3267 3068 3536 3126; x_wconf 87' lang='lat' dir='ltr'><strong>poterant,</strong></span> <span class='ocrx_word' id='word_1_517' title='bbox 3570 3059 3791 3116; x_wconf 81' lang='lat' dir='ltr'><strong>subrue-</strong></span> 
     </span>
    </p>
   </div>
   <div class='ocr_carea' id='block_1_76' title="bbox 2127 3146 3795 3227">
    <p class='ocr_par' dir='ltr' id='par_1_76' title="bbox 2127 3146 3795 3227">
     <span class='ocr_line' id='line_1_76' title="bbox 2127 3146 3795 3227; baseline 0.004 -29"><span class='ocrx_word' id='word_1_518' title='bbox 2127 3167 2172 3227; x_wconf 70' lang='grc' dir='ltr'>ο</span> <span class='ocrx_word' id='word_1_519' title='bbox 2206 3152 2354 3210; x_wconf 88' lang='lat' dir='ltr'><strong>runt,</strong></span> <span class='ocrx_word' id='word_1_520' title='bbox 2400 3146 2538 3211; x_wconf 85' lang='lat' dir='ltr'><strong>quis,</strong></span> <span class='ocrx_word' id='word_1_521' title='bbox 2590 3160 2741 3216; x_wconf 87' lang='lat' dir='ltr'><strong>rogo,</strong></span> <span class='ocrx_word' id='word_1_522' title='bbox 2791 3146 2950 3201; x_wconf 85' lang='lat' dir='ltr'><strong>timor</strong></span> <span class='ocrx_word' id='word_1_523' title='bbox 2979 3148 3100 3213; x_wconf 90' lang='lat' dir='ltr'><strong>erit,</strong></span> <span class='ocrx_word' id='word_1_524' title='bbox 3142 3149 3355 3217; x_wconf 90' lang='lat' dir='ltr'><strong>quando</strong></span> <span class='ocrx_word' id='word_1_525' title='bbox 3386 3150 3561 3217; x_wconf 91' lang='lat' dir='ltr'><strong>potius</strong></span> <span class='ocrx_word' id='word_1_526' title='bbox 3591 3150 3668 3204; x_wconf 91' lang='lat' dir='ltr'><strong>illi</strong></span> <span class='ocrx_word' id='word_1_527' title='bbox 3699 3166 3795 3206; x_wconf 77' lang='lat' dir='ltr'><strong>ca—</strong></span> 
     </span>
    </p>
   </div>
   <div class='ocr_carea' id='block_1_77' title="bbox 2207 3236 3800 3309">
    <p class='ocr_par' dir='ltr' id='par_1_77' title="bbox 2207 3236 3800 3309">
     <span class='ocr_line' id='line_1_77' title="bbox 2207 3236 3800 3309; baseline 0.004 -19"><span class='ocrx_word' id='word_1_528' title='bbox 2207 3236 2368 3301; x_wconf 90' lang='lat' dir='ltr'><strong>dunt,</strong></span> <span class='ocrx_word' id='word_1_529' title='bbox 2402 3236 2493 3306; x_wconf 91' lang='lat' dir='ltr'><strong>qui</strong></span> <span class='ocrx_word' id='word_1_530' title='bbox 2527 3237 2839 3306; x_wconf 85' lang='lat' dir='ltr'><strong>impugnare</strong></span> <span class='ocrx_word' id='word_1_531' title='bbox 2868 3239 3220 3293; x_wconf 72' lang='lat' dir='ltr'><strong>videbantur?</strong></span> <span class='ocrx_word' id='word_1_532' title='bbox 3249 3238 3649 3309; x_wconf 87' lang='lat' dir='ltr'><strong>Consequenter</strong></span> <span class='ocrx_word' id='word_1_533' title='bbox 3688 3256 3800 3296; x_wconf 83' lang='lat' dir='ltr'><strong>au-</strong></span> 
     </span>
    </p>
   </div>
   <div class='ocr_carea' id='block_1_78' title="bbox 2209 3329 3800 3401">
    <p class='ocr_par' dir='ltr' id='par_1_78' title="bbox 2209 3329 3800 3401">
     <span class='ocr_line' id='line_1_78' title="bbox 2209 3329 3800 3401; baseline 0.005 -20"><span class='ocrx_word' id='word_1_534' title='bbox 2209 3336 2313 3382; x_wconf 92' lang='lat' dir='ltr'><strong>tem</strong></span> <span class='ocrx_word' id='word_1_535' title='bbox 2353 3330 2514 3382; x_wconf 87' lang='lat' dir='ltr'><strong>verba</strong></span> <span class='ocrx_word' id='word_1_536' title='bbox 2567 3337 2691 3382; x_wconf 86' lang='lat' dir='ltr'><strong>sunt</strong></span> <span class='ocrx_word' id='word_1_537' title='bbox 2738 3329 2938 3397; x_wconf 86' lang='lat' dir='ltr'><strong>posita;</strong></span> <span class='ocrx_word' id='word_1_538' title='bbox 2993 3331 3139 3400; x_wconf 88' lang='lat' dir='ltr'><strong>prius</strong></span> <span class='ocrx_word' id='word_1_539' title='bbox 3188 3330 3288 3385; x_wconf 91' lang='lat' dir='ltr'><strong>fuit</strong></span> <span class='ocrx_word' id='word_1_540' title='bbox 3337 3333 3612 3400; x_wconf 82' lang='lat' dir='ltr'><strong>inﬁrmari,</strong></span> <span class='ocrx_word' id='word_1_541' title='bbox 3672 3344 3800 3401; x_wconf 80' lang='lat' dir='ltr'><strong>post</strong></span> 
     </span>
    </p>
   </div>
   <div class='ocr_carea' id='block_1_79' title="bbox 2208 3420 3798 3490">
    <p class='ocr_par' dir='ltr' id='par_1_79' title="bbox 2208 3420 3798 3490">
     <span class='ocr_line' id='line_1_79' title="bbox 2208 3420 3798 3490; baseline 0.005 -17"><span class='ocrx_word' id='word_1_542' title='bbox 2208 3420 2408 3474; x_wconf 82' lang='lat' dir='ltr'><strong>cadere.</strong></span> <span class='ocrx_word' id='word_1_543' title='bbox 2445 3422 2508 3474; x_wconf 80' lang='lat' dir='ltr'><strong>Et</strong></span> <span class='ocrx_word' id='word_1_544' title='bbox 2537 3421 2744 3474; x_wconf 88' lang='lat' dir='ltr'><strong>intuere</strong></span> <span class='ocrx_word' id='word_1_545' title='bbox 2795 3422 3044 3490; x_wconf 89' lang='lat' dir='ltr'><strong>quoniam</strong></span> <span class='ocrx_word' id='word_1_546' title='bbox 3097 3422 3182 3475; x_wconf 92' lang='lat' dir='ltr'><strong>hic</strong></span> <span class='ocrx_word' id='word_1_547' title='bbox 3231 3422 3469 3477; x_wconf 81' lang='lat' dir='ltr'><strong>ﬁdelium</strong></span> <span class='ocrx_word' id='word_1_548' title='bbox 3522 3425 3798 3481; x_wconf 82' lang='lat' dir='ltr'><strong>beneﬁcia</strong></span> 
     </span>
    </p>
   </div>
   <div class='ocr_carea' id='block_1_80' title="bbox 2209 3511 3803 3585">
    <p class='ocr_par' dir='ltr' id='par_1_80' title="bbox 2209 3511 3803 3585">
     <span class='ocr_line' id='line_1_80' title="bbox 2209 3511 3803 3585; baseline 0.007 -20"><span class='ocrx_word' id='word_1_549' title='bbox 2209 3511 2445 3565; x_wconf 82' lang='lat' dir='ltr'><strong>breviter</strong></span> <span class='ocrx_word' id='word_1_550' title='bbox 2492 3520 2831 3579; x_wconf 81' lang='lat' dir='ltr'><strong>exponuntur</strong></span> <span class='ocrx_word' id='word_1_551' title='bbox 2862 3553 2876 3577; x_wconf 95' lang='lat'><strong>,</strong></span> <span class='ocrx_word' id='word_1_552' title='bbox 2938 3522 2998 3566; x_wconf 91' lang='lat' dir='ltr'><strong>ut</strong></span> <span class='ocrx_word' id='word_1_553' title='bbox 3050 3528 3153 3567; x_wconf 90' lang='lat' dir='ltr'><strong>non</strong></span> <span class='ocrx_word' id='word_1_554' title='bbox 3204 3513 3278 3567; x_wconf 90' lang='lat' dir='ltr'><strong>illi</strong></span> <span class='ocrx_word' id='word_1_555' title='bbox 3317 3517 3406 3585; x_wconf 89' lang='lat' dir='ltr'><strong>qui</strong></span> <span class='ocrx_word' id='word_1_556' title='bbox 3455 3517 3803 3584; x_wconf 74' lang='lat' dir='ltr'><strong>passionibus</strong></span> 
     </span>
    </p>
   </div>
   <div class='ocr_carea' id='block_1_81' title="bbox 2209 3601 3797 3674">
    <p class='ocr_par' dir='ltr' id='par_1_81' title="bbox 2209 3601 3797 3674">
     <span class='ocr_line' id='line_1_81' title="bbox 2209 3601 3797 3674; baseline 0.006 -20"><span class='ocrx_word' id='word_1_557' title='bbox 2209 3608 2546 3670; x_wconf 87' lang='lat' dir='ltr'><strong>premuntur,</strong></span> <span class='ocrx_word' id='word_1_558' title='bbox 2574 3601 2669 3656; x_wconf 89' lang='lat' dir='ltr'><strong>sed</strong></span> <span class='ocrx_word' id='word_1_559' title='bbox 2710 3602 2784 3655; x_wconf 91' lang='lat' dir='ltr'><strong>illi</strong></span> <span class='ocrx_word' id='word_1_560' title='bbox 2826 3602 2993 3669; x_wconf 84' lang='lat' dir='ltr'><strong>magis</strong></span> <span class='ocrx_word' id='word_1_561' title='bbox 3020 3612 3276 3657; x_wconf 85' lang='lat' dir='ltr'><strong>corruant</strong></span> <span class='ocrx_word' id='word_1_562' title='bbox 3302 3606 3392 3674; x_wconf 90' lang='lat' dir='ltr'><strong>qtti</strong></span> <span class='ocrx_word' id='word_1_563' title='bbox 3420 3606 3797 3664; x_wconf 85' lang='lat' dir='ltr'><strong>innocentium</strong></span> 
     </span>
    </p>
   </div>
   <div class='ocr_carea' id='block_1_82' title="bbox 2209 3693 3117 3762">
    <p class='ocr_par' dir='ltr' id='par_1_82' title="bbox 2209 3693 3117 3762">
     <span class='ocr_line' id='line_1_82' title="bbox 2209 3693 3117 3762; baseline 0 -15"><span class='ocrx_word' id='word_1_564' title='bbox 2209 3694 2520 3762; x_wconf 82' lang='lat' dir='ltr'><strong>sanguinem</strong></span> <span class='ocrx_word' id='word_1_565' title='bbox 2545 3693 2807 3749; x_wconf 88' lang='lat' dir='ltr'><strong>devorare</strong></span> <span class='ocrx_word' id='word_1_566' title='bbox 2837 3694 3117 3749; x_wconf 89' lang='lat' dir='ltr'><strong>festinant.</strong></span> 
     </span>
    </p>
   </div>
   <div class='ocr_carea' id='block_1_83' title="bbox 2283 3789 3797 3860">
    <p class='ocr_par' dir='ltr' id='par_1_83' title="bbox 2283 3789 3797 3860">
     <span class='ocr_line' id='line_1_83' title="bbox 2283 3789 3797 3860; baseline 0.005 -17"><span class='ocrx_word' id='word_1_567' title='bbox 2283 3790 2437 3844; x_wconf 83' lang='lat' dir='ltr'><strong>Vers.</strong></span> <span class='ocrx_word' id='word_1_568' title='bbox 2477 3790 2533 3843; x_wconf 68' lang='lat'><strong>4.</strong></span> <span class='ocrx_word' id='word_1_569' title='bbox 2575 3789 2637 3843; x_wconf 88' lang='lat' dir='ltr'><strong>Si</strong></span> <span class='ocrx_word' id='word_1_570' title='bbox 2686 3793 2965 3844; x_wconf 70' lang='lat' dir='ltr'><strong>consistant</strong></span> <span class='ocrx_word' id='word_1_571' title='bbox 3016 3792 3288 3845; x_wconf 84' lang='lat' dir='ltr'><strong>adversum</strong></span> <span class='ocrx_word' id='word_1_572' title='bbox 3328 3809 3408 3846; x_wconf 86' lang='lat' dir='ltr'><strong>me</strong></span> <span class='ocrx_word' id='word_1_573' title='bbox 3447 3804 3638 3860; x_wconf 84' lang='lat' dir='ltr'><strong>castra,</strong></span> <span class='ocrx_word' id='word_1_574' title='bbox 3686 3812 3797 3851; x_wconf 77' lang='lat' dir='ltr'><strong>non</strong></span> 
     </span>
    </p>
   </div>
   <div class='ocr_carea' id='block_1_84' title="bbox 2210 3878 3802 3957">
    <p class='ocr_par' dir='ltr' id='par_1_84' title="bbox 2210 3878 3802 3957">
     <span class='ocr_line' id='line_1_84' title="bbox 2210 3878 3802 3957; baseline 0.006 -24"><span class='ocrx_word' id='word_1_575' title='bbox 2210 3878 2399 3933; x_wconf 85' lang='lat' dir='ltr'><strong>timebit</strong></span> <span class='ocrx_word' id='word_1_576' title='bbox 2425 3895 2514 3936; x_wconf 80' lang='lat' dir='ltr'><strong>cor</strong></span> <span class='ocrx_word' id='word_1_577' title='bbox 2541 3895 2727 3934; x_wconf 89' lang='lat' dir='ltr'><strong>nteum.</strong></span> <span class='ocrx_word' id='word_1_578' title='bbox 2751 3880 2980 3935; x_wconf 88' lang='lat' dir='ltr'><strong>Salutari</strong></span> <span class='ocrx_word' id='word_1_579' title='bbox 3012 3882 3325 3950; x_wconf 85' lang='lat' dir='ltr'><strong>probatione</strong></span> <span class='ocrx_word' id='word_1_580' title='bbox 3356 3886 3636 3954; x_wconf 83' lang='lat' dir='ltr'><strong>completa,</strong></span> <span class='ocrx_word' id='word_1_581' title='bbox 3664 3902 3802 3957; x_wconf 89' lang='lat' dir='ltr'><strong>pro-</strong></span> 
     </span>
    </p>
   </div>
   <div class='ocr_carea' id='block_1_85' title="bbox 2208 3970 3803 4041">
    <p class='ocr_par' dir='ltr' id='par_1_85' title="bbox 2208 3970 3803 4041">
     <span class='ocr_line' id='line_1_85' title="bbox 2208 3970 3803 4041; baseline 0.007 -18"><span class='ocrx_word' id='word_1_582' title='bbox 2208 3970 2368 4041; x_wconf 89' lang='lat' dir='ltr'><strong>pheta</strong></span> <span class='ocrx_word' id='word_1_583' title='bbox 2416 3971 2569 4025; x_wconf 74' lang='lat' dir='ltr'><strong>ltetus</strong></span> <span class='ocrx_word' id='word_1_584' title='bbox 2623 3972 2878 4035; x_wconf 79' lang='lat' dir='ltr'><strong>exsultat,</strong></span> <span class='ocrx_word' id='word_1_585' title='bbox 2928 3972 3176 4026; x_wconf 89' lang='lat' dir='ltr'><strong>decoram</strong></span> <span class='ocrx_word' id='word_1_586' title='bbox 3236 3974 3560 4041; x_wconf 87' lang='lat' dir='ltr'><strong>emphasim,</strong></span> <span class='ocrx_word' id='word_1_587' title='bbox 3609 3976 3664 4031; x_wconf 86' lang='lat' dir='ltr'><strong>id</strong></span> <span class='ocrx_word' id='word_1_588' title='bbox 3710 3989 3803 4034; x_wconf 85' lang='lat' dir='ltr'><strong>est</strong></span> 
     </span>
    </p>
   </div>
   <div class='ocr_carea' id='block_1_86' title="bbox 2208 4049 3799 4134">
    <p class='ocr_par' dir='ltr' id='par_1_86' title="bbox 2208 4049 3799 4134">
     <span class='ocr_line' id='line_1_86' title="bbox 2208 4049 3799 4134; baseline 0.005 -19"><span class='ocrx_word' id='word_1_589' title='bbox 2208 4061 2674 4130; x_wconf 79' lang='lat' dir='ltr'><strong>exaggerationem</strong></span> <span class='ocrx_word' id='word_1_590' title='bbox 2707 4061 2927 4127; x_wconf 85' lang='lat' dir='ltr'><strong>faciens,</strong></span> <span class='ocrx_word' id='word_1_591' title='bbox 2971 4070 3029 4116; x_wconf 90' lang='lat' dir='ltr'><strong>ut</strong></span> <span class='ocrx_word' id='word_1_592' title='bbox 3057 4064 3101 4116; x_wconf 93' lang='lat' dir='ltr'><strong>si</strong></span> <span class='ocrx_word' id='word_1_593' title='bbox 3132 4063 3389 4119; x_wconf 86' lang='lat' dir='ltr'><strong>adversus</strong></span> <span class='ocrx_word' id='word_1_594' title='bbox 3419 4064 3591 4134; x_wconf 88' lang='lat' dir='ltr'><strong>ipsum</strong></span> <span class='ocrx_word' id='word_1_595' title='bbox 3619 4049 3799 4123; x_wconf 79' lang='lat' dir='ltr'><strong>solum</strong></span> 
     </span>
    </p>
   </div>
   <div class='ocr_carea' id='block_1_87' title="bbox 2209 4153 3798 4227">
    <p class='ocr_par' dir='ltr' id='par_1_87' title="bbox 2209 4153 3798 4227">
     <span class='ocr_line' id='line_1_87' title="bbox 2209 4153 3798 4227; baseline 0.006 -22"><span class='ocrx_word' id='word_1_596' title='bbox 2209 4159 2509 4205; x_wconf 89' lang='lat' dir='ltr'><strong>castrorum</strong></span> <span class='ocrx_word' id='word_1_597' title='bbox 2533 4161 2686 4206; x_wconf 89' lang='lat' dir='ltr'><strong>coeat</strong></span> <span class='ocrx_word' id='word_1_598' title='bbox 2709 4153 3012 4216; x_wconf 83' lang='lat' dir='ltr'><strong>multitudo,</strong></span> <span class='ocrx_word' id='word_1_599' title='bbox 3045 4153 3305 4209; x_wconf 87' lang='lat' dir='ltr'><strong>stabilitas</strong></span> <span class='ocrx_word' id='word_1_600' title='bbox 3328 4157 3520 4210; x_wconf 89' lang='lat' dir='ltr'><strong>mentis</strong></span> <span class='ocrx_word' id='word_1_601' title='bbox 3542 4156 3658 4227; x_wconf 83' lang='lat' dir='ltr'><strong>ejus</strong></span> <span class='ocrx_word' id='word_1_602' title='bbox 3681 4171 3798 4214; x_wconf 82' lang='lat' dir='ltr'><strong>non</strong></span> 
     </span>
    </p>
   </div>
   <div class='ocr_carea' id='block_1_88' title="bbox 2210 4241 3792 4317">
    <p class='ocr_par' dir='ltr' id='par_1_88' title="bbox 2210 4241 3792 4317">
     <span class='ocr_line' id='line_1_88' title="bbox 2210 4241 3792 4317; baseline 0.007 -21"><span class='ocrx_word' id='word_1_603' title='bbox 2210 4241 2402 4298; x_wconf 82' lang='lat' dir='ltr'><strong>debeat</strong></span> <span class='ocrx_word' id='word_1_604' title='bbox 2417 4244 2765 4308; x_wconf 89' lang='lat' dir='ltr'><strong>commoveri,</strong></span> <span class='ocrx_word' id='word_1_605' title='bbox 2787 4245 2912 4299; x_wconf 92' lang='lat' dir='ltr'><strong>dum</strong></span> <span class='ocrx_word' id='word_1_606' title='bbox 2932 4246 3140 4300; x_wconf 88' lang='lat' dir='ltr'><strong>soleant</strong></span> <span class='ocrx_word' id='word_1_607' title='bbox 3163 4246 3413 4302; x_wconf 91' lang='lat' dir='ltr'><strong>homines</strong></span> <span class='ocrx_word' id='word_1_608' title='bbox 3432 4250 3792 4317; x_wconf 83' lang='lat' dir='ltr'><strong>plurimorum</strong></span> 
     </span>
    </p>
   </div>
   <div class='ocr_carea' id='block_1_89' title="bbox 2207 4334 3800 4403">
    <p class='ocr_par' dir='ltr' id='par_1_89' title="bbox 2207 4334 3800 4403">
     <span class='ocr_line' id='line_1_89' title="bbox 2207 4334 3800 4403; baseline 0.006 -16"><span class='ocrx_word' id='word_1_609' title='bbox 2207 4334 2597 4403; x_wconf 85' lang='lat' dir='ltr'><strong>oppugnatione</strong></span> <span class='ocrx_word' id='word_1_610' title='bbox 2639 4335 2851 4389; x_wconf 91' lang='lat' dir='ltr'><strong>terreri.</strong></span> <span class='ocrx_word' id='word_1_611' title='bbox 2899 4335 3084 4389; x_wconf 85' lang='lat' dir='ltr'><strong>Castra</strong></span> <span class='ocrx_word' id='word_1_612' title='bbox 3132 4337 3275 4392; x_wconf 90' lang='lat' dir='ltr'><strong>enim</strong></span> <span class='ocrx_word' id='word_1_613' title='bbox 3332 4340 3507 4393; x_wconf 86' lang='lat' dir='ltr'><strong>valida</strong></span> <span class='ocrx_word' id='word_1_614' title='bbox 3556 4341 3800 4397; x_wconf 87' lang='lat' dir='ltr'><strong>munitio</strong></span> 
     </span>
    </p>
   </div>
   <div class='ocr_carea' id='block_1_90' title="bbox 2208 4423 3798 4497">
    <p class='ocr_par' dir='ltr' id='par_1_90' title="bbox 2208 4423 3798 4497">
     <span class='ocr_line' id='line_1_90' title="bbox 2208 4423 3798 4497; baseline 0.006 -21"><span class='ocrx_word' id='word_1_615' title='bbox 2208 4429 2311 4485; x_wconf 91' lang='lat' dir='ltr'><strong>est,</strong></span> <span class='ocrx_word' id='word_1_616' title='bbox 2343 4438 2498 4489; x_wconf 88' lang='lat' dir='ltr'><strong>quam</strong></span> <span class='ocrx_word' id='word_1_617' title='bbox 2530 4438 2836 4494; x_wconf 79' lang='lat' dir='ltr'><strong>expugnare</strong></span> <span class='ocrx_word' id='word_1_618' title='bbox 2865 4423 3020 4480; x_wconf 88' lang='lat' dir='ltr'><strong>facile</strong></span> <span class='ocrx_word' id='word_1_619' title='bbox 3063 4440 3170 4479; x_wconf 91' lang='lat' dir='ltr'><strong>non</strong></span> <span class='ocrx_word' id='word_1_620' title='bbox 3212 4435 3391 4495; x_wconf 87' lang='lat' dir='ltr'><strong>potest</strong></span> <span class='ocrx_word' id='word_1_621' title='bbox 3437 4430 3662 4497; x_wconf 89' lang='lat' dir='ltr'><strong>impetus</strong></span> <span class='ocrx_word' id='word_1_622' title='bbox 3715 4432 3798 4485; x_wconf 89' lang='lat' dir='ltr'><strong>ir-</strong></span> 
     </span>
    </p>
   </div>
   <div class='ocr_carea' id='block_1_91' title="bbox 595 4514 3789 4599">
    <p class='ocr_par' dir='ltr' id='par_1_91' title="bbox 595 4514 3789 4599">
     <span class='ocr_line' id='line_1_91' title="bbox 595 4514 3789 4599; baseline 0.003 -33"><span class='ocrx_word' id='word_1_623' title='bbox 595 4520 748 4575; x_wconf 70' lang='grc' dir='ltr'><strong>νει-ε,</strong></span> <span class='ocrx_word' id='word_1_624' title='bbox 774 4523 825 4575; x_wconf 80' lang='lat'><strong>3,</strong></span> <span class='ocrx_word' id='word_1_625' title='bbox 856 4523 954 4589; x_wconf 70' lang='lat' dir='ltr'><strong>Qui</strong></span> <span class='ocrx_word' id='word_1_626' title='bbox 984 4524 1228 4577; x_wconf 66' lang='lat' dir='ltr'><strong>tributam</strong></span> <span class='ocrx_word' id='word_1_627' title='bbox 1254 4542 1331 4579; x_wconf 67' lang='lat' dir='ltr'><strong>me</strong></span> <span class='ocrx_word' id='word_1_628' title='bbox 1361 4526 1555 4579; x_wconf 73' lang='grc' dir='ltr'><strong>ίηίηιίεε</strong></span> <span class='ocrx_word' id='word_1_629' title='bbox 1583 4529 1702 4593; x_wconf 57' lang='lat' dir='ltr'><strong>mei,</strong></span> <span class='ocrx_word' id='word_1_630' title='bbox 1732 4529 1831 4599; x_wconf 70' lang='grc' dir='ltr'><strong>ίρεί</strong></span> <span class='ocrx_word' id='word_1_631' title='bbox 1857 4532 2105 4598; x_wconf 56' lang='lat' dir='ltr'><strong>inﬁrmat;</strong></span> <span class='ocrx_word' id='word_1_632' title='bbox 2134 4519 2181 4578; x_wconf 89' lang='lat' dir='ltr'><strong>D</strong></span> <span class='ocrx_word' id='word_1_633' title='bbox 2208 4515 2432 4569; x_wconf 89' lang='lat' dir='ltr'><strong>ruentis.</strong></span> <span class='ocrx_word' id='word_1_634' title='bbox 2454 4514 2557 4570; x_wconf 88' lang='lat' dir='ltr'><strong>Sed</strong></span> <span class='ocrx_word' id='word_1_635' title='bbox 2579 4515 2692 4569; x_wconf 79' lang='lat' dir='ltr'><strong>haec</strong></span> <span class='ocrx_word' id='word_1_636' title='bbox 2716 4516 2894 4570; x_wconf 88' lang='lat' dir='ltr'><strong>omnia</strong></span> <span class='ocrx_word' id='word_1_637' title='bbox 2917 4517 3021 4571; x_wconf 81' lang='lat' dir='ltr'><strong>sibi</strong></span> <span class='ocrx_word' id='word_1_638' title='bbox 3039 4516 3168 4571; x_wconf 90' lang='lat' dir='ltr'><strong>dicit</strong></span> <span class='ocrx_word' id='word_1_639' title='bbox 3188 4532 3308 4574; x_wconf 89' lang='lat' dir='ltr'><strong>esse</strong></span> <span class='ocrx_word' id='word_1_640' title='bbox 3333 4521 3789 4590; x_wconf 86' lang='lat' dir='ltr'><strong>contemptibilia,</strong></span> 
     </span>
    </p>
   </div>
   <div class='ocr_carea' id='block_1_92' title="bbox 523 4616 2100 4690">
    <p class='ocr_par' dir='ltr' id='par_1_92' title="bbox 523 4616 2100 4690">
     <span class='ocr_line' id='line_1_92' title="bbox 523 4616 2100 4690; baseline 0.008 -24"><span class='ocrx_word' id='word_1_641' title='bbox 523 4622 637 4666; x_wconf 86' lang='lat' dir='ltr'><strong>sunt</strong></span> <span class='ocrx_word' id='word_1_642' title='bbox 680 4623 725 4667; x_wconf 86' lang='lat' dir='ltr'><strong>et</strong></span> <span class='ocrx_word' id='word_1_643' title='bbox 773 4616 1079 4671; x_wconf 80' lang='lat' dir='ltr'><strong>ceciderunt.</strong></span> <span class='ocrx_word' id='word_1_644' title='bbox 1116 4616 1224 4672; x_wconf 83' lang='lat' dir='ltr'><strong>llos</strong></span> <span class='ocrx_word' id='word_1_645' title='bbox 1256 4628 1364 4673; x_wconf 90' lang='lat' dir='ltr'><strong>tres</strong></span> <span class='ocrx_word' id='word_1_646' title='bbox 1407 4635 1592 4674; x_wconf 88' lang='lat' dir='ltr'><strong>versus</strong></span> <span class='ocrx_word' id='word_1_647' title='bbox 1619 4621 1777 4690; x_wconf 89' lang='lat' dir='ltr'><strong>paulo</strong></span> <span class='ocrx_word' id='word_1_648' title='bbox 1821 4622 2100 4679; x_wconf 89' lang='lat' dir='ltr'><strong>sollicitius</strong></span> 
     </span>
    </p>
   </div>
   <div class='ocr_carea' id='block_1_93' title="bbox 520 4704 2099 4780">
    <p class='ocr_par' dir='ltr' id='par_1_93' title="bbox 520 4704 2099 4780">
     <span class='ocr_line' id='line_1_93' title="bbox 520 4704 2099 4780; baseline 0.008 -24"><span class='ocrx_word' id='word_1_649' title='bbox 520 4704 818 4771; x_wconf 85' lang='lat' dir='ltr'><strong>audiamus,</strong></span> <span class='ocrx_word' id='word_1_650' title='bbox 846 4706 1126 4761; x_wconf 91' lang='lat' dir='ltr'><strong>suntenim</strong></span> <span class='ocrx_word' id='word_1_651' title='bbox 1154 4723 1357 4779; x_wconf 79' lang='lat' dir='ltr'><strong>magna:</strong></span> <span class='ocrx_word' id='word_1_652' title='bbox 1374 4711 1852 4780; x_wconf 81' lang='lat' dir='ltr'><strong>argumentationis</strong></span> <span class='ocrx_word' id='word_1_653' title='bbox 1872 4712 2099 4769; x_wconf 82' lang='lat' dir='ltr'><strong>formula</strong></span> 
     </span>
    </p>
   </div>
   <div class='ocr_carea' id='block_1_94' title="bbox 520 4797 2103 4879">
    <p class='ocr_par' dir='ltr' id='par_1_94' title="bbox 520 4797 2103 4879">
     <span class='ocr_line' id='line_1_94' title="bbox 520 4797 2103 4879; baseline 0.009 -31"><span class='ocrx_word' id='word_1_654' title='bbox 520 4797 920 4865; x_wconf 83' lang='lat' dir='ltr'><strong>comprehensi,</strong></span> <span class='ocrx_word' id='word_1_655' title='bbox 961 4814 1120 4869; x_wconf 88' lang='lat' dir='ltr'><strong>quam</strong></span> <span class='ocrx_word' id='word_1_656' title='bbox 1149 4799 1323 4856; x_wconf 64' lang='lat' dir='ltr'><strong>Graeci</strong></span> <span class='ocrx_word' id='word_1_657' title='bbox 1365 4801 1712 4879; x_wconf 84' lang='lat' dir='ltr'><strong>epichirema,</strong></span> <span class='ocrx_word' id='word_1_658' title='bbox 1744 4804 1918 4860; x_wconf 89' lang='lat' dir='ltr'><strong>Latini</strong></span> <span class='ocrx_word' id='word_1_659' title='bbox 1949 4822 2103 4863; x_wconf 83' lang='lat' dir='ltr'><strong>exse-</strong></span> 
     </span>
    </p>
   </div>
   <div class='ocr_carea' id='block_1_95' title="bbox 522 4878 2101 4961">
    <p class='ocr_par' dir='ltr' id='par_1_95' title="bbox 522 4878 2101 4961">
     <span class='ocr_line' id='line_1_95' title="bbox 522 4878 2101 4961; baseline 0.006 -17"><span class='ocrx_word' id='word_1_660' title='bbox 522 4890 765 4944; x_wconf 90' lang='lat' dir='ltr'><strong>cutiones</strong></span> <span class='ocrx_word' id='word_1_661' title='bbox 792 4891 877 4945; x_wconf 87' lang='lat' dir='ltr'><strong>vel</strong></span> <span class='ocrx_word' id='word_1_662' title='bbox 923 4892 1334 4961; x_wconf 86' lang='lat' dir='ltr'><strong>approbationes</strong></span> <span class='ocrx_word' id='word_1_663' title='bbox 1366 4878 1573 4950; x_wconf 27' lang='lat' dir='ltr'><strong>&quot;vocare</strong></span> <span class='ocrx_word' id='word_1_664' title='bbox 1622 4897 1947 4952; x_wconf 88' lang='lat' dir='ltr'><strong>maluerunt.</strong></span> <span class='ocrx_word' id='word_1_665' title='bbox 1992 4899 2101 4954; x_wconf 80' lang='lat' dir='ltr'><strong>Hoc</strong></span> 
     </span>
    </p>
   </div>
   <div class='ocr_carea' id='block_1_96' title="bbox 522 4983 2101 5059">
    <p class='ocr_par' dir='ltr' id='par_1_96' title="bbox 522 4983 2101 5059">
     <span class='ocr_line' id='line_1_96' title="bbox 522 4983 2101 5059; baseline 0.008 -26"><span class='ocrx_word' id='word_1_666' title='bbox 522 4990 836 5050; x_wconf 86' lang='lat' dir='ltr'><strong>argumento</strong></span> <span class='ocrx_word' id='word_1_667' title='bbox 866 4983 1067 5037; x_wconf 90' lang='lat' dir='ltr'><strong>utimur</strong></span> <span class='ocrx_word' id='word_1_668' title='bbox 1106 4986 1315 5053; x_wconf 88' lang='lat' dir='ltr'><strong>quoties</strong></span> <span class='ocrx_word' id='word_1_669' title='bbox 1366 5000 1481 5039; x_wconf 90' lang='lat' dir='ltr'><strong>rem</strong></span> <span class='ocrx_word' id='word_1_670' title='bbox 1530 4985 1597 5040; x_wconf 88' lang='lat' dir='ltr'><strong>de</strong></span> <span class='ocrx_word' id='word_1_671' title='bbox 1638 5002 1743 5054; x_wconf 88' lang='lat' dir='ltr'><strong>qua</strong></span> <span class='ocrx_word' id='word_1_672' title='bbox 1794 4988 1974 5057; x_wconf 86' lang='lat' dir='ltr'><strong>agitur</strong></span> <span class='ocrx_word' id='word_1_673' title='bbox 2007 5005 2101 5059; x_wconf 89' lang='lat' dir='ltr'><strong>per</strong></span> 
     </span>
    </p>
   </div>
   <div class='ocr_carea' id='block_1_97' title="bbox 521 5071 2105 5145">
    <p class='ocr_par' dir='ltr' id='par_1_97' title="bbox 521 5071 2105 5145">
     <span class='ocr_line' id='line_1_97' title="bbox 521 5071 2105 5145; baseline 0.007 -20"><span class='ocrx_word' id='word_1_674' title='bbox 521 5074 827 5141; x_wconf 86' lang='lat' dir='ltr'><strong>exemplum</strong></span> <span class='ocrx_word' id='word_1_675' title='bbox 850 5071 1063 5143; x_wconf 89' lang='lat' dir='ltr'><strong>aliquod</strong></span> <span class='ocrx_word' id='word_1_676' title='bbox 1095 5075 1319 5145; x_wconf 89' lang='lat' dir='ltr'><strong>probare</strong></span> <span class='ocrx_word' id='word_1_677' title='bbox 1348 5077 1742 5133; x_wconf 79' lang='lat' dir='ltr'><strong>contendimus.</strong></span> <span class='ocrx_word' id='word_1_678' title='bbox 1766 5078 1939 5133; x_wconf 79' lang='lat' dir='ltr'><strong>Causa</strong></span> <span class='ocrx_word' id='word_1_679' title='bbox 1961 5083 2105 5136; x_wconf 89' lang='lat' dir='ltr'><strong>enim</strong></span> 
     </span>
    </p>
   </div>
   <div class='ocr_carea' id='block_1_98' title="bbox 520 5162 2107 5232">
    <p class='ocr_par' dir='ltr' id='par_1_98' title="bbox 520 5162 2107 5232">
     <span class='ocr_line' id='line_1_98' title="bbox 520 5162 2107 5232; baseline 0.008 -17"><span class='ocrx_word' id='word_1_680' title='bbox 520 5162 608 5218; x_wconf 90' lang='lat' dir='ltr'><strong>hic</strong></span> <span class='ocrx_word' id='word_1_681' title='bbox 635 5165 903 5232; x_wconf 73' lang='lat' dir='ltr'><strong>pronosita</strong></span> <span class='ocrx_word' id='word_1_682' title='bbox 957 5173 1041 5220; x_wconf 91' lang='lat' dir='ltr'><strong>est</strong></span> <span class='ocrx_word' id='word_1_683' title='bbox 1089 5166 1139 5220; x_wconf 87' lang='lat' dir='ltr'><strong>itt</strong></span> <span class='ocrx_word' id='word_1_684' title='bbox 1186 5182 1291 5224; x_wconf 91' lang='lat' dir='ltr'><strong>uno</strong></span> <span class='ocrx_word' id='word_1_685' title='bbox 1339 5175 1394 5222; x_wconf 89' lang='lat' dir='ltr'><strong>et</strong></span> <span class='ocrx_word' id='word_1_686' title='bbox 1434 5168 1567 5222; x_wconf 90' lang='lat' dir='ltr'><strong>semi</strong></span> <span class='ocrx_word' id='word_1_687' title='bbox 1616 5172 1900 5225; x_wconf 82' lang='lat' dir='ltr'><strong>versiculo.</strong></span> <span class='ocrx_word' id='word_1_688' title='bbox 1959 5172 2107 5227; x_wconf 87' lang='lat' dir='ltr'><strong>Dixit</strong></span> 
     </span>
    </p>
   </div>
   <div class='ocr_carea' id='block_1_99' title="bbox 521 5253 2100 5333">
    <p class='ocr_par' dir='ltr' id='par_1_99' title="bbox 521 5253 2100 5333">
     <span class='ocr_line' id='line_1_99' title="bbox 521 5253 2100 5333; baseline 0.008 -27"><span class='ocrx_word' id='word_1_689' title='bbox 521 5253 661 5307; x_wconf 90' lang='lat' dir='ltr'><strong>enim</strong></span> <span class='ocrx_word' id='word_1_690' title='bbox 697 5271 711 5307; x_wconf 89' lang='lat'><strong>:</strong></span> <span class='ocrx_word' id='word_1_691' title='bbox 748 5254 995 5310; x_wconf 87' lang='lat' dir='ltr'><strong>Dominus</strong></span> <span class='ocrx_word' id='word_1_692' title='bbox 1026 5257 1334 5312; x_wconf 85' lang='lat' dir='ltr'><strong>illuminatio</strong></span> <span class='ocrx_word' id='word_1_693' title='bbox 1376 5275 1487 5312; x_wconf 88' lang='lat' dir='ltr'><strong>mea</strong></span> <span class='ocrx_word' id='word_1_694' title='bbox 1516 5267 1563 5312; x_wconf 84' lang='lat' dir='ltr'><strong>et</strong></span> <span class='ocrx_word' id='word_1_695' title='bbox 1591 5262 1729 5313; x_wconf 83' lang='lat' dir='ltr'><strong>salus</strong></span> <span class='ocrx_word' id='word_1_696' title='bbox 1759 5277 1869 5314; x_wconf 88' lang='lat' dir='ltr'><strong>mea</strong></span> <span class='ocrx_word' id='word_1_697' title='bbox 1890 5303 1904 5327; x_wconf 94' lang='lat'><strong>,</strong></span> <span class='ocrx_word' id='word_1_698' title='bbox 1955 5280 2100 5333; x_wconf 82' lang='lat' dir='ltr'><strong>quem</strong></span> 
     </span>
    </p>
   </div>
   <div class='ocr_carea' id='block_1_100' title="bbox 519 5343 2103 5422">
    <p class='ocr_par' dir='ltr' id='par_1_100' title="bbox 519 5343 2103 5422">
     <span class='ocr_line' id='line_1_100' title="bbox 519 5343 2103 5422; baseline 0.01 -29"><span class='ocrx_word' id='word_1_699' title='bbox 519 5343 737 5398; x_wconf 87' lang='lat' dir='ltr'><strong>timebo?</strong></span> <span class='ocrx_word' id='word_1_700' title='bbox 758 5343 1010 5400; x_wconf 85' lang='lat' dir='ltr'><strong>Dominus</strong></span> <span class='ocrx_word' id='word_1_701' title='bbox 1036 5348 1270 5417; x_wconf 82' lang='lat' dir='ltr'><strong>defensor</strong></span> <span class='ocrx_word' id='word_1_702' title='bbox 1298 5348 1412 5401; x_wconf 70' lang='lat' dir='ltr'><strong>vim</strong></span> <span class='ocrx_word' id='word_1_703' title='bbox 1442 5365 1586 5415; x_wconf 73' lang='lat' dir='ltr'><strong>mem,</strong></span> <span class='ocrx_word' id='word_1_704' title='bbox 1612 5366 1644 5403; x_wconf 91' lang='lat' dir='ltr'><strong>a</strong></span> <span class='ocrx_word' id='word_1_705' title='bbox 1672 5366 1775 5419; x_wconf 87' lang='lat' dir='ltr'><strong>quo</strong></span> <span class='ocrx_word' id='word_1_706' title='bbox 1805 5354 2103 5422; x_wconf 81' lang='lat' dir='ltr'><strong>trepidabo?</strong></span> 
     </span>
    </p>
   </div>
   <div class='ocr_carea' id='block_1_101' title="bbox 518 5429 2093 5510">
    <p class='ocr_par' dir='ltr' id='par_1_101' title="bbox 518 5429 2093 5510">
     <span class='ocr_line' id='line_1_101' title="bbox 518 5429 2093 5510; baseline 0.01 -28"><span class='ocrx_word' id='word_1_707' title='bbox 518 5429 575 5483; x_wconf 82' lang='lat' dir='ltr'><strong>in</strong></span> <span class='ocrx_word' id='word_1_708' title='bbox 603 5432 706 5485; x_wconf 91' lang='lat' dir='ltr'><strong>alio</strong></span> <span class='ocrx_word' id='word_1_709' title='bbox 741 5435 905 5488; x_wconf 90' lang='lat' dir='ltr'><strong>semis</strong></span> <span class='ocrx_word' id='word_1_710' title='bbox 944 5443 1001 5488; x_wconf 91' lang='lat' dir='ltr'><strong>et</strong></span> <span class='ocrx_word' id='word_1_711' title='bbox 1038 5451 1143 5489; x_wconf 92' lang='lat' dir='ltr'><strong>uno</strong></span> <span class='ocrx_word' id='word_1_712' title='bbox 1177 5437 1442 5491; x_wconf 90' lang='lat' dir='ltr'><strong>versiculo</strong></span> <span class='ocrx_word' id='word_1_713' title='bbox 1471 5437 1747 5505; x_wconf 75' lang='lat' dir='ltr'><strong>sunjunxit</strong></span> <span class='ocrx_word' id='word_1_714' title='bbox 1768 5446 2093 5510; x_wconf 82' lang='lat' dir='ltr'><strong>exemplum,</strong></span> 
     </span>
    </p>
   </div>
   <div class='ocr_carea' id='block_1_102' title="bbox 518 5521 2099 5604">
    <p class='ocr_par' dir='ltr' id='par_1_102' title="bbox 518 5521 2099 5604">
     <span class='ocr_line' id='line_1_102' title="bbox 518 5521 2099 5604; baseline 0.012 -32"><span class='ocrx_word' id='word_1_715' title='bbox 518 5521 643 5589; x_wconf 86' lang='lat' dir='ltr'><strong>quia</strong></span> <span class='ocrx_word' id='word_1_716' title='bbox 681 5523 899 5578; x_wconf 89' lang='lat' dir='ltr'><strong>minime</strong></span> <span class='ocrx_word' id='word_1_717' title='bbox 929 5526 1199 5593; x_wconf 85' lang='lat' dir='ltr'><strong>trepidare</strong></span> <span class='ocrx_word' id='word_1_718' title='bbox 1232 5525 1524 5596; x_wconf 87' lang='lat' dir='ltr'><strong>debuisset,</strong></span> <span class='ocrx_word' id='word_1_719' title='bbox 1569 5530 1782 5599; x_wconf 86' lang='lat' dir='ltr'><strong>quando</strong></span> <span class='ocrx_word' id='word_1_720' title='bbox 1814 5531 1888 5585; x_wconf 78' lang='lat' dir='ltr'><strong>illi</strong></span> <span class='ocrx_word' id='word_1_721' title='bbox 1929 5536 2099 5604; x_wconf 78' lang='lat' dir='ltr'><strong>magis</strong></span> 
     </span>
    </p>
   </div>
   <div class='ocr_carea' id='block_1_103' title="bbox 518 5609 2103 5688">
    <p class='ocr_par' dir='ltr' id='par_1_103' title="bbox 518 5609 2103 5688">
     <span class='ocr_line' id='line_1_103' title="bbox 518 5609 2103 5688; baseline 0.009 -25"><span class='ocrx_word' id='word_1_722' title='bbox 518 5609 716 5664; x_wconf 85' lang='lat' dir='ltr'><strong>cadunt</strong></span> <span class='ocrx_word' id='word_1_723' title='bbox 762 5615 848 5681; x_wconf 90' lang='lat' dir='ltr'><strong>qui</strong></span> <span class='ocrx_word' id='word_1_724' title='bbox 881 5619 1125 5686; x_wconf 88' lang='lat' dir='ltr'><strong>persequi</strong></span> <span class='ocrx_word' id='word_1_725' title='bbox 1172 5618 1558 5688; x_wconf 89' lang='lat' dir='ltr'><strong>probabantur.</strong></span> <span class='ocrx_word' id='word_1_726' title='bbox 1606 5621 1699 5675; x_wconf 88' lang='lat' dir='ltr'><strong>Ait</strong></span> <span class='ocrx_word' id='word_1_727' title='bbox 1747 5622 1889 5676; x_wconf 88' lang='lat' dir='ltr'><strong>enim</strong></span> <span class='ocrx_word' id='word_1_728' title='bbox 1927 5641 1937 5675; x_wconf 90' lang='lat'><strong>:</strong></span> <span class='ocrx_word' id='word_1_729' title='bbox 1972 5624 2103 5679; x_wconf 83' lang='lat' dir='ltr'><strong>Dant</strong></span> 
     </span>
    </p>
   </div>
   <div class='ocr_carea' id='block_1_104' title="bbox 524 5702 2099 5777">
    <p class='ocr_par' dir='ltr' id='par_1_104' title="bbox 524 5702 2099 5777">
     <span class='ocr_line' id='line_1_104' title="bbox 524 5702 2099 5777; baseline 0.013 -28"><span class='ocrx_word' id='word_1_730' title='bbox 524 5702 832 5767; x_wconf 63' lang='lat' dir='ltr'><strong>appromiant</strong></span> <span class='ocrx_word' id='word_1_731' title='bbox 873 5722 1021 5771; x_wconf 70' lang='lat' dir='ltr'><strong>super</strong></span> <span class='ocrx_word' id='word_1_732' title='bbox 1053 5724 1129 5761; x_wconf 82' lang='lat' dir='ltr'><strong>tne</strong></span> <span class='ocrx_word' id='word_1_733' title='bbox 1170 5718 1423 5777; x_wconf 76' lang='lat' dir='ltr'><strong>nocentes,</strong></span> <span class='ocrx_word' id='word_1_734' title='bbox 1478 5719 1532 5761; x_wconf 86' lang='lat' dir='ltr'><strong>ut</strong></span> <span class='ocrx_word' id='word_1_735' title='bbox 1561 5709 1713 5764; x_wconf 79' lang='lat' dir='ltr'><strong>edant</strong></span> <span class='ocrx_word' id='word_1_736' title='bbox 1743 5727 1917 5767; x_wconf 72' lang='lat' dir='ltr'><strong>carnes</strong></span> <span class='ocrx_word' id='word_1_737' title='bbox 1943 5731 2099 5771; x_wconf 75' lang='lat' dir='ltr'><strong>mtas.</strong></span> 
     </span>
    </p>
   </div>
   <div class='ocr_carea' id='block_1_105' title="bbox 2208 4604 3185 4663">
    <p class='ocr_par' dir='ltr' id='par_1_105' title="bbox 2208 4604 3185 4663">
     <span class='ocr_line' id='line_1_105' title="bbox 2208 4604 3185 4663; baseline 0.002 -4"><span class='ocrx_word' id='word_1_738' title='bbox 2208 4619 2331 4659; x_wconf 91' lang='lat' dir='ltr'><strong>cum</strong></span> <span class='ocrx_word' id='word_1_739' title='bbox 2359 4604 2587 4660; x_wconf 87' lang='lat' dir='ltr'><strong>valletur</strong></span> <span class='ocrx_word' id='word_1_740' title='bbox 2613 4606 2959 4661; x_wconf 83' lang='lat' dir='ltr'><strong>auxiliatione</strong></span> <span class='ocrx_word' id='word_1_741' title='bbox 2986 4608 3185 4663; x_wconf 88' lang='lat' dir='ltr'><strong>divina.</strong></span> 
     </span>
    </p>
   </div>
   <div class='ocr_carea' id='block_1_106' title="bbox 2283 4705 3799 4784">
    <p class='ocr_par' dir='ltr' id='par_1_106' title="bbox 2283 4705 3799 4784">
     <span class='ocr_line' id='line_1_106' title="bbox 2283 4705 3799 4784; baseline 0.005 -25"><span class='ocrx_word' id='word_1_742' title='bbox 2283 4705 2437 4761; x_wconf 83' lang='lat' dir='ltr'><strong>Vers.</strong></span> <span class='ocrx_word' id='word_1_743' title='bbox 2478 4706 2532 4761; x_wconf 84' lang='lat'><strong>5.</strong></span> <span class='ocrx_word' id='word_1_744' title='bbox 2576 4707 2637 4762; x_wconf 86' lang='lat' dir='ltr'><strong>Si</strong></span> <span class='ocrx_word' id='word_1_745' title='bbox 2679 4717 2917 4780; x_wconf 69' lang='lat' dir='ltr'><strong>exsurgat</strong></span> <span class='ocrx_word' id='word_1_746' title='bbox 2958 4709 3013 4762; x_wconf 86' lang='lat' dir='ltr'><strong>in</strong></span> <span class='ocrx_word' id='word_1_747' title='bbox 3051 4724 3130 4764; x_wconf 88' lang='lat' dir='ltr'><strong>me</strong></span> <span class='ocrx_word' id='word_1_748' title='bbox 3160 4708 3428 4779; x_wconf 67' lang='lat' dir='ltr'><strong>pretium,</strong></span> <span class='ocrx_word' id='word_1_749' title='bbox 3474 4713 3528 4765; x_wconf 88' lang='lat' dir='ltr'><strong>in</strong></span> <span class='ocrx_word' id='word_1_750' title='bbox 3558 4711 3654 4765; x_wconf 85' lang='lat' dir='ltr'><strong>Itoc</strong></span> <span class='ocrx_word' id='word_1_751' title='bbox 3694 4730 3799 4784; x_wconf 81' lang='lat' dir='ltr'><strong>ego</strong></span> 
     </span>
    </p>
   </div>
   <div class='ocr_carea' id='block_1_107' title="bbox 2208 4798 3800 4872">
    <p class='ocr_par' dir='ltr' id='par_1_107' title="bbox 2208 4798 3800 4872">
     <span class='ocr_line' id='line_1_107' title="bbox 2208 4798 3800 4872; baseline 0.006 -21"><span class='ocrx_word' id='word_1_752' title='bbox 2208 4798 2441 4869; x_wconf 87' lang='lat' dir='ltr'><strong>sperabo.</strong></span> <span class='ocrx_word' id='word_1_753' title='bbox 2491 4799 2781 4854; x_wconf 87' lang='lat' dir='ltr'><strong>Potuerant</strong></span> <span class='ocrx_word' id='word_1_754' title='bbox 2806 4808 2983 4855; x_wconf 86' lang='lat' dir='ltr'><strong>castra</strong></span> <span class='ocrx_word' id='word_1_755' title='bbox 3012 4802 3345 4871; x_wconf 85' lang='lat' dir='ltr'><strong>consistere,</strong></span> <span class='ocrx_word' id='word_1_756' title='bbox 3396 4810 3451 4858; x_wconf 86' lang='lat' dir='ltr'><strong>et</strong></span> <span class='ocrx_word' id='word_1_757' title='bbox 3502 4806 3554 4856; x_wconf 90' lang='lat' dir='ltr'><strong>in</strong></span> <span class='ocrx_word' id='word_1_758' title='bbox 3607 4806 3800 4872; x_wconf 64' lang='lat' dir='ltr'><strong>praelia</strong></span> 
     </span>
    </p>
   </div>
   <div class='ocr_carea' id='block_1_108' title="bbox 2212 4888 3801 4962">
    <p class='ocr_par' dir='ltr' id='par_1_108' title="bbox 2212 4888 3801 4962">
     <span class='ocr_line' id='line_1_108' title="bbox 2212 4888 3801 4962; baseline 0.003 -19"><span class='ocrx_word' id='word_1_759' title='bbox 2212 4904 2317 4944; x_wconf 89' lang='lat' dir='ltr'><strong>non</strong></span> <span class='ocrx_word' id='word_1_760' title='bbox 2348 4889 2511 4945; x_wconf 89' lang='lat' dir='ltr'><strong>coire.</strong></span> <span class='ocrx_word' id='word_1_761' title='bbox 2539 4888 2646 4945; x_wconf 90' lang='lat' dir='ltr'><strong>Sed</strong></span> <span class='ocrx_word' id='word_1_762' title='bbox 2673 4906 2812 4945; x_wconf 91' lang='lat' dir='ltr'><strong>nunc</strong></span> <span class='ocrx_word' id='word_1_763' title='bbox 2849 4892 3020 4960; x_wconf 91' lang='lat' dir='ltr'><strong>ipsum</strong></span> <span class='ocrx_word' id='word_1_764' title='bbox 3049 4907 3250 4947; x_wconf 67' lang='lat' dir='ltr'><strong>saevum</strong></span> <span class='ocrx_word' id='word_1_765' title='bbox 3281 4903 3554 4947; x_wconf 87' lang='lat' dir='ltr'><strong>certamen</strong></span> <span class='ocrx_word' id='word_1_766' title='bbox 3584 4893 3801 4962; x_wconf 86' lang='lat' dir='ltr'><strong>adjicit,</strong></span> 
     </span>
    </p>
   </div>
   <div class='ocr_carea' id='block_1_109' title="bbox 2210 4980 3809 5055">
    <p class='ocr_par' dir='ltr' id='par_1_109' title="bbox 2210 4980 3809 5055">
     <span class='ocr_line' id='line_1_109' title="bbox 2210 4980 3809 5055; baseline 0.005 -20"><span class='ocrx_word' id='word_1_767' title='bbox 2210 4991 2265 5036; x_wconf 89' lang='lat' dir='ltr'><strong>ut</strong></span> <span class='ocrx_word' id='word_1_768' title='bbox 2287 4980 2418 5035; x_wconf 89' lang='lat' dir='ltr'><strong>nihil</strong></span> <span class='ocrx_word' id='word_1_769' title='bbox 2440 4997 2622 5037; x_wconf 90' lang='lat' dir='ltr'><strong>eorum</strong></span> <span class='ocrx_word' id='word_1_770' title='bbox 2655 4990 2898 5039; x_wconf 89' lang='lat' dir='ltr'><strong>metuere</strong></span> <span class='ocrx_word' id='word_1_771' title='bbox 2922 4984 3191 5039; x_wconf 87' lang='lat' dir='ltr'><strong>videretur</strong></span> <span class='ocrx_word' id='word_1_772' title='bbox 3212 5000 3331 5055; x_wconf 66' lang='lat' dir='ltr'><strong>quae</strong></span> <span class='ocrx_word' id='word_1_773' title='bbox 3354 4985 3612 5040; x_wconf 87' lang='lat' dir='ltr'><strong>terribilia</strong></span> <span class='ocrx_word' id='word_1_774' title='bbox 3641 4995 3809 5055; x_wconf 78' lang='lat' dir='ltr'><strong>putat.</strong></span> 
     </span>
    </p>
   </div>
   <div class='ocr_carea' id='block_1_110' title="bbox 2216 5071 3809 5144">
    <p class='ocr_par' dir='ltr' id='par_1_110' title="bbox 2216 5071 3809 5144">
     <span class='ocr_line' id='line_1_110' title="bbox 2216 5071 3809 5144; baseline 0.003 -19"><span class='ocrx_word' id='word_1_775' title='bbox 2216 5071 2538 5125; x_wconf 89' lang='lat' dir='ltr'><strong>humanitas.</strong></span> <span class='ocrx_word' id='word_1_776' title='bbox 2574 5072 2634 5126; x_wconf 83' lang='lat' dir='ltr'><strong>Si</strong></span> <span class='ocrx_word' id='word_1_777' title='bbox 2663 5082 2923 5144; x_wconf 75' lang='lat' dir='ltr'><strong>exsurgat,</strong></span> <span class='ocrx_word' id='word_1_778' title='bbox 2966 5074 3018 5128; x_wconf 91' lang='lat' dir='ltr'><strong>id</strong></span> <span class='ocrx_word' id='word_1_779' title='bbox 3060 5084 3142 5129; x_wconf 88' lang='lat' dir='ltr'><strong>est</strong></span> <span class='ocrx_word' id='word_1_780' title='bbox 3169 5076 3214 5128; x_wconf 93' lang='lat' dir='ltr'><strong>si</strong></span> <span class='ocrx_word' id='word_1_781' title='bbox 3242 5076 3418 5129; x_wconf 90' lang='lat' dir='ltr'><strong>subita</strong></span> <span class='ocrx_word' id='word_1_782' title='bbox 3461 5076 3514 5129; x_wconf 91' lang='lat' dir='ltr'><strong>in</strong></span> <span class='ocrx_word' id='word_1_783' title='bbox 3546 5090 3629 5130; x_wconf 89' lang='lat' dir='ltr'><strong>me</strong></span> <span class='ocrx_word' id='word_1_784' title='bbox 3671 5089 3809 5130; x_wconf 85' lang='lat' dir='ltr'><strong>con-</strong></span> 
     </span>
    </p>
   </div>
   <div class='ocr_carea' id='block_1_111' title="bbox 2215 5164 3811 5238">
    <p class='ocr_par' dir='ltr' id='par_1_111' title="bbox 2215 5164 3811 5238">
     <span class='ocr_line' id='line_1_111' title="bbox 2215 5164 3811 5238; baseline 0.003 -19"><span class='ocrx_word' id='word_1_785' title='bbox 2215 5164 2472 5232; x_wconf 91' lang='lat' dir='ltr'><strong>certatio,</strong></span> <span class='ocrx_word' id='word_1_786' title='bbox 2510 5167 2660 5235; x_wconf 88' lang='lat' dir='ltr'><strong>quasi</strong></span> <span class='ocrx_word' id='word_1_787' title='bbox 2692 5166 2907 5221; x_wconf 89' lang='lat' dir='ltr'><strong>fervens</strong></span> <span class='ocrx_word' id='word_1_788' title='bbox 2936 5168 3171 5235; x_wconf 85' lang='lat' dir='ltr'><strong>procella</strong></span> <span class='ocrx_word' id='word_1_789' title='bbox 3200 5168 3483 5236; x_wconf 84' lang='lat' dir='ltr'><strong>prosiliat,</strong></span> <span class='ocrx_word' id='word_1_790' title='bbox 3526 5170 3577 5222; x_wconf 94' lang='lat' dir='ltr'><strong>in</strong></span> <span class='ocrx_word' id='word_1_791' title='bbox 3608 5182 3673 5222; x_wconf 91' lang='lat' dir='ltr'><strong>eo</strong></span> <span class='ocrx_word' id='word_1_792' title='bbox 3704 5184 3811 5238; x_wconf 64' lang='lat' dir='ltr'><strong>po-</strong></span> 
     </span>
    </p>
   </div>
   <div class='ocr_carea' id='block_1_112' title="bbox 2216 5254 3811 5328">
    <p class='ocr_par' dir='ltr' id='par_1_112' title="bbox 2216 5254 3811 5328">
     <span class='ocr_line' id='line_1_112' title="bbox 2216 5254 3811 5328; baseline 0.004 -18"><span class='ocrx_word' id='word_1_793' title='bbox 2216 5254 2319 5310; x_wconf 90' lang='lat' dir='ltr'><strong>tius</strong></span> <span class='ocrx_word' id='word_1_794' title='bbox 2349 5256 2561 5327; x_wconf 87' lang='lat' dir='ltr'><strong>sperabo</strong></span> <span class='ocrx_word' id='word_1_795' title='bbox 2613 5257 2911 5313; x_wconf 89' lang='lat' dir='ltr'><strong>victoriam.</strong></span> <span class='ocrx_word' id='word_1_796' title='bbox 2964 5259 3021 5313; x_wconf 87' lang='lat' dir='ltr'><strong>In</strong></span> <span class='ocrx_word' id='word_1_797' title='bbox 3074 5259 3270 5328; x_wconf 72' lang='lat' dir='ltr'><strong>prteliis</strong></span> <span class='ocrx_word' id='word_1_798' title='bbox 3316 5261 3461 5313; x_wconf 91' lang='lat' dir='ltr'><strong>enim</strong></span> <span class='ocrx_word' id='word_1_799' title='bbox 3512 5258 3811 5316; x_wconf 79' lang='lat' dir='ltr'><strong>concitatis</strong></span> 
     </span>
    </p>
   </div>
   <div class='ocr_carea' id='block_1_113' title="bbox 2210 5348 3814 5422">
    <p class='ocr_par' dir='ltr' id='par_1_113' title="bbox 2210 5348 3814 5422">
     <span class='ocr_line' id='line_1_113' title="bbox 2210 5348 3814 5422; baseline 0.006 -22"><span class='ocrx_word' id='word_1_800' title='bbox 2210 5348 2380 5417; x_wconf 85' lang='lat' dir='ltr'><strong>gloria</strong></span> <span class='ocrx_word' id='word_1_801' title='bbox 2415 5350 2680 5405; x_wconf 90' lang='lat' dir='ltr'><strong>vincentis</strong></span> <span class='ocrx_word' id='word_1_802' title='bbox 2701 5366 2915 5419; x_wconf 91' lang='lat' dir='ltr'><strong>semper</strong></span> <span class='ocrx_word' id='word_1_803' title='bbox 2933 5361 3175 5421; x_wconf 89' lang='lat' dir='ltr'><strong>apparet.</strong></span> <span class='ocrx_word' id='word_1_804' title='bbox 3199 5352 3328 5406; x_wconf 81' lang='lat' dir='ltr'><strong>Nam</strong></span> <span class='ocrx_word' id='word_1_805' title='bbox 3347 5353 3515 5407; x_wconf 87' lang='lat' dir='ltr'><strong>virtus</strong></span> <span class='ocrx_word' id='word_1_806' title='bbox 3541 5352 3814 5422; x_wconf 86' lang='lat' dir='ltr'><strong>probatur</strong></span> 
     </span>
    </p>
   </div>
   <div class='ocr_carea' id='block_1_114' title="bbox 2214 5444 3825 5515">
    <p class='ocr_par' dir='ltr' id='par_1_114' title="bbox 2214 5444 3825 5515">
     <span class='ocr_line' id='line_1_114' title="bbox 2214 5444 3825 5515; baseline 0.004 -19"><span class='ocrx_word' id='word_1_807' title='bbox 2214 5444 2404 5509; x_wconf 80' lang='lat' dir='ltr'><strong>latere,</strong></span> <span class='ocrx_word' id='word_1_808' title='bbox 2456 5458 2575 5511; x_wconf 66' lang='lat' dir='ltr'><strong>qua!</strong></span> <span class='ocrx_word' id='word_1_809' title='bbox 2624 5460 2729 5499; x_wconf 91' lang='lat' dir='ltr'><strong>non</strong></span> <span class='ocrx_word' id='word_1_810' title='bbox 2783 5444 2942 5499; x_wconf 86' lang='lat' dir='ltr'><strong>fuerit</strong></span> <span class='ocrx_word' id='word_1_811' title='bbox 2970 5447 3247 5515; x_wconf 75' lang='lat' dir='ltr'><strong>explorata</strong></span> <span class='ocrx_word' id='word_1_812' title='bbox 3301 5444 3636 5512; x_wconf 88' lang='lat' dir='ltr'><strong>certamine,</strong></span> <span class='ocrx_word' id='word_1_813' title='bbox 3666 5445 3825 5501; x_wconf 77' lang='lat' dir='ltr'><strong>sicut</strong></span> 
     </span>
    </p>
   </div>
   <div class='ocr_carea' id='block_1_115' title="bbox 2210 5535 3817 5605">
    <p class='ocr_par' dir='ltr' id='par_1_115' title="bbox 2210 5535 3817 5605">
     <span class='ocr_line' id='line_1_115' title="bbox 2210 5535 3817 5605; baseline 0.001 -16"><span class='ocrx_word' id='word_1_814' title='bbox 2210 5535 2457 5605; x_wconf 83' lang='lat' dir='ltr'><strong>superius</strong></span> <span class='ocrx_word' id='word_1_815' title='bbox 2525 5537 2661 5591; x_wconf 80' lang='lat' dir='ltr'><strong>dixit</strong></span> <span class='ocrx_word' id='word_1_816' title='bbox 2702 5554 2714 5589; x_wconf 76' lang='grc' dir='ltr'><strong>ε</strong></span> <span class='ocrx_word' id='word_1_817' title='bbox 2754 5535 2822 5590; x_wconf 85' lang='grc' dir='ltr'><em>1η</em></span> <span class='ocrx_word' id='word_1_818' title='bbox 2888 5538 3296 5591; x_wconf 84' lang='lat' dir='ltr'><strong>tribulationibus</strong></span> <span class='ocrx_word' id='word_1_819' title='bbox 3370 5536 3603 5591; x_wconf 81' lang='lat' dir='ltr'><strong>ditatasti</strong></span> <span class='ocrx_word' id='word_1_820' title='bbox 3671 5535 3817 5591; x_wconf 76' lang='lat' dir='ltr'><strong>mihi</strong></span> 
     </span>
    </p>
   </div>
   <div class='ocr_carea' id='block_1_116' title="bbox 2215 5624 3810 5700">
    <p class='ocr_par' dir='ltr' id='par_1_116' title="bbox 2215 5624 3810 5700">
     <span class='ocr_line' id='line_1_116' title="bbox 2215 5624 3810 5700; baseline 0.002 -22"><span class='ocrx_word' id='word_1_821' title='bbox 2215 5624 2386 5695; x_wconf 80' lang='lat' dir='ltr'><strong>(Psal.</strong></span> <span class='ocrx_word' id='word_1_822' title='bbox 2418 5643 2489 5693; x_wconf 83' lang='lat' dir='ltr'><strong>tv,</strong></span> <span class='ocrx_word' id='word_1_823' title='bbox 2519 5628 2599 5700; x_wconf 64' lang='lat'><strong>9.).</strong></span> <span class='ocrx_word' id='word_1_824' title='bbox 2653 5628 2717 5682; x_wconf 87' lang='lat' dir='ltr'><strong>Et</strong></span> <span class='ocrx_word' id='word_1_825' title='bbox 2749 5629 3146 5698; x_wconf 87' lang='lat' dir='ltr'><strong>respiciendum</strong></span> <span class='ocrx_word' id='word_1_826' title='bbox 3193 5629 3332 5698; x_wconf 86' lang='lat' dir='ltr'><strong>quod</strong></span> <span class='ocrx_word' id='word_1_827' title='bbox 3376 5638 3431 5684; x_wconf 89' lang='lat' dir='ltr'><strong>et</strong></span> <span class='ocrx_word' id='word_1_828' title='bbox 3474 5630 3573 5683; x_wconf 88' lang='lat' dir='ltr'><strong>iste</strong></span> <span class='ocrx_word' id='word_1_829' title='bbox 3605 5641 3810 5682; x_wconf 74' lang='lat' dir='ltr'><strong>versus</strong></span> 
     </span>
    </p>
   </div>
   <div class='ocr_carea' id='block_1_117' title="bbox 2213 5718 3811 5792">
    <p class='ocr_par' dir='ltr' id='par_1_117' title="bbox 2213 5718 3811 5792">
     <span class='ocr_line' id='line_1_117' title="bbox 2213 5718 3811 5792; baseline 0.002 -19"><span class='ocrx_word' id='word_1_830' title='bbox 2213 5719 2287 5773; x_wconf 89' lang='lat' dir='ltr'><strong>sic</strong></span> <span class='ocrx_word' id='word_1_831' title='bbox 2323 5718 2480 5773; x_wconf 83' lang='lat' dir='ltr'><strong>habet</strong></span> <span class='ocrx_word' id='word_1_832' title='bbox 2526 5720 2575 5776; x_wconf 92' lang='lat' dir='ltr'><strong>iu</strong></span> <span class='ocrx_word' id='word_1_833' title='bbox 2624 5721 2814 5790; x_wconf 81' lang='lat' dir='ltr'><strong>capite,</strong></span> <span class='ocrx_word' id='word_1_834' title='bbox 2851 5723 2960 5792; x_wconf 72' lang='lat'><strong>39</strong></span> <span class='ocrx_word' id='word_1_835' title='bbox 2988 5722 3123 5778; x_wconf 82' lang='lat' dir='ltr'><strong>sicut</strong></span> <span class='ocrx_word' id='word_1_836' title='bbox 3156 5722 3245 5777; x_wconf 86' lang='lat' dir='ltr'><strong>ille</strong></span> <span class='ocrx_word' id='word_1_837' title='bbox 3280 5722 3443 5792; x_wconf 87' lang='lat' dir='ltr'><strong>prior.</strong></span> <span class='ocrx_word' id='word_1_838' title='bbox 3474 5720 3603 5788; x_wconf 70' lang='lat' dir='ltr'><strong>Qua:</strong></span> <span class='ocrx_word' id='word_1_839' title='bbox 3628 5719 3811 5788; x_wconf 73' lang='lat' dir='ltr'><strong>figura</strong></span> 
     </span>
    </p>
   </div>
  </div>
