4030 6172
170 414 245 469 189
1075 402 1433 461 EXPOSITIO
1473 403 1535 459 IN
1577 401 2030 457 PSALTERIUM.
2074 398 2262 457 PSAL.
2307 401 2494 456 XXVI.

3321 395 3415 453 £30

169 522 336 576 dicitur
368 518 668 588 anaphora,
697 518 909 587 quoties
939 534 1103 573 unum
1132 519 1349 574 verbum
1385 532 1481 586 per
1508 530 1731 570 Comma-
1766 521 1814 579 Α
1841 516 1997 575 t'tns,
2052 527 2209 579 supra
2260 526 2393 578 quos
2442 526 2594 565 mens
2642 520 2821 564 nostra
2870 510 3121 563 decenter
3167 505 3413 579 erigitur,

168 627 256 669 tum
282 613 548 682 principia
580 611 879 680 repetitur;
931 612 1072 679 quod
1118 619 1172 664 et
1218 612 1269 664 in
1312 612 1489 678 capite
1541 607 1730 677 psalmi

166 712 351 761 constat
380 702 658 768 cﬂ'ectum,
690 702 743 756 id
774 712 874 765 est,
906 699 1172 765 Dominus,
1210 702 1480 754 Dominus.

225 796 367 848 \‘ers.
384 793 438 847 6.
469 791 646 845 Unam
666 792 787 860 petii
804 808 835 845 a
860 791 1100 857 Domino,
1118 792 1246 845 hanc
1272 792 1546 859 requiram.
1567 789 1734 843 Unam

165 902 258 939 rem
277 885 497 954 quidem
532 885 732 955 petiisse
760 898 820 939 se
844 883 973 937 dicit
999 900 1030 935 a
1054 882 1299 948 Domino,
1328 897 1483 950 quam
1515 882 1735 950 exponit

164 976 384 1030 inferius.
408 974 526 1028 Sed
557 974 834 1028 videamus
861 974 906 1026 si
937 990 1111 1038 unam,
1130 981 1183 1026 et
1210 988 1315 1025 non
1344 971 1510 1040 magis
1533 973 1731 1024 omnia.

161 1067 358 1123 Calculo
393 1065 620 1136 quidem
660 1066 941 1134 singularis
988 1076 1101 1131 est,
1147 1065 1240 1119 sed
1283 1080 1461 1119 rerum
1506 1064 1735 1119 utilitate

164 1172 460 1221 numerosa;
488 1168 716 1226 angusta
746 1158 982 1227 precatio
1002 1200 1014 1219 ,
1065 1158 1230 1211 latum
1279 1157 1576 1227 przemium;
1608 1155 1734 1209 bre-

164 1254 279 1305 viter
305 1251 593 1319 quaeritur,
627 1250 722 1305 sed
769 1231 1045 1320 granditer
1094 1246 1429 1322 impetratur.
1469 1252 1735 1305 Bonorum

162 1358 271 1414 ergo
295 1357 412 1396 mos
442 1352 531 1397 est
560 1343 779 1396 domum
813 1342 1022 1397 Domini
1052 1341 1219 1397 solam
1249 1352 1524 1412 expetere,
1554 1343 1605 1395 in
1632 1358 1732 1411 qua

162 1436 283 1489 tona
296 1435 484 1488 omnia
510 1434 875 1489 continentur.
898 1433 1015 1487 Mali
1034 1443 1207 1488 autem
1228 1444 1437 1487 terrena
1464 1435 1736 1488 voluntate

160 1525 370 1592 discissi,
402 1526 538 1579 dum
567 1526 846 1579 sanitatem
878 1525 1118 1592 carperis
1143 1534 1350 1594 petttnt,
1379 1540 1500 1579 cum
1524 1525 1736 1578 divitias

158 1627 445 1684 precantur,
472 1632 601 1670 cum
630 1616 973 1670 inimicorum
1004 1616 1337 1685 dejectiones
1358 1617 1731 1686 expostulant,

158 1706 370 1774 petendo
402 1707 722 1776 fatigantur,
754 1716 808 1761 et
826 1707 1096 1762 interdum
1129 1709 1367 1776 peritura
1391 1709 1733 1778 conquirunt.

216 1799 364 1854 Vers.
384 1800 441 1851 7.
469 1799 540 1852 Ut
554 1800 831 1852 inhabilem
853 1800 905 1851 in
918 1800 1068 1853 domo
1086 1798 1292 1853 Domini
1314 1801 1545 1853 omnibus
1562 1800 1735 1853 diebus

1837 604 2049 674 quando
2083 604 2266 656 divino
2297 603 2557 658 beneficio
2596 616 2722 670 pura
2743 613 3007 656 servatur.

1916 693 2067 747 Vers.
2097 693 2178 746 l0.
2218 690 2505 746 Circumibo
2535 704 2579 746 et
2604 692 3284 744 immo'abointabcrnacuto
3304 693 3417 762 ejus

1836 787 2055 839 hostiam
2074 785 2423 856 jubitationis;
2455 783 2670 837 cantabo
2715 791 2761 834 et
2806 782 3059 851 psalmum
3102 781 3269 833 dicant
3302 779 3418 832 Do-

1837 879 1994 929 mino.
2022 876 2268 929 Decursis
2291 875 2563 928 beneficiis
2593 890 2710 942 qua:
2738 881 2789 926 et
2818 874 2883 925 de
2911 872 3085 925 futuro
3125 881 3178 926 et
3205 871 3257 924 in
3284 885 3417 938 pra:-

1838 968 1973 1023 senti
2005 983 2064 1021 se
2094 978 2417 1034 cognoverat
2456 966 2756 1032 accepisse,
2800 978 2941 1016 nunc
2972 962 3221 1029 gaudium
3262 976 3415 1014 suum

1839 1061 2071 1116 mirabili
2118 1059 2425 1112 natratione
2479 1057 2750 1111 describit.
2783 1056 3072 1109 Circumibo
3119 1054 3269 1120 dicit,
3314 1054 3417 1108 hoc

1845 1162 1928 1207 est
1953 1153 2131 1204 animo
2164 1150 2540 1217 perscrutabor
2568 1163 2670 1217 qua
2725 1149 2960 1216 potentia
3012 1147 3179 1201 caelos
3217 1146 3419 1209 fecerit,

1845 1243 2029 1296 stellas
2061 1240 2384 1305 fundaverit,
2415 1242 2583 1291 maria
2606 1238 3062 1299 determinaverit,
3091 1246 3285 1289 terram
3314 1244 3419 1289 sta-

1838 1333 2115 1395 biliverit,
2166 1340 2444 1398 totumque
2494 1328 2747 1382 mundum
2802 1328 2951 1380 varia
2982 1328 3235 1380 virtutum
3269 1324 3423 1377 laude

1840 1426 2213 1493 compleverit.
2250 1426 2313 1477 Et
2344 1438 2463 1476 cum
2496 1422 2609 1475 haec
2628 1422 2807 1475 omnia
2838 1421 3018 1473 animo
3040 1416 3421 1479 circutniverit,

1840 1517 2102 1569 immolare
2128 1532 2184 1569 se
2214 1514 2341 1568 dicit
2369 1516 2420 1567 in
2445 1514 2772 1566 tabernaculo
2821 1514 2932 1577 eius
2978 1510 3197 1564 hostium
3230 1509 3423 1580 jubila-

1840 1609 2024 1671 tionis,
2079 1608 2127 1661 id
2185 1606 2348 1661 estin
2404 1605 2647 1658 Ecclesia
2695 1606 2811 1672 ejus
2857 1606 3054 1658 ollerre
3107 1603 3423 1658 sacrificium

1840 1701 2031 1754 laudis.
2060 1699 2431 1752 Jubilationem
2462 1696 2656 1765 quippe
2685 1697 2909 1750 dicimus
2937 1712 3003 1751 ex
3030 1711 3095 1750 eo
3136 1695 3275 1765 quod
3326 1709 3425 1748 nos

1835 1791 1985 1860 juvat
2030 1789 2250 1844 laudare
2282 1807 2293 1840 :
2327 1787 2544 1855 quando
2579 1787 2909 1841 delectantes
2941 1802 3060 1840 cunt
3106 1801 3311 1839 summa
3339 1784 3425 1853 ju-

157 1892 253 1943 ritc
281 1906 405 1943 mea:
428 1906 449 1942 :
484 1899 537 1941 ut
566 1892 763 1942 uideam
785 1889 1094 1945 voluntatem
1123 1891 1354 1957 Domini,
1378 1901 1423 1946 et
1445 1901 1680 1961 protegar
1706 1908 1737 1942 a
1768 1894 1814 1952 Β
1843 1881 2115 1937 cundilale
2153 1884 2353 1947 grali-is
2401 1878 2604 1933 fere“?
2634 1879 3028 1933 COlllendlmus-
3067 1878 3303 1930 θίκῖηὶυδ
3332 1892 3423 1930 δυ’

157 1982 319 2041 templo
352 1989 543 2032 sancto
583 1981 711 2050 ejus.
768 1978 894 2034 Haec
934 1993 1015 2035 est
1063 1997 1167 2035 una
1209 1981 1549 2052 supplicatio,
1578 1995 1739 2050 quam

156 2076 382 2140 superius
406 2073 729 2142 expetebat.
755 2072 824 2127 Et
844 2073 966 2128 vide
993 2073 1113 2142 quia
1140 2075 1281 2128 nuLa
1310 2083 1506 2139 castra,
1537 2073 1739 2127 nullum

156 2165 375 2229 praelium
407 2174 655 2218 metuere
672 2164 876 2228 debuit,
896 2165 1095 2243 qui‘tali
1120 2180 1175 2218 se
1193 2166 1489 2219 munitione
1502 2165 1735 2218 vallavit.

156 2252 268 2320 Qut
300 2263 427 2307 sunt
461 2255 608 2309 enim
638 2256 884 2309 civitates
918 2255 1143 2321 similes,
1185 2255 1275 2323 qui
1305 2264 1431 2308 sunt
1473 2256 1739 2309 exercitus

155 2345 418 2410 fortiores,
450 2362 613 2414 quam
645 2346 875 2400 habitare
902 2348 955 2399 in
991 2348 1144 2400 domo
1177 2344 1415 2412 Domini,
1458 2348 1545 2400 ubi
1598 2347 1733 2400 nihil

157 2437 429 2492 humanum
459 2480 476 2502 ,
511 2439 642 2492 nihil
672 2438 991 2493 diabolicum
1021 2448 1229 2495 certum
1273 2449 1354 2492 est
1382 2438 1726 2508 pertimescit

155 2527 211 2582 Et
240 2531 332 2583 hoc
358 2545 479 2583 non
509 2545 674 2597 parre
702 2540 959 2600 tempore,
1005 2531 1098 2585 sed
1131 2531 1362 2585 omnibus
1406 2531 1582 2584 diebus
1617 2532 1733 2583 vita:

154 2637 264 2673 tua.
295 2621 567 2688 Quando,
601 2637 760 2692 rogo,
812 2630 1048 2689 metuat,
1077 2623 1160 2675 cui
1196 2623 1368 2677 omnis
1400 2622 1503 2676 vita
1549 2636 1737 2676 secura

154 2712 253 2765 est?
288 2710 448 2765 Videt
479 2713 641 2766 etiam
690 2712 999 2765 voluntatem
1047 2709 1287 2776 Domini,
1332 2712 1423 2781 qui
1471 2719 1736 2779 praecepta

154 2802 253 2869 ejus
284 2802 570 2871 intelligit,
599 2802 687 2871 qui
729 2803 944 2872 puritati
986 2804 1150 2872 ipsius
1179 2812 1288 2857 tota
1318 2818 1375 2856 se
1407 2797 1585 2858 mente
1608 2803 1735 2857 sub-

152 2895 349 2949 diderit.
396 2896 676 2965 Propheta
724 2898 867 2951 enim
920 2898 1151 2966 postulat
1197 2898 1391 2967 protvgi
1436 2914 1467 2950 a
1497 2898 1736 2965 corporis

151 2984 333 3040 Christi
363 2989 588 3057 templo,
626 2989 767 3042 unde
801 3002 852 3043 et
880 2990 1273 3044 firmamentum
1314 2990 1473 3057 fidei,
1505 3000 1558 3042 et
1602 2989 1735 3043 invi-

155 3090 279 3133 ctum
310 3081 496 3134 robur
518 3080 844 3135 defens‘onis
873 3082 1148 3152 accipitur.
1182 3083 1258 3136 Ad
1292 3082 1416 3135 illud
1444 3081 1583 3135 enim
1608 3097 1730 3150 per-

158 3182 361 3224 venerat
409 3171 579 3223 animi
628 3172 856 3237 virtute,
904 3173 1045 3242 quod
1095 3174 1266 3227 adhuc
1296 3188 1401 3227 non
1440 3173 1649 3228 videbat
1679 3173 1730 3227 in

154 3265 331 3331 specie.

210 3352 358 3407 Vers.
390 3354 453 3407 8.
505 3354 760 3418 Quoniam
791 3356 1055 3408 abscondit
1086 3374 1163 3409 me
1190 3357 1240 3408 in
1264 3358 1591 3410 tabernaculo
1616 3373 1728 3423 suo,

153 3444 195 3494 ia
220 3444 297 3497 die
322 3445 592 3497 malorum
621 3446 840 3513 protexit
867 3462 945 3497 me
985 3447 1037 3497 in
1080 3447 1374 3500 abscondito
1424 3447 1735 3500 tabernaculi

154 3536 219 3587 sui
243 3554 260 3588 :
289 3537 341 3588 in
388 3544 542 3609 ρίινα
573 3537 817 3588 exaltari!
864 3552 962 3590 me.
999 3536 1225 3591 Versum
1257 3537 1398 3591 hunc
1426 3539 1581 3607 paulo
1611 3538 1732 3593 dili-

156 3631 348 3696 gentius
396 3641 824 3697 pers-wrutetnur.
854 3633 939 3685 Ait
964 3635 1104 3686 enim
1134 3652 1147 3685 :
1190 3634 1445 3700 Quoniam
1473 3635 1735 3690 abscondit

153 3734 220 3769 me
243 3720 293 3771 in
323 3720 665 3773 tabernaculo
687 3737 779 3773 suo
805 3722 855 3774 in
883 3722 963 3775 die
990 3726 1264 3790 maiorum,
1282 3725 1584 3795 significans
1601 3724 1733 3779 illud

154 3818 347 3878 tempus
391 3811 615 3879 quando
647 3812 808 3867 Saule
833 3823 1193 3883 persequente
1240 3816 1424 3869 multis
1471 3814 1598 3869 locis
1640 3830 1736 3884 per

153 3904 455 3969 squalentes
481 3904 769 3969 speluncas
810 3913 862 3958 et
910 3905 1168 3958 montium
1212 3912 1421 3961 secreta
1472 3905 1730 3959 latilahat.

153 3994 289 4059 Quod
323 3998 405 4051 illi
438 4012 628 4051 revera
657 3999 1040 4052 tabernaculum
1072 4000 1204 4066 fuit,
1237 4000 1357 4069 quia
1391 4014 1542 4053 mens
1573 3999 1737 4068 ipsius

153 4102 420 4156 nunquam
443 4102 470 4139 a
497 4088 774 4158 religionis
799 4088 1001 4159 pietate
1025 4091 1291 4145 discessit.
1316 4091 1588 4160 SB’IUillH',
1619 4106 1737 4159 pro—

152 4181 262 4229 τίεέι
283 4195 366 4231 τηε
396 4180 449 4230 in
476 4180 778 4232 abscondito
819 4181 1133 4235 tabernaculi
1157 4182 1255 4235 sui.
1282 4181 1542 4250 Superius
1569 4181 1733 4245 dixit,

152 4266 442 4332 abscondit;
474 4284 615 4321 nunc
643 4269 788 4334 dicit,
816 4271 1054 4339 protexit.
1086 4271 1335 4325 Atscondi
1361 4282 1443 4326 est
1493 4287 1737 4341 qutcren-

154 4356 267 4409 tium
302 4360 484 4412 ocul;s
539 4373 641 4411 non
691 4361 955 4426 prmheri;
1006 4364 1200 4431 protegi
1242 4370 1457 4428 autem,
1496 4364 1562 4416 ab
1591 4363 1733 4417 omni

154 4459 281 4502 metu
324 4449 682 4518 periculoque
713 4450 947 4503 liberari.
982 4449 1049 4503 In
1098 4451 1395 4505 abscondito
1427 4453 1738 4505 tabernaculi

154 4542 248 4604 uti,
279 4541 435 4605 dicit,
470 4540 523 4592 id
552 4548 636 4593 est
664 4541 717 4592 in
750 4540 1052 4594 Divinitatis
1079 4552 1309 4608 secreto,
1334 4543 1398 4594 ad
1430 4543 1568 4611 quod
1596 4557 1738 4597 sem-

1844 1973 2023 2041 perius
2046 1970 2185 2023 aliud
2214 1983 2334 2022 esse
2357 1978 2587 2033 cantare,
2625 1967 2764 2021 aliud
2791 1966 3042 2035 psalmum
3086 1968 3275 2021 dicere.
3298 1965 3424 2020 Can-

1844 2075 1952 2117 tare
1982 2072 2068 2116 est
2098 2061 2212 2115 sola
2265 2075 2395 2115 voce
2444 2060 2628 2113 laudes
2677 2074 2908 2123 canere;
2942 2060 3191 2126 psalmum
3234 2059 3424 2125 dicere,

1841 2154 1996 2209 bonis
2040 2154 2292 2223 operibus
2344 2154 2564 2221 gloriam
2598 2151 2804 2205 Domini
2857 2151 3168 2218 praadicare.
3204 2149 3424 2204 Camars

1840 2245 1984 2299 enim
2015 2254 2061 2297 et
2088 2244 2342 2314 psalmum
2373 2241 2573 2305 dicere,
2606 2244 2716 2309 ipsa
2748 2250 2831 2294 est
2863 2241 3031 2293 hostia
3056 2239 3416 2309 juhilationis.

1911 2358 2061 2412 Vers.
2096 2357 2181 2410 ll.
2214 2355 2453 2420 Exaudi,
2488 2354 2739 2418 Domine,
2771 2369 2939 2407 vocem
2968 2370 3132 2408 meam
3175 2369 3277 2423 qua
3316 2354 3425 2407 cla-

1838 2450 1971 2502 mavi
2002 2448 2069 2501 ad
2095 2456 2181 2501 te:
2210 2449 2444 2501 miserere
2478 2447 2570 2500 mei
2616 2456 2664 2499 et
2710 2446 2893 2500 exaudi
2941 2462 3037 2498 me.
3062 2444 3219 2499 Venit
3248 2444 3313 2497 ad
3342 2460 3425 2500 sev

1836 2539 2063 2593 cundam
2100 2539 2439 2605 positionem,
2486 2537 2540 2591 in
2573 2553 2673 2606 qua
2706 2552 2799 2607 per
2828 2537 3115 2603 gratiarum
3140 2537 3405 2589 actionem

1838 2629 2148 2697 psalmoditc
2179 2644 2401 2692 munus,
2427 2627 2565 2698 quod
2598 2628 2941 2698 promiserat,
2969 2628 3267 2694 exhiberet,
3292 2643 3423 2694 prae.

1836 2722 2009 2773 sentia
2061 2718 2431 2787 superioribus
2482 2721 2733 2788 jungens.
2790 2718 3037 2773 Clamavit
3097 2720 3419 2784 enim,cum

1836 2806 2033 2861 diceret
2063 2820 2080 2857 :
2114 2804 2181 2859 Ut
2202 2804 2477 2858 inhabilem
2502 2808 2554 2859 in
2574 2808 2725 2859 domo
2756 2806 2960 2860 Domini
2987 2808 3219 2861 omnibus
3244 2808 3421 2861 diebus

1835 2899 1948 2952 vita:
1969 2914 2111 2952 mete.
2138 2898 2200 2952 Et
2228 2912 2346 2951 cum
2371 2897 2616 2965 superius
2637 2898 2853 2963 dixerit,
2899 2899 3126 2954 hostiam
3152 2916 3209 2955 se
3227 2899 3423 2969 juhila~

1839 2989 2000 3043 tinnis
2030 2989 2246 3055 offerre,
2281 2990 2403 3059 quia
2449 2990 2658 3044 diversa
2709 2992 2775 3044 sit
2807 3007 3028 3045 munera
3078 3002 3422 3059 consecutus.

1839 3096 1980 3134 nunc
2030 3081 2222 3133 iterum
2254 3090 2403 3148 rogat
2435 3088 2493 3133 ut
2540 3081 2864 3135 exaudiatur.
2895 3081 3001 3136 Nec
3025 3082 3295 3136 desiderio
3323 3096 3424 3137 suo

1836 3171 2010 3225 adhuc
2042 3169 2322 3238 satisfacit,
2361 3169 2460 3224 nisi
2495 3170 2594 3224 hoc
2624 3170 2891 3240 frequenti
2917 3172 3305 3239 supplicatione
3337 3187 3424 3227 ro-

1760 3262 1802 3322 C
1836 3263 2061 3331 gaverit,
2096 3261 2299 3315 scilicet
2330 3261 2451 3330 quia
2480 3260 2775 3317 divinarum
2818 3277 3000 3315 rerum
3032 3263 3171 3316 nulla
3202 3262 3422 3318 satietas

1837 3363 1952 3406 est:
1986 3351 2079 3406 sed
2103 3360 2300 3419 quanto
2331 3359 2572 3420 gnstatur
2602 3350 2880 3416 Dominus,
2916 3364 3062 3405 tanto
3088 3353 3305 3406 suavius
3329 3369 3415 3422 ap-

1836 3443 2052 3513 petitur;
2087 3443 2226 3495 sicut
2256 3452 2308 3495 et
2352 3441 2405 3495 in
2446 3442 2549 3495 alio
2582 3442 2789 3509 psalmo
2822 3442 2949 3497 dicit
2978 3461 2989 3494 :
3024 3442 3240 3497 Custale
3278 3457 3323 3498 et
3352 3446 3424 3498 ui~

1834 3536 1945 3589 dele
1980 3532 2216 3601 quoniam
2245 3534 2415 3585 auaris
2435 3542 2504 3586 est
2536 3532 2784 3585 Dominus
2810 3532 2978 3603 (Psal.
3008 3550 3201 3595 χχχιιι,
3236 3535 3315 3602 9).

1908 3644 2062 3702 Vens.
2093 3646 2179 3700 i2.
2230 3645 2345 3698 Tibi
2374 3647 2502 3699 dixit
2554 3661 2640 3699 cor
2686 3662 2892 3700 meum:
2920 3647 3183 3714 Exquisivi
3229 3649 3424 3701 vultum

1838 3745 2004 3801 tuum;
2029 3735 2222 3789 vultum
2237 3747 2404 3801 tuum,
2421 3734 2635 3787 Domine
2650 3774 2665 3800 ,
2691 3735 2969 3804 requiram.
2988 3735 3085 3789 Cor
3096 3736 3424 3791 desiderium

1839 3825 2050 3880 tacitum
2076 3825 2269 3893 prodit,
2308 3824 2450 3896 quod
2481 3825 2596 3893 plus
2622 3825 2767 3878 audit
2792 3825 3053 3880 Divinitas
3082 3842 3238 3895 quam
3264 3842 3425 3896 popu-

1841 3920 2018 3972 lorum
2053 3918 2454 3972 tonantissimas
2481 3932 2671 3981 voces;
2695 3917 3011 3986 sicutMnysi
3034 3917 3257 3971 dicitur:
3291 3918 3425 3983 Quid

1842 4011 2034 4063 clamas
2064 4010 2132 4061 ad
2163 4024 2241 4061 me
2281 4007 2475 4074 (Exod.
2509 4022 2615 4072 xtv,
2650 4007 2773 4076 15)?
2802 4022 2925 4061 cum
2971 4008 3179 4061 locutus
3225 4007 3423 4075 aliquid

1841 4113 1946 4152 non
1980 4100 2207 4169 legatur.
2236 4094 2436 4151 Fidelis
2466 4097 2641 4165 itaque
2664 4097 2744 4149 vir
2770 4112 2863 4149 cor
2891 4112 3041 4150 suum
3069 4097 3205 4151 dixit
3225 4098 3291 4151 ad
3320 4101 3420 4153 Uo-

1839 4186 2041 4242 minum
2072 4185 2237 4253 loqui,
2266 4184 2514 4253 quoniam
2548 4184 2648 4237 hoc
2674 4185 2955 4237 videbatur
2987 4186 3129 4253 quod
3154 4188 3423 4253 cogitabat

1840 4279 2053 4335 oﬂ‘erre.
2092 4275 2301 4330 Vultum
2331 4284 2507 4328 autem
2542 4274 2750 4331 Domini
2782 4276 3000 4345 qua-rit,
3031 4278 3119 4345 qui
3146 4292 3202 4331 se
3232 4287 3417 4334 sancta

1839 4368 2252 4426 conversatione
2299 4370 2638 4433 tractaverit;
2694 4369 2762 4424 de
2810 4369 3003 4438 quibus
3057 4371 3253 4424 dictum
3294 4381 3424 4426 est:

1840 4460 1989 4515 Beati
2002 4463 2194 4515 mundo
2217 4461 2387 4524 corde,
2403 4460 2639 4527 quoniam
2661 4460 2760 4523 ipsi
2778 4459 2936 4513 Deum
2961 4461 3193 4514 videbunt
3209 4460 3424 4530 (Matth.

1843 4550 2251 4621 v,8).Gcminat
2276 4565 2485 4619 quoque
2504 4549 2644 4619 quod
2674 4550 2868 4603 dictum
2899 4560 3000 4616 est,
3035 4552 3227 4603 vultum
3255 4561 3423 4618 tuum,

157 4644 241 4697 per
268 4633 504 4684 devotus
526 4631 737 4683 animus
763 4629 1046 4687 festinabat
1072 4675 1086 4697 ,
1127 4633 1252 4686 dum
1285 4634 1355 4688 ibi
1385 4634 1487 4687 sibi
1515 4648 1631 4688 esse
1657 4635 1735 4687 vi-

1844 4644 2091 4710 Domine,
2120 4644 2397 4712 requiram.
2435 4642 2547 4697 Una
2580 4642 2792 4710 quidem
2828 4657 2942 4707 res,
2976 4642 3069 4694 sed
3097 4642 3424 4712 frequentata

156 4720 391 4785 dabatur,
423 4723 516 4775 ubi
548 4722 668 4790 ejus
698 4723 924 4778 intentio
975 4724 1317 4793 perdurabat.
1352 4725 1503 4791 Quod
1558 4735 1735 4781 autem

158 4812 303 4863 dicit;
330 4811 398 4865 In
425 4823 577 4876 petra
604 4812 848 4866 exaltabit
872 4831 979 4878 me,
999 4814 1064 4867 ad
1090 4816 1510 4871 incarnationem
1531 4818 1738 4871 Domini

154 4905 414 4971 pertinet;
444 4904 702 4973 quoniam
725 4905 792 4960 de
821 4906 937 4975 ejus
958 4906 1164 4961 semine
1187 4916 1342 4961 natus
1357 4918 1437 4961 est
1459 4906 1701 4963 Christus
1723 4950 1737 4975 ,

151 4998 235 5063 qui
264 5007 351 5051 est
380 4998 520 5066 lapis
549 4997 793 5052 adunans
823 5000 1045 5068 populos
1072 5000 1361 5070 angularis.

222 5088 380 5143 Vera.
406 5090 463 5142 9.
504 5087 657 5141 Nunc
681 5099 852 5143 autem
897 5090 1135 5144 exultavit
1180 5100 1332 5160 caput
1377 5108 1544 5145 nteant
1588 5108 1741 5162 super

149 5181 385 5233 inimicos
413 5195 571 5233 meos.
600 5179 888 5250 Postquam
912 5180 1047 5235 dixit
1077 5182 1290 5250 praemia
1309 5199 1427 5251 qua:
1450 5182 1515 5238 de
1533 5185 1739 5240 Domini

151 5279 309 5324 erant
362 5272 734 5325 incarnatione
763 5280 1021 5337 ventura,
1072 5287 1211 5326 nunc
1254 5272 1382 5327 dicit
1424 5275 1737 5343 praesentia,

149 5373 273 5414 cum
308 5377 436 5416 eum
470 5362 538 5415 ab
568 5361 797 5416 inimicis
822 5363 954 5429 suis,
984 5364 1098 5417 sive
1123 5364 1456 5427 carnalibus.
1490 5368 1603 5421 sive
1631 5367 1739 5434 Spi-

154 5452 443 5506 ritualibus
468 5462 681 5505 constat
710 5467 830 5507 esse
862 5453 1165 5507 liberatum.
1193 5453 1356 5521 Caput
1377 5472 1572 5521 meum,
1602 5457 1737 5512 bene

153 5542 357 5598 mentis
378 5543 596 5597 oculum
626 5544 867 5597 videmur
897 5544 1161 5611 accipere,
1216 5544 1306 5613 qui
1349 5560 1533 5600 revera
1581 5554 1741 5615 caput

148 5644 399 5690 lustrum
442 5645 565 5698 est,
618 5650 727 5704 quo
779 5644 1057 5703 vegetantc
1125 5650 1409 5704 possumus
1469 5639 1735 5693 contueri.

148 5722 281 5781 Nam
316 5728 630 5797 plerumque
666 5728 795 5781 illud
826 5728 1055 5781 dicimus
1084 5737 1266 5797 caput,
1305 5729 1445 5798 quod
1497 5728 1739 5784 eminere

150 5828 508 5878 monstratur.
543 5818 709 5889 Super
741 5820 990 5886 inimicos,
1029 5820 1249 5877 vitiosos
1280 5821 1543 5892 signiﬁcat
1573 5837 1737 5892 appe-

1839 4733 2105 4802 precatio;
2149 4732 2355 4785 Sciebat
2392 4732 2534 4784 enim
2572 4747 2728 4798 quam
2781 4731 3069 4798 pretiosum
3125 4740 3236 4794 est,
3286 4730 3428 4799 quod

1837 4824 2047 4879 ardenti
2078 4824 2255 4879 studio
2287 4823 2443 4877 toties
2470 4822 2777 4890 expetebat.

1913 4914 2065 4969 Vers.
2103 4915 2187 4968 15.
2227 4912 2304 4967 Ne
2337 4923 2534 4966 avertas
2575 4898 2758 4983 faciem
2786 4924 2922 4965 tuam
2950 4931 2980 4965 a
3012 4930 3123 4981 me,
3160 4930 3317 4983 neque
3340 4913 3430 4969 de-

1849 5009 2005 5059 clines
2028 5006 2079 5058 in
2104 5006 2178 5056 ira
2203 5022 2234 5057 a
2256 5020 2396 5057 servo
2426 5014 2530 5056 tuo.
2556 5003 2824 5058 Desideria
2852 5020 2945 5058 sua
2974 5014 3128 5060 caute
3152 5005 3428 5059 decenter-

1849 5116 1953 5169 quc
1981 5098 2316 5166 exsequitur.
2339 5095 2630 5164 Snperiore
2656 5094 2852 5163 quippe
2879 5110 3034 5149 versu
3060 5094 3331 5165 professus
3345 5105 3428 5150 est

1848 5192 2051 5246 vultum
2105 5190 2312 5246 Domini
2368 5204 2426 5243 se
2475 5189 2844 5244 desideranter
2872 5194 3184 5258 exquirere;
3216 5200 3270 5244 et
3294 5204 3425 5259 quo-

1848 5282 1986 5335 nium
2028 5298 2132 5333 non
2182 5290 2264 5335 est
2305 5280 2357 5334 in
2409 5288 2669 5346 potestate
2719 5279 2951 5334 hominis
2986 5295 3139 5334 suum
3182 5280 3425 5335 obtinere

1848 5372 2173 5428 desiderium
2192 5414 2207 5436 ,
2233 5382 2753 5441 precaturnearertat
2778 5375 2956 5439 [aciem
2979 5387 3127 5427 suam
3145 5372 3419 5437 Dominus,

1846 5480 2005 5533 quam
2036 5464 2123 5519 ille
2150 5478 2469 5533 magnopere
2496 5463 2811 5531 postulabat.
2838 5464 3002 5531 Ipsius
3026 5463 3164 5516 enim
3189 5460 3424 5516 muneris

1846 5564 1958 5617 est,
1992 5569 2050 5609 sc
2082 5564 2334 5621 praestare
2364 5552 2687 5608 fidelissimis
2726 5554 3108 5607 contuendum.
3137 5550 3421 5620 Sequitur:

1850 5645 2029 5715 Neque
2057 5645 2275 5698 declines
2304 5646 2352 5696 in
2386 5646 2464 5696 ira
2497 5662 2527 5696 a
2555 5660 2696 5698 serto
2726 5654 2831 5699 tuo.
2858 5644 3012 5712 Sa'pe
3038 5641 3267 5697 diximus
3295 5644 3424 5696 iram

1849 5739 1968 5804 poni
2000 5734 2179 5804 judieii
2221 5742 2458 5803 tempus,
2508 5749 2625 5787 eum
2673 5734 2940 5788 discernet
2989 5735 3158 5788 malos
3188 5748 3216 5787 a
3248 5733 3424 5789 bonis.

1845 5824 1953 5880 lilis
2003 5825 2143 5880 enim
2186 5824 2340 5880 irasci
2383 5824 2636 5888 creditur,
2681 5824 2767 5889 mni
2818 5823 3012 5881 infelici
3058 5834 3423 5896 segregattoue
