4030 6172
581 360 671 416 191

1783 347 1854 400 Μ.
1899 342 2173 400 AURELII
2212 341 2615 403 CASSIODORI

3751 335 3854 398 13?.

578 465 860 525 damnandi
902 473 1043 520 sunt.
1077 461 1246 530 Rogat
1275 472 1402 527 ergo
1442 471 1508 511 ne
1549 465 1671 509 tunc
1701 455 1766 508 ab
1798 455 1914 522 ipso
1945 452 2158 506 declinet
2189 458 2238 514 Α
2269 451 2439 505 'Iestes
2468 467 2593 520 ergo
2627 449 2787 517 iniqui
2826 441 3038 504 fuerunt
3085 441 3262 504 Uos-tib
3299 449 3590 517 Idumaeas,
3633 463 3852 523 ejusque

579 561 872 622 Dominus,
904 551 1117 623 quando
1148 547 1347 604 sanctis
1374 546 1574 600 vultum
1608 559 1717 596 sure
1750 544 2042 610 maiestatis
2076 543 2154 590 in-

577 649 822 702 dulserit.
881 644 1049 697 Homo
1098 638 1326 694 carnalis
1369 636 1536 691 Deum
1599 636 1777 697 timet,
1823 648 1887 686 ne
1931 631 2160 697 poet-stis

578 736 981 808 ingravantibus
1001 741 1090 785 aut
1119 729 1469 784 substantiam
1496 727 1702 795 perdat,
1736 735 1825 778 aut
1845 725 1981 776 filios
2006 723 2163 774 amit-

578 838 676 891 tat,
703 829 812 896 90
843 834 932 878 aut
961 822 1110 891 c0pia
1139 820 1254 873 auri
1279 817 1591 886 argentique
1621 816 1916 867 minuatur:
1947 820 2162 864 sanctus

577 931 753 974 autem
780 913 858 971 vir
885 917 986 969 hoc
1011 922 1217 967 tantum
1249 909 1458 972 metuit,
1490 922 1558 960 ne
1578 923 1606 959 a
1633 907 1779 959 vultu
1810 904 2018 958 Domini
2044 901 2163 956 red-

579 1012 734 1063 datur
755 1008 984 1060 alienus.

653 1095 924 1152 Vers.1-’t.
956 1095 1175 1161 Adjutor
1221 1106 1363 1144 meus
1411 1098 1538 1154 esto,
1584 1102 1645 1138 ne
1678 1084 2002 1150 derelinquas
2052 1096 2161 1145 me,

581 1207 736 1258 nque
782 1188 1033 1256 despicias
1077 1200 1156 1236 me
1181 1223 1195 1247 ,
1247 1181 1384 1234 Deus
1422 1176 1668 1231 salutaris
1711 1190 1867 1226 meus.
1902 1171 2002 1225 Ubi
2043 1178 2168 1223 sunt

581 1282 672 1348 qui
718 1280 962 1333 humanis
1015 1275 1220 1330 meritis
1275 1274 1459 1325 dicunt
1513 1266 1710 1335 aliquid
1757 1261 2168 1332 applicandum?

587 1371 724 1424 l'etit
767 1385 857 1423 rex
887 1380 942 1422 et
967 1367 1250 1436 propheta,
1295 1364 1483 1430 plenus
1521 1359 1690 1426 gratia
1720 1366 1772 1408 et
1798 1352 2168 1407 benedictioite

583 1464 808 1526 caelesti,
840 1477 907 1514 ne
934 1460 1212 1513 deseratur
1232 1472 1259 1510 a
1293 1453 1535 1508 Domino.
1554 1451 1665 1504 Scit
1691 1450 1832 1502 enim
1858 1445 1978 1515 quia
2002 1445 2046 1497 si
2081 1444 2170 1497 ille

583 1553 893 1624 reliquerit,
937 1552 1078 1605 nulla
1123 1564 1182 1603 se
1221 1556 1454 1616 potestas
1486 1540 2035 1616 regeredprmvalebit.
2065 1538 2171 1590 Nec

583 1648 751 1701 semel
780 1646 828 1698 ei
859 1644 1077 1712 petiisse
1103 1639 1320 1704 sufﬁcit,
1353 1638 1452 1690 nisi
1489 1635 1587 1686 hoc
1619 1633 1791 1698 ipsum
1824 1631 1923 1682 sub
1973 1631 2168 1698 repeti-

590 1741 736 1791 tione
756 1736 1076 1805 geminaret.
1102 1730 1466 1799 Despirienim
1490 1741 1702 1793 semper
1728 1723 1923 1776 addicti
1947 1733 2048 1785 est,
2075 1735 2171 1774 nec

2273 546 2500 608 similes,
2530 547 2619 612 qui
2652 561 2772 599 eum
2805 546 3151 614 prodiderunt
3180 545 3327 600 Sauli
3361 560 3387 597 a
3411 544 3669 615 propheta
3693 546 3851 600 Achi-

2266 639 2473 692 melech
2519 637 2684 692 fuisse
2713 650 3039 706 susceptum,
3071 648 3122 692 et
3144 638 3376 708 gladium
3408 639 3484 692 illi
3505 646 3850 707 sumptusque

2267 732 2449 794 datos;
2480 730 2620 798 quod
2655 745 2748 782 res
2783 729 3076 783 sacerdotis
3104 739 3263 796 atque
3293 727 3518 782 ﬁliorum
3541 728 3659 796 ejus
3679 737 3850 782 morte

2269 819 2545 873 reseravit.
2580 817 2780 871 Mentiti
2826 827 2949 872 sunt
2996 818 3137 872 enim
3184 819 3424 871 dicentes
3455 824 3639 870 contra
3669 830 3850 884 regem

2271 909 2486 963 Sanletn
2516 909 2676 961 David
2709 910 2936 968 con~ilia
2965 909 3126 961 fuisse
3150 907 3302 972 data,
3348 906 3623 974 Deumque
3665 921 3760 974 pro
3788 921 3854 961 eo

2269 1000 2430 1053 fuisse
2453 999 2818 1067 deprecatum;
2851 997 2989 1064 quod
3024 997 3181 1050 latius
3214 995 3415 1064 Regum
3447 1005 3622 1050 textus
3645 996 3852 1066 eloqui-

2270 1100 2354 1145 tur
2375 1089 2438 1160 (Ι
2473 1091 2593 1160 (leg.
2622 1091 2774 1158 xxii).
2803 1088 3168 1143 Pulcherrime
3197 1096 3373 1141 autem
3403 1087 3537 1142 dixit
3576 1087 3700 1154 sibi,
3735 1086 3854 1156 quia

2272 1181 2532 1235 mendacii
2573 1181 2654 1233 sui
2703 1195 2886 1249 pmnas
2919 1180 3106 1248 recipit
3134 1180 3220 1247 qtti
3273 1178 3460 1231 falsum
3489 1177 3854 1232 testimonium

2271 1271 2509 1339 proferre
2536 1274 2828 1326 contendit.
2863 1273 3016 1336 Sive,
3054 1280 3108 1324 ut
3151 1270 3241 1322 alii
3285 1271 3499 1330 dicunt,
3550 1269 3745 1323 idioma
3777 1277 3858 1322 est

2273 1366 2564 1432 Scriptura:
2595 1365 2811 1427 divinat,
2845 1373 2896 1417 ut
2930 1379 3024 1433 pro
3056 1363 3306 1432 singulari
3351 1362 3573 1432 pluralis
3599 1375 3854 1414 numerus

2271 1466 2592 1528 apponatur;
2627 1468 2680 1511 et
2720 1459 2908 1510 iterum
2945 1457 3164 1525 pluralis
3207 1470 3302 1524 pro
3346 1455 3598 1522 singulari
3632 1468 3855 1507 numero

2273 1553 2570 1606 inveniatur
2598 1549 2895 1618 adjunctus;
2925 1551 3064 1602 sicut
3089 1549 3156 1602 de
3187 1547 3394 1602 llerode
3425 1558 3634 1601 mortuo
3665 1548 3858 1616 legitur

2273 1643 2518 1696 dictum:
2563 1639 2754 1692 Mortui
2803 1649 2919 1692 sunt
2967 1640 3055 1706 qui
3091 1637 3376 1707 quaerebant
3432 1639 3657 1690 animam
3713 1639 3860 1707 pueri

2274 1733 2488 1804 (Matth.
2526 1747 2580 1794 tt,
2608 1731 2734 1800 20);
2770 1732 2848 1782 vel
2875 1730 3041 1799 Moysi
3073 1728 3137 1782 de
3161 1728 3433 1782 Pharaone
3463 1730 3859 1796 pronuntiatum

586 1842 808 1882 securus
837 1825 987 1879 reddi
1019 1832 1213 1892 potest,
1247 1821 1345 1873 nisi
1379 1816 1761 1888 quemjudicis
1793 1827 2016 1867 serenus
2040 1827 2166 1864 ocu-

2286 1836 2392 1877 est:
2430 1824 2562 1885 Quia
2609 1821 2794 1874 mortui
2834 1829 2952 1872 sunt
2994 1819 3077 1888 qui
3121 1819 3408 1888 quwrebant
3450 1819 3674 1871 animant
3723 1830 3862 1871 tuam

588 1921 673 1972 lus
696 1918 947 1972 intuetur.

661 2008 810 2061 Vers.
840 2005 927 2059 15.
959 2004 1213 2070 Quoniam
1250 2011 1392 2070 pater
1415 2014 1554 2052 meus
1577 2006 1625 2052 et
1656 2005 1817 2049 mater
1849 2011 1957 2049 mea
1991 1994 2176 2047 dereli-

587 2108 800 2169 queruut
827 2111 947 2150 me:
983 2093 1233 2148 Dominus
1277 2101 1445 2144 autem
1494 2088 1768 2155 assumpsit
1819 2103 1915 2138 me.
1969 2084 2178 2138 Patrem

589 2206 746 2245 suum
775 2187 944 2242 Adam
977 2185 1204 2254 primum
1239 2182 1506 2234 hominem
1530 2181 1680 2241 dicit,
1711 2185 1924 2229 matrem
1951 2189 2173 2228 uxorem

592 2284 709 2350 ejus
758 2279 952 2340 Evam,
1003 2275 1142 2328 unde
1172 2271 1445 2342 generatio
1480 2271 1709 2321 humana
1753 2265 2049 2320 descendit.
2086 2265 2176 2318 lsti

593 2387 720 2440 ergo
770 2370 1103 2436 reliquerunt
1151 2363 1458 2417 conditione
1509 2358 1753 2421 mortali,
1788 2371 1884 2410 nec
1939 2356 2180 2409 enutrire

596 2465 898 2524 valuerunt,
914 2457 1126 2528 quando
1147 2455 1215 2508 de
1238 2456 1338 2506 hac
1364 2454 1480 2506 luce
1505 2449 1744 2504 translati
1767 2455 1908 2500 sunt.
1927 2445 2180 2511 Quamvis

597 2554 735 2607 istud
760 2553 826 2605 de
853 2551 968 2619 ejus
989 2546 1318 2618 genitoribus
1345 2544 1512 2614 possit
1540 2540 1789 2608 intelligi:
1815 2539 1936 2607 quia
1957 2537 2178 2592 domum

599 2646 766 2713 patris
795 2642 874 2695 sui
907 2648 1197 2707 matrisque
1222 2646 1346 2690 tunc
1377 2632 1684 2701 dereliquit,
1718 2629 1930 2700 quando
1959 2643 1988 2681 a
2018 2642 2182 2696 p0pu-

597 2740 664 2791 lis
694 2733 933 2790 Hebraeis
973 2731 1038 2784 ad
1080 2729 1228 2799 regni
1271 2727 1484 2781 culmen
1533 2731 1748 2778 evectus
1776 2730 1880 2775 est.
1909 2721 2181 2790 Sequitur,

599 2827 852 2879 Dominus
893 2831 1061 2875 autem
1110 2818 1388 2888 assumpsit
1439 2832 1547 2880 me,
1605 2814 1809 2867 inloco
1839 2811 2042 2867 scilicet
2069 2811 2182 2865 veri

598 2918 858 2986 parentis.
899 2915 1054 2967 Pater
1079 2922 1160 2967 est
1191 2911 1312 2981 quia
1363 2910 1622 2972 condidit,
1659 2910 1780 2976 quia
1823 2908 1991 2978 regit;
2025 2917 2183 2959 mater

597 3012 720 3080 quia
749 3008 914 3072 fovet,
947 3007 1071 3076 quia
1105 3004 1346 3058 infirmos
1374 3011 1429 3056 et
1458 3001 1711 3070 parvulos
1743 2999 1927 3052 lactat.
1972 2999 2185 3052 Assum-

591 3102 696 3172 psit
738 3117 865 3156 vero
909 3098 1062 3164 dixit,
1121 3096 1222 3149 hoc
1271 3104 1384 3160 est,
1432 3093 1499 3147 de
1543 3093 1744 3160 privata
1778 3092 2084 3146 conditione
2131 3089 2182 3142 iu

600 3207 764 3261 regno
794 3189 990 3259 posuit.

673 3282 829 3335 Vers.
864 3281 951 3334 16.
979 3277 1160 3348 Legem
1183 3276 1307 3330 mihi
1333 3276 1600 3340 constitue,
1627 3275 1866 3341 Domine,
1896 3277 1947 3328 in
1971 3276 2050 3327 via
2073 3285 2180 3339 tua,

604 3383 649 3425 et
677 3374 840 3441 dirige
869 3387 945 3424 me
975 3371 1026 3422 in
1055 3368 1232 3423 semita
1262 3376 1397 3420 recta
1427 3377 1631 3437 propter
1653 3367 1882 3420 inimicos
1910 3383 2064 3419 meos.
2091 3367 2185 3420 Le-

600 3483 712 3537 gem
741 3464 840 3519 sibi
862 3463 1021 3517 statui
1051 3463 1194 3516 illam
1223 3460 1398 3529 p0tius
1424 3459 1632 3511 Domini
1661 3461 1980 3525 deprecatur
2003 3459 2186 3511 Salva-

604 3559 760 3624 toris,
794 3571 897 3626 qua
941 3556 1208 3608 debitores
1241 3551 1481 3604 noscitur
1513 3551 1770 3604 liberasse
1817 3564 1908 3616 per
1937 3550 2182 3616 gratiam.

608 3649 778 3719 Moysi
807 3649 947 3702 enim
980 3645 1062 3699 lex
1095 3645 1186 3697 illo
1231 3651 1470 3712 tempore
1504 3640 1616 3710 jam
1645 3640 1764 3693 data
1797 3649 1941 3705 erat;
1977 3640 2184 3693 Domini

602 3749 778 3793 autem
831 3737 1147 3806 Sperabatur
1190 3748 1310 3788 esse
1343 3742 1561 3786 ventura
1582 3773 1596 3797 ,
1630 3746 1788 3799 quam
1819 3731 1917 3785 sibi
1955 3732 2186 3800 postulat

601 3830 802 3884 debere
829 3826 1087 3880 constitui.
1113 3823 1179 3878 In
1208 3825 1286 3876 via
1309 3832 1417 3886 tua,
1443 3821 1494 3874 id
1518 3830 1600 3875 est
1623 3822 1674 3874 in
1703 3821 1914 3874 Christo
1939 3831 2026 3874 tuo
2048 3861 2061 3886 ,
2094 3821 2184 3889 qui

603 3932 685 3974 est
711 3921 820 3983 via,
853 3918 1068 3982 veritas,
1100 3923 1147 3968 et
1191 3915 1292 3966 vita
1320 3911 1508 3981 (Joan.
1542 3927 1647 3976 XIV,
1674 3911 1761 3979 6).
1798 3912 1893 3964 lllo
1937 3913 2076 3964 enim
2106 3927 2185 3965 ve-

607 4011 786 4064 niente
810 3993 960 4078 juste
979 4007 1353 4076 praesumebat,
1378 4007 1498 4073 quia
1522 4020 1640 4058 eam
1663 4013 1719 4058 et
1740 4008 1934 4060 docere
1957 4014 2182 4073 poterat,

601 4113 656 4157 et
703 4101 911 4171 impleri
941 4115 1094 4170 posse
1131 4099 1435 4168 prmstabat.
1472 4097 1720 4152 Semitam
1751 4111 1877 4151 vero
1902 4097 2016 4166 jam
2047 4098 2182 4151 dixi-

603 4210 723 4248 mus
757 4194 822 4246 ad
878 4193 1274 4259 Scripturarum
1305 4189 1706 4260 intelligentiam
1737 4190 2022 4259 pertinere.
2053 4188 2181 4243 Pre-

601 4295 752 4339 catur
774 4298 900 4351 ergo
925 4282 1179 4352 propheta
1205 4290 1260 4334 ut
1279 4279 1484 4335 Veteris
1501 4281 1827 4336 Te.~.tamenti
1857 4291 1999 4335 recte
2019 4282 2185 4336 libros

607 4375 897 4442 intelligat,
928 4384 981 4426 et
1006 4385 1286 4426 venturum
1320 4374 1369 4426 in
1402 4375 1477 4426 eis
1508 4373 1788 4426 Dominum
1820 4389 1940 4428 esse
1988 4389 2183 4444 cogno-

602 4465 1226 4534 εοδι.1³νορεινὶηἱηιὶίοδ
1255 4475 1428 4518 autem
1455 4467 1612 4530 dicit,
1655 4467 1704 4520 id
1745 4477 1826 4520 est
1869 4470 2180 4537 hmreticos,

2278 1916 2470 1988 (Exod.
2495 1931 2568 1978 tv,
2599 1916 2701 1982 19).

2351 2007 2504 2062 Vers.
2539 2004 2622 2058 18.
2649 2003 2815 2058 Credo
2841 2003 3008 2056 videre
3035 2001 3163 2055 bona
3190 1999 3396 2054 Domini
3421 2001 3472 2053 in
3518 2012 3651 2054 terra
3692 2002 3862 2053 viven-

2279 2098 2426 2150 tium.
2463 2095 2719 2164 Exspecta
2774 2094 3069 2146 Dominum.
3122 2093 3406 2161 Postquam
3462 2092 3652 2146 multis
3687 2093 3864 2147 modis

2281 2187 2562 2241 Dominum
2609 2187 2927 2252 deprecatus
2982 2193 3066 2238 est
3108 2198 3177 2238 ne
3209 2185 3653 2252 persequentibus
3686 2183 3865 2237 trade-

2282 2289 2448 2342 retur,
2476 2277 2540 2330 ad
2570 2276 2903 2331 conﬁdenti-.2
2925 2289 3034 2328 sure
3057 2275 3195 2330 redit
3217 2274 3496 2338 auxilium,
3529 2275 3737 2342 sibique
3763 2276 3866 2344 ipsi

2283 2368 2542 2439 promittit
2571 2367 2711 2436 quod
2761 2367 2890 2418 bona
2920 2365 3084 2419 videat
3115 2365 3166 2418 in
3193 2374 3327 2418 terra
3365 2365 3660 2430 viventium,
3691 2365 3743 2419 id
3782 2374 3869 2420 est

2285 2460 2336 2513 in
2371 2459 2541 2512 futura
2571 2459 2678 2511 vita
2701 2499 2715 2521 ,
2755 2456 2840 2511 ubi
2871 2457 3007 2510 bona
3037 2465 3158 2509 sunt
3189 2457 3532 2524 sempiterna.
3559 2457 3622 2510 Et
3652 2457 3870 2525 proprie

2283 2551 2484 2606 dictum
2523 2558 2606 2603 est
2633 2557 2821 2601 terram
2849 2546 2995 2600 illam
3028 2561 3145 2600 esse
3170 2548 3459 2613 viventium,
3485 2547 3735 2616 quoniam
3769 2549 3871 2601 ista

2286 2639 2634 2698 morientium
2648 2645 2750 2692 est.
2769 2639 2868 2705 Qui
2901 2647 3070 2694 status
3096 2638 3234 2708 apud
3267 2648 3504 2694 oratores
3534 2639 3728 2693 dicitur
3751 2640 3870 2694 col-

2283 2731 2533 2796 lectivus,
2559 2731 2774 2798 quando
2795 2745 2859 2784 ex
2903 2731 3104 2798 scripto
3138 2728 3408 2799 colligitur
3453 2729 3502 2782 id
3545 2729 3686 2797 quod
3737 2729 3872 2784 serie

2286 2835 2432 2894 ptum
2465 2837 2571 2878 non
2596 2831 2698 2888 est,
2730 2829 2790 2874 ut
2827 2836 2919 2889 per
2944 2821 2996 2874 id
3027 2821 3279 2875 doceatur
3303 2837 3420 2877 esse
3447 2836 3509 2876 ac
3544 2822 3589 2876 si
3610 2822 3872 2890 scriptum

2289 2915 2494 2970 fuisset.
2530 2913 2602 2968 Ita
2631 2921 2686 2967 et
2725 2913 2811 2966 hic
2856 2913 3028 2966 futura
3073 2913 3289 2981 praemia
3327 2927 3392 2967 ex
3433 2912 3875 2968 antecedentibus

2289 3005 2561 3059 beneficiis
2600 3003 2698 3058 sibi
2741 3002 2911 3071 cvedit
2935 3017 3055 3056 esse
3085 3013 3326 3058 ventura.
3364 3001 3568 3056 Terram
3593 3011 3768 3056 autem
3797 3003 3875 3055 vi-

2289 3099 2527 3165 ventium,
2559 3097 2770 3166 proprie
2812 3095 3087 3164 Scriptura
3120 3105 3504 3148 commemorat
3531 3094 3730 3147 divina.
3762 3094 3875 3147 Ad-

2288 3192 2452 3245 ditum
2478 3200 2559 3245 est
2590 3207 2602 3242 :
2638 3187 2889 3256 Exspecta
2920 3187 3219 3250 Dominum,
3260 3187 3464 3240 scilicet
3506 3187 3596 3255 qui
3645 3188 3876 3256 promit-

2289 3282 2450 3335 tendo
2482 3296 2586 3334 non
2625 3279 2790 3345 fallit,
2839 3279 2926 3348 qui
2966 3278 3269 3347 prmstando
3299 3293 3404 3330 non
3448 3277 3706 3346 imputat,
3738 3278 3878 3332 sicut

2286 3374 2518 3429 Jacobus
2547 3373 2820 3441 apostolus
2850 3373 2959 3426 ait:
2995 3371 3094 3436 Qui
3136 3371 3222 3422 dat
3253 3371 3482 3424 omnibus
3519 3369 3802 3437 aﬂluenm,
3830 3381 3877 3424 et

2287 3483 2387 3519 non
2413 3467 2726 3536 improperat
2755 3462 2894 3532 (Jac.
2931 3479 2976 3527 t,
3005 3462 3080 3529 5).

2363 3558 2510 3610 Vers.
2550 3557 2631 3610 19.
2671 3553 2896 3609 Viriliter
2924 3571 3038 3623 age,
3069 3563 3116 3607 et
3147 3555 3463 3624 confortetur
3490 3569 3579 3607 cor
3621 3563 3804 3620 tuum,
3833 3562 3878 3608 et

2287 3647 2478 3701 sustine
2504 3646 2801 3700 Dominunt.
2827 3645 3091 3712 Quoniam
3113 3645 3374 3713 superiori
3395 3636 3547 3699 versu
3571 3645 3878 3699 crediderat

2289 3740 2470 3794 videre
2502 3755 2560 3793 se
2603 3739 2745 3792 bona
2793 3737 3026 3801 Domini,
3074 3753 3215 3792 nunc
3254 3737 3382 3791 dicit
3421 3737 3878 3810 quemadmodum

2292 3831 2472 3886 videre
2493 3831 2677 3900 possit.
2703 3829 2813 3883 lloc
2838 3839 3014 3883 autem
3043 3829 3288 3894 verbum,
3315 3828 3547 3891 viriliter,
3574 3842 3678 3882 non
3699 3828 3878 3880 solum

2290 3925 2450 3989 viris,
2480 3923 2573 3977 sed
2605 3932 2655 3977 et
2685 3922 2898 3976 feminis
2921 3922 3202 3977 credamus
3233 3937 3350 3977 esse
3380 3921 3708 3976 tnandatum.
3741 3921 3879 3975 Nam

2288 4025 2342 4070 et
2363 4016 2458 4069 viri
2483 4031 2604 4070 cum
2627 4014 2968 4080 mollescunt,
2995 4015 3172 4068 animo
3196 4015 3421 4068 femineo
3443 4023 3593 4078 sunt;
3616 4025 3669 4068 et
3689 4014 3881 4067 mulie-

2291 4121 2376 4160 res
2405 4106 2586 4160 viriles
2617 4105 2943 4170 efﬁeiuntur,
2974 4119 3092 4159 cum
3121 4106 3171 4159 in
3201 4105 3342 4159 bono
3376 4106 3648 4173 proposito
3677 4105 3880 4160 mentis

2289 4195 2482 4248 robore
2515 4203 2879 4263 perseverant.
2903 4193 3172 4262 Sequitur,
3195 4202 3239 4246 et
3260 4194 3571 4261 confortetur
3593 4209 3680 4246 cor
3704 4202 3880 4260 tuum,

2289 4301 2354 4338 nc
2380 4285 2530 4352 quasi
2557 4285 2730 4338 lassus
2760 4285 3169 4349 immurmures,
3195 4292 3247 4337 et
3287 4283 3445 4336 ttedio
3488 4283 3742 4352 fatigante
3781 4285 3883 4338 de-

2288 4392 2492 4446 speres.
2521 4377 2626 4429 Sed
2652 4376 2940 4431 conﬁdenti
2967 4377 3145 4432 animo
3172 4386 3328 4445 atque
3358 4391 3546 4430 securo
3573 4376 3698 4430 dicit
3723 4393 3736 4428 :
3770 4375 3885 4430 Ex-

2289 4475 2458 4532 specta
2486 4466 2760 4518 Dominum
2779 4506 2791 4529 ,
2819 4466 2906 4535 qui
2935 4467 3106 4519 nescit
3127 4465 3427 4520 subducere
3449 4481 3565 4534 ﬂllil‘
3593 4467 3880 4534 promittit.

602 4559 714 4612 sive
743 4558 1046 4611 ineredulos
1079 4557 1290 4611 Jadaeus
1335 4558 1423 4626 qui
1465 4574 1556 4612 eos
1586 4559 1888 4614 nitebantur
1914 4577 2071 4629 prava
2102 4562 2184 4616 in-
2211 4575 2264 4636 Β
2293 4553 2501 4609 διιδιίηϐ
2536 4568 2662 4606 VCI‘O
2694 4563 2748 4608 el
2773 4563 3026 4622 exspecta,
3060 4553 3296 4623 perfCClO
3323 4554 3517 4608 dieitur
3540 4553 3882 4608 Christiano:

605 4650 841 4705 tentione
869 4650 1199 4703 subvertere.

678 4741 831 4796 Vers.
865 4741 947 4794 17.
978 4739 1059 4794 Nc
1089 4741 1357 4794 tradideris
1383 4757 1458 4793 me
1488 4741 1537 4794 in
1569 4743 1765 4795 animas
1781 4745 2184 4814 persequentium

602 4853 679 4890 me
703 4852 720 4889 :
750 4836 988 4904 quoniam
1012 4835 1392 4888 insurrexerunt
1420 4836 1470 4887 in
1495 4852 1571 4888 me
1598 4844 1746 4889 testes
1763 4838 1949 4906 iniqui,
1973 4847 2018 4890 et
2040 4854 2183 4892 men-

601 4929 693 4979 tita
723 4937 794 4979 cst
823 4927 1060 4996 iniquitas
1090 4927 1206 4978 sibi.
1251 4925 1554 4980 Secundum
1595 4926 1870 4982 historiam
1905 4938 2077 4996 potest
2103 4931 2180 4984 in-

601 5019 762 5087 telligi
802 5018 868 5072 de
917 5017 1104 5084 Saule,
1152 5019 1240 5088 qui
1293 5034 1415 5072 emn
1447 5020 1712 5074 acerrimo
1740 5020 1863 5074 odio
1894 5036 2182 5092 perseque'

602 5110 773 5162 batur.
801 5108 902 5162 Sed
925 5109 1175 5178 quoniam
1204 5125 1296 5164 rex
1325 5119 1438 5164 erat
1458 5151 1472 5177 ,
1503 5126 1601 5166 nec
1625 5121 1833 5181 poterat
1853 5113 1998 5167 solus
2021 5128 2178 5184 agere

600 5198 746 5266 quod
765 5197 1021 5267 jubebat,
1051 5210 1173 5270 apte
1205 5217 1461 5255 numerus
1483 5201 1701 5270 pluralis
1730 5203 1814 5258 hic
1842 5207 2046 5274 positus
2073 5218 2174 5262 est.

601 5293 770 5348 Simili
810 5295 971 5351 modo
1015 5310 1134 5350 cum
1176 5295 1355 5350 Doech
1394 5296 1658 5351 Idumaeus
1701 5314 1823 5353 eum
1880 5299 2178 5368 prodidisse

603 5386 838 5453 legatur,
880 5387 1072 5457 plurali
1121 5403 1343 5442 numero
1386 5389 1598 5458 posuit,
1635 5399 1779 5444 testes
1824 5391 2006 5460 iniqui.
2039 5392 2180 5448 Fieri

599 5480 740 5530 enim
775 5481 947 5548 potuit
979 5489 1035 5534 ut
1059 5482 1269 5551 quando
1291 5498 1412 5537 eum
1442 5485 1549 5552 regi
1583 5487 1873 5551 accusavit,
1904 5501 1996 5555 per
2018 5496 2182 5542 testes

599 5568 734 5620 alios
765 5569 900 5623 dicta
923 5587 1016 5624 sua
1041 5573 1267 5640 probare
1290 5574 1563 5628 voluisset.
1590 5576 1927 5646 Quapropter
1949 5596 2183 5649 congruo

601 5657 806 5722 positus
832 5662 1050 5730 pluralis
1079 5679 1333 5718 numerus
1362 5665 1682 5733 advertitur,
1715 5669 1926 5736 quando
1956 5685 2181 5738 persona

597 5741 725 5799 talis
748 5761 846 5811 per
892 5766 1052 5805 unum
1105 5761 1304 5809 tantum
1355 5771 1457 5810 non
1496 5766 1703 5822 poterat
1735 5758 1884 5812 facile
1920 5762 2176 5815 accusari.

2287 4659 2350 4698 ac
2380 4645 2424 4698 si
2455 4645 2784 4710 admoneret,
2817 4646 3008 4700 sustine
3034 4647 3173 4715 quod
3206 4648 3424 4716 pateris,
3444 4657 3496 4702 et
3526 4647 3666 4717 quod
3699 4648 3886 4703 credis

2288 4747 2538 4805 exspecta.

2813 4827 3084 4883 Conclusio
3130 4830 3334 4901 psalmi.

2363 4940 2501 4996 luter
2533 4943 2848 5012 multiplices
2879 4953 2931 4998 et
2961 4945 3242 5000 saevientes
3266 4945 3558 5014 angustias,
3595 4945 3721 5012 quid
3745 4960 3878 5015 spe-

2289 5034 2492 5091 cialiter
2523 5035 2892 5091 desideremus
2919 5035 3688 5104 revereudissimuspropheta
3723 5048 3881 5104 pate-

2285 5127 2430 5195 fecit,
2464 5139 2522 5183 ut
2550 5129 2846 5182 inhabitare
2873 5129 3070 5182 Christi
3100 5129 3394 5183 Ecclesiam
3426 5129 3596 5183 modis
3617 5130 3881 5185 omnibus

2283 5228 2611 5290 appetamus.
2646 5220 2757 5275 lloc
2807 5221 3000 5289 patulis
3045 5219 3260 5274 auribus
3307 5220 3619 5283 audientes,
3650 5220 3879 5274 assiduo

2284 5313 2671 5381 supplicatione
2717 5311 3108 5380 deprecemur;
3152 5313 3277 5381 quia
3331 5326 3430 5365 nec
3470 5311 3684 5366 brevius
3718 5312 3880 5380 quid-

2287 5419 2443 5472 quam
2476 5406 2644 5472 potuit
2686 5402 2826 5466 diei,
2872 5417 2971 5457 nec
3011 5403 3168 5456 latius
3199 5402 3492 5471 impetrari.
3534 5401 3594 5455 in
3648 5418 3882 5458 numero

2287 5500 2461 5546 autem
2504 5495 2782 5562 praesentis
2825 5493 3044 5562 psalmi,
3089 5503 3143 5548 et
3173 5494 3528 5564 quorumdam
3561 5493 3648 5563 qui
3683 5495 3883 5550 subse-

2286 5590 2538 5651 quuntur,
2587 5598 2915 5652 nequaquam
2963 5584 3229 5652 potuimus
3301 5583 3625 5638 calculorum
3683 5583 3879 5650 singu-

2291 5673 2451 5725 larem
2503 5675 2737 5741 repet‘ire
2791 5673 3086 5738 rationem;
3143 5674 3344 5728 scilicet
3399 5673 3575 5742 qualis
3627 5683 3880 5727 creatura

2292 5763 2540 5826 vigesimo
2570 5774 2750 5831 sexto,
2796 5775 2883 5816 aut
2933 5763 3186 5831 vigesimo
3220 5768 3464 5833 septimo,
3499 5771 3591 5820 aut
3617 5763 3879 5834 vigesimo
