4030 6172
164 222 250 276 1ῗό

169 438 294 487 tuus,
323 432 385 474 ut
431 420 727 473 secundum
765 422 1004 490 exempla
1033 439 1147 490 (μιν
1174 423 1312 476 dicta
1344 431 1503 486 sunt,
1539 421 1749 489 quando

162 529 253 565 non
303 511 600 565 inveniunt
649 509 904 563 rationem
949 511 998 562 in
1053 526 1274 565 numero
1304 511 1580 576 singulari,
1617 520 1740 564 tunc

163 604 354 670 aliquas
386 601 775 656 similitudines
798 602 849 653 iu
878 602 1068 670 partito
1091 603 1298 655 calculo
1321 645 1335 670 ,
1369 601 1480 657 sive
1509 603 1611 666 bis,
1637 603 1749 656 sive

165 697 306 750 tertio
335 695 585 750 debeant
614 693 890 764 indagare.
930 694 1078 748 Verbi
1120 696 1306 763 gratia,
1342 706 1397 748 ut
1428 695 1609 763 viginti
1653 709 1751 747 sex

166 786 454 851 partiamur
491 785 546 836 in
574 784 898 852 vigesimum
946 793 1000 837 et
1045 787 1312 838 senarium
1366 801 1669 847 numerum,
1698 793 1753 839 ct

165 878 340 928 iterum
367 875 562 943 viginti
591 883 794 942 septem
829 877 881 928 in
911 884 990 928 ter
1013 890 1224 929 novem.
1245 876 1391 928 Tunc
1416 875 1624 929 facilius
1645 877 1754 929 eal-

163 966 280 1019 culis
321 967 549 1032 divisis,
585 965 808 1020 fortasse
837 977 1153 1034 competens
1192 967 1323 1019 ratio
1365 968 1560 1034 poterit
1607 969 1754 1021 inve-

165 1058 272 1111 uiri.
301 1059 448 1123 Quid
479 1058 624 1112 enim
660 1059 881 1112 interest
904 1061 946 1112 si
979 1058 1131 1111 binas
1173 1070 1261 1112 aut
1292 1068 1470 1112 ternas
1500 1056 1754 1112 metretas

163 1148 368 1216 capiant
417 1163 551 1202 Vasa
604 1148 969 1215 psalmorum?
1017 1147 1072 1202 Si
1123 1164 1250 1201 vero
1295 1164 1391 1202 nec
1439 1149 1509 1201 ibi
1555 1149 1753 1217 aliquid

163 1240 554 1294 convenienter
604 1240 918 1312 agnoveris,
955 1240 1176 1293 credere
1221 1240 1324 1309 91
1353 1241 1604 1293 convenit
1630 1240 1754 1294 coeli

170 1339 438 1399 terraque
469 1327 804 1390 Creatorem,
836 1329 1173 1397 Operationes
1197 1340 1250 1383 et
1279 1328 1417 1382 dicta
1442 1345 1536 1382 sua
1564 1345 1656 1398 per
1677 1331 1755 1383 di-

164 1435 441 1473 versorum
505 1419 831 1472 calculorum
870 1419 1206 1472 distribuisse
1251 1419 1367 1473 sine
1411 1420 1755 1487 ambiguitate

164 1513 419 1577 virtutes,
462 1510 560 1579 qui
591 1509 769 1563 omnia
793 1550 807 1575 ,
855 1509 989 1562 sicut
1019 1509 1210 1578 legitur
1241 1507 1397 1577 (Sap.
1422 1524 1504 1569 ιι.
1544 1509 1660 1577 2|),
1703 1510 1756 1563 in

163 1602 401 1670 pondere
423 1645 438 1668 ,
473 1615 700 1654 numero
717 1639 732 1666 ,
755 1613 1112 1667 mensuraque
1145 1597 1384 1665 perfecit.
1411 1598 1594 1665 Neque
1615 1598 1755 1653 enim

1057 219 1405 272 EXI‘OSITH)
1450 218 1510 270 IN
1554 216 2009 272 PSALTERIUM.
2057 216 2241 282 PShL.
2299 213 2508 269 XXVII.

159 343 337 386 ottavo
360 345 596 384 uutnero
626 332 825 398 legatur
850 339 1042 398 aptata.
1075 330 1175 385 Sed
1211 331 1462 383 studiosis
1491 331 1742 397 relinqui.
1777 333 1821 386 Λ

3337 221 3434 274 illi

1927 325 1990 377 Et
2029 327 2207 378 similis
2247 342 2332 378 ero
2373 327 2788 378 descendentibus
2833 328 2883 379 in
2933 327 3123 383 Ineunt.
3159 329 3210 383 Id
3241 342 3341 391 est,
3389 337 3433 387 si

1853 416 2090 479 silueris,
2123 433 2215 470 ero
2238 419 2425 470 similis
2456 421 2505 469 in
2535 419 2711 471 mutuli
2743 419 2893 486 hujus
2925 421 3280 486 prol'unditate
3311 438 3433 476 ver-

1853 506 2116 560 santibus.
2151 506 2318 559 Lacus
2355 508 2495 559 enim
2537 509 2746 576 quidam
2787 509 2885 562 hoc
2915 511 3166 563 saeculum
3199 520 3315 574 est,
3349 529 3438 570 ttul

1852 598 2005 666 quasi
2045 597 2376 654 delectabilis
2418 615 2480 652 ac
2525 602 2837 668 tranquillus
2878 602 3133 666 creditur,
3167 603 3261 656 sed
3306 620 3438 672 quas

1854 689 2239 757 profunditates
2281 700 2335 743 et
2377 705 2642 743 nter-suras
2695 691 2884 744 habeat
2929 693 3224 760 ignoratur.
3270 695 3436 748 Lacus

1855 778 2050 847 quippe
2093 778 2306 844 dicitur,
2341 779 2480 846 quod
2520 779 2622 834 sub
2651 779 2766 847 ipso
2799 790 2938 835 terra
2972 783 3150 836 lateat.
3183 783 3437 840 Precatur

1855 883 1983 936 ergo
2032 868 2329 922 humanitas
2377 869 2558 935 Verbi,
2611 885 2678 923 ne
2722 872 2904 924 similis
2952 882 3093 926 esset
3131 875 3436 931 hominibus

1855 960 2069 1012 caneris
2122 978 2133 1010 :
2188 960 2307 1028 quia
2355 959 2453 1014 etsi
2500 976 2832 1015 communem
2876 964 3234 1020 conditionem
3265 969 3436 1022 carnis

1853 1052 2172 1118 assumpsit,
2198 1053 2572 1107 excellentiam
2601 1063 2775 1109 tamen
2805 1057 3041 1110 omnium
3072 1070 3436 1115 creaturarum

1857 1140 1969 1193 Deo
1996 1143 2139 1194 unita
2177 1145 2502 1208 promeruit;
2537 1145 2603 1198 de
2645 1160 2747 1213 qua
2791 1145 2919 1199 dicit
2965 1149 3250 1214 Apostolus
3295 1167 3308 1203 :
3341 1150 3438 1204 Cui

1863 1243 2034 1286 autem
2065 1236 2340 1304 aliquando
2369 1238 2664 1306 angelorum
2695 1239 2825 1292 dixit
2856 1255 2876 1293 :
2905 1238 3079 1295 Filius
3108 1259 3246 1296 meus
3276 1261 3327 1296 es
3354 1257 3436 1306 tu,

1861 1340 1952 1393 ego
1993 1325 2144 1377 hodie
2176 1326 2329 1394 genui
2375 1337 2422 1380 te
2447 1327 2465 1398 (
2491 1327 2651 1380 Hebr.
2700 1344 2750 1394 t,
2780 1330 2813 1384 5
2835 1329 2891 1400 )‘l
2917 1329 3039 1385 Sive
3069 1331 3236 1384 lacum
3264 1335 3439 1402 sepul-

1859 1428 2011 1468 crum
2040 1414 2202 1480 dicit,
2235 1416 2321 1470 ubi
2352 1428 2564 1485 peracta
2597 1421 2843 1487 passione
2872 1423 3140 1488 repositus
3170 1434 3269 1479 est.

1933 1507 2086 1564 Vers.
2125 1511 2181 1563 2.
2224 1508 2450 1576 Exaudi,
2478 1513 2709 1580 Domine,
2733 1531 2901 1568 vocem
2924 1517 3294 1587 deprecationis
3315 1536 3440 1573 mcce

1859 1599 1982 1653 dum
2017 1617 2107 1656 oro
2135 1603 2205 1654 ad
2235 1611 2308 1667 te,
2339 1603 2462 1655 dimi
2490 1605 2676 1656 extollo
2706 1623 2885 1660 manus
2916 1625 3052 1661 meas
3092 1610 3159 1661 ad
3198 1612 3440 1678 templum

163 1696 271 1764 quia
301 1702 482 1762 guttae
530 1692 848 1761 pluviarum,
881 1691 1047 1746 stella:
1085 1689 1229 1757 cmli,
1262 1689 1347 1742 vel
1401 1704 1573 1744 arena
1595 1691 1758 1744 maris
1790 1692 1832 1750 Β
1861 1703 2091 1746 sanctum
2113 1701 2279 1746 tuum.
2307 1694 2536 1762 Tentpus
2555 1695 2816 1763 signiﬁcat
2834 1700 3210 1755 sacratissimae
3235 1702 3438 1770 passio-

161 1788 309 1840 nobis
341 1783 708 1838 numerabilis
749 1797 858 1836 non
910 1791 1012 1845 est,
1043 1781 1181 1849 apud
1213 1781 1358 1834 illum
1398 1794 1503 1833 non
1555 1790 1764 1835 constat

161 1890 276 1930 esse
305 1876 417 1929 sub
450 1887 706 1928 numero.
731 1872 862 1927 Nam
890 1871 1174 1926 etsi-nobis
1202 1872 1495 1940 probantur
1524 1872 1758 1936 occulta,

163 1967 359 2020 divinae
383 1973 520 2019 sunt
536 1972 717 2020 tamen
741 1972 862 2018 uota
886 1964 1161 2033 potentiae.
1187 1962 1372 2017 Restat
1389 1973 1447 2016 ut
1468 1963 1596 2018 illud
1621 1965 1764 2032 quod

165 2061 364 2113 dictum
392 2068 485 2112 est
533 2057 850 2112 deﬁnitione
881 2055 1146 2124 majorum
1187 2055 1410 2109 credere
1447 2055 1760 2120 debeamus,

166 2155 212 2201 in
256 2149 516 2201 numeris
547 2147 736 2214 positis
793 2154 953 2214 atque
995 2145 1228 2200 deﬁnit’s
1277 2144 1499 2198 virtutes
1527 2146 1764 2199 omnium

165 2240 463 2295 convenire
487 2238 840 2308 psalmorum.

426 2358 797 2415 EXPOSITIO
836 2357 898 2411 IN
939 2357 1262 2412 PSALMUM
1303 2356 1514 2411 XXVII.

687 2470 925 2524 Psalmus
953 2471 1050 2540 ipsi
1079 2470 1262 2523 David.

233 2586 492 2640 Diximus
521 2585 687 2638 David
711 2583 1015 2654 signiﬁcare
1037 2599 1196 2638 manu
1221 2583 1431 2639 fortem.
1463 2583 1526 2638 Et
1552 2583 1765 2654 quando

167 2680 266 2732 tale
291 2690 503 2730 nomen
530 2674 716 2729 debuit
742 2677 889 2744 poni,
915 2676 1018 2728 nisi
1047 2689 1166 2728 cum
1199 2674 1461 2743 passionis
1483 2673 1766 2728 dominicae

166 2768 409 2838 gloriosa
439 2766 741 2821 certamina
768 2763 1107 2819 referuntur?
1136 2764 1310 2819 Fortis
1341 2759 1525 2834 utique
1566 2779 1726 2817 manu
1752 2804 1764 2828 ,

167 2861 248 2928 qui
284 2874 394 2930 per
425 2858 769 2914 tolerantiam
798 2871 946 2911 suam
977 2859 1265 2926 prostravit
1295 2857 1589 2926 principem
1621 2865 1770 2910 tene-

167 2954 394 3007 brarum
415 2990 433 3015 ,
461 2950 554 3018 qui
579 2958 808 3003 mortem
838 2947 1115 3002 moriendo
1145 2948 1437 3014 superavit,
1465 2946 1554 3016 qui
1584 2949 1773 3001 huma-

1867 1783 1966 1845 nis,
1988 1791 2041 1834 et
2061 1791 2178 1836 orat
2196 1792 2254 1836 ut
2268 1783 2381 1851 ejus
2397 1784 2640 1838 audiatur
2656 1787 2844 1850 oratio,
2861 1789 2998 1856 quod
3020 1789 3145 1849 fecit
3158 1801 3438 1862 antequam

1866 1873 2192 1939 traderetur;
2212 1877 2408 1931 relictis
2426 1880 2564 1931 enim
2587 1879 2858 1948 discipulis
2881 1883 3098 1937 secessit
3113 1895 3167 1939 et
3186 1889 3351 1940 oravit
3369 1889 3441 1941 di-

1863 1976 1990 2016 cens
2015 1981 2029 2016 :
2057 1964 2233 2033 Pater,
2258 1967 2302 2019 si
2323 1967 2437 2034 ﬁeri
2458 1978 2638 2037 potest,
2661 1980 2883 2024 transeat
2903 1989 2934 2025 a
2956 1990 3034 2027 me
3053 1977 3186 2028 calix
3207 1978 3332 2041 iste;
3359 1995 3435 2030 vc-

1864 2065 2144 2111 rumtamen
2173 2075 2276 2112 non
2299 2061 2430 2113 sicut
2459 2077 2550 2131 ego
2578 2064 2710 2126 volo,
2739 2064 2828 2118 sed
2853 2065 2981 2118 sicut
3018 2075 3072 2120 tu
3105 2070 3176 2121 vis
3209 2069 3228 2140 (
3251 2069 3438 2124 Matth.

1868 2163 2019 2216 xxvr,
2047 2149 2169 2220 59).
2205 2152 2354 2220 Quod
2379 2164 2552 2207 autem
2578 2154 2725 2221 dicit,
2762 2157 2828 2207 ad
2852 2158 3092 2227 templum
3115 2171 3363 2221 sanctum,
3388 2170 3440 2215 ut

1866 2239 1997 2294 mihi
2020 2242 2246 2305 videtur,
2271 2244 2413 2298 illam
2434 2246 2869 2301 consuetudinem
2894 2247 3102 2302 Hebraei
3134 2241 3308 2318 populi
3337 2251 3441 2304 for-

1869 2320 2008 2383 tasse
2053 2333 2251 2386 mavult
2292 2334 2544 2404 in'elligi,
2599 2336 2682 2389 cui
2721 2346 3041 2406 pra-ceptum
3079 2337 3249 2393 fuerat
3288 2351 3347 2394 ut
3389 2342 3441 2394 iu

1868 2421 2103 2488 qualibet
2122 2434 2263 2478 esset
2287 2425 2492 2494 positus
2509 2427 2748 2496 regione,
2766 2429 2832 2482 ad
2854 2429 2995 2482 illam
3015 2441 3214 2498 partem
3234 2446 3443 2498 semper

1868 2521 2050 2567 oraret
2066 2512 2153 2566 ubi
2176 2514 2468 2568 Jerusalem
2492 2525 2713 2570 noverat
2729 2518 3098 2582 constitutam;
3124 2521 3261 2574 sicut
3278 2529 3328 2574 et
3349 2521 3444 2573 D.:-

1870 2599 2064 2655 nielem
2097 2602 2232 2669 apud
2266 2603 2592 2673 Babylonem
2625 2605 2781 2660 tertio
2811 2607 2864 2660 in
2892 2605 2980 2662 die
3004 2607 3224 2676 legimus
3256 2610 3275 2678 (
3301 2607 3442 2664 Dan.

1872 2706 1952 2754 tu,
1978 2692 2046 2745 10
2067 2693 2087 2762 )
2110 2693 2382 2760 olfecisse;
2414 2697 2552 2764 quod
2585 2711 2802 2752 necesse
2826 2707 2940 2752 erat
2967 2695 3236 2754 Christum
3269 2702 3445 2756 Domi-

1873 2798 1994 2836 num
2021 2783 2212 2848 facere,
2242 2784 2330 2852 qui
2358 2801 2459 2837 non
2483 2797 2684 2839 venerat
2714 2787 2872 2856 legem
2892 2789 3098 2854 solvere,
3126 2791 3218 2842 sed
3239 2791 3446 2858 implere

1871 2872 1892 2944 (
1916 2872 2100 2927 Matth.
2131 2889 2185 2940 ν,
2219 2873 2342 2944 17
2373 2876 2496 2930 Sive
2523 2877 2591 2928 ad
2616 2876 2856 2946 templum
2882 2887 3129 2944 sanctum,
3158 2879 3223 2932 ad
3251 2883 3443 2934 cmlum

1874 2965 1987 3018 vult
2013 2964 2232 3035 intelligi
2249 2958 2272 3034 ,’
2290 2967 2430 3034 quod
2457 2975 2672 3021 orantes
2697 2966 2938 3022 homines
2962 2967 3134 3023 facere
3156 2983 3442 3024 consuete

170 3058 286 3096 nam
323 3054 516 3111 genus
540 3041 806 3107 captivum
836 3036 1198 3092 cruciﬁxionis
1225 3051 1336 3091 suae
1367 3036 1767 3103 dispensatione

1873 3064 2018 3111 runt.
2045 3056 2177 3112 Nam
2201 3057 2524 3112 desiderium
2560 3058 2937 3126 postulantium
2967 3068 3076 3124 est,
3101 3070 3158 3112 ut
3181 3059 3304 3113 licet
3327 3061 3443 3114 ubi-

173 3130 459 3186 liheravit.
512 3126 621 3197 Ipsi
661 3136 840 3182 autem
884 3141 1008 3182 cum
1052 3127 1268 3191 dicitur,
1299 3125 1504 3180 nullum
1546 3126 1769 3181 alterum

171 3220 403 3290 uitelligi
457 3233 618 3287 posse
666 3217 987 3279 declaratur,
1023 3216 1127 3270 nisi
1185 3217 1358 3283 ipsum
1414 3215 1770 3270 mediatorem

167 3311 455 3368 Christum
497 3310 802 3376 Dominum,
846 3310 937 3380 qui
985 3323 1081 3378 per
1133 3309 1274 3362 hunc
1306 3315 1474 3362 totum
1508 3309 1771 3377 psalmum

169 3404 417 3472 loquitur
444 3419 460 3454 :
498 3415 662 3456 orans
693 3401 759 3456 ab
789 3401 1085 3455 humilitate
1120 3409 1384 3468 suscepta:
1409 3399 1616 3466 carnis,
1646 3414 1772 3468 per-

171 3505 495 3551 tecutorum
521 3493 731 3548 debitas
761 3492 999 3546 indicans
1031 3506 1216 3560 poenas
1244 3506 1352 3545 non
1387 3490 1564 3546 studio
1597 3492 1769 3546 male-

175 3587 459 3650 volentia,
489 3584 584 3639 sed
625 3583 1016 3642 contestatione
1054 3581 1322 3636 vindictae.
1357 3581 1664 3636 Notandum
1691 3590 1774 3637 est

175 3679 349 3748 igitur
377 3676 526 3730 hunc
553 3674 820 3746 psalmum
853 3675 1061 3728 tertium
1088 3687 1207 3728 esse
1238 3673 1427 3727 horum
1459 3673 1548 3742 qui
1574 3675 1777 3743 passio-

178 3784 306 3822 nem
362 3776 419 3821 et
473 3764 928 3820 resurrectionem
980 3763 1308 3818 Dominicam
1361 3764 1460 3818 sub
1513 3764 1776 3821 brevitate

176 3865 638 3912 commemorant.

774 3943 967 4000 Divisio
1009 3947 1212 4016 psalmi.

252 4059 440 4113 Prima
473 4058 714 4112 sectione
740 4065 858 4111 orat
889 4055 1144 4110 Dominus
1172 4054 1416 4110 Christus
1447 4069 1540 4122 per
1565 4054 1615 4107 id
1637 4053 1778 4122 quod

177 4153 347 4205 homo
366 4160 458 4204 est
487 4157 544 4202 ut
569 4149 686 4216 ejus
707 4146 951 4201 audiatur
975 4147 1146 4200 oratio
1169 4145 1344 4199 futuro
1377 4154 1617 4212 tempore
1647 4159 1778 4211 pas-

177 4245 369 4297 sionis.
405 4239 666 4296 Secundo
695 4239 891 4308 gratias
921 4239 1053 4307 agit,
1086 4239 1336 4306 quoniam
1369 4237 1650 4290 exauditus
1693 4243 1778 4288 est

179 4337 234 4388 in
279 4335 366 4389 his
395 4348 523 4402 quae
568 4331 680 4386 ﬁeri
711 4330 1034 4400 posmlabat.
1077 4329 1133 4382 In
1182 4329 1285 4382 ﬁne
1331 4327 1520 4396 psalmi
1555 4327 1782 4394 subjun-

1873 3163 1976 3218 que
2003 3149 2167 3204 Deum
2200 3163 2319 3204 esse
2350 3166 2453 3202 non
2482 3150 2768 3219 ambigam,
2797 3149 2865 3204 de
2893 3151 3028 3205 ctelo
3055 3152 3152 3205 sibi
3191 3151 3444 3205 auxilium

1872 3239 2055 3294 venire
2079 3239 2367 3293 coxilidant.
2397 3238 2547 3294 Unde
2587 3250 2638 3292 et
2667 3241 2716 3292 in
2748 3239 3019 3293 Dominica
3049 3241 3286 3294 oratione
3316 3241 3446 3294 dici~

1875 3345 1992 3384 mus
2017 3349 2030 3383 :
2058 3330 2211 3384 Pater
2239 3340 2427 3396 uoster,
2453 3331 2542 3399 qui
2561 3347 2613 3382 es
2639 3332 2689 3382 in
2718 3330 2854 3382 ctelis
2878 3328 3101 3392 (Matth.
3130 3347 3208 3395 vt,
3231 3331 3305 3399 9).
3332 3331 3446 3384 Non

1875 3429 1956 3473 est
1996 3435 2123 3488 ergo
2161 3419 2448 3473 absurdum
2477 3419 2718 3488 templum
2746 3419 2914 3486 accipi
2940 3420 3135 3474 ctelum
3157 3465 3171 3488 ,
3199 3423 3447 3490 quoniam

1877 3510 2085 3565 Domini
2114 3511 2269 3564 sedes
2291 3510 2466 3564 divina
2499 3510 2724 3564 lectione
2753 3519 3092 3564 monstratur.

1951 3602 2100 3657 Vers.
2143 3602 2195 3653 5.
2240 3601 2322 3654 Ne
2350 3602 2504 3654 simul
2525 3601 2700 3653 tradas
2723 3617 2835 3652 cum
2859 3602 3204 3669 peccatoribus
3225 3604 3450 3655 animam

1879 3708 2072 3759 meam,
2105 3701 2150 3744 et
2179 3709 2294 3745 cum
2324 3693 2648 3760 operantibus
2690 3692 3003 3760 iniquitatem
3040 3708 3102 3746 ne
3138 3695 3325 3762 perdas
3351 3710 3451 3747 me.

1879 3781 2015 3848 Quia
2045 3783 2360 3836 moriturum
2393 3795 2452 3835 se
2482 3789 2720 3847 noverat,
2756 3781 2946 3835 merito
2976 3782 3184 3850 petebat
3215 3797 3284 3836 ne
3320 3783 3452 3838 infe-

1879 3876 1954 3928 ris
1983 3875 2173 3928 tradita
2203 3877 2319 3943 ejus
2360 3873 2537 3927 anima
2565 3889 2684 3927 cum
2716 3873 3085 3942 peccatoribus
3113 3875 3450 3942 misceretur,

1880 3978 1973 4023 aut
2002 3985 2116 4022 cum
2142 3967 2468 4036 aper-antibus
2498 3968 2816 4035 iniquitatem
2842 3965 3061 4044 haberet
3080 3964 3309 4034 aliquam
3335 3979 3455 4033 por-

1883 4060 2104 4113 tionem.
2135 4059 2244 4114 Sed
2277 4059 2495 4111 omnino
2525 4055 2831 4110 salutariter
2859 4055 2959 4107 ista
2989 4054 3241 4108 discretio
3268 4054 3336 4107 ab
3365 4055 3455 4108 illo

1880 4151 2100 4221 petitur,
2131 4161 2189 4205 ut
2215 4159 2395 4204 nostra
2419 4162 2542 4217 spes
2570 4147 2633 4201 ad
2659 4155 2776 4201 vota
2806 4147 2928 4200 talia
2958 4146 3284 4210 concitetur;
3313 4148 3455 4215 quod

1882 4256 2068 4296 revera
2101 4241 2348 4310 impleas,
2383 4238 2652 4294 hominem
2683 4251 2713 4292 a
2743 4252 2802 4292 se
2832 4236 2950 4292 ﬁeri
2980 4236 3299 4305 deprecatur
3326 4237 3454 4291 alie-

1885 4345 2034 4385 num.
2066 4330 2165 4386 Ubi
2191 4337 2315 4383 sunt
2344 4329 2418 4382 illi
2448 4328 2541 4398 qui
2568 4327 2839 4382 Christum
2873 4334 3059 4396 putant
3087 4325 3316 4381 animam
3347 4342 3453 4382 non

181 4440 339 4492 gens,
367 4434 428 4477 ut
463 4421 608 4476 sicut
647 4419 761 4488 ipse
791 4420 1076 4474 suscitatus
1105 4428 1186 4472 est
1228 4425 1495 4485 potestate
1525 4415 1779 4469 divinita-
1811 4409 1862 4469 Ι)
1889 4420 2168 4475 habuisse?
2197 4418 2300 4473 Sed
2329 4417 2442 4471 haec
2470 4415 2597 4470 mihi
2622 4415 2870 4469 videntur
2898 4423 2990 4469 aut
3015 4429 3119 4470 non
3144 4414 3340 4486 legere,
3368 4427 3458 4472 aut

181 4517 252 4570 tiu
279 4530 431 4580 sum,
481 4513 556 4567 ita
597 4511 778 4566 salvus
818 4509 908 4562 ﬁat
943 4509 1169 4579 pepulus
1210 4508 1326 4577 ejus
1368 4509 1568 4561 nomini
1599 4506 1776 4560 credi-

183 4619 353 4661 turus.

737 4692 1000 4764 Expositio
1040 4691 1242 4762 psalmi.

261 4810 417 4864 V'crs.
462 4810 512 4862 1.
557 4806 640 4858 Ad
682 4815 760 4868 te,
794 4803 1040 4868 Domine,
1075 4800 1287 4856 clamavi
1307 4816 1326 4864 ,'
1355 4799 1494 4852 Deus
1521 4814 1681 4864 meus,
1713 4816 1775 4852 ne

179 4901 342 4954 alus
390 4916 425 4951 α
477 4913 580 4952 me.
627 4893 874 4950 Christus
921 4893 1176 4946 Dominus
1213 4891 1412 4946 clamat
1453 4889 1520 4944 ad
1564 4889 1773 4943 Patrem

181 5005 438 5060 tempore
470 4987 757 5056 passionis,
788 5002 855 5042 ne
879 4986 946 5040 ab
973 4987 1086 5055 ipso
1115 4985 1292 5053 sileat,
1328 4984 1429 5039 hoc
1453 4995 1568 5051 est,
1597 5001 1661 5040 ne
1685 5001 1776 5054 pe-

183 5083 328 5136 lenti
353 5081 376 5154 [
397 5083 480 5134 ed.
501 5121 517 5143 ,
547 5073 808 5147 patienti]
835 5091 940 5130 non
967 5083 1194 5139 annuat,
1234 5075 1330 5130 sed
1360 5076 1531 5143 magis
1556 5089 1779 5142 respon-

185 5177 337 5227 deat.
367 5169 746 5225 Pulcherrima
774 5183 985 5236 quoque
1010 5167 1298 5222 verborum
1328 5173 1412 5220 est
1440 5167 1572 5219 facta
1602 5165 1778 5220 diver-

185 5269 346 5319 sitas.
373 5263 582 5318 Clamat
627 5260 788 5313 homo
816 5275 878 5312 ne
902 5259 1045 5313 sileat
1068 5259 1229 5322 Deus,
1260 5257 1382 5326 quia
1411 5266 1596 5312 nostro
1619 5257 1784 5310 silen-

189 5359 272 5409 tio
297 5357 387 5410 ille
414 5365 586 5415 tacet,
614 5363 672 5408 et
699 5351 854 5405 nobis
881 5350 1272 5421 negligentibus
1301 5349 1353 5402 in
1384 5349 1644 5403 memoria
1678 5363 1784 5404 non

191 5447 479 5499 iubemur.
531 5441 733 5497 Contra
782 5441 857 5506 si,
909 5440 1138 5495 Domino
1190 5447 1517 5508 praestante,
1564 5439 1784 5508 respici-

193 5551 348 5602 mus,
383 5536 635 5603 respicit;
670 5534 716 5590 si
757 5533 1077 5602 clamamus,
1109 5531 1352 5597 exaudit;
1398 5531 1445 5586 si
1482 5530 1780 5600 diligimus,

191 5644 446 5684 malum
464 5673 478 5690 ,

1882 4528 2000 4582 quae
2028 4512 2250 4580 legerint
2279 4509 2600 4564 omnimodis
2625 4507 2894 4562 oblivisci.

1962 4604 2110 4658 Vers.
2153 4602 2205 4655 4.
2249 4600 2377 4655 Cum
2407 4601 2484 4653 his
2511 4601 2598 4670 qui
2627 4600 2902 4668 loquuntur
2931 4615 3106 4667 pacem
3140 4615 3253 4652 cum
3285 4601 3458 4662 proxi-

1886 4713 1968 4749 mo
1991 4711 2105 4761 suo,
2140 4695 2275 4747 mala
2299 4702 2466 4747 autem
2492 4702 2608 4745 sunt
2646 4692 2700 4744 in
2742 4693 2974 4745 cordibus
3018 4708 3212 4745 eorum.
3245 4691 3457 4748 Judwos

1875 4794 2290 4850 commemorat,
2314 4785 2402 4855 qui
2429 4786 2473 4840 ei
2499 4785 2744 4839 dicebant
2767 4794 3028 4839 tentantes
3060 4802 3073 4838 :
3106 4785 3314 4840 Scimus
3337 4788 3453 4851 quia

1878 4898 1909 4934 a
1940 4880 2042 4934 Deo
2071 4880 2251 4935 venisti
2278 4880 2512 4948 magister
2535 4875 2724 4949 (Joan.
2760 4893 2843 4940 ttt,
2866 4876 2963 4946 9.).
2989 4878 3043 4930 ln
3074 4879 3291 4931 istorum
3322 4893 3449 4946 ergo

1880 4973 2034 5027 labiis
2060 4981 2175 5026 erat
2213 4985 2334 5040 pax,
2365 4970 2456 5024 sed
2485 4970 2534 5022 iu
2566 4969 2727 5023 corde
2767 4968 2986 5022 malitia.
3015 4969 3142 5034 Qua:
3173 4968 3337 5036 ﬁgura
3366 4967 3447 5018 di-

1880 5066 2017 5119 citur
2061 5063 2252 5128 ironia,
2285 5061 2337 5115 id
2366 5070 2446 5114 est
2476 5059 2680 5123 irrisio,
2709 5059 2916 5127 quoties
2957 5057 3152 5126 aliquid
3189 5057 3332 5127 quod
3361 5047 3458 5110 sub

1882 5157 2037 5213 laude
2059 5155 2250 5212 dicitur
2271 5195 2285 5219 ,
2312 5152 2643 5207 intellectum
2661 5149 3065 5218 vituperationis
3091 5148 3290 5211 habere
3312 5165 3461 5201 mon-

1887 5259 2104 5308 stratur.
2158 5247 2400 5301 Proximo
2447 5261 2562 5310 suo,
2612 5243 2676 5298 de
2723 5257 2782 5297 se
2824 5241 2986 5304 dicit,
3020 5242 3142 5310 quia
3181 5240 3258 5294 eis
3286 5239 3460 5310 carnis

1886 5343 2092 5412 origine
2132 5340 2466 5410 jungebatur.
2513 5335 2609 5402 Qui
2649 5335 2791 5404 juste
2831 5331 3307 5392 maledicebantur,
3340 5308 3462 5398 quia

1891 5432 2189 5503 proximum
2220 5430 2481 5484 malitiosa
2514 5427 2735 5497 perdere
2768 5427 3104 5480 festinabant.
3358 5419 3360 5422 ’
3408 5413 3417 5428 ’

1963 5524 2115 5578 Vers.
2158 5519 2210 5574 5.
2257 5520 2334 5574 Da
2359 5520 2463 5572 illis
2493 5520 2768 5572 secmtdum
2795 5517 2948 5585 Opera
2978 5529 3149 5568 eorum
3168 5553 3182 5577 ,
3211 5520 3256 5564 et
3285 5513 3464 5564 secun-

1892 5619 2011 5672 dum
2057 5611 2329 5681 nequitiam
2381 5611 2659 5665 studiorum
2705 5610 2950 5676 ipsorum.
3001 5602 3168 5658 iudici
3217 5604 3462 5659 volentes
