4030 6172
643 237 739 293 195

1848 225 1915 278 Μ.
1950 224 2229 278 AllllElJl
2262 224 2343 275 CA
2357 221 2668 277 SSlODOlil

3802 218 3901 278 136

642 350 847 421 operati
891 355 1013 403 sunt
1056 343 1268 415 quidem
1314 341 1533 403 malum,
1570 339 1661 393 sed
1709 338 1947 393 iecerunt
1978 339 2220 391 nolentes
2248 344 2299 399 Α
2327 340 2537 391 destruit
2576 338 2639 391 ad
2687 348 3105 401 correctionem,
3152 336 3283 391 alios
3327 336 3511 406 dejicit
3561 336 3626 389 ad
3676 338 3900 392 ruinam.

647 446 877 503 bonum;
909 449 967 491 ut
992 442 1217 490 mortem
1246 432 1501 486 inferrent
1530 428 1767 495 Christo,
1798 444 1899 498 qua
1933 444 2077 482 mors
2108 430 2221 497 ipsa

646 535 921 596 ﬁniretur;
952 528 1261 596 sanguinem
1293 524 1605 586 funderent,
1633 537 1743 591 quo
1772 522 1951 575 mundi
1997 522 2220 576 crimina

646 625 971 677 lavarentur.
997 618 1122 673 Ideo
1150 618 1279 687 petit
1318 616 1422 671 illis
1450 617 1563 670 dari
1596 616 1875 670 secundum
1910 632 2063 685 Opera
2089 616 2226 685 ipso-

644 731 780 778 rum,
812 714 861 768 id
891 721 974 767 est
1004 710 1368 775 voluntatem;
1424 712 1543 779 quia
1577 711 1940 779 unusquisque
1968 709 2068 763 hoc
2097 725 2227 778 ope-

645 819 793 860 ratur
820 803 960 875 quod
987 804 1123 857 vult.
1155 800 1285 855 Nam
1315 800 1623 870 frequenter
1651 809 1705 855 et
1736 809 1986 866 praestant
2013 801 2102 868 qui
2131 815 2227 853 no-

644 911 767 950 cere
793 892 1150 958 contendunt,
1175 900 1233 945 ut
1257 891 1501 944 diabolus
1531 890 1673 957 facit,
1704 892 1791 961 qui
1823 893 1945 944 dum
1972 891 2225 945 innocen-

648 986 786 1041 tibus
808 986 998 1053 ingerit
1019 985 1204 1038 mortis
1227 998 1430 1052 poenas,
1452 984 1763 1036 transmittit
1787 994 2047 1053 martyres
2062 985 2128 1038 ad
2146 998 2227 1038 co-

648 1094 825 1133 ronas.
854 1077 1132 1144 Expressit
1162 1090 1370 1144 quoque
1402 1090 1520 1143 qua:
1548 1074 1791 1142 superius
1809 1075 1960 1136 dixit,
1980 1074 2224 1139 dicendo,

650 1168 942 1221 Secundum
974 1167 1251 1235 nequitiam
1274 1165 1561 1218 studiorum
1590 1166 1837 1234 ipsorum,
1868 1164 1919 1218 id
1946 1173 2030 1219 est
2053 1165 2227 1219 ambi-

651 1270 759 1313 tum
792 1260 1011 1326 malum,
1044 1268 1099 1311 ut
1136 1257 1352 1311 innoxio
1376 1266 1659 1321 nocerent;
1685 1266 1739 1311 et
1768 1257 1855 1326 qui
1894 1256 1958 1311 ad
1990 1272 2081 1312 eos
2118 1258 2227 1311 sal-

655 1351 858 1404 vandos
886 1359 1125 1416 venerat,
1157 1349 1316 1402 morti
1351 1348 1560 1403 tradere
1590 1348 1919 1403 maluissent.

717 1444 826 1513 92
855 1442 1007 1494 Vers.
1041 1441 1092 1494 6.
1123 1440 1414 1495 Secundum
1435 1440 1772 1507 operationem
1795 1456 2035 1493 manuum
2056 1453 2232 1493 eorum

651 1534 868 1586 retribuc
890 1532 1026 1594 illis;
1047 1532 1203 1584 redde
1223 1529 1606 1582 retributionem
1628 1544 1803 1581 eorum
1826 1530 1968 1596 ipsis.
1994 1530 2234 1595 Quatuor

652 1634 776 1678 sunt
814 1624 1020 1692 Species
1059 1622 1470 1676 retributionum
1516 1638 1528 1672 :
1570 1635 1795 1690 quarum
1836 1635 1937 1673 una
1966 1630 2081 1684 est,
2111 1636 2231 1675 cum

2325 430 2543 485 l’aulum
2577 429 2879 493 destruxit,
2926 440 2985 485 ut
3032 430 3083 482 in
3131 428 3321 481 melius
3355 436 3728 493 construeret,
3756 436 3809 480 et
3836 427 3906 481 de

2326 530 2666 588 persecutore
2698 521 2991 588 apostolum
3026 521 3252 582 faceret;
3290 516 3382 571 sed
3415 515 3637 584 impium
3671 514 3906 569 Pltarao-

2327 627 2448 667 nem
2491 628 2611 666 cum
2643 612 2802 666 tantis
2834 610 3162 665 mirabilibus
3191 624 3294 662 non
3336 607 3617 673 crederet,
3655 608 3910 663 demersit

2326 705 2630 760 Altissimus
2659 713 2717 758 ut
2746 704 2964 770 periret.
2996 702 3088 756 Sic
3117 716 3243 770 ergo
3274 701 3393 756 illos
3424 700 3553 754 dicit
3590 700 3812 763 destrui,
3852 709 3911 753 ut

2330 815 2435 853 non
2487 798 2678 851 iterum
2722 796 2952 851 debeant
2999 793 3272 847 aediﬁcari.
3317 791 3468 859 Quod
3510 793 3745 859 dictum,
3778 792 3917 845 sicut

2331 904 2477 958 saepe
2506 889 2843 948 monuimus,
2886 886 2951 940 ad
2984 886 3314 955 prophetiam
3349 885 3524 953 potius
3554 884 3762 939 videtur
3792 898 3916 953 per-

2334 982 2507 1034 tinere
2531 995 2691 1049 quam
2720 978 2785 1033 ad
2819 979 3109 1047 iracundia:
3137 976 3471 1046 qualitatem.

2402 1074 2555 1129 Vers.
2600 1074 2652 1126 8.
2695 1071 3001 1125 Benedicth
3050 1069 3332 1133 Dominus,
3379 1071 3619 1139 quoniam
3664 1069 3922 1123 exaudivit

2331 1184 2504 1222 vocem
2535 1152 2906 1235 deprecationis
2931 1181 3073 1219 meae.
3102 1165 3288 1221 Sciens
3314 1165 3629 1232 complenda
3657 1179 3780 1219 esse
3803 1180 3923 1218 om-

2334 1262 2417 1313 nia
2454 1238 2577 1329 Iquze
2620 1259 2863 1327 petebat,
2898 1269 3101 1324 partem
3147 1256 3395 1311 secunda:
3441 1258 3695 1311 sectionis
3736 1258 3922 1323 ingre-

2334 1351 2475 1404 ditur
2502 1366 2517 1404 :
2549 1348 2747 1419 gratias
2776 1364 2937 1416 agens
2980 1350 3121 1418 quod
3153 1348 3450 1403 vindicatus
3491 1348 3561 1402 sit
3590 1350 3656 1402 de
3686 1349 3924 1402 inim'cis

2334 1442 2475 1505 suis,
2517 1442 2642 1495 dum
2682 1442 2857 1495 adhuc
2894 1442 3196 1496 nullatenus
3222 1442 3570 1495 exstitissent.
3604 1441 3728 1495 llzec
3755 1442 3923 1511 ﬁgura

2336 1530 2532 1584 dicitur
2574 1529 2867 1599 prolepsis,
2912 1530 3101 1584 Latine
3133 1531 3545 1598 prmoccupatio,
3575 1532 3791 1598 quando
3835 1548 3924 1587 res

2337 1631 2599 1676 secuturas
2640 1637 2736 1691 pro
2780 1621 3068 1691 praeteritis
3110 1632 3402 1691 ponuntur.
3436 1622 3541 1676 Sed
3573 1622 3927 1693 discutiamus

654 1717 958 1770 tribuuntur
990 1714 1054 1769 ab
1079 1712 1380 1766 hominibus
1408 1711 1544 1764 mala
1578 1726 1672 1779 pro
1695 1711 1872 1773 bonis,
1901 1712 2038 1765 sicut
2063 1712 2234 1765 ,ἰυάωί
2273 1718 2314 1776 Β
2341 1712 2468 1779 quid
2506 1712 2607 1765 sibi
2652 1713 2781 1767 velit
2820 1713 3102 1781 dispositio
3136 1715 3234 1768 ista
3267 1714 3551 1768 verborum
3573 1756 3586 1777 ,
3619 1714 3929 1770 Benedictus

654 1810 865 1862 Christo
892 1806 1249 1867 retribuerunt,
1274 1803 1360 1872 qui
1384 1817 1502 1856 cum
1532 1801 1596 1855 ad
1626 1816 1719 1856 eos
1746 1801 2030 1856 salvandos
2056 1804 2231 1856 venis-

654 1906 759 1962 set,
784 1896 856 1949 illi
877 1911 995 1949 eum
1022 1893 1333 1962 cruciﬁgere
1350 1892 1715 1947 decreverunt.
1735 1892 1915 1946 Altera
1940 1909 2059 1946 cum
2084 1895 2230 1947 retri-

658 1989 828 2040 bttitur
868 1987 1060 2039 bonum
1106 1999 1202 2054 pro
1244 1984 1403 2047 bono,
1453 1983 1663 2051 quando
1710 1984 1852 2038 dicet
1878 1985 2019 2040 Deus
2047 1986 2233 2039 electis

653 2083 764 2136 suis
807 2099 819 2132 :
856 2079 1056 2140 Venite,
1092 2078 1338 2133 benedicti
1386 2075 1561 2130 Patris
1588 2078 1716 2143 mei,
1762 2078 2001 2146 percipite
2029 2092 2232 2145 regnum

652 2174 790 2244 quod
815 2173 947 2225 robis
981 2180 1215 2239 paratum
1245 2182 1315 2223 est
1357 2170 1419 2222 ab
1459 2171 1602 2222 initio
1640 2171 1816 2222 mundi
1842 2169 2073 2241 (Matth.
2107 2185 2229 2234 xxv,

659 2262 728 2314 54
751 2262 791 2331 ).
823 2261 1001 2316 Tertia
1033 2276 1151 2314 cum
1182 2258 1420 2312 retribuet
1452 2258 1645 2312 malum
1692 2274 1788 2327 pro
1829 2260 1990 2324 malo,
2022 2259 2234 2327 quando

651 2354 890 2409 dicturus
916 2361 1000 2407 est
1028 2353 1205 2422 impiis
1234 2370 1246 2403 :
1277 2350 1358 2404 Ite
1387 2353 1439 2403 in
1469 2352 1632 2421 ignem
1663 2360 1938 2417 internum,
1970 2354 2056 2419 qui
2082 2369 2235 2419 para-

651 2456 732 2498 tus
755 2453 824 2497 est
848 2444 1047 2496 diabolo
1071 2451 1118 2494 et
1140 2442 1330 2512 angelis
1352 2442 1461 2510 ejus
1484 2438 1714 2508 (Ibidem
1730 2481 1743 2503 ,
1769 2439 1830 2493 41
1858 2441 1913 2510 );
1939 2442 2230 2496 secundum

653 2534 816 2597 illud,
861 2532 1105 2587 Mensura
1141 2548 1242 2601 qua
1282 2532 1439 2584 mensi
1484 2531 1714 2599 fueritis,
1758 2530 1811 2584 in
1847 2532 2023 2585 eadem
2069 2548 2233 2586 rente.

654 2631 802 2682 tietur
828 2628 963 2680 vobis
987 2626 1005 2697 (
1029 2626 1156 2679 Luc.
1187 2640 1269 2686 Vl,
1296 2624 1363 2678 58
1386 2624 1429 2693 ).
1461 2623 1657 2690 Quarta
1686 2638 1807 2677 cum
1836 2625 2070 2678 retribuit
2092 2625 2231 2693 quod

654 2720 742 2775 hic
770 2721 930 2782 dicit,
964 2720 1160 2772 bonum
1194 2731 1289 2785 pro
1320 2716 1480 2778 malo,
1513 2724 1572 2770 ut
1600 2716 1688 2784 qui
1722 2726 2093 2785 persecutores
2132 2734 2228 2771 ex-

650 2814 917 2873 stiterunt,
952 2812 1079 2862 tiant
1106 2808 1388 2870 conversi,
1420 2816 1603 2876 postea
1651 2808 1980 2866 laudatores.
2036 2809 2231 2864 Verum

651 2903 750 2955 ista
780 2900 956 2956 omnia
987 2914 1104 2968 quae
1131 2899 1198 2954 de
1245 2898 1475 2954 inimicis
1503 2900 1615 2954 suis
1657 2900 1926 2969 praedicit,
1972 2916 2076 2955 non
2108 2912 2233 2956 sunt

651 3001 772 3045 vota
820 2992 1067 3055 malitiae,
1117 2990 1212 3045 sed
1262 2990 1599 3059 prmscieutia
1648 2990 1969 3047 futurorum.
2014 2992 2146 3048 Nam
2179 2994 2230 3048 in

2338 1804 2611 1868 Dominus,
2636 1805 2878 1874 quoniam
2902 1806 3196 1868 exaudivit;
3217 1808 3311 1874 qui
3332 1816 3413 1861 est
3438 1808 3623 1875 utique
3642 1850 3657 1873 ,
3689 1811 3791 1862 etsi
3826 1825 3930 1862 non

2334 1896 2619 1961 exaudiat,
2677 1895 2985 1949 benedictus.
3024 1896 3142 1949 Sed
3191 1896 3506 1949 benedictum
3552 1898 3768 1967 proprie
3798 1898 3931 1951 dici-

2336 2005 2477 2055 mus,
2510 1989 2596 2042 cui
2624 1988 2825 2057 gratias
2852 1989 3080 2057 agimus,
3116 1987 3166 2041 id
3197 1997 3281 2041 est
3306 1989 3521 2057 quando
3549 1988 3621 2043 illi
3655 1989 3935 2044 benedici-

2337 2097 2473 2135 mus.
2505 2083 2643 2149 Apte
2668 2095 2796 2150 ergo
2822 2081 3051 2149 positum
3076 2089 3186 2146 est,
3211 2081 3523 2144 benedictus,
3553 2082 3643 2149 qui
3670 2083 3936 2136 exaudire

2338 2172 2586 2242 dignatus
2613 2181 2714 2225 est.

2421 2261 2568 2315 \‘ers.
2610 2262 2665 2316 9.
2711 2260 2961 2315 Dominus
2991 2263 3201 2334 adjutor
3230 2282 3370 2319 meus
3396 2276 3440 2321 et
3473 2276 3723 2334 protector
3755 2280 3937 2331 metis;

2339 2359 2386 2402 et
2413 2351 2464 2403 in
2488 2352 2596 2418 ipso
2624 2353 2839 2422 speravit
2870 2367 2954 2404 cor
2979 2369 3171 2420 meum,
3199 2365 3244 2409 et
3271 2358 3479 2427 adjutus
3508 2374 3639 2411 sum.

2408 2442 2559 2495 Vers.
2605 2442 2690 2497 10.
2733 2442 2799 2495 Et
2833 2445 3062 2511 reﬂoruit
3101 2463 3220 2499 caro
3270 2464 3414 2511 mea,
3461 2459 3506 2502 et
3550 2465 3617 2503 ea;
3666 2450 3941 2502 voluntate

2338 2550 2448 2588 mea
2475 2535 2751 2603 conﬁtebor
2773 2535 2869 2588 illi.
2901 2536 3120 2602 Adiutor
3148 2538 3213 2591 ad
3246 2540 3476 2608 pericula
3509 2540 3629 2593 vita:
3659 2540 3930 2608 pertinet,

2338 2644 2454 2695 qua:
2484 2628 2599 2696 ipso
2643 2628 2930 2698 adjuvante
2974 2632 3267 2699 superavit.
3317 2631 3601 2697 Protector,
3646 2632 3769 2701 quia
3806 2646 3943 2685 eum

2346 2718 2413 2771 ab
2468 2717 2674 2771 insidiis
2716 2718 2990 2774 diabolicis
3033 2734 3128 2774 sua
3174 2721 3485 2775 defensioue
3516 2722 3768 2776 vallavit.
3834 2722 3950 2776 Sed

2342 2817 2620 2877 postquam
2648 2809 2746 2863 ista
2771 2809 2908 2863 facta
2930 2820 3091 2873 sunt,
3121 2810 3348 2866 ﬁdeliter
3375 2802 3434 2867 se
3458 2811 3585 2866 dicit
3607 2827 3849 2879 sperasse
3880 2813 3952 2866 de

2341 2898 2584 2953 Domino.
2614 2900 2742 2953 Nam
2773 2914 2895 2954 cum
2926 2899 3085 2966 dicit,
3125 2916 3213 2954 cor
3243 2918 3437 2965 meum,
3466 2902 3657 2955 anima:
3685 2902 3954 2972 designat

2343 3004 2598 3044 arcanum
2616 3030 2630 3052 ,
2652 2989 2794 3059 quod
2824 2990 3143 3045 sacriﬁcium
3170 3001 3379 3047 constat
3406 3007 3523 3048 esse
3544 2992 3789 3063 iustitia.
3823 2996 3947 3048 Ade

652 3083 939 3152 Evangelia
970 3082 1099 3137 dicit
1128 3099 1141 3136 :
1174 3079 1351 3146 Pater,
1384 3082 1580 3134 dimitte
1608 3082 1735 3147 illis,
1768 3100 1869 3137 non
1895 3085 2028 3138 enim
2070 3087 2236 3138 sciunt
2266 3076 2311 3138 C
2342 3078 2474 3133 didit
2496 3093 2711 3149 quoque
2731 3079 3173 3152 iterum,adjutus
3194 3090 3423 3147 sum;ut
3444 3092 3697 3153 quantum
3718 3083 3949 3152 impen-

652 3175 773 3239 quid
815 3176 1006 3240 faciunt
1044 3171 1212 3242 (Luc.
1258 3186 1416 3235 χχιιι,
1450 3169 1581 3242 δι).
1615 3170 1718 3225 Sed
1761 3183 2042 3242 utrumque
2087 3174 2231 3243 pium

650 3275 759 3326 e52;
795 3266 877 3316 hic
905 3262 1046 3315 enim
1074 3260 1433 3315 comminatur
1460 3270 1517 3313 ut
1549 3270 1785 3328 terreat,
1815 3277 1880 3316 ne
1906 3264 2108 3318 scelera
2139 3281 2231 3322 sua

653 3352 1067 3419 praesumptione
1111 3350 1394 3418 desperata
1446 3350 1753 3418 perﬁciant;
1790 3352 1860 3406 ibi
1901 3362 2077 3409 autem
2110 3371 2233 3410 cum

653 3442 872 3508 patitur,
904 3448 1022 3494 orat
1048 3448 1107 3493 ut
1129 3441 1194 3492 ad
1223 3439 1607 3501 paenitudinem
1633 3457 1819 3497 eorum
1847 3448 2008 3499 corda
2042 3448 2235 3515 perdu-

653 3541 753 3584 cat.
783 3530 887 3585 Nec
918 3538 1066 3583 vacat
1094 3528 1234 3598 quod
1268 3528 1425 3583 toties
1454 3532 1774 3586 sententiam
1808 3534 1975 3603 ipsius
2009 3538 2235 3591 terroris

652 3621 895 3685 iteravit,
927 3631 984 3674 ut
1013 3620 1173 3674 corda
1207 3619 1413 3689 lapidea
1445 3636 1654 3691 magnae
1689 3626 2117 3682 comminationis
2148 3630 2233 3683 in-

653 3713 842 3769 cendio
872 3715 1230 3769 salvarentur.

724 3806 877 3861 Vers.
920 3806 972 3858 7.
1016 3805 1272 3873 Quoniam
1305 3823 1403 3861 non
1433 3809 1785 3865 intellexerunt
1812 3827 1967 3881 opera
1996 3812 2231 3881 Domini,

653 3906 699 3949 et
722 3898 772 3949 in
795 3912 947 3966 Opera
970 3912 1211 3949 manuum
1232 3900 1341 3968 ejus
1368 3915 1469 3951 non
1499 3900 1937 3955 considerauerunt
1967 3920 1984 3966 ;
2012 3904 2238 3960 destrues

653 3987 799 4050 i.'los,
833 4003 922 4041 nec
948 3987 1225 4055 aadificabis
1251 4004 1357 4043 eos.
1388 3988 1733 4057 Superiorem
1761 3994 1959 4048 excolit
1988 4010 2230 4051 sensum.

659 4078 793 4132 Dicit
817 4080 956 4132 enim
976 4118 992 4141 ,
1025 4078 1144 4131 ideo
1193 4078 1390 4133 debere
1419 4080 1523 4133 illis
1555 4081 1723 4144 reddi,
1753 4084 1873 4153 quia
1909 4101 2010 4138 non
2034 4087 2236 4141 intelle-

650 4175 832 4222 xerunt
873 4184 1027 4238 opera
1061 4166 1285 4222 Domini.
1335 4168 1504 4238 Opera
1549 4171 1815 4240 siquidem
1861 4174 1978 4242 ejus
2014 4176 2143 4243 fuit,
2180 4187 2238 4231 ut

652 4258 865 4312 doceret
896 4259 1145 4326 pepulum
1178 4262 1315 4313 viam
1348 4261 1588 4315 veritatis
1618 4272 1672 4317 et
1700 4263 1855 4329 ﬁdei,
1886 4275 1940 4320 et
1970 4283 2031 4320 ex
2071 4282 2239 4324 sacra:

652 4348 1033 4401 incarnationis
1086 4364 1283 4403 arcano
1334 4352 1701 4406 reconciliaret
1758 4352 2027 4409 hominem
2085 4358 2232 4419 Deo;

2337 3172 2562 3228 alebatur
2579 3188 2707 3243 pura
2728 3174 2963 3241 devotio,
2978 3182 3181 3231 tantum
3199 3186 3253 3232 et
3268 3176 3515 3247 adjutorii
3533 3189 3805 3234 cresceret
3829 3194 3954 3232 ma-

2341 3265 2587 3334 gnitudo.
2614 3265 2757 3321 Bene
2786 3275 2964 3321 autem
2996 3267 3130 3323 dixit
3161 3286 3175 3321 :
3206 3269 3459 3339 Reﬂoruit
3491 3286 3611 3324 caro
3642 3286 3774 3335 mea,
3812 3272 3954 3339 quia

2338 3368 2394 3411 et
2423 3357 2595 3426 primo
2631 3358 2861 3414 ﬂoruit:
2896 3358 3093 3429 quippe
3134 3374 3252 3428 quae
3292 3374 3359 3414 ex
3403 3359 3616 3429 Virgine
3656 3359 3775 3413 sine
3814 3375 3959 3429 pec-

2341 3456 2459 3501 cato
2489 3458 2738 3518 tanquam
2764 3449 3103 3519 pulcherrimi
3133 3450 3280 3505 ﬂoris
3305 3452 3569 3522 singulare
3600 3450 3767 3507 decus
3803 3454 3955 3507 emi-

2338 3541 2475 3606 cuit,
2507 3541 2645 3596 sicut
2674 3541 2837 3597 lsaias
2860 3541 2988 3596 dicit
3014 3559 3029 3597 :
3066 3543 3130 3595 Et
3159 3544 3253 3612 flos
3278 3545 3339 3597 de
3362 3546 3535 3598 radice
3556 3546 3665 3614 ejus
3694 3550 3959 3601 ascendet

2342 3629 2494 3700 (lsa.
2548 3647 2630 3698 xi,
2680 3632 2772 3703 1).
2819 3631 3070 3703 Reﬂoruil
3109 3648 3237 3703 ergo
3279 3633 3545 3703 signiﬁcat
3583 3639 3947 3694 resurrexit:

2343 3724 2495 3794 quasi
2514 3725 2564 3778 in
2584 3725 2847 3780 aethereos
2860 3739 3014 3780 auras
3027 3726 3325 3781 admirabili
3343 3728 3536 3783 decore
3552 3731 3827 3799 prorupit.
3854 3732 3963 3787 Se-

2343 3816 2543 3882 quitur,
2568 3827 2616 3871 et
2643 3833 2704 3870 ea:
2733 3817 2988 3870 uoluntate
3015 3833 3126 3871 mea
3156 3818 3430 3887 confitebor
3458 3818 3571 3887 illi,
3604 3832 3723 3888 post
3753 3837 3958 3876 resup-

2345 3907 2637 3961 rectionem
2679 3907 2916 3976 scilicet,
2962 3909 3175 3977 quando
3206 3909 3432 3963 humana
3475 3922 3659 3965 natura
3701 3912 3907 3969 fuerat
3934 3931 3963 3970 a

2342 3998 2687 4067 corruptione
2732 3997 2988 4063 lib-erata,
3030 4008 3084 4052 et
3123 3998 3188 4051 ad
3233 3999 3657 4055 inaestimabilem
3697 4002 3971 4071 gloriam

2344 4104 2683 4159 permanens,
2714 4089 2764 4144 in
2794 4088 2954 4145 Verbi
2987 4089 3190 4144 unitate
3219 4089 3493 4158 perducta.

2412 4180 2565 4235 Vers.
2611 4182 2696 4235 ll.
2734 4181 2983 4235 Dominus
3011 4182 3262 4251 fortitudo
3290 4182 3449 4251 plebis
3490 4198 3625 4246 sure,
3663 4192 3711 4236 et
3753 4196 3969 4252 praua

2344 4279 2451 4323 ctor
2479 4270 2781 4323 salutarium
2805 4271 2992 4325 Christi
3019 4273 3095 4325 sui
3125 4283 3216 4325 est.
3251 4271 3431 4325 Brevis
3463 4286 3761 4341 magnaque
3799 4276 3971 4330 deli-

2345 4361 2497 4414 nitio.
2520 4361 2657 4425 Quid
2679 4373 2761 4416 est
2785 4361 3076 4417 Dominus?
3101 4363 3349 4431 fortitudo
3378 4364 3536 4432 plebis
3565 4379 3691 4419 sum.
3712 4364 3977 4435 Merito,

653 4448 913 4505 quatenus
941 4438 1027 4492 ubi
1056 4432 1158 4492 non
1189 4447 1396 4501 poterat
1419 4442 1601 4495 vitiata
1631 4453 1818 4495 natura
1847 4447 2231 4515 conscendere,
2268 4456 2319 4515 D
2344 4452 2555 4518 quando
2588 4452 2810 4507 adversa
2850 4465 3040 4508 cuncta
3090 4454 3204 4522 ipso
3243 4453 3536 4509 auxiliante
3582 4432 3977 4524 superantur;

655 4526 943 4582 Do'minica:
971 4529 1290 4584 visitationis
1317 4547 1537 4586 munere
1563 4535 1884 4601 perveniret.
1917 4537 1982 4589 Et
2005 4554 2072 4592 ne
2101 4538 2232 4593 Filio

656 4616 744 4670 Dei
778 4630 901 4671 vera
931 4617 1145 4672 docenti
1190 4634 1340 4674 mens
1379 4621 1645 4675 obstinata
1690 4638 1792 4677 non
1832 4628 2095 4691 crederet,
2133 4632 2230 4685 hoc

654 4723 865 4775 quoque
893 4710 1268 4765 miraculorum
1303 4712 1594 4781 ingentium
1642 4715 1837 4771 virtute
1881 4717 2135 4785 ﬁrmavit;
2178 4732 2232 4777 ut

652 4797 792 4865 quod
841 4800 1197 4869 intelligerent
1234 4801 1402 4856 Judaei
1433 4818 1770 4859 communem
1817 4807 2084 4864 hominem
2119 4828 2225 4867 non

652 4902 809 4955 posse
858 4888 1059 4954 facere,
1105 4890 1206 4946 hoc
1234 4893 1506 4948 evidenter
1537 4908 1890 4965 agnoscerent
1934 4904 2223 4968 potentiam

652 4978 956 5034 Divinitatis
986 4982 1225 5050 implere.
1259 4985 1361 5040 Sed
1393 4987 1463 5039 illi
1497 4988 1773 5043 dementes
1794 5033 1807 5055 ,
1840 4992 1964 5045 dum
1998 5004 2227 5050 tantum-

650 5069 812 5124 modo
835 5069 1101 5127 hominem
1127 5075 1379 5140 credunt,
1402 5077 1594 5133 Filium
1617 5080 1711 5135 Dei
1735 5081 1836 5136 dici
1862 5083 2228 5153 indignissime

652 5161 1005 5227 pertulerunt.
1036 5164 1306 5235 Sequitur,
1347 5178 1394 5221 et
1431 5171 1485 5222 in
1523 5186 1676 5237 apera
1718 5189 1959 5228 manuum
1987 5180 2098 5247 ejus
2126 5196 2226 5251 non

649 5254 1113 5309 consideraverunt.
1144 5257 1329 5326 Utique
1352 5259 1395 5313 si
1421 5263 1869 5329 considerassent,
1892 5282 1953 5321 ex
1963 5270 2229 5335 pavissem

650 5344 825 5411 potius
851 5362 1009 5414 quam
1039 5351 1396 5416 sprevissent,
1432 5353 1731 5420 plorassent
1759 5371 1915 5425 quam
1941 5363 2229 5429 conspuis-

649 5445 800 5502 scnt,
843 5438 1156 5494 adorassent
1184 5455 1340 5509 quam
1372 5444 1781 5501 crueilixissent.
1816 5448 1944 5505 Tale
1966 5456 2106 5505 en'm
2135 5468 2225 5507 sa-

648 5527 920 5597 crilegium
969 5529 1087 5584 aliis
1129 5533 1413 5599 provenire
1457 5550 1561 5591 non
1607 5539 1808 5607 potuit,
1861 5542 1961 5596 nisi
2006 5544 2107 5597 illis
2137 5546 2225 5613 qui

649 5618 884 5674 veritatis
914 5620 1317 5685 intelligentiam
1346 5625 1711 5695 perdiderunt.
1749 5631 1888 5687 Deus
1919 5632 2058 5687 enim
2090 5634 2227 5689 alios

2341 4541 2607 4597 Protector
2638 4552 2720 4597 est
2746 4544 2937 4605 etiam,
2970 4545 3221 4612 quoniam
3253 4559 3345 4599 eos
3375 4545 3504 4614 tegit
3542 4555 3597 4600 et
3642 4548 3867 4603 liberat
3903 4552 3991 4606 ab

2340 4635 2736 4687 imminentibus
2763 4635 2938 4687 malis.
2967 4633 3287 4688 Salutarfum
3306 4676 3320 4700 ,
3347 4649 3406 4688 ac
3428 4638 3470 4688 si
3494 4635 3730 4701 diceret,
3757 4639 3993 4707 iusto-

2338 4740 2485 4785 rum,
2517 4739 2740 4792 quorum
2780 4724 2928 4777 salus
2957 4733 3039 4777 est
3078 4724 3350 4779 Dominus.
3394 4726 3535 4780 Bene
3565 4735 3744 4781 autem
3780 4734 3995 4789 addi-

2337 4820 2444 4883 dit,
2481 4815 2670 4871 Christi
2707 4817 2807 4878 sui,
2846 4826 2903 4871 ut
2944 4817 3132 4872 Filium
3178 4818 3268 4872 Dei
3309 4818 3587 4875 debuisses
3615 4821 3993 4885 advertere,

2335 4908 2524 4962 Christi
2561 4908 2702 4963 enim
2744 4908 3056 4963 dicebantur
3099 4921 3151 4963 et
3196 4911 3411 4973 caeteri,
3443 4926 3576 4980 quos
3610 4924 3702 4968 aut
3743 4922 4005 4976 unctio

2334 5000 2547 5069 regalis,
2574 5008 2663 5051 aut
2693 4998 3040 5053 sacerdotalis
3067 5000 3231 5068 gloria
3261 5001 3572 5058 decorabat.

2406 5092 2554 5145 νοτε.
2598 5089 2685 5144 12.
2728 5089 2942 5145 Salvum
2978 5092 3063 5160 [ac
3102 5094 3345 5160 populum
3387 5105 3562 5163 tuum,
3594 5095 3891 5165 Domine,
3940 5118 4006 5161 es

2330 5182 2531 5236 beneiic
2560 5180 2908 5235 Itatreditatem
2948 5190 3127 5249 tuam;
3161 5195 3206 5236 et
3246 5201 3363 5257 rege
3396 5202 3513 5251 eos,
3541 5196 3587 5241 et
3617 5189 3841 5246 catella
3885 5211 4009 5251 eos

2332 5288 2485 5341 usque
2515 5272 2566 5325 in
2595 5283 2860 5325 internum.
2901 5272 3028 5327 Orat
3058 5273 3358 5329 humanitas
3402 5276 3556 5331 Verbi
3599 5292 3696 5345 pro
3723 5288 4010 5354 pOpulo

2332 5363 2657 5426 Christiano,
2693 5373 2906 5430 propter
2943 5380 3100 5432 quem
3136 5374 3186 5421 et
3230 5369 3484 5437 probatur
3525 5379 3884 5441 assumpta;
3935 5393 4010 5438 υι

2330 5454 2691 5506 satisfactione
2724 5452 2862 5507 lideli
2890 5454 3069 5507 salvus
3112 5455 3200 5508 llat
3241 5457 3294 5511 in
3326 5456 3427 5512 hoc
3453 5458 3676 5526 mundo,
3706 5460 3837 5519 ubi
3879 5485 4010 5527 ex-

2334 5545 2499 5612 posita
2533 5542 2837 5597 Judteorum
2882 5543 3204 5611 probabatur
3242 5560 3363 5603 esse
3394 5549 3659 5617 periculis.
3691 5547 4010 5617 Benedic

2333 5645 2511 5690 autem
2553 5634 2893 5687 hisreditatem
2922 5642 3085 5702 tuam,
3118 5637 3182 5691 ad
3208 5637 3440 5694 futurum
3463 5641 3728 5709 judicium
3775 5653 4010 5717 per“.
