4030 6172
250 272 265 320 1
282 267 348 320 )7

1172 259 1530 317 EXPOSITIO
1574 261 1636 315 IN
1680 259 2133 315 PSALTEllIUM.
2181 258 2373 314 I‘SAL.
2418 259 2653 317 XXVIII.

3443 274 3547 336 198

248 387 380 441 net,
417 374 631 446 quando
668 372 951 429 dicendum
996 381 1076 426 est
1110 393 1119 424 :
1151 371 1355 437 l’en’te,
1401 373 1646 425 benedicti
1687 372 1857 425 Patris
1889 383 1930 437 Α
1964 371 2083 425 liter
2113 374 2383 439 pertinere
2413 372 2678 441 frequenti
2710 375 2937 432 lectione
2982 378 3300 435 drclaralur.
3342 382 3448 442 Sed
3485 401 3541 445 ιη

246 471 351 519 εκεῖ
372 507 389 529 ,
430 465 671 536 percipitc
696 481 907 533 regnum
935 464 1069 531 quod
1094 463 1228 517 vobis
1257 474 1491 531 paratum
1513 472 1593 516 .est
1621 464 1682 515 ab
1708 464 1852 515 initio

250 560 443 612 mundi
472 558 491 629 (
520 556 705 610 Malllt.
739 572 873 621 xxv,
906 554 1037 624 51b).
1091 555 1154 609 Et
1201 565 1261 610 ut
1307 556 1622 611 charitatem
1666 572 1849 619 suam,

250 667 421 719 quam
453 648 729 719 prmcipit,
762 647 1056 703 evidentius
1096 649 1450 718 approbaret,
1484 651 1675 703 iterum
1719 647 1853 717 petit

252 752 307 795 ut
338 742 396 795 in
435 741 540 794 hoc
568 739 769 794 mundo
800 739 1021 794 devotos
1067 743 1287 808 populos
1327 753 1487 811 regat,
1521 756 1588 795 ne
1618 739 1849 794 carnalia

250 832 679 900 concupiscant,
703 846 771 885 ne
798 832 913 885 vias
940 846 1129 900 pravas
1155 831 1379 901 eligant;
1406 832 1495 886 sed
1522 831 1686 900 ipsius
1711 833 1852 901 regi-

251 924 403 979 mine
436 923 755 989 illuminati,
790 924 1028 978 nesciant
1053 925 1331 993 collegium
1359 924 1556 980 habere
1582 941 1702 979 cum
1735 941 1851 992 pes-

248 1019 433 1071 simis.
464 1017 708 1083 Addidit,
737 1016 923 1072 eztolle
950 1033 1056 1085 eos,
1085 1030 1139 1072 ut
1170 1019 1219 1073 in
1252 1019 1522 1073 intellectu
1552 1020 1846 1087 Scriptura-

251 1124 374 1161 rum
397 1148 414 1172 ,
446 1117 505 1161 et
536 1107 588 1161 in
619 1123 780 1176 opt-re
824 1118 1028 1171 sancto,
1078 1108 1323 1162 laudabili
1368 1109 1660 1163 intentione
1688 1107 1852 1178 proli-

250 1203 439 1265 ciant;
472 1210 741 1270 quatenus
769 1214 797 1253 a
831 1186 1057 1255 terrenis
1096 1202 1236 1255 vitiis
1276 1201 1508 1270 purgati,
1544 1200 1607 1255 ad
1650 1213 1848 1255 aeterna

250 1294 485 1363 premia
518 1291 877 1361 perducantur
901 1293 1090 1346 evecti.
1123 1292 1189 1345 Et
1216 1292 1317 1345 hoc
1341 1293 1490 1361 petiit
1511 1293 1707 1346 debere
1736 1290 1846 1347 lieri

252 1397 429 1452 usque
457 1383 514 1436 in
542 1382 795 1437 szeculum
818 1424 832 1447 ,
859 1381 1063 1436 scilicet
1092 1399 1183 1449 per
1206 1392 1371 1437 totum
1396 1386 1537 1437 hunc
1565 1383 1849 1446 mundum;

248 1475 342 1530 ubi
374 1474 580 1530 sacula
613 1483 738 1529 sunt
763 1491 932 1544 usque
957 1476 1021 1529 ad
1050 1476 1175 1529 illud
1201 1478 1457 1529 saeculum
1482 1486 1739 1531 aeternum
1764 1479 1848 1531 cui

250 1567 467 1623 nullum
498 1566 642 1621 aliud
671 1583 764 1636 pro
791 1581 885 1621 sua
913 1568 1244 1635 perennitate
1273 1568 1529 1624 succedit.

804 1678 1075 1733 Conclusio
1111 1682 1314 1750 psalmi.

320 1794 572 1851 Audistis
620 1794 858 1865 psalmus
886 1794 985 1849 iste
1025 1809 1126 1864 qua
1171 1796 1364 1862 pietate
1407 1794 1695 1849 conclusus
1738 1803 1843 1848 est.

248 1886 486 1959 Rogavit
516 1901 615 1955 pro
645 1886 819 1951 nobis,
848 1885 938 1955 qui
968 1897 1152 1940 oratur
1180 1887 1246 1940 ab
1276 1886 1499 1954 angelis.
1530 1887 1704 1941 JUdl‘X
1734 1901 1851 1939 om-

246 1982 399 2034 nium
422 1986 797 2034 creaturarum
822 1978 1106 2032 advocatus
1128 1989 1213 2033 eSt
1236 1988 1451 2043 noster;
1475 1987 1527 2033 et
1550 1988 1653 2033 uta
1679 1988 1852 2033 morte

244 2070 625 2140 potuissemus
654 2068 828 2137 eripi,
869 2070 983 2136 ipse
1014 2071 1179 2139 magis
1206 2070 1364 2140 elegit
1401 2071 1593 2124 occidi.
1630 2071 1850 2136 lmpleta

245 2171 329 2218 est
358 2164 418 2216 in
468 2162 573 2216 hoc
622 2162 827 2231 psalmo
874 2162 982 2232 93
1033 2162 1286 2231 praedicta
1332 2164 1513 2231 regula
1562 2162 1851 2217 Dominicze

245 2256 547 2324 passionis.
597 2256 780 2309 Oravit
809 2263 933 2310 ante
973 2254 1308 2311 traditionem
1353 2270 1501 2310 suam
1537 2273 1550 2309 :
1584 2256 1650 2311 dc
1680 2256 1852 2310 cruci-

246 2344 451 2401 ﬁxione
481 2347 693 2416 propria
713 2390 725 2408 ,
758 2356 814 2400 et
866 2346 933 2401 de
960 2332 1351 2402 resurrectione
1380 2347 1584 2401 locutus
1615 2355 1723 2411 est;
1758 2361 1851 2411 po-

245 2445 458 2492 stremo
511 2453 607 2507 pro
651 2437 907 2492 fidelibus
948 2439 1218 2504 exoravit,
1258 2438 1430 2506 utqui
1461 2439 1507 2492 ei
1543 2445 1853 2492 meruerunt

245 2530 511 2592 credere,
542 2537 798 2597 perpetua
825 2528 1052 2582 debeant
1084 2528 1456 2583 benedictione
1487 2528 1740 2598 gaudere.

492 2642 856 2698 EXPOSITIO
898 2643 961 2697 IN
1008 2642 1334 2698 PSALMUM
1380 2642 1619 2697 XXVIII.

362 2757 620 2813 Psalmus
647 2756 816 2810 David
845 2756 897 2808 in
924 2756 1352 2809 consummatione
1382 2755 1721 2809 tabernaculi.

313 2868 591 2934 Quoniam
621 2866 976 2936 praecedentia
1002 2867 1163 2921 verba
1197 2867 1307 2937 jam
1339 2877 1460 2920 nota
1489 2876 1643 2931 sunt,
1677 2876 1848 2921 restat

242 2969 301 3014 ut
328 2959 826 3013 consummationem
856 2957 1168 3010 tabernaculi
1195 2957 1356 3026 paulo
1380 2957 1686 3026 diligentius
1716 2973 1843 3025 per-

236 3051 477 3121 quirere
516 3048 824 3104 debeamus.
874 3046 1258 3102 Consummatio
1303 3050 1620 3102 tabernaculi
1667 3048 1845 3118 perfe-

234 3148 491 3202 ctionem
535 3143 798 3214 signiﬁcat
836 3142 1094 3198 Ecclesia:
1120 3142 1429 3210 catholicze,
1460 3158 1579 3211 qua:
1602 3142 1713 3212 jam
1742 3159 1835 3212 per

234 3248 419 3293 totum
464 3236 644 3291 orbem
678 3235 934 3305 probatur
972 3248 1094 3290 esse
1123 3244 1449 3289 constructa.
1498 3234 1838 3289 Tabernaculi

235 3330 384 3384 enim
422 3327 643 3382 nomine
673 3326 725 3380 in
758 3326 860 3381 hoc
886 3325 1086 3380 mundo
1118 3326 1287 3393 posita
1318 3325 1623 3380 declaratur
1654 3326 1839 3383 Eccle-

238 3422 341 3487 sia,
363 3434 496 3492 qua:
514 3428 702 3473 eontra
727 3417 960 3476 carnalia
980 3418 1107 3472 vitia
1132 3417 1270 3472 bella
1293 3432 1506 3487 gerens,
1533 3418 1724 3473 merito
1747 3433 1839 3473 ex-

238 3510 592 3581 peditionalis
639 3509 924 3563 habitaculi
977 3524 1173 3563 nomen
1224 3510 1450 3577 accepit.
1496 3509 1835 3578 Quapropter

240 3604 379 3658 hunc
405 3601 677 3670 psalmum
699 3599 989 3655 Christiani
1012 3600 1275 3669 dogmatis
1295 3600 1497 3655 honore
1521 3601 1833 3669 pollentem,

240 3704 357 3761 post
410 3690 801 3762 perfectionem
858 3692 1123 3758 generalis
1173 3691 1461 3757 Ecclesia},
1512 3694 1566 3747 in
1616 3693 1833 3748 laudem

246 3784 485 3852 Spiritus
524 3782 695 3836 sancti
738 3783 995 3850 propheta
1022 3782 1303 3848 decantat;
1334 3792 1392 3836 ut
1425 3784 1547 3852 quia
1578 3794 1721 3839 tanta
1747 3800 1835 3840 res

240 3888 333 3942 per
362 3872 665 3943 prophetas
692 3880 748 3927 et
772 3874 1046 3943 apostolos
1080 3872 1232 3929 beata
1276 3873 1656 3943 praedicatione
1687 3890 1834 3930 com-

239 3964 384 4032 plet:
423 3972 534 4028 est,
576 3972 944 4033 competenter
984 3965 1099 4032 ejus
1128 3964 1371 4037 laudibus
1395 3976 1700 4022 ornaretur.
1738 3969 1834 4023 Est

239 4055 385 4108 enim
412 4062 559 4108 totus
580 4054 817 4123 psalmus
837 4054 1066 4123 Spiritus
1088 4056 1255 4109 sancti
1281 4056 1437 4111 laude
1460 4057 1828 4126 plenissimus,

238 4154 290 4199 et
317 4159 427 4215 per
454 4144 629 4198 varias
656 4144 946 4199 allusiones
974 4147 1236 4214 praeconia
1268 4146 1384 4215 ejus
1418 4146 1710 4217 majestatis
1737 4164 1832 4204 ex-

237 4238 478 4293 solvens.
502 4237 615 4291 Hoc
634 4246 716 4292 est
731 4238 871 4306 quod
891 4246 1133 4292 oratores
1150 4238 1335 4293 dicunt
1355 4240 1828 4298 demonstrativum

236 4343 444 4397 genus,
477 4328 691 4397 quando
719 4343 816 4398 per
847 4327 1150 4397 huiusmodi
1190 4331 1606 4399 descriptionem
1646 4342 1830 4388 osten-

236 4419 384 4473 ditur
434 4418 627 4488 aliquis
667 4426 825 4487 atque
864 4420 1223 4488 cognoscitur.
1263 4421 1367 4476 Sed
1411 4423 1541 4491 quid
1581 4423 1647 4479 de
1666 4426 1768 4478 illo
1795 4440 1825 4478 a

1959 477 2113 514 unam
2157 462 2445 530 potentiam
2488 464 2690 529 Patris,
2723 476 2777 520 et
2817 468 2967 534 Filii,
3000 479 3054 525 et
3093 473 3324 541 Spiritus
3368 477 3540 535 sancti

1956 567 2075 607 esse
2104 568 2487 621 cognosceres,
2522 557 2677 611 tertio
2710 559 2828 613 loco
2871 560 3173 619 inhabitare
3205 565 3330 621 dicit
3364 568 3545 626 'l‘rini»

1956 651 2119 698 tatem
2142 645 2195 699 in
2220 653 2405 699 sancto
2427 646 2767 715 baptismate,
2794 659 2849 704 et
2875 653 3123 707 virtutem
3147 666 3199 709 ct
3222 658 3549 716 benedictio-

1954 752 2076 790 nem
2100 736 2228 792 dare
2258 738 2540 792 Dominum
2560 781 2572 804 ,
2604 739 2692 809 qui
2721 756 2784 794 ex
2815 758 2879 796 eo
2901 754 3117 800 renatus
3138 747 3322 815 fuerit,
3348 754 3546 820 pOpulo

1960 830 2288 885 Christiano.

2498 922 2767 993 Expositio
2806 926 3012 993 psalmi.

2025 1013 2177 1067 Vers.
2221 1016 2270 1067 l.
2316 1013 2505 1081 A/ferte
2536 1013 2785 1083 Domino,
2819 1016 2916 1083 ﬁlii
2949 1016 3078 1081 Dei;
3108 1017 3288 1084 afferte
3314 1019 3540 1079 Domino

1955 1102 2089 1169 ﬁlios
2137 1105 2394 1163 arietum;
2440 1103 2619 1170 aﬁ‘erle
2663 1104 2883 1158 Domino
2928 1105 3145 1176 gloriati
3187 1118 3231 1162 et
3279 1112 3541 1166 honorem.

1956 1206 2075 1245 cum
2108 1193 2503 1247 multitudinem
2534 1196 2770 1264 gentium
2793 1236 2808 1260 ,
2839 1196 2975 1250 sicut
2998 1198 3308 1266 praedictum
3336 1211 3445 1266 est,
3470 1206 3539 1258 ad

1952 1285 2319 1341 credulitatem
2350 1296 2513 1342 rectm
2548 1288 2665 1342 lidei
2696 1290 3042 1357 spiritualiter
3068 1290 3320 1360 propheta
3346 1304 3543 1348 ventu-

1952 1391 2064 1429 ram
2105 1391 2227 1431 esse
2268 1379 2593 1447 respiceret,
2642 1381 2910 1449 totiusque
2952 1382 3136 1435 tnundi
3180 1384 3541 1440 COIlSOt'iJnda

1953 1466 2053 1519 illis
2074 1476 2217 1521 esset
2252 1467 2481 1523 adunata
2521 1470 2812 1535 confessio,
2849 1472 3064 1535 dignum
3109 1473 3205 1527 fuit
3240 1476 3348 1542 jam
3388 1479 3543 1546 quasi

1953 1559 2263 1613 credentem
2284 1561 2535 1628 populum
2559 1577 2920 1629 commonere,
2945 1576 3002 1619 ut
3022 1566 3139 1621 fidei
3162 1583 3271 1622 sua;
3294 1568 3545 1627 allectum

1951 1664 2045 1716 per
2084 1652 2339 1705 sacriﬁcia
2381 1653 2570 1707 devota
2611 1664 2953 1710 monstraret.
2997 1657 3188 1712 Invitat
3226 1660 3367 1713 enim
3404 1660 3544 1730 ﬁlios

1882 1753 1928 1811 Β
1963 1742 2085 1809 Dei,
2130 1744 2180 1797 id
2210 1754 2293 1799 est
2324 1745 2410 1814 qui
2442 1760 2533 1814 per
2562 1747 2979 1815 regenerationis
3008 1751 3231 1819 gratiam
3262 1753 3381 1805 lacti
3416 1746 3543 1808 sunt

1956 1832 2043 1886 filii
2067 1834 2202 1903 ejus,
2236 1846 2289 1890 ut
2317 1838 2391 1890 ait
2414 1837 2645 1892 Joannes
2666 1839 2997 1909 Evangelista
3024 1860 3036 1896 :
3066 1842 3212 1896 Dedit
3235 1845 3304 1897 eis
3325 1854 3542 1914 potesta-

1960 1938 2058 1979 tem
2108 1928 2241 1996 ﬁlios
2293 1929 2386 1982 Dei
2425 1931 2567 1999 ﬁeri,
2600 1932 2675 1984 Itis
2717 1933 2804 1999 qui
2846 1933 3059 1986 credunt
3101 1937 3153 1988 in
3184 1942 3387 1992 nomine
3428 1942 3540 2010 ejus

1955 2018 2145 2089 (Joan.
2175 2036 2219 2085 ι,
2250 2020 2368 2091 l2).
2394 2021 2499 2076 Sed
2526 2022 2645 2077 licet
2666 2024 2839 2077 omnis
2862 2024 3094 2081 Trinitas
3116 2043 3253 2081 unus
3279 2030 3345 2082 sit
3376 2030 3537 2093 Deus,

1956 2125 2057 2164 nec
2099 2111 2274 2180 aliqua
2316 2121 2397 2166 est
2438 2113 2488 2166 in
2534 2114 2809 2181 majestate
2839 2114 3003 2184 ipsius
3029 2126 3119 2171 aut
3150 2116 3200 2171 in
3233 2131 3419 2173 natura
3449 2120 3537 2174 di-

1952 2201 2145 2255 stantia
2169 2244 2184 2268 ,
2218 2201 2443 2256 diversis
2475 2213 2652 2257 tamen
2688 2204 2818 2259 locis
2844 2206 3056 2271 dicitur,
3090 2209 3228 2276 quod
3259 2209 3324 2261 ad
3353 2224 3539 2277 persn.

1956 2308 2052 2347 nas
2083 2294 2319 2364 singulas
2343 2296 2598 2363 probetur
2620 2296 2926 2365 aptandum.
2960 2298 3051 2351 llic
3079 2309 3255 2353 autem
3281 2300 3536 2369 Spiritum

1951 2395 2194 2442 sanctum
2249 2386 2554 2456 specialiter
2613 2388 2895 2442 Dominum
2949 2389 3209 2444 debemus
3264 2393 3533 2462 accipere,

1952 2492 2110 2546 quem
2136 2478 2366 2531 instituit
2388 2477 2455 2532 de
2478 2477 2804 2532 tabernaculi
2835 2478 3155 2548 perfectione
3190 2482 3235 2534 la
3276 2482 3420 2535 dare.
3456 2483 3538 2537 ln-

1956 2567 2118 2621 tende
2159 2579 2337 2622 autem
2378 2568 2519 2637 quod
2564 2568 2825 2638 imprimis
2865 2586 2969 2624 non
3007 2571 3230 2626 dicendo
3259 2574 3383 2642 quid
3412 2575 3537 2642 a/I‘e~

1949 2667 2093 2722 rant,
2122 2660 2219 2727 ipsi
2245 2660 2301 2712 s‘e
2324 2658 2578 2727 jubentur
2605 2660 2819 2731 oll'erre,
2850 2662 2900 2715 id
2927 2672 3009 2717 est
3028 2664 3189 2717 corda
3218 2680 3312 2717 sua
3342 2677 3528 2720 sancta

1951 2750 2182 2817 puritate
2219 2749 2473 2814 lucentia,
2504 2752 2645 2819 quod
2689 2766 2847 2821 supra
2888 2767 3047 2807 omne
3076 2754 3395 2809 sacrificium
3430 2758 3531 2809 Do-

1952 2843 2098 2895 mino
2139 2842 2393 2910 probatur
2434 2852 2733 2912 acceptum.
2768 2844 3052 2913 Sequitur.
3094 2846 3272 2912 afferte
3312 2846 3533 2901 Domino

1948 2936 2084 3004 ﬁlios
2126 2934 2361 2987 arietum.
2413 2934 2605 2988 Arietes
2647 2935 2872 3003 apostoli
2914 2937 3207 3004 accipiendi
3246 2948 3400 3001 sunt,
3441 2942 3531 3008 qui

1952 3036 2200 3092 tanquam
2225 3024 2386 3078 duces
2406 3039 2623 3093 gregum
2647 3025 2700 3079 in
2724 3024 2904 3078 caulas
2928 3025 3136 3078 Dimini
3170 3028 3530 3094 perduxerunt

1868 3114 1913 3176 Ο
1946 3115 2197 3184 populum
2224 3113 2604 3170 Christianum.
2630 3112 2797 3168 Filios
2819 3116 3032 3168 arietum
3055 3117 3357 3171 olferendos
3379 3118 3528 3182 dicit,

1940 3221 2073 3276 quos
2101 3206 2331 3275 apostoli
2356 3214 2500 3261 recta
2529 3206 2914 3275 praedicatione
2942 3219 3274 3278 genuerunt,
3308 3226 3411 3265 non
3442 3215 3529 3281 qui

1947 3310 2119 3365 pravo
2165 3297 2414 3366 dogmate
2460 3296 2750 3365 probantur
2795 3300 3062 3353 extranei.
3113 3300 3308 3355 Arietes
3351 3312 3528 3357 autem

1938 3387 2075 3444 bene
2098 3400 2225 3443 sunt
2250 3391 2506 3459 apostolis
2530 3392 2843 3459 comparati,
2867 3395 3118 3462 quoniam
3140 3394 3389 3450 animalia
3416 3398 3527 3465 ipsa

1939 3479 2221 3548 plurimum
2252 3479 2425 3535 fronte
2454 3481 2667 3545 valent,
2714 3491 2769 3537 et
2814 3482 3023 3551 objecta
3075 3500 3288 3554 semper
3333 3488 3527 3557 impin-

1938 3571 2115 3640 gendo
2161 3570 2456 3640 dejiciunt;
2505 3573 2646 3642 quod
2696 3574 3036 3643 pr;cdicandn
3081 3575 3269 3632 fecisse
3308 3594 3438 3634 cons
3464 3591 3521 3636 at

1937 3661 2240 3731 apostolos,
2286 3662 2377 3731 qui
2423 3662 2660 3718 diversas
2713 3667 3116 3733 superstitiones
3154 3677 3209 3723 et
3250 3668 3388 3722 idola
3433 3670 3527 3723 llr-

1938 3753 2175 3809 missima
2200 3754 2435 3810 caelestis
2457 3755 2603 3810 verbi
2629 3756 2859 3825 quadam
2885 3757 3059 3812 lronte
3081 3769 3357 3829 ruperunt.
3384 3762 3529 3815 Aries

1936 3848 2079 3903 enim
2103 3848 2277 3902 dictus
2299 3855 2413 3913 est,
2436 3849 2586 3917 quasi
2616 3864 2647 3901 a
2674 3849 2848 3904 lronte
2877 3865 3058 3904 ruens.
3086 3850 3321 3916 Addidit,
3350 3852 3527 3920 aﬁ‘erte

1942 3940 2157 3993 Domino
2186 3939 2403 4007 gloriam
2445 3946 2491 3992 et
2532 3938 2800 3994 honorem.
2836 3939 2931 3993 ilic
2960 3940 3262 4010 specialiter
3293 3956 3528 3998 commo-

1898 4042 1899 4047 ‘
1942 4044 2125 4089 nemur
2150 4036 2207 4084 ut
2234 4028 2434 4083 nullam
2469 4029 2702 4099 Spiritus
2732 4038 2952 4084 sanctus
2982 4032 3214 4099 patiatur
3243 4033 3513 4101 injuriam.

1932 4120 2064 4175 Nam
2093 4122 2181 4189 qui
2210 4134 2332 4175 eum
2364 4119 2627 4174 minorem
2657 4120 2812 4174 Patre
2840 4120 2923 4173 vel
2940 4120 3086 4187 .Filio
3116 4120 3267 4185 dicit,
3295 4124 3515 4191 gloriam

1934 4211 2009 4267 illi
2042 4226 2148 4267 non
2198 4210 2453 4279 probatur
2495 4208 2705 4277 a/ferre.
2752 4210 2888 4263 Nulli
2932 4210 3074 4263 enim
3116 4210 3410 4280 gloriosum
3441 4225 3525 4268 est

1930 4303 2148 4369 audire,
2181 4302 2303 4371 quia
2343 4302 2518 4356 minor
2546 4310 2647 4356 est.
2679 4301 2964 4357 Oll‘crimus
3001 4317 3129 4372 ergo
3160 4302 3384 4357 Domino
3418 4304 3529 4361 Deo

1937 4403 2143 4460 nostro,
2171 4393 2223 4448 id
2244 4404 2325 4449 est
2348 4394 2565 4463 Spiritui
2590 4403 2774 4449 sancto
2798 4394 3021 4463 gloriam
3049 4410 3231 4464 puram
3249 4436 3264 4461 ,
3291 4396 3524 4464 plenam,

238 4486 779 4579 quoquam'congme
811 4486 1020 4580 pote,“
1049 4510 1177 4575 dici,
1211 4510 1312 4566 nisi
1342 4486 1483 4583 qugd
1513 4514 1580 4569 de
1611 4529 1672 4569 se
1713 4514 1830 4582 ipse
1861 4495 1909 4553 1)
1936 4502 2113 4583 veram
2136 4528 2151 4553 ,
2183 4501 2303 4539 cum
2336 4501 2458 4541 eum
2491 4495 2545 4539 et
2574 4486 3082 4583 consubstantialem
3114 4486 3257 4540 Patri
3288 4502 3351 4541 ac
3392 4487 3529 4542 Filio

239 4600 494 4669 dignatur
524 4600 708 4654 effari?

820 4710 1014 4766 Divisio
1057 4714 1265 4781 psalmi.

307 4818 445 4872 Cum
480 4818 668 4873 beatus
700 4820 863 4875 David
892 4836 1275 4893 cognosceret,
1310 4826 1471 4880 totius
1500 4828 1686 4882 mundi
1721 4837 1835 4884 ter-

241 4911 416 4961 minos
435 4908 505 4962 ad
528 4907 687 4963 fidem
711 4911 1024 4968 catholicam
1047 4928 1141 4982 per
1166 4915 1454 4985 prophetas
1481 4928 1537 4973 et
1560 4922 1833 4988 apostolos

241 4998 480 5069 Spiritus
523 5002 695 5057 sancti
735 5018 959 5060 munere
1004 5008 1408 5075 perducendos,
1461 5012 1600 5066 sicut
1646 5012 1835 5070 Petrus

238 5092 520 5158 apostolus
561 5093 692 5148 dicit
737 5112 751 5149 :
803 5094 926 5149 Non
958 5100 1092 5151 enim
1122 5102 1387 5156 voluntate
1417 5104 1641 5157 humana
1671 5105 1837 5160 allata

239 5192 316 5235 est
340 5184 625 5253 aliquando
651 5188 945 5257 prophetia;
977 5192 1068 5244 sed
1095 5191 1299 5259 Spiritu
1324 5205 1500 5249 sancto
1522 5199 1643 5261 acti,
1677 5198 1837 5252 locuti

238 5284 360 5327 sunt
389 5276 553 5328 meti
588 5274 679 5332 Dei
702 5279 929 5335 homines
956 5282 975 5353 (
1003 5282 1062 5336 fl
1093 5282 1239 5338 Petr.
1273 5301 1323 5352 ι,
1355 5287 1419 5341 21
1448 5288 1489 5357 ).
1538 5287 1717 5341 Primo
1743 5304 1832 5344 or-

239 5360 369 5416 dine
396 5363 686 5433 alloquitur
716 5370 1117 5427 universitatem
1137 5414 1153 5439 ,
1181 5382 1239 5427 ut
1266 5376 1525 5430 sacriﬁcia
1554 5377 1603 5430 ei
1632 5377 1828 5433 devOIa

241 5459 424 5506 mente
452 5455 779 5521 persolvant.
804 5458 1055 5517 Secundo
1079 5465 1349 5533 septifaria
1378 5469 1702 5534 narratione,
1732 5484 1828 5540 per

238 5544 419 5597 varias
448 5546 743 5606 allusiones
770 5553 1007 5622 ejusdem
1037 5556 1264 5627 Spiritus
1302 5562 1468 5614 sancti
1497 5562 1598 5616 sub
1635 5578 1827 5632 magno

238 5640 516 5698 ιιι-πωπω
553 5639 775 5699 virtutes
814 5660 1120 5718 enumerat,
1150 5651 1288 5721 quod
1321 5652 1387 5707 ad
1417 5653 1587 5712 insunt
1618 5658 1824 5726 Specio-

1939 4580 2196 4643 dicimus,
2227 4589 2282 4633 et
2327 4590 2685 4643 comternum,
2731 4589 2890 4649 atque
2932 4581 3355 4650 omnipotentem
3408 4584 3527 4639 sine

1941 4672 2114 4740 aliqua
2159 4672 2498 4739 separatione
2537 4670 2912 4740 praedicamus.
2958 4671 3046 4723 Sic
3076 4685 3262 4725 omnes
3295 4672 3529 4727 hazreses

1943 4774 2035 4829 per
2078 4759 2285 4812 divrrsa
2334 4760 2447 4813 loca
2497 4760 2787 4827 Scriptura:
2832 4760 3030 4814 divina:
3078 4761 3308 4829 Spiritus
3352 4763 3527 4817 sancti

1944 4847 2318 4919 praedicatione
2344 4850 2627 4927 destructa:
2653 4860 2801 4903 sunt.

2014 4942 2165 4997 Vers.
2204 4941 2258 4994 2.
2301 4940 2491 5008 Aﬁ‘erte
2518 4939 2737 4994 Domino
2765 4942 2983 5013 gloriam
3009 4943 3203 4997 nomini
3227 4943 3370 5009 ejus;
3398 4942 3528 4994 ado-

1936 5038 2045 5083 rate
2077 5028 2346 5083 Dominum
2374 5030 2426 5082 in
2455 5031 2575 5081 aula
2610 5039 2790 5083 sancta
2838 5032 2970 5100 ejus.
3015 5030 3185 5101 Supra
3226 5031 3391 5094 dixit,
3422 5031 3522 5099 ipsi

1940 5120 2119 5190 afferte
2146 5119 2396 5192 gloriam;
2424 5118 2584 5174 modo
2609 5118 2754 5185 dicit,
2786 5123 2982 5175 nomini
3010 5125 3139 5194 ejus.
3172 5121 3332 5189 ΑιΤετι
3360 5122 3524 5192 igitur

1940 5212 2131 5266 nomini
2158 5211 2329 5266 sancti
2362 5209 2592 5279 Spiritus
2622 5212 2859 5283 gloriam,
2893 5214 2984 5283 qui
3023 5230 3145 5268 eum
3191 5213 3318 5268 facit
3359 5214 3518 5268 latius

1944 5308 2316 5370 innotescere,
2351 5304 2564 5375 quando
2596 5304 2992 5360 incredulorum
3023 5306 3185 5361 corda
3229 5307 3521 5371 convertit,

1937 5410 2236 5464 nomenque
2262 5395 2402 5449 illius
2431 5394 2615 5448 dilatat
2647 5409 2742 5463 per
2767 5395 3159 5449 multitudinem
3202 5394 3369 5462 plebis
3409 5403 3523 5449 tur-

1937 5484 2134 5553 basque
2156 5484 2502 5553 populorum;
2529 5485 2668 5554 quod
2693 5486 2860 5554 magis
2880 5484 2945 5537 ad
2967 5483 3273 5538 docentium
3301 5480 3519 5539 videtur

1938 5574 2205 5639 pertinere
2236 5575 2515 5627 cautelam.
2550 5573 2655 5628 Sed
2704 5588 2801 5627 nec
2846 5574 2974 5627 illud
3015 5570 3227 5641 judices
3257 5573 3520 5641 otiosum,

1933 5663 2072 5728 quod
2102 5661 2281 5727 a,7crte
2311 5671 2500 5732 quarto
2529 5664 2764 5731 repetiit.
2802 5663 2924 5718 llmc
2963 5664 3129 5732 figura
3167 5662 3363 5720 dicitur
3401 5668 3519 5737 epi-
