4030 6172
524 221 620 276 199

1762 217 1827 268 Μ.
1874 219 1909 268 Α
1921 215 2147 270 URELll
2187 215 2584 269 CASSIOM)!“

3672 223 3776 277 900

520 350 706 397 mone,
746 334 934 387 Latine
965 331 1208 399 repetitio
1238 331 1420 384 crebra
1456 330 1752 394 sermonis,
1783 314 1900 397 qua:
1930 329 2092 381 multa
2122 337 2171 388 Α
2200 330 2345 381 llauc
2392 328 2694 393 superbiam
2750 345 2844 381 vox
2888 327 3097 381 Domini
3144 329 3451 398 confringit,
3502 325 3730 381 dicendo
3765 374 3769 379 .

520 425 717 494 colligit
737 424 893 476 unius
924 422 1069 475 verbi
1098 419 1377 473 iteratione
1399 419 1641 473 decursa.
1665 419 1935 487 Sequitur,
1964 418 2089 470 ado-

521 524 626 568 rate
657 512 927 565 Dominum
969 511 1022 563 in
1060 510 1180 561 aula
1207 518 1381 561 sancta
1414 509 1563 573 eius;
1593 508 1645 562 id
1672 518 1754 563 est
1783 508 1942 562 colite
1969 523 2089 561 eum

521 607 574 661 in
605 603 926 659 conscientia
956 609 1132 654 vestra
1163 600 1533 653 mundissima.
1564 600 1678 667 Ipsa
1704 608 1787 653 est
1806 600 1948 653 enim
1972 598 2090 652 aula

521 695 711 764 regalis
746 701 801 747 et
839 691 1093 744 habitatio
1121 690 1349 758 Spiritus
1378 691 1580 754 sancti,
1615 692 1753 744 sicut
1782 690 1911 743 dicit
1948 690 2092 756 Apo-

520 789 684 841 stolus
724 803 737 837 :
766 784 898 848 Quia
922 784 1163 851 templurn
1189 781 1286 836 Dei
1314 783 1431 835 estis
1450 822 1464 847 ,
1495 792 1540 835 et
1572 782 1797 853 Spiritus
1826 780 1919 835 Dei
1946 778 2093 834 habi-

520 889 588 932 tat
617 879 667 929 in
697 878 832 930 vobis
862 875 915 945 (1
945 875 1064 928 Cor.
1100 891 1151 928 ttt
1172 915 1185 935 ,
1222 874 1332 944 16).

594 969 742 1022 Vers.
780 970 833 1022 3.
881 967 993 1020 Vos:
1022 965 1227 1018 Domini
1255 982 1407 1032 super
1436 983 1623 1035 aquas,
1655 966 1790 1018 Deus
1816 968 2093 1036 majestatis

521 1061 770 1120 intonuit;
797 1058 1045 1109 Dominus
1070 1073 1222 1126 super
1246 1073 1405 1123 aquas
1430 1059 1635 1110 multas.
1667 1056 1825 1110 Venit
1854 1056 1920 1110 ad
1951 1056 2095 1110 ordi-

522 1168 640 1205 nem
669 1150 991 1213 secundum,
1026 1152 1079 1202 in
1111 1164 1216 1217 quo
1250 1164 1345 1217 per
1376 1152 1594 1217 ﬁguram
1624 1150 1903 1216 epimone,
1936 1163 2092 1216 quam

522 1244 764 1313 superius
813 1244 1079 1306 diximus,
1127 1242 1433 1311 frequenter
1480 1258 1574 1312 per
1620 1243 1796 1312 capita
1843 1257 2091 1298 versuum

522 1349 681 1387 unum
728 1343 970 1401 repetens
1019 1333 1268 1396 verbum,
1320 1334 1585 1401 praeconia
1636 1332 1869 1402 Spiritus
1922 1336 2092 1388 sancti

521 1424 819 1492 septenaria
859 1424 1055 1477 virtute
1100 1423 1470 1488 concelebrat;
1504 1424 1644 1492 quod
1676 1426 1786 1477 suis
1820 1426 1965 1490 locis,
2006 1425 2093 1493 ju-

523 1523 682 1566 vante
719 1512 978 1576 Domino,
1007 1513 1242 1565 conabor
1273 1527 1558 1580 exponere.
1595 1513 1801 1567 Primus
1828 1513 1927 1566 istc
1957 1514 2099 1582 ejus-

523 1603 643 1656 dem
675 1603 753 1656 rei
783 1617 966 1656 versus
994 1612 1072 1656 est
1092 1644 1106 1666 ,
1139 1618 1234 1656 vox
1262 1600 1470 1655 Domini
1498 1618 1651 1670 super
1691 1620 1870 1672 aquas,
1921 1603 1972 1656 id
2016 1612 2098 1657 est

2197 417 2335 471 Deus
2383 418 2611 486 superbis
2655 420 2873 482 resistit;
2915 420 3193 473 humilibus
3235 429 3402 472 autem
3436 417 3523 469 dat
3557 417 3775 487 gratiam

2195 508 2351 576 (Jac.
2377 526 2448 573 tv,
2475 510 2561 577 6).
2587 510 2796 576 Repetit
2819 525 3028 579 quoque
3060 528 3075 563 :
3106 510 3171 563 Et
3203 511 3487 580 confringet
3521 509 3769 562 Dominus

2196 601 2373 655 cedros
2402 598 2605 653 Libani.
2638 600 2744 653 Sed
2774 602 3016 668 quamvis
3041 600 3407 669 superioribus
3441 600 3557 654 haec
3579 599 3774 653 similia

2194 690 2496 757 videantur,
2530 699 2703 744 tamen
2735 706 2838 744 uno
2868 692 3030 746 verbo
3059 692 3264 759 addito,
3290 681 3490 758 Libani,
3522 708 3627 745 non
3659 710 3775 760 par-

2195 790 2313 835 vam
2343 782 2589 836 videntur
2638 783 2874 838 indicare
2920 785 3251 839 distantiam.
3284 784 3434 837 (ἐθάτὶ
3462 785 3606 838 enim
3655 802 3776 854 qua:

2194 873 2319 925 alibi
2348 882 2636 928 nascuntur
2666 890 2772 927 non
2801 877 3021 930 omnino
3047 892 3283 943 procera:
3311 885 3474 939 sunt;
3504 877 3557 930 in
3584 875 3778 930 Libano

2196 972 2374 1015 autem
2405 962 2537 1016 tales
2569 964 2927 1031 inveniuntur,
2968 974 3029 1018 ut
3064 981 3250 1018 omnes
3279 965 3591 1020 altitudines
3621 966 3779 1018 arbu-

2197 1065 2312 1103 rum
2344 1064 2596 1117 superare
2629 1052 2927 1106 videantur.
2976 1054 3114 1125 Ergo
3162 1054 3343 1107 mundi
3386 1055 3540 1109 istius
3572 1055 3777 1109 nobiles

2197 1157 2259 1195 ac
2276 1157 2455 1212 reges,
2486 1144 2573 1211 qui
2606 1144 2837 1212 reliquos
2865 1144 3108 1199 homines
3141 1153 3390 1213 tanquam
3422 1146 3640 1199 humilia
3664 1146 3777 1200 l'ru-

2197 1241 2303 1287 teta
2326 1234 2662 1303 despiciunt,
2690 1236 2858 1289 virtus
2886 1236 3059 1289 divina
3085 1237 3384 1306 confringit,
3410 1236 3620 1305 quando
3650 1252 3777 1305 pau-

2198 1339 2355 1393 peres
2381 1335 2435 1379 et
2464 1327 2691 1381 humiles
2716 1329 2894 1397 elegit.
2922 1328 3011 1381 Isti
3039 1328 3182 1381 enim
3211 1329 3405 1383 virtute
3431 1336 3777 1395 superantur.

2198 1413 2275 1467 illi
2300 1416 2436 1469 inter
2464 1415 2673 1470 divitias
2701 1431 2825 1470 suas
2851 1426 2942 1470 aut
2972 1416 3381 1486 cogitationibus
3412 1426 3650 1487 gemunt,
3685 1429 3777 1471 aut

2200 1505 2339 1571 turpi
2382 1506 2672 1560 ambitione
2717 1507 3016 1561 solvuntur.
3053 1508 3331 1561 Ponuntur
3360 1509 3518 1563 etiam
3550 1510 3683 1561 cedri
3722 1519 3777 1563 et

2198 1595 2251 1645 in
2284 1594 2473 1647 bonam
2508 1602 2743 1663 partem,
2777 1596 2915 1650 sicut
2944 1597 2996 1650 in
3025 1597 3129 1653 alio
3158 1598 3359 1666 psalmo
3398 1599 3527 1654 dicit
3566 1615 3583 1653 :
3623 1599 3778 1654 Cedri

523 1694 753 1763 Spiritus
801 1695 1095 1761 sapientiae.
1149 1694 1267 1761 Ipse
1309 1694 1449 1747 enim
1495 1693 1665 1761 legem
1713 1692 1950 1747 condidit
1993 1708 2096 1762 qua
2132 1710 2178 1769 Β
2204 1684 2388 1745 Libani
2416 1702 2542 1755 quas
2572 1686 2822 1741 Dominus
2853 1689 3098 1754 plantavit
3125 1690 3144 1759 (
3171 1689 3316 1743 Paul.
3347 1706 3468 1755 ctu,
3502 1692 3632 1762 16).

523 1785 853 1839 credentium
897 1784 1049 1837 turba
1093 1792 1397 1852 regeretur;
1442 1799 1564 1838 nam
1613 1784 1861 1852 leguntur
1912 1783 2104 1837 tabulas

524 1876 849 1930 Testamenti
877 1875 1042 1942 digito
1070 1875 1159 1928 Dei
1188 1875 1396 1944 scripta:
1423 1874 1613 1945 (Deut.
1642 1890 1718 1937 ιι,
1751 1874 1879 1943 10);
1910 1874 2105 1943 digitus

524 1975 701 2019 autem
748 1965 841 2019 Dei
886 1965 1191 2032 specialiter
1235 1965 1548 2033 intelligitur
1591 1964 1822 2033 Spiritus
1865 1977 2101 2018 sanctus.

524 2056 674 2123 Quod
699 2070 822 2109 vero
844 2056 977 2108 dixit
1001 2072 1015 2108 :
1041 2054 1207 2121 Super
1228 2072 1404 2124 aquas,
1426 2055 1646 2123 populos
1663 2054 1945 2124 signiﬁcat,
1969 2058 2105 2109 sicut

532 2156 585 2201 et
615 2148 748 2199 alter
782 2148 1014 2212 psalmus
1040 2147 1112 2198 ait
1144 2163 1156 2196 :
1190 2146 1401 2200 Salvum
1438 2162 1516 2199 me
1554 2148 1666 2215 fac,
1710 2144 1949 2211 Domine,
1980 2162 2105 2214 quo-

527 2240 664 2290 niam
703 2237 812 2308 94
846 2238 1155 2290 intraverunt
1197 2253 1342 2306 aqua:
1386 2254 1543 2305 usque
1582 2239 1649 2288 ad
1688 2237 1912 2289 animam
1943 2253 2104 2288 meam

526 2332 543 2397 (
570 2329 714 2382 Psal.
749 2344 937 2393 vaut,
967 2328 1001 2381 2
1022 2329 1075 2395 );
1107 2338 1161 2382 et
1191 2329 1241 2381 in
1287 2328 1604 2398 Apocalypsi
1636 2327 1827 2395 legitur
1859 2343 1873 2379 :
1917 2326 2104 2380 Civitas

526 2427 699 2479 sedens
729 2441 880 2495 super
923 2440 1080 2493 aquas
1120 2425 1306 2477 multas
1335 2426 1532 2493 (Apoc.
1567 2439 1702 2488 xvu,
1736 2425 1756 2475 1
1792 2424 1832 2490 ).
1865 2422 2103 2489 Quapro-

526 2526 644 2583 pter
674 2518 788 2571 istis
816 2517 1161 2570 allusionibus
1195 2518 1294 2570 hoc
1322 2516 1605 2583 signiﬁcari
1639 2514 1973 2568 manifestum
2017 2522 2103 2566 est

526 2608 774 2677 Sp‘ritum
804 2606 1075 2677 sapientiae
1107 2609 1271 2674 legem
1302 2608 1506 2673 populis
1547 2604 1869 2659 condidisse.
1898 2604 2090 2670 Sequi-

526 2710 630 2764 tur,
676 2697 812 2751 Deus
852 2698 1131 2766 mujcslatis
1160 2697 1398 2749 intonuit.
1433 2697 1544 2750 Hoc
1571 2697 1729 2751 etiam
1762 2697 1990 2762 pertinet
2026 2693 2093 2747 ad

526 2791 773 2858 Spiritum
814 2787 1108 2858 sapientiae.
1156 2788 1292 2842 Dicit
1324 2789 1465 2843 enim
1498 2788 1712 2858 quando
1741 2787 1882 2841 diem
1911 2786 2097 2854 judicii

527 2878 851 2948 praedicavit,
876 2893 992 2932 cutn
1015 2878 1269 2947 gehennae
1292 2893 1474 2947 poenas
1504 2877 1858 2933 inasstimabili
1892 2885 2099 2931 terrore

523 2971 798 3039 prmdixit,
827 2980 1013 3023 utnon
1037 2978 1144 3022 tam
1174 2968 1318 3038 loqui
1346 2985 1502 3039 quam
1534 2970 1778 3023 intonare
1802 2968 2089 3021 videretur.

2280 1776 2429 1832 Vers.
2471 1778 2521 1832 6.
2564 1776 2630 1832 Et
2667 1780 2971 1834 comminuet
3000 1797 3083 1834 eas
3115 1791 3352 1851 tanquam
3381 1784 3593 1836 vitulum
3622 1785 3779 1837 Liba-

2207 1868 2289 1932 ni,
2320 1878 2365 1921 ct
2391 1870 2629 1923 dilectum
2658 1871 2786 1923 sicut
2818 1872 2952 1929 ﬁlios
2983 1872 3397 1928 unicornuorum.
3437 1873 3503 1928 Et
3533 1874 3617 1928 hic
3645 1891 3780 1945 quo-

2206 1974 2310 2025 que
2337 1973 2520 2012 versus
2552 1959 2616 2013 ad
2646 1960 2899 2027 Spiritum
2927 1960 3134 2015 virtutis
3165 1964 3415 2030 pertinet.
3456 1962 3654 2017 Vitulos
3683 1980 3781 2018 au-

2208 2059 2313 2103 tem
2339 2048 2519 2102 Libani
2544 2052 2817 2105 sacriﬁciis
2848 2054 3150 2120 frequenter
3178 2055 3464 2123 antiquitas
3490 2055 3741 2111 oﬁ'erehat
3765 2099 3781 2120 ,

2206 2139 2293 2206 qui
2350 2148 2567 2207 propter
2616 2141 2879 2195 luxuriam
2931 2142 3166 2199 dulcium
3219 2146 3501 2201 herbarum
3556 2148 3780 2217 pingues

2206 2239 2361 2283 erant
2409 2231 2694 2285 admodum
2741 2241 2797 2287 et
2841 2233 3044 2288 decori.
3094 2236 3198 2289 Eos
3250 2239 3451 2292 mavult
3495 2240 3780 2294 mundanis

2206 2322 2599 2375 summitatibus
2620 2338 2951 2392 comparare,
2974 2342 3092 2395 quae
3113 2327 3189 2381 sic
3214 2331 3610 2385 comminuendaz
3629 2343 3778 2397 sunt,

2206 2424 2456 2479 tanquam
2509 2413 2585 2465 illi
2632 2415 2720 2482 qui
2762 2415 3041 2471 sacriﬁciis
3071 2418 3385 2474 videbantur
3413 2420 3614 2477 oﬁ'erri.
3643 2423 3779 2477 Nam

2204 2512 2259 2557 et
2302 2505 2399 2572 ipsi
2442 2500 2566 2557 Sunt
2593 2505 2834 2574 victima,
2867 2507 2990 2561 dum
3025 2512 3273 2565 conversi
3304 2512 3520 2585 Christo
3552 2513 3780 2570 Domino

2203 2595 2385 2649 nit‘dis
2410 2595 2678 2650 mentibus
2698 2595 3013 2655 oﬁ‘eruntur.
3037 2600 3141 2655 Sed
3172 2617 3238 2656 ne
3266 2603 3365 2657 sibi
3400 2602 3642 2659 homines
3672 2605 3778 2658 du-

2204 2700 2319 2738 ram
2368 2685 2535 2754 legem
2581 2696 2931 2753 quererentur
2974 2690 3297 2757 impositam,
3329 2693 3488 2746 etiam
3533 2694 3777 2747 dilectum

2203 2773 2395 2827 Filium
2442 2774 2536 2828 Dei
2568 2774 2697 2829 dicit
2737 2789 2859 2830 esse
2889 2779 3203 2832 moriturum
3236 2796 3251 2834 :
3282 2782 3347 2835 de
3376 2798 3481 2848 quo
3519 2785 3776 2853 scriptum

2199 2873 2281 2918 est
2311 2881 2324 2915 :
2356 2863 2403 2916 Η
2411 2866 2455 2917 ic
2476 2874 2549 2918 est
2571 2866 2707 2933 ﬁlius
2730 2883 2869 2921 meus
2894 2868 3127 2935 dilectus,
3157 2872 3207 2923 in
3226 2887 3325 2942 quo
3346 2874 3471 2926 mihi
3496 2873 3615 2927 bene
3634 2891 3779 2929 conn-

2200 2956 2371 3024 placui
2395 2954 2622 3025 (Matth.
2651 2973 2737 3026 ιιι,
2771 2960 2834 3011 l7
2857 2957 2895 3028 ).
2928 2959 3151 3029 Propter
3178 2960 3596 3018 incarnationem
3626 2967 3773 3020 enim

524 3059 805 3129 Subjunxit
833 3060 990 3113 etiam
1009 3100 1023 3125 ,
1057 3057 1305 3112 Dominus
1339 3075 1489 3126 super
1516 3074 1673 3126 aquas
1704 3058 1908 3121 multas,
1937 3057 1987 3109 id
2016 3065 2094 3111 est

2201 3044 2368 3097 lactus
2394 3051 2478 3099 est
2503 3046 2634 3099 sicut
2661 3046 2799 3114 filius
2824 3047 3222 3103 unicamuorum
3242 3090 3257 3115 ,
3284 3050 3336 3104 id
3360 3062 3443 3106 est
3464 3052 3776 3110 Judazorum

517 3165 678 3218 super
711 3150 932 3218 populos
976 3150 1210 3218 gentium
1257 3148 1616 3211 diversarum,
1653 3162 1783 3216 quas
1815 3149 2096 3215 prOpheta-

524 3257 634 3294 rum
678 3250 835 3308 atque
880 3240 1238 3307 apostolorum
1284 3240 1658 3307 praedicatione
1710 3238 1943 3293 lucratus
1991 3247 2092 3292 est.

524 3333 609 3387 Sic
651 3342 703 3385 et
745 3332 798 3385 in
841 3332 943 3385 isto
988 3341 1252 3388 commate
1301 3330 1522 3400 populos
1570 3328 1916 3400 signiﬁcavit,
1963 3344 2097 3398 quos

514 3423 676 3475 etiam
708 3422 925 3489 intelligi
956 3424 1207 3491 superius
1238 3423 1441 3476 maluit.

591 3511 740 3564 Vers.
782 3511 834 3565 4.
881 3512 995 3565 Vox
1027 3513 1231 3565 Domini
1257 3514 1310 3565 in
1335 3513 1538 3565 virtute.
1567 3512 1804 3566 Miranda
1834 3512 2091 3576 brevitas,

522 3604 615 3655 tria
645 3603 803 3655 verba
827 3617 982 3669 quam
1015 3616 1257 3670 magnam
1284 3602 1564 3670 explevere
1590 3603 1907 3657 sententiam
1931 3601 1945 3654 !
1991 3600 2092 3654 γο-

522 3707 624 3743 cem
675 3691 875 3744 Domini
916 3693 966 3743 in
1008 3693 1217 3754 virtute,
1252 3690 1507 3759 Spiritum
1538 3691 1667 3744 dicit
1694 3691 2091 3761 intelligentiae,

521 3782 606 3849 qui
637 3781 938 3836 adversaria
982 3790 1171 3834 cuncta
1202 3781 1386 3849 tlejit-it
1417 3789 1576 3850 atque
1608 3782 1916 3849 prosternit,
1959 3782 2096 3835 sicut

523 3875 704 3939 legitur
749 3892 760 3926 :
795 3873 861 3926 Et
892 3891 992 3928 non
1032 3884 1103 3927 est
1144 3876 1231 3944 qui
1273 3876 1429 3943 possit
1461 3876 1691 3929 resistere
1721 3876 1967 3928 voluntati
1996 3885 2096 3929 tute

521 3966 747 4036 {list/ter.
780 3981 873 4019 χιιι
894 4008 906 4031 ,
941 3966 1018 4033 9).
1059 3966 1249 4019 Merito
1288 3980 1417 4035 ergo
1452 3965 1565 4019 Vox
1595 3965 1801 4019 Domini
1829 3968 1882 4019 in
1914 3967 2096 4020 virtute

523 4071 634 4109 esse
662 4056 872 4119 dicitur,
905 4056 988 4109 cui
1019 4056 1177 4111 nullis
1206 4056 1493 4110 obstaculis
1521 4057 1786 4111 obviatur.

597 4144 705 4197 Vos:
744 4144 949 4199 Domini
977 4147 1028 4199 in
1060 4147 1459 4217 magnificentia.
1491 4146 1587 4201 Hic
1615 4148 1847 4217 Spiritus
1884 4150 2093 4204 consilii

521 4236 740 4291 redolet.
787 4237 923 4304 Quid
970 4239 1111 4292 enim
1158 4239 1248 4293 illo
1297 4240 1760 4309 magnilicentius,
1813 4241 1901 4309 qui
1931 4241 2093 4295 corde

522 4328 816 4382 illuminato
860 4330 1046 4383 sentiri
1079 4329 1234 4394 facit,
1267 4338 1322 4383 ut
1354 4339 1668 4398 appetuntur
1695 4329 1857 4398 bona,
1886 4339 1940 4385 et
1966 4345 2089 4399 pes-

2203 3136 2544 3204 singulariter
2571 3152 2630 3192 se
2653 3140 3044 3194 extollentium.
3069 3142 3189 3196 Sive
3222 3144 3490 3199 unicarnes
3520 3147 3779 3216 appellati

2201 3235 2326 3281 sunt
2368 3228 2568 3295 Judaei,
2615 3233 2737 3300 quia
2784 3247 2948 3287 unum
2997 3242 3204 3287 tantum
3245 3236 3493 3292 videntur
3527 3241 3781 3308 accipere

2200 3323 2618 3381 Testamentum.
2646 3328 2735 3384 Sic
2762 3344 2887 3399 ergo
2915 3329 3181 3385 Christum
3210 3327 3336 3382 dicit
3354 3342 3517 3383 carne
3544 3330 3779 3384 moritu-

2199 3428 2345 3479 rum,
2378 3416 2516 3471 sicut
2539 3425 2595 3473 et
2619 3418 2755 3473 ﬁlios
2783 3419 3118 3485 Iudaeorum,
3149 3421 3238 3490 qui
3269 3420 3624 3476 inaestimabili
3656 3423 3781 3491 pie-

2202 3514 2309 3558 tate
2353 3507 2714 3562 conditionem
2745 3520 2977 3564 nostram
3010 3512 3060 3564 ιιι
3090 3520 3261 3565 morte
3288 3512 3548 3580 suscepit,
3581 3520 3640 3565 ιιι
3668 3529 3773 3568 no-

2201 3593 2281 3646 bis
2306 3594 2374 3648 de
2399 3609 2494 3649 sua
2526 3598 2926 3654 immortalitate
2956 3608 3251 3669 praestaret.

2274 3693 2421 3748 Vers.
2463 3697 2514 3749 7.
2562 3696 2677 3751 Vox
2720 3699 2922 3753 Domini
2950 3702 3296 3756 intercidentis
3327 3704 3589 3772 ﬂammam
3616 3703 3799 3773 ignis.

2206 3781 2461 3851 Spiritum
2494 3787 2731 3842 scicntia:
2757 3790 3048 3858 signiﬁcat,
3077 3793 3164 3861 qui
3195 3808 3353 3847 omne
3378 3795 3657 3847 censilium
3691 3797 3786 3849 vel

2197 3876 2428 3931 calorem
2460 3882 2782 3934 contrarium
2806 3883 3166 3950 intercidendo,
3195 3885 3247 3938 id
3270 3894 3359 3957 est
3381 3885 3662 3939 dividendo
3692 3886 3786 3939 di-

2199 3967 2419 4035 judicat.
2451 3970 2543 4025 llle
2570 3973 2709 4026 enim
2740 3972 3039 4028 Judatorum
3082 3976 3272 4045 ignitos
3302 3984 3356 4030 et
3382 3976 3657 4032 ﬂammeos
3695 3989 3786 4031 lu-

2202 4059 2399 4113 multus
2442 4062 2663 4116 scientia
2710 4078 2823 4119 suae
2874 4066 3163 4134 majestatis
3204 4065 3481 4130 exstinxit;
3530 4075 3586 4119 ut
3634 4072 3789 4134 quod

2199 4152 2445 4206 scelerati
2468 4155 2700 4208 fecerant
2721 4156 2864 4210 velut
2882 4157 2947 4210 ad
2969 4157 3139 4211 solum
3163 4157 3429 4210 hominem
3454 4157 3785 4227 negandum,

2197 4242 2253 4294 in
2283 4244 2565 4298 humanam
2591 4247 2815 4300 salutem
2841 4255 2896 4301 et
2923 4248 3145 4316 gloriam
3177 4256 3489 4302 verteretur.

2276 4341 2389 4395 Vox
2416 4344 2619 4397 Domini
2640 4347 2971 4400 concutientis
2996 4346 3351 4413 solitudinem;
3373 4356 3421 4401 et
3444 4348 3785 4401 commovebit

522 4418 648 4471 Sim“
680 4434 902 4487 (tuaeque
930 4419 1223 4488 Γυείδηιυτς
1255 4431 1576 4491 praestatque
1604 4434 1661 4477 ut
1685 4422 1752 4478 de
1778 4422 1941 4493 impio
1966 4438 2089 4492 per-
2117 4419 2171 4480 D
2198 4434 2440 4488 Dominus
2484 4435 2739 4489 desertum
2778 4435 2957 4491 Gades.
3002 4436 3098 4492 Hic
3134 4438 3389 4506 Spiritum
3433 4439 3642 4507 pietatis
3683 4439 3787 4491 de-

522 4510 729 4563 ﬁciatur
756 4510 899 4579 pius,
930 4510 998 4565 de
1021 4512 1228 4579 captivo
1266 4511 1420 4577 liber,
1452 4513 1519 4567 de
1548 4529 1703 4568 servo
1736 4514 1908 4568 ﬁlius?
1938 4513 2091 4579 Quod

523 4599 623 4653 illis
644 4601 926 4669 provenire
948 4616 1053 4654 non
1080 4601 1298 4655 dubium
1329 4612 1440 4671 est,
1470 4619 1602 4672 quos
1623 4604 1854 4672 Spiritus
1879 4615 2093 4659 sanctus

523 4691 754 4758 potentia
781 4706 891 4745 suae
917 4691 1205 4759 maiestatis
1233 4690 1488 4748 invisitat.

595 4781 744 4835 Vers.
786 4783 838 4836 5.
889 4781 997 4835 Vox
1027 4781 1231 4835 Domini
1258 4785 1618 4853 ronfringentis
1648 4786 1824 4838 cedros
1852 4801 1870 4839 :
1894 4796 1940 4837 et
1967 4800 2087 4838 con-

523 4878 705 4947 fringet
737 4877 986 4929 Dominus
1033 4877 1208 4930 cedros
1255 4878 1459 4931 Libani.
1506 4879 1600 4933 Hie
1629 4879 1855 4948 Spiritus
1883 4880 2091 4932 virtutis

523 4967 804 5031 elucescit,
843 4968 931 5036 qui
968 4968 1242 5036 confringit
1280 4969 1610 5036 superbiam,
1642 4984 1760 5036 quae
1798 4970 1851 5020 in
1882 4982 1939 5022 se
1967 4983 2091 5020 con-

524 5056 665 5121 ﬁdit,
697 5066 750 5110 et
795 5057 1141 5111 lmmilitatcm
1186 5059 1375 5127 erigit.
1426 5074 1543 5126 qua:
1589 5058 1657 5112 de
1699 5059 1815 5127 ejus
1853 5058 2089 5113 bonitate

525 5150 813 5215 przesumit.
839 5147 1025 5199 Ccdros
1047 5148 1185 5201 enim
1215 5149 1513 5217 superbiam
1543 5149 1798 5203 debemus
1821 5152 2086 5216 accipere,

524 5252 639 5305 quas
662 5250 719 5290 se
742 5236 791 5287 in
817 5236 1146 5289 altitudinem
1172 5238 1404 5301 elevans,
1432 5254 1681 5305 proceras
1706 5237 1859 5306 hujus
1885 5238 2087 5292 arboris

524 5327 855 5380 summitates
883 5328 1133 5393 imitatur,
1190 5330 1415 5381 maxime
1449 5330 1569 5395 quia
1599 5337 1654 5381 et
1684 5328 1881 5396 lignum
1914 5332 2084 5397 ipsum

526 5433 629 5471 non
660 5427 741 5471 est
786 5418 940 5480 utile,
987 5418 1084 5470 nisi
1115 5418 1375 5471 succisum
1422 5418 1597 5471 fuerit.
1628 5419 1811 5473 Nullus
1850 5422 1992 5473 enim
2037 5424 2087 5475 itt

524 5524 617 5562 sua
650 5508 823 5563 radice
854 5523 1099 5570 manens,
1130 5507 1395 5576 proﬁcuos
1421 5521 1641 5578 generat
1680 5511 1912 5575 fructus;
1954 5512 2088 5567 sicut

528 5617 620 5656 nec
647 5601 802 5656 elatio
829 5598 1184 5665 detestabilis,
1212 5614 1328 5667 quae
1352 5612 1625 5667 peccatum
1659 5602 1836 5657 intulit
1866 5604 2084 5659 mundo.

2195 4533 2482 4589 monstrat,
2505 4526 2594 4594 qui
2622 4527 2838 4582 fallaces
2859 4529 3208 4597 cogitationes
3230 4539 3282 4584 et
3302 4531 3475 4595 inepta
3499 4530 3787 4584 hominum

2197 4624 2315 4668 vota
2358 4617 2670 4683 concutiens,
2700 4616 2766 4670 ad
2815 4618 3052 4671 veritatis
3096 4618 3329 4671 studium
3377 4629 3647 4671 correctos
3688 4629 3788 4671 at-

2198 4707 2378 4761 trahit.
2410 4709 2474 4761 Et
2514 4708 2649 4762 bene
2686 4724 2896 4763 errores
2934 4725 3119 4765 eorum
3160 4711 3484 4763 solitudinem
3526 4712 3737 4764 vocavit
3766 4756 3785 4779 ,

2193 4798 2440 4865 quoniam
2490 4798 2841 4852 habitatorem
2876 4814 2981 4853 non
3028 4799 3189 4853 habet
3219 4799 3413 4863 Deum;
3448 4812 3544 4851 nec
3590 4799 3688 4866 ipsi
3721 4801 3788 4853 in

2194 4886 2542 4955 pravitatibus
2564 4888 2672 4941 suis
2697 4888 2895 4941 diutius
2924 4902 3139 4941 manere
3169 4897 3413 4956 possunt,
3444 4887 3660 4955 quando
3681 4901 3793 4941 eas

2193 4984 2284 5027 aut
2311 4976 2632 5029 lamentabili
2659 4984 2829 5029 morte
2852 4976 3122 5040 deserunt,
3149 4984 3239 5027 aut
3262 4975 3399 5028 felici
3421 4973 3794 5028 conversiom:

2194 5064 2587 5134 derelinquunt.
2632 5066 2904 5133 Sequitur,
2936 5076 2983 5117 et
3027 5067 3349 5118 commovebit
3395 5064 3643 5117 Dominus
3683 5066 3793 5117 de-

2194 5166 2387 5208 sertum
2409 5155 2589 5210 Cades.
2611 5157 2719 5210 Hoc
2742 5158 2911 5210 adhuc
2934 5158 2996 5211 ad
3022 5157 3271 5225 Spiritum
3296 5158 3521 5225 pertinet
3539 5156 3784 5225 pietatis-

2192 5247 2301 5302 Sed
2335 5249 2475 5301 hunc
2506 5250 2679 5302 locum
2711 5251 2944 5302 narratio
2974 5250 3094 5302 libri
3120 5249 3335 5302 Numeri
3367 5248 3649 5318 diligenter
3673 5262 3781 5301 ει-

2193 5338 2340 5404 punit
2368 5336 2571 5405 (Num.
2619 5353 2717 5405 xx,
2751 5339 2773 5390 1
2806 5339 2847 5406 ),
2885 5338 3119 5393 referens
3160 5354 3279 5392 cum
3328 5338 3647 5391 Israelitico:
3681 5352 3797 5402 po-

2194 5429 2347 5495 pulus
2390 5428 2439 5481 in
2483 5429 2650 5482 CldCS
2696 5430 2958 5493 venisset,
2989 5431 3254 5499 nimiaque
3281 5430 3365 5484 siti
3396 5430 3495 5483 loci
3523 5428 3797 5486 ariditate

2193 5519 2481 5583 laboraret,
2510 5519 2722 5590 Moysen
2744 5522 2895 5589 jussu
2922 5523 3125 5575 Domini
3151 5537 3397 5591 percussa
3423 5532 3569 5590 petra
3592 5521 3801 5575 subito

2192 5606 2296 5662 illis
2322 5622 2576 5675 aquarum
2604 5610 2807 5679 copiam
2836 5612 3152 5678 contulisse,
3181 5613 3419 5680 miroque
3446 5612 3604 5667 modo
3634 5610 3802 5669 facta
