4030 6172
227 242 313 298 201

1154 235 1515 294 EXPOSITIO
1555 236 1630 292 ΙΝ
1663 235 2027 293 PSAL'I‘Eiiii
2057 235 2125 291 Μ.
2171 236 2367 294 PSAL.
2407 238 2600 296 XXIX.

3417 242 3519 298 202

224 369 293 413 est
317 367 464 411 terra
494 332 722 426 inigua‘,
745 370 863 425 qum
884 354 1030 409 arida
1055 354 1298 408 siccitate
1314 352 1527 423 jacebat
1546 349 1804 422 squalida.
1840 352 1893 411 Α
1920 348 2124 414 Merito,
2160 350 2412 419 quoniam
2444 350 2569 403 illud
2600 349 2738 419 quod
2774 349 2971 407 iactum
3012 361 3094 408 est
3133 350 3232 408 sub
3261 352 3394 420 Noe,
3429 316 3519 410 bu.-

226 448 317 503 Per
362 447 504 499 hanc
532 460 661 517 ergo
693 445 1095 500 similitudinem
1128 445 1256 499 dicit
1287 455 1626 519 peccatorum
1659 442 1824 499 corda

227 539 513 591 durissiua
557 538 610 589 in
641 549 806 605 aquas
836 537 1114 605 sapientia:
1144 551 1302 607 posse
1330 537 1571 603 dissolvi,
1604 538 1825 592 iterum-

224 647 319 699 que
351 628 486 683 illud
519 630 825 697 exemplum
864 627 1026 683 Cades
1066 629 1117 683 in
1151 629 1395 683 humanis
1421 628 1673 685 cordibus
1703 642 1824 683 esse

228 720 547 773 iaciendum.
583 719 737 789 Swpe
765 720 909 773 enim
941 722 1198 773 desertum
1229 721 1472 789 ponitur,
1514 719 1603 774 ubi
1643 726 1698 775 et
1743 720 1826 773 in-

227 812 400 867 ﬁdeles
426 812 612 881 pepuli
642 814 932 867 convenire
964 822 1281 879 nosctmtur,
1315 814 1456 867 sicut
1486 817 1537 866 in
1576 813 1824 882 Evange-

226 907 282 958 lio
320 904 455 958 dicit
504 922 519 959 :
575 903 686 957 Vox
722 906 995 957 clamantis
1023 906 1076 957 in
1106 907 1304 958 deserto
1334 904 1354 975 (
1381 904 1568 958 Matth.
1607 919 1692 968 ιιι,
1721 904 1755 959 5
1776 902 1819 973 ).

224 997 325 1052 Non
362 998 513 1053 enim
546 996 783 1052 Joannes
813 1000 1109 1067 praedicare
1139 1005 1348 1067 poterat
1377 997 1428 1051 in
1461 999 1701 1061 deserto,
1732 995 1823 1051 ubi

225 1090 392 1143 nullus
423 1089 667 1153 audiret;
699 1090 792 1142 scd
824 1091 1080 1143 desrrtum
1120 1091 1369 1159 appellati
1410 1099 1565 1156 sunt,
1596 1091 1684 1159 qui
1723 1089 1822 1143 ad-

226 1186 317 1237 huc
348 1183 584 1237 necdum
618 1182 738 1236 lidei
766 1182 906 1235 dona
940 1194 1315 1251 perceperant.

286 1276 443 1330 νει-ε.
489 1276 542 1331 8.
598 1273 708 1329 Vox
750 1273 958 1327 Domini
996 1276 1337 1342 prteparuntis
1368 1290 1568 1341 cervos,
1603 1284 1650 1328 et
1676 1289 1821 1327 reve-

226 1368 341 1419 labit
365 1367 664 1430 condensa;
691 1373 740 1419 et
762 1366 814 1418 in
845 1365 1035 1432 templo
1058 1367 1167 1436 ejus
1192 1380 1365 1418 omnes
1388 1364 1555 1418 dicent
1578 1364 1821 1434 gloriam.

226 1459 524 1529 Septimum
550 1460 682 1513 dicit
702 1459 962 1528 Spiritum
993 1458 1200 1512 timoris
1227 1459 1462 1513 Domini.
1497 1458 1645 1514 Cervi
1674 1459 1819 1515 enim

225 1564 337 1607 sunt
368 1552 546 1606 timidi
583 1552 824 1621 quidem,
860 1550 953 1606 sed
983 1566 1251 1607 venenosa
1282 1553 1582 1608 sorbentes.
1617 1553 1683 1608 Et
1711 1568 1824 1608 me-

225 1648 314 1698 rito
343 1645 455 1698 illis
484 1643 957 1717 comparatisunt,
989 1643 1078 1713 qui
1124 1654 1179 1698 et
1224 1644 1560 1699 Divinitatem
1601 1646 1818 1709 timent,

1930 441 2195 509 ptisutatis
2225 441 2363 494 sacri
2410 442 2629 510 gerebat
2674 444 2981 514 imztgirtetn.
3014 443 3143 499 Nam
3190 445 3330 499 sicut
3376 445 3512 506 istud

1931 543 2118 601 purgat
2147 534 2351 587 animas
2374 534 2621 587 sordibus
2649 545 3005 603 peccatorum,
3032 536 3103 589 ita
3142 545 3195 591 et
3222 536 3350 591 illud
3380 537 3518 593 dilu-

1927 625 2071 677 vium
2104 625 2287 677 mundi
2336 623 2563 678 crimina
2611 627 2869 692 probrosa
2913 626 3134 682 delevit.
3173 626 3361 683 Merito
3390 644 3520 700 ergo

1929 731 2026 785 pro
2069 716 2387 785 baptismate
2416 717 2667 769 diluvium
2707 719 2937 784 pesitum
2965 728 3067 781 est,
3094 718 3157 772 ad
3189 721 3340 787 cuius
3369 721 3521 781 sitni-

1930 808 2210 862 litudincm
2232 817 2443 862 constat
2464 806 2735 863 eii'ectum.
2760 807 2889 862 Nam
2917 809 3054 876 quod
3086 810 3241 863 tertio
3270 809 3517 869 Dominus

1930 899 2164 967 repetiit,
2198 899 2316 954 sine
2345 897 2687 952 distinctione
2727 912 3096 967 personarum,
3130 898 3255 955 licet
3294 899 3518 970 intelligi

1928 990 2159 1058 primum
2189 990 2391 1044 dictum
2422 988 2490 1044 de
2518 988 2717 1056 Spiritu
2748 998 2953 1054 sancto,
2988 988 3237 1043 Dominus
3270 991 3517 1045 diluvium

1927 1080 2198 1133 inhabitat.
2240 1078 2512 1148 Sequitur,
2542 1089 2589 1132 et
2616 1079 2806 1132 sedebit
2851 1078 3101 1134 Dominus
3149 1081 3258 1135 Ilva:
3286 1084 3339 1136 in
3368 1093 3512 1137 teter.

1928 1184 2086 1249 num;
2114 1168 2217 1225 hoc
2247 1180 2425 1225 autem
2452 1168 2520 1224 de
2546 1168 2681 1223 Filio
2706 1178 2849 1224 recte
2871 1169 3234 1239 intelligimus.
3265 1170 3490 1227 Dominu

1926 1264 2161 1325 virtutem
2191 1263 2382 1335 populo
2420 1279 2513 1318 suo
2544 1263 2708 1330 dabit,
2740 1262 2809 1318 de
2836 1262 2994 1318 Patre
3036 1276 3403 1334 cetopetenter
3428 1267 3517 1320 ad—

1929 1360 2210 1410 vertimus.
2245 1354 2449 1427 Populo
2475 1371 2592 1423 suo,
2623 1355 2888 1425 signiﬁcat
2913 1355 3238 1420 Christiano,
3270 1371 3428 1427 quem
3455 1357 3520 1412 de

1928 1447 2066 1500 sacri
2086 1447 2419 1515 baptismatis
2438 1461 2660 1501 munere
2674 1445 3014 1515 conquisivit.
3031 1444 3312 1517 Subiunxit
3329 1448 3519 1502 etiam:

1933 1537 1997 1591 Et
2023 1537 2279 1591 benedicet
2309 1536 2559 1607 populum
2598 1554 2745 1592 suum
2776 1539 2827 1591 in
2869 1553 3014 1603 pace.
3046 1536 3159 1591 Non
3189 1536 3322 1592 dixit
3360 1538 3523 1594 iisnec

1929 1628 2131 1694 dicent,
2179 1628 2271 1683 sed
2304 1627 2580 1694 benedicet,
2641 1626 2761 1695 quia
2805 1641 2943 1681 unus
2971 1634 3055 1681 est
3095 1625 3352 1682 Dominus
3385 1627 3522 1683 Deus

225 1746 269 1788 et
297 1734 578 1789 contraria
628 1747 857 1802 qumque
903 1734 1192 1799 devorant;
1246 1749 1343 1789 nec
1386 1735 1454 1789 ab
1493 1737 1572 1790 eis
1602 1746 1820 1803 possunt

1945 1730 2134 1776 toster.
2161 1719 2227 1774 In
2250 1737 2394 1791 pace,
2419 1728 2637 1789 promer
2660 1719 2788 1774 illud
2814 1718 3085 1789 Evangelii
3113 1736 3125 1773 :
3153 1718 3343 1774 Pacem
3360 1736 3523 1776 meam

225 1826 392 1896 decipi
422 1825 511 1881 vel
543 1825 764 1887 noceri,
797 1825 887 1894 qui
927 1826 1212 1880 adversum
1245 1826 1537 1882 Ecclesiam
1572 1826 1697 1891 Dei,
1731 1827 1827 1883 lel-

226 1916 307 1972 lita
331 1927 640 1972 noscuntur
664 1916 1017 1973 altercatione
1040 1906 1314 1973 resistit-re.
1338 1918 1693 1988 Consignatus
1722 1928 1826 1985 est,

225 2021 276 2064 ut
300 2010 561 2079 superius
589 2008 852 2074 diximus,
884 2010 1116 2077 Spiritus
1165 2012 1523 2080 septiformis,
1570 2029 1727 2084 quem
1773 2022 1830 2069 et

227 2101 610 2171 supputatione
636 2100 789 2155 facile
819 2102 1061 2172 colliges,
1093 2112 1148 2157 et
1173 2106 1485 2173 operatione
1513 2120 1825 2176 cognosces.

228 2194 323 2248 Sed
352 2194 505 2247 hunc
529 2192 642 2261 Spit
660 2193 789 2245 itum
816 2203 1057 2248 sanctum
1087 2209 1248 2248 unum
1272 2205 1432 2265 atque
1459 2196 1706 2251 eumdem
1737 2196 1829 2250 de-

230 2284 415 2339 bemus
465 2284 733 2353 accipere,
780 2284 933 2353 cujus
978 2290 1071 2340 has
1117 2301 1250 2357 quas
1298 2286 1552 2355 diximus,
1600 2297 1832 2343 testante

230 2377 353 2430 Isaia
382 2373 542 2447 (Isa.
568 2391 655 2442 ιι,
683 2375 737 2441 2,
764 2377 846 2443 ὅ),
876 2386 1080 2445 septem
1109 2387 1319 2431 constat
1347 2392 1465 2433 esse
1493 2378 1747 2447 virtutes,
1780 2377 1832 2433 id

231 2478 304 2522 est
342 2468 583 2536 spiritus
625 2469 924 2535 sapiettlia‘,
972 2468 1195 2539 spiritus
1237 2470 1560 2535 intellectus,
1610 2472 1833 2539 spiritus

230 2560 442 2615 consilii
464 2604 480 2627 ,
509 2574 575 2629 Sp
596 2562 733 2613 ritus
773 2560 1009 2626 tirtutis,
1052 2561 1270 2630 spiritus
1314 2561 1581 2627 scientiae,
1611 2563 1833 2631 spiritus

230 2654 473 2719 pietatis,
502 2652 723 2719 spir.tu~
760 2651 966 2704 timoris
998 2651 1206 2705 Domini
1238 2652 1604 2709 :distribuens
1630 2653 1835 2708 unicui-

230 2760 328 2813 que
365 2753 531 2812 prout
564 2742 695 2796 vult.
727 2741 835 2797 Nec
862 2753 1073 2797 moveat
1096 2743 1236 2810 quod
1267 2744 1461 2814 ubique
1490 2758 1676 2800 vocem
1708 2745 1835 2815 Spi-

230 2838 361 2889 ritus
389 2836 569 2889 sancti
601 2834 730 2888 dicit
758 2847 878 2889 esse
914 2848 1247 2900 sermonem;
1282 2834 1383 2890 hoc
1428 2836 1569 2890 enim
1610 2838 1835 2893 verbum

228 2930 504 2984 uiiiversa:
552 2928 798 2982 Trinitati
850 2938 1061 2983 constat
1111 2939 1374 2999 aptttum.
1420 2930 1528 3001 9‘5
1558 2930 1689 2985 Nam
1733 2931 1834 2985 Pa-

228 3021 323 3075 tris
358 3022 596 3089 legimus
634 3034 845 3083 vocent,
877 3037 995 3074 cum
1035 3021 1164 3076 dicit
1201 3038 1214 3076 :
1256 3021 1352 3076 llic
1392 3031 1469 3077 est
1498 3022 1664 3078 Filius
1694 3040 1837 3079 meus

1933 1810 2001 1862 do
2046 1810 2226 1877 vobis,
2277 1826 2452 1879 pacem
2492 1826 2657 1864 meam
2695 1810 2931 1880 relinquo
2965 1810 3103 1864 vobis
3153 1809 3352 1881 (Joan.
3393 1828 3522 1887 xw,

1930 1899 2044 1971 27).
2078 1900 2191 1955 Una
2223 1911 2306 1957 est
2333 1902 2475 1957 enim
2509 1915 2612 1970 pax
2644 1910 2699 1957 et
2730 1901 2923 1968 Patris,
2956 1910 3012 1957 et
3040 1900 3182 1971 Filii,
3215 1910 3269 1958 et
3293 1902 3525 1975 Spiritus

1934 1990 2129 2044 sancti.

2467 2084 2738 2141 Conclusio
2768 2087 2975 2157 psalmi.

2006 2199 2406 2255 Meminerimus
2438 2215 2595 2270 quam
2638 2200 2840 2271 ingenti
2872 2200 2998 2256 tuba
3029 2201 3272 2271 psalmus
3317 2202 3419 2260 iste
3450 2211 3524 2260 to.
3574 2202 3586 2215 ³

1936 2294 2111 2347 uuerit
2137 2333 2153 2359 ,
2184 2302 2241 2348 ut
2282 2293 2667 2348 detrectatores
2698 2292 2930 2363 Spiritus
2968 2292 3140 2348 sancti
3168 2309 3274 2349 non
3323 2295 3526 2366 possint

1937 2385 2253 2456 ignorantia:
2280 2387 2628 2439 excusatione
2662 2385 2894 2440 delendi.
2929 2385 3059 2441 Nam
3090 2388 3332 2456 potentia
3362 2389 3528 2463 ipsius

1937 2474 2239 2545 scptii‘ormi
2261 2475 2639 2531 distributione
2670 2475 2881 2530 laudata
2908 2486 3010 2543 est,
3046 2486 3103 2532 ut
3134 2476 3262 2533 nihil
3294 2478 3365 2537 ibi
3398 2480 3526 2537 infe.

1937 2567 2051 2622 rius
2074 2609 2091 2632 ,
2134 2566 2264 2621 nihil
2296 2581 2650 2637 εοςηοωειιεε
2690 2580 2811 2622 esse
2852 2567 3084 2623 divisum
3117 2584 3133 2641 ;
3166 2570 3286 2638 quia
3332 2582 3528 2634 sancite

1939 2659 2219 2715 Trinitatis
2243 2659 2416 2716 unitas
2449 2660 2501 2713 in
2530 2659 2635 2713 line
2665 2660 2933 2714 declarata
2971 2667 3075 2715 est.
3110 2660 3326 2723 Desinat
3358 2662 3528 2723 inere-

1941 2755 2171 2809 ticorum
2196 2753 2378 2806 insana
2410 2751 2632 2822 periidia
2656 2766 2820 2806 vanas
2842 2768 3183 2811 commovere
3204 2756 3529 2819 calumnias;

1940 2842 2121 2916 iegant
2154 2842 2463 2912 Didytuum,
2509 2841 2690 2909 legant
2717 2842 2927 2897 beatum
2968 2843 3334 2909 Ambrosium,
3372 2857 3527 2901 caete.

1941 2949 2138 3005 rusque
2179 2933 2365 2988 Patres
2404 2933 2491 3003 qui
2524 2930 2592 2987 de
2624 2934 2721 2987 hac
2752 2948 2809 2987 re
2864 2932 3245 3002 perlaetissima
3290 2936 3528 3000 disputa-

1946 3028 2092 3084 tione
2121 3028 2390 3083 dixerunt.
2424 3026 2663 3081 Ail'crant
2704 3023 2994 3080 individuus
3021 3024 3268 3081 Trinitati
3309 3028 3528 3096 gloriam

226 3114 465 3167 dilectus
489 3112 541 3165 in
566 3130 665 3181 quo
690 3114 817 3165 mihi
849 3114 1133 3182 complacui
1158 3114 1177 3185 (
1202 3112 1387 3169 Matth.
1423 3131 1513 3181 ιιι,
1545 3117 1610 3171 i'l
1634 3115 1678 3185 ).
1706 3116 1835 3171 item
1864 3104 1911 3169 C
1942 3128 1997 3175 et
2025 3121 2306 3188 honorem,
2339 3132 2441 3174 nee
2472 3117 2667 3172 iaciant
2714 3117 2767 3171 in
2798 3116 3100 3197 aequalitate
3130 3118 3455 3187 distantiam,
3487 3120 3530 3176 si

227 3205 348 3259 Filii
401 3202 635 3259 dicentis
679 3221 692 3257 :
747 3203 934 3267 Sau/e,
985 3203 1178 3271 Saule,
1222 3204 1347 3275 quid
1394 3220 1476 3259 me
1521 3208 1836 3283 persequeris

232 3296 251 3355 l
275 3296 402 3350 Act.
458 3311 541 3359 Ix,
583 3294 659 3364 4)
686 3294 709 3348 ‘l
738 3293 994 3350 Similiter
1032 3304 1087 3350 et
1130 3296 1182 3349 iu
1224 3296 1445 3350 Actibus
1471 3300 1831 3366 apostolorum

233 3390 298 3442 de
336 3388 551 3456 Spiritu
582 3397 770 3442 sancto
796 3387 988 3457 legitur
1032 3406 1047 3442 :
1077 3389 1355 3461 Segregate
1383 3390 1507 3444 mihi
1534 3389 1759 3446 Paulum
1790 3400 1839 3450 el

236 3478 541 3532 Barnabam
588 3480 641 3532 in
667 3496 794 3547 opus
820 3481 888 3533 ad
912 3482 1048 3550 quod
1086 3484 1261 3536 vocavi
1286 3499 1370 3537 eos
1395 3482 1413 3554 (
1436 3484 1548 3537 Act.
1580 3497 1672 3540 xm
1690 3525 1706 3549 ,
1737 3484 1773 3538 2
1791 3483 1837 3557 ).

236 3571 340 3625 Sed
374 3572 519 3623 hanc
548 3572 981 3625 communionem
1014 3572 1297 3627 verborum
1334 3574 1704 3629 sanctissimus
1732 3576 1843 3628 Au-

235 3664 489 3730 gustinus
538 3672 724 3718 contra
773 3664 999 3718 Arianos
1046 3665 1287 3719 scribens
1332 3665 1545 3737 (Serm.
1598 3666 1729 3731 191,
1777 3667 1844 3722 de

237 3754 343 3808 SS.
392 3751 635 3822 Trinit.)
668 3754 719 3807 in
763 3770 867 3808 uno
910 3756 1044 3809 lihro
1085 3756 1201 3810 utili
1244 3759 1563 3813 adunatione
1594 3760 1837 3831 collegit,

239 3855 291 3896 ut
341 3846 711 3913 aequalitatem
761 3846 1108 3914 substantite,
1141 3848 1223 3902 vel
1259 3852 1509 3917 potentlze
1554 3848 1844 3910 indvidnae

236 3936 527 3990 Trinitatis
572 3937 747 3989 omnis
795 3937 1028 4004 prudens
1078 3940 1244 4007 possit
1282 3955 1595 4010 agnoscere,
1628 3940 1845 4009 quando

234 4040 287 4083 et
320 4032 444 4099 ipsa
477 4031 643 4082 verba
677 4031 864 4099 probat
894 4046 1015 4085 esse
1041 4034 1365 4087 communia.
1400 4032 1656 4088 Reoelavit
1683 4033 1843 4090 etiam

235 4121 412 4173 timor
441 4120 655 4174 Domini
686 4124 962 4185 condensa,
989 4124 1201 4192 quando
1226 4124 1560 4193 ignoratione
1580 4124 1845 4194 deposita,

234 4216 298 4267 ad
333 4214 750 4286 intelligentiam
781 4215 978 4270 divina:
1006 4216 1137 4285 legis
1167 4216 1343 4271 devitti
1371 4220 1546 4285 populi
1577 4233 1848 4275 eouvt-ne-

233 4317 387 4359 runt.
424 4306 528 4359 Pro
555 4322 658 4374 qua
683 4322 741 4361 re
772 4307 823 4361 in
854 4307 1089 4361 Ecclesia
1113 4307 1231 4377 ejus
1255 4323 1442 4363 omnes
1473 4310 1710 4365 referunt
1733 4317 1849 4379 glo-

234 4404 375 4452 ria‘m
396 4439 412 4461 ,
438 4406 599 4466 prout
632 4399 999 4468 unusquisque
1030 4400 1231 4467 praefati
1260 4400 1492 4461 Spiritus
1519 4400 1849 4473 septiformis

234 4490 381 4543 dona
413 4490 671 4555 suscepit.
712 4487 895 4545 Gloria
933 4492 1108 4560 enim,
1141 4493 1278 4547 sicut
1309 4492 1508 4547 dictum
1540 4508 1685 4566 saepe
1729 4512 1844 4551 tue-
1875 4477 1925 4538 D

235 4585 505 4637 minimus
526 4623 541 4644 ,
570 4583 683 4636 laus
705 4594 787 4638 est
818 4584 951 4639 facta
980 4586 1343 4642 celebratione
1372 4590 1685 4646 multorum.

311 4673 472 4729 ναῖε.
508 4674 566 4727 9.
602 4673 849 4730 Dominus
875 4676 1126 4732 diluvium
1156 4677 1431 4745 inhabitat,
1460 4690 1506 4732 et
1530 4680 1717 4733 sedebit
1743 4680 1845 4734 Do-

236 4769 417 4817 minus
450 4766 567 4820 Hea:
595 4768 648 4818 in
678 4775 944 4823 icternum.

315 4858 472 4914 νει-ε.
513 4862 598 4913 l0.
627 4859 877 4915 Dominus
906 4864 1142 4917 virtutem
1169 4864 1360 4933 populo
1388 4880 1482 4919 suo
1508 4864 1670 4932 dabit,
1694 4874 1739 4919 et
1762 4866 1846 4919 be-

232 4950 446 5003 uedicet
496 4953 751 5018 populum
796 4969 946 5007 suum
994 4954 1048 5008 in
1096 4971 1244 5024 pace.
1286 4956 1534 5010 Decursis
1564 4958 1848 5011 virtutibus

231 5039 479 5108 Spiritus
512 5043 880 5109 septilormis,
933 5043 986 5097 in
1018 5046 1179 5099 tertio
1221 5046 1413 5102 ordine
1454 5047 1521 5100 ad
1568 5047 1847 5104 Trinitatis

228 5134 682 5201 consplesionem
738 5134 970 5190 mirabili
1026 5135 1381 5207 dispositione
1433 5140 1696 5209 pervenit.
1757 5142 1849 5197 Di-

228 5223 420 5277 cenda
457 5222 606 5276 enim
640 5224 691 5276 in
721 5222 803 5278 his
833 5224 1044 5280 duobus
1072 5226 1356 5283 versiculis
1397 5230 1555 5285 tertio
1579 5230 1849 5297 Dominus,

225 5315 485 5370 ostendit
522 5323 761 5369 sanctam
804 5315 1119 5372 Trinitatem
1151 5318 1423 5387 diluvium,
1488 5319 1541 5375 id
1580 5329 1663 5376 est
1688 5337 1854 5391 aquas

228 5408 590 5477 [optimatis
611 5408 924 5474 inhabitare;
946 5410 1086 5465 sicut
1113 5412 1166 5465 in
1198 5411 1489 5483 EVangelio
1511 5412 1713 5467 dictum
1738 5424 1850 5469 est:

230 5499 451 5556 Est-tes
482 5502 739 5571 baptizata
767 5517 938 5557 omnes
966 5514 1136 5573 gentes
1158 5505 1210 5557 in
1235 5505 1438 5558 nomine
1467 5503 1663 5572 Patris,
1688 5519 1734 5560 et
1761 5504 1854 5560 Fi-

232 5598 325 5656 lis,
364 5604 415 5645 et
446 5594 682 5658 Spiritus
710 5596 873 5649 sancti
904 5595 1119 5667 (Matth.
1153 5614 1340 5663 xsvtu,
1369 5598 1478 5669 i9).
1513 5600 1616 5657 Sed
1645 5616 1854 5672 quera-

229 5699 377 5740 πως
393 5698 494 5738 cur
516 5684 603 5739 hic
622 5685 875 5739 diluvium
899 5702 996 5756 pro
1020 5691 1187 5747 sacris
1213 5691 1453 5748 fontibus
1486 5692 1711 5763 positum
1735 5695 1856 5750 est?

541 5777 819 5839 ιἈτιιοι..
872 5781 1063 5844 LXX.

1944 3211 2163 3284 perduci
2195 3227 2301 3266 non
2333 3210 2537 3281 eligunt
2563 3209 2627 3263 ad
2661 3210 2889 3267 ruinam.

2195 3324 2561 3381 EXPOSITIO
2602 3323 2667 3378 ΙΝ
2709 3323 3031 3379 ιιδΑωιωι
3074 3322 3266 3387 XXIX,

2085 3414 2327 3468 Psalmus
2356 3413 2542 3467 cantici
2570 3415 2621 3466 in
2648 3414 2967 3467 dedicatione
2998 3412 3179 3467 domus
3214 3412 3395 3476 David.
3442 3461 3450 3468 .

2020 3533 2221 3589 Psalmi
2248 3534 2436 3588 cantici
2475 3534 2687 3604 cognita
2719 3532 3040 3602 signiﬁcatio
3069 3543 3150 3588 est
3184 3507 3209 3588 ς’
3231 3546 3373 3588 nunc
3408 3546 3530 3588 coni

1944 3629 2246 3686 sideretttus
2278 3644 2374 3683 cur
2420 3633 2588 3697 posita
2620 3628 2691 3682 sit
2732 3629 2914 3681 domus
2956 3626 3311 3681 dedicationis.
3344 3624 3533 3679 Domus

1948 3722 2216 3793 signiﬁcat
2241 3720 2494 3775 dominici
2525 3719 2771 3789 corporis
2800 3719 3093 3788 templum;
3124 3718 3378 3772 dedicatio
3411 3734 3535 3773 vero

1948 3814 2399 3871 resurrectionem
2428 3813 2670 3881 ejusdem
2711 3811 2921 3866 Domini
2953 3812 3122 3865 nostri
3152 3811 3277 3865 Jestt
3318 3809 3534 3867 Citristt.

1949 3907 2101 3962 Tunc
2138 3907 2280 3961 enim
2309 3920 2505 3973 corpus
2533 3902 2651 3974 ejus
2684 3903 2738 3957 in
2767 3914 3023 3957 :eternam
3054 3904 3276 3970 gloriam
3308 3910 3535 3970 potesta-

1951 4006 2165 4066 temque
2194 3996 2511 4065 perdnctum
2540 4003 2642 4058 est,
2672 3992 2815 4048 sicut
2844 3993 2898 4047 in
2920 3992 3209 4060 Evsngelio
3233 3991 3347 4059 ipse
3375 3993 3500 4046 dicit
3524 4008 3538 4047 :

1950 4088 2086 4145 Data
2104 4096 2179 4142 est
2206 4088 2331 4140 mihi
2353 4088 2520 4140 omnis
2548 4094 2770 4153 potestas
2791 4085 2845 4137 in
2865 4083 2990 4136 cado
3010 4093 3057 4134 et
3087 4084 3139 4134 in
3163 4092 3295 4135 terra
3324 4081 3537 4151 (Matth.

1953 4194 2118 4233 xsvm
2147 4223 2157 4243 ε
2194 4176 2327 4246 18).
2364 4176 2623 4231 Dedicare
2651 4174 2846 4243 quippe
2874 4173 3102 4228 dicimus
3125 4214 3140 4238 ,
3181 4187 3302 4226 cum
3335 4173 3540 4227 novitas

1952 4273 2145 4327 domus
2164 4269 2396 4341 alicujus
2418 4269 2470 4323 in
2494 4282 2648 4325 nsunt
2670 4265 3081 4322 celeberrimum
3104 4263 3412 4333 deputatur.
3439 4263 3540 4318 Do-

1953 4381 2066 4417 mus
2086 4372 2263 4418 autem
2292 4360 2457 4414 David
2484 4374 2705 4430 proper
2726 4373 2910 4413 semen
2939 4357 3055 4426 ejus
3078 4366 3160 4411 est
3186 4357 3380 4426 posita,
3404 4360 3546 4412 unde

1954 4456 2199 4512 Salvator
2220 4463 2404 4508 noster
2423 4452 2604 4507 carnis
2631 4452 2795 4505 ιηιί
2820 4448 3104 4519 originem.
3134 4448 3236 4505 ista
3258 4449 3440 4503 domus
3463 4462 3545 4504 est

1951 4562 2071 4613 quat
2120 4560 2260 4599 nunc
2286 4542 2488 4613 apertis
2537 4540 2741 4596 toribus
2769 4539 3032 4596 labiornm
3083 4538 3204 4595 lteta
3246 4539 3492 4594 decantat
3530 4558 3545 4599 τΞ

1955 4637 2210 4693 Exultabo
2240 4648 2288 4691 te
2309 4678 2326 4703 ,
2372 4636 2627 4698 Domine;
2658 4650 2778 4701 quae
2822 4633 3074 4686 fabricata
3124 4642 3208 4687 est
3237 4633 3505 4687 nascendo
3527 4673 3543 4697 ,

1952 4732 2045 4782 sed
2097 4730 2150 4783 in
2179 4739 2365 4782 saneta
2414 4727 2811 4781 resurrectione
2856 4723 3199 4793 cognoscitur
3228 4738 3350 4777 esse
3391 4724 3534 4776 dedi.

1951 4836 2088 4879 rata.

2530 4934 2720 4988 Divisio
2752 4934 2952 5003 psalmi.

2029 5052 2141 5107 Rex
2191 5060 2374 5108 noster
2420 5049 2679 5103 Dominus
2723 5047 2969 5103 Christus
3020 5048 3188 5117 prima
3239 5046 3543 5105 narratione

1957 5152 2078 5215 post
2123 5142 2575 5202 resurrectionem
2624 5141 2913 5217 gloriosam
2967 5138 3113 5195 Patri
3162 5139 3360 5213 gratias
3401 5136 3544 5207 agit,

1959 5234 2081 5303 quia
2113 5250 2234 5290 eum
2266 5234 2332 5288 de
2362 5234 2544 5288 mundi
2594 5233 2747 5287 istius
2777 5231 3097 5291 adversitate
3129 5231 3395 5297 liberavit,
3428 5244 3547 5283 san.

1959 5325 2060 5379 etis
2083 5325 2277 5393 iubens
2314 5325 2525 5379 laudem
2553 5323 2734 5379 dicere
2778 5323 3020 5386 Domino,
3048 5320 3261 5396 quando
3299 5320 3546 5374 universa

1962 5422 2013 5472 in
2046 5419 2162 5487 ejus
2194 5426 2460 5488 potestate
2491 5428 2616 5471 sunt
2647 5418 2837 5487 posita.
2869 5414 3113 5473 Secunda
3144 5428 3201 5469 se
3224 5411 3350 5467 dicit
3387 5426 3414 5464 a
3454 5425 3547 5470 sua

1960 5509 2258 5565 constantia
2286 5526 2392 5565 non
2418 5510 2762 5570 movendum.
2797 5508 3015 5579 insuper
3044 5505 3248 5567 addens
3278 5504 3544 5573 prmconist

1964 5602 2262 5659 Divinitatis
2292 5616 2320 5655 a
2352 5601 2486 5655 vivis
2536 5601 2713 5667 potius
2738 5640 2752 5665 ,
2805 5614 2909 5656 non
2942 5616 2969 5653 a
3003 5597 3227 5653 mortuis
3271 5611 3392 5652 esse
3439 5599 3559 5650 δοίη.

1962 5696 2151 5753 venda.
2180 5691 2358 5750 Tertia
2390 5691 2530 5750 redit
2556 5691 2621 5747 ad
2655 5690 3103 5751 resurrectionem
3136 5703 3285 5745 suam
3312 5687 3467 5744 lactus
3493 5702 3550 5753 ct

3110 5782 3147 5851 7
