4030 6172
493 227 596 285 203

1728 202 1795 258 Μ.
1842 200 2118 258 Αυῐιιξιιι
2150 200 2547 258 CASSlODOP-i

3660 189 3766 245 201

495 342 787 409 exsultans,
844 334 1092 407 quoniam
1141 326 1315 382 carnis
1370 322 1654 393 fragilitate
1702 320 1971 389 deposita,
2021 319 2071 372 in
2105 320 2153 381 Α
2180 329 2280 382 ρει,
2316 335 2435 372 cum
2480 318 2771 373 resurrexit
2803 333 2830 369 ει
2863 316 3110 381 mortuis,
3157 323 3210 368 et
3240 327 3383 368 mors
3411 314 3458 365 ei
3502 313 3638 365 ultra
3665 325 3764 365 no-

497 446 695 491 sterna
742 427 1035 500 majestatis
1072 435 1183 475 suae
1233 417 1399 489 gloria
1440 421 1766 487 perseverat,
1796 426 1944 465 more
1978 428 2075 464 suo

501 522 828 596 praeteritum
852 517 1056 582 dicens,
1081 509 1221 581 quod
1247 516 1465 562 noverat
1488 518 1608 561 esse
1630 514 1931 558 venturum.

1029 652 1295 723 Expositio
1326 647 1527 719 psalmi.

572 804 718 860 Vcrs.
756 802 806 856 l.
858 795 1106 853 Exaltabo
1136 804 1215 857 te,
1251 790 1500 854 Domine,
1531 790 1771 858 quani-im
1810 785 2078 857 suscepisti

496 914 595 963 me,
633 910 721 948 nec
750 889 1008 947 delectain
1056 885 1286 940 inimicos
1316 896 1450 935 meos
1496 895 1650 948 super
1693 892 1789 931 me.
1825 876 2077 930 Dominus

496 986 739 1043 Christus
768 980 913 1037 Patri
958 976 1156 1048 gratias
1186 973 1295 1041 agit
1340 986 1434 1041 per
1460 967 1943 1037 dispensationem,
1974 980 2077 1035 qua

499 1075 791 1135 resurrexit
818 1087 848 1126 a
878 1068 1126 1127 mortuis.
1159 1065 1290 1119 Nam
1335 1061 1567 1118 exaltabo
1594 1061 1756 1125 dicit,
1794 1060 1951 1114 latius
1998 1059 2077 1113 in-

500 1182 777 1226 notescere
806 1164 964 1230 facio,
992 1159 1133 1232 quod
1162 1165 1347 1213 sancta
1370 1155 1531 1211 Verbi
1564 1153 1927 1209 incarnatione
1961 1152 2079 1222 glo-

498 1263 749 1332 riosaque
793 1254 1186 1313 resurrectione
1211 1249 1538 1318 completum
1578 1258 1679 1301 est.
1711 1246 1904 1312 Quanti
1934 1244 2076 1300 enim

495 1369 620 1414 ante
662 1358 760 1411 hoc
807 1361 1019 1421 tempus
1046 1346 1329 1403 Dominum
1377 1341 1725 1412 Spiritualitcr
1754 1353 2079 1408 cegnoscere

496 1454 805 1521 latuerunt,
828 1444 932 1500 nisi
955 1443 1070 1513 ejus
1095 1440 1326 1495 adventu
1351 1436 1547 1492 veritas
1578 1432 1838 1501 promissa
1857 1430 2077 1485 claruis-

496 1543 613 1599 set‘t
644 1540 750 1596 Sed
780 1539 941 1593 homo
970 1534 1089 1589 ideo
1116 1530 1339 1585 exaltare
1367 1527 1535 1581 valuit
1570 1539 1765 1579 nomen
1791 1522 2073 1588 Altissimi,

495 1635 743 1708 quoniam
771 1631 840 1685 ab
858 1627 1050 1684 eodem
1075 1633 1286 1679 constat
1315 1628 1640 1688 assumptus.
1670 1617 1800 1671 Nam
1822 1615 2077 1685 quemad-

2181 425 2305 462 θυι-ιτ
2334 425 2435 461 non
2467 410 2651 478 potuit.

2259 502 2406 556 \‘ers.
2441 501 2492 555 ἐ.
2541 498 2753 554 Psallite
2783 499 3040 565 Domino,
3072 500 3232 554 sanrti
3278 501 3410 571 ejus,
3462 505 3510 549 ct
3555 496 3765 563 con/ite.-

2184 596 2308 648 mini
2358 596 2614 648 ntcmoriw
2641 596 2926 648 sanctitatis
2974 595 3102 663 ejus.
3144 593 3266 645 Post
3317 588 3763 644 resurrectionem

2181 699 2332 739 suam
2363 684 2750 739 convenienter
2799 685 3037 752 praecipit
3067 682 3265 736 sanctis
3310 680 3547 748 psallere,
3592 688 3651 733 ut
3679 695 3766 735 re-

2180 787 2435 847 surgentc
2475 778 2649 847 capite
2695 778 2931 832 membra
2977 777 3324 841 tutarentur,
3366 778 3599 830 maxime
3642 790 3765 830 cum

2180 884 2304 937 spes
2343 884 2531 926 eorum
2563 869 2654 923 tali
2697 869 3094 938 dispensatione
3136 869 3342 921 ﬁrmata
3369 865 3479 920 sit:
3512 868 3764 934 quoniam

2183 969 2237 1015 et
2269 960 2413 1029 ipsos
2456 967 2672 1014 constat
2699 957 2750 1013 in
2792 957 2970 1013 lmtitia
3017 972 3338 1026 resurgere,
3385 970 3520 1026 quos
3547 957 3766 1023 Contigit

2180 1048 2297 1119 ejus
2326 1049 2689 1120 prredicationi
2717 1048 3030 1104 credidisse.
3062 1047 3324 1102 Memoria:
3345 1049 3629 1101 sanctitatis
3653 1051 3767 1118 ejus

2180 1140 2313 1194 dixit
2342 1182 2356 1207 ,
2397 1140 2517 1211 quia
2550 1139 2716 1195 nostri
2762 1154 2969 1195 memor
2997 1155 3115 1195 esse
3144 1139 3391 1209 d'gnatus
3435 1149 3515 1193 cst
3539 1180 3553 1203 ,
3586 1142 3673 1205 qui
3710 1134 3779 1192 in

2183 1234 2368 1288 umbra
2400 1234 2587 1288 mortis
2609 1274 2624 1299 ,
2675 1235 2827 1304 quasi
2860 1233 2915 1287 in
2944 1232 3107 1286 densa
3158 1243 3493 1300 peccatorum
3537 1230 3768 1297 caligine

2182 1324 2547 1380 vorsabamur.
2579 1324 2693 1379 Non
2736 1324 2878 1378 enim
2910 1338 3007 1377 nos
3048 1322 3190 1376 illius
3231 1336 3495 1376 memores
3527 1320 3722 1375 fuimus
3747 1363 3763 1385 ,

2179 1417 2268 1487 qui
2314 1430 2413 1471 nos
2440 1416 2675 1481 creavit;
2704 1415 2797 1470 sed
2824 1415 2909 1470 ille
2948 1415 3113 1468 nostri
3143 1412 3337 1483 potius,
3367 1427 3501 1482 quos
3528 1413 3763 1474 creavit;

2179 1508 2316 1563 sicut
2342 1509 2455 1578 ipse
2481 1510 2532 1563 in
2555 1507 2841 1577 Evangelia
2868 1506 2995 1560 dicit
3020 1529 3033 1568 ;
3062 1504 3181 1559 Νοη
3204 1521 3289 1559 vos
3316 1522 3392 1559 me
3412 1505 3652 1575 elegistis,
3674 1507 3765 1559 sed

2177 1617 2268 1670 ego
2296 1599 2423 1672 elegi
2453 1617 2539 1655 vos
2568 1597 2749 1673 (Joan.
2773 1615 2860 1668 xv,
2889 1597 3000 1667 ili).
3033 1598 3099 1651 Et
3129 1597 3249 1650 ideo
3268 1596 3558 1664 conﬁtenda
3578 1608 3628 1651 et
3650 1597 3764 1665 glo-

495 1689 709 1784 :tlodttm
737 1723 996 1795 potuisset
1017 1727 1109 1772 ant
1140 1715 1345 1769 occulta
1374 1712 1463 1767 Dei
1489 1710 1734 1780 prodere,
1761 1719 1847 1763 aut
1875 1706 2074 1777 judicia
2111 1709 2153 1768 Β
2184 1691 2435 1745 tiﬁcanda
2470 1699 2554 1746 est
2578 1692 2819 1748 memoria
2849 1689 3132 1745 sanctitatis
3162 1691 3293 1759 ejus,
3322 1704 3439 1756 qum
3476 1689 3763 1741 littmfmltlll

498 1821 587 1874 Dci
619 1818 792 1872 l'ntura
824 1826 1062 1874 narrare,
1110 1808 1207 1861 nisi
1249 1806 1442 1860 virtute
1479 1801 1706 1868 caelesti,
1735 1815 1838 1870 qua
1870 1812 2073 1867 praera-

493 1911 610 1971 luit,
654 1921 748 1962 sua
780 1903 1054 1971 Patrisque
1096 1907 1306 1957 secreta
1360 1894 1634 1951 revelare?
1666 1892 1915 1961 Sequitur
1946 1904 2077 1945 non~

495 2000 633 2055 nulla
656 1997 881 2068 quaestio
906 2010 918 2046 :
955 1991 1066 2046 Nec
1092 1988 1355 2043 delictasti
1383 1987 1613 2039 inimicos
1642 2001 1778 2055 meps
1804 1997 1958 2052 super
1978 1998 2075 2036 me.

495 2089 771 2160 Quomodo
792 2088 931 2142 enim
957 2099 1063 2139 non
1084 2091 1207 2139 sunt
1227 2080 1462 2134 delectati
1490 2077 1683 2130 inimici
1705 2077 1841 2145 cjus,
1866 2075 2077 2145 quando

495 2198 615 2237 cum
645 2177 1042 2251 colapliizantes
1074 2174 1318 2227 dicebant
1348 2186 1361 2223 :
1400 2169 1706 2237 ΡνορΙιιτιῐκτι
1736 2167 1901 2235 nobis,
1927 2164 2078 2220 Chri-

496 2288 586 2341 sle,
613 2276 724 2346 quis
750 2283 819 2327 est
847 2270 935 2342 qui
975 2280 1019 2323 te
1049 2266 1291 2336 percussit
1323 2262 1530 2333 (Matth.
1564 2278 1712 2325 xxvr,
1740 2260 1871 2330 68)?
1897 2269 1953 2316 et
1982 2261 2078 2315 ite-

496 2385 613 2424 rum
639 2374 841 2422 stantes
872 2371 994 2417 ante
1024 2373 1238 2414 crucem
1263 2357 1509 2410 dicebant
1540 2369 1555 2407 :
1598 2353 1734 2406 Vah!
1754 2353 1841 2423 qui
1864 2350 2084 2407 destruis

494 2457 759 2529 templum,
781 2463 827 2507 et
851 2454 905 2506 in
926 2451 1095 2505 triduo
1122 2447 1406 2513 recedi/iras
1424 2444 1555 2499 illud
1582 2444 1745 2515 (Ibid.
1770 2458 1933 2507 xxvii,
1962 2442 2077 2511 40)’

495 2544 955 2616 Quemadmodum
984 2542 1142 2596 etiam
1186 2552 1289 2592 non
1319 2546 1440 2591 sunt
1468 2536 1722 2599 delectati,
1753 2534 1966 2605 quando
1995 2549 2079 2589 su-

496 2653 591 2710 per
614 2637 927 2691 vestimenta
957 2633 1072 2702 ejus
1096 2632 1357 2685 miserunt
1393 2627 1635 2682 sortem?
1663 2627 1767 2682 Sed
1802 2626 1911 2680 haec
1942 2626 2070 2695 fugi-

495 2729 600 2783 tiva
633 2727 911 2795 inanisque
937 2722 1116 2778 ltctitia
1148 2722 1199 2775 in
1233 2719 1615 2790 pmnitudinem
1647 2717 1751 2772 illis
1781 2717 2080 2773 tristitiam-

496 2840 600 2896 que
639 2837 899 2893 conversa
946 2830 1063 2884 est;
1096 2820 1220 2872 dum
1250 2830 1369 2871 eum
1413 2822 1532 2883 post
1562 2814 1794 2869 triduum
1836 2813 2081 2868 viderunt

497 2931 798 2987 resurgere,
830 2929 988 2986 quem
1030 2918 1381 2983 speraverunt
1418 2906 1529 2979 96
1552 2921 1889 2961 communem
1938 2906 2078 2960 inte-

496 3022 655 3074 ritum
678 3014 967 3087 reperisse.
1001 3009 1277 3064 Delectasti
1309 3019 1436 3059 vero
1463 3002 1662 3072 posuit,
1691 3016 1787 3071 pro
1812 3000 2079 3055 delectare

497 3109 686 3164 iecisti.
716 3107 846 3173 Quae
878 3104 1042 3173 ﬁgura
1079 3099 1275 3154 dicitur
1303 3095 1596 3167 hypallage,
1630 3094 1838 3161 quoties
1865 3099 1956 3145 aut
1987 3105 2079 3159 ge-

496 3213 619 3264 nus,
645 3206 736 3250 aut
761 3192 906 3250 verbi
943 3189 1229 3244 declinatio
1258 3192 1636 3240 coiiimutalur.
1668 3182 1835 3249 Super
1860 3196 1940 3232 me
1984 3193 2072 3232 au-

497 3302 602 3343 tem
643 3288 797 3354 dixit,
828 3293 1109 3355 postquam
1142 3280 1209 3333 de
1251 3278 1352 3332 hoc
1395 3276 1594 3330 mundo
1641 3273 1917 3337 transivit;
1955 3282 2079 3327 tunc

495 3379 634 3433 enim
665 3385 719 3432 et
756 3374 953 3429 inimici
1001 3373 1177 3425 triSIes
1206 3368 1379 3424 eliecti
1409 3375 1552 3432 sunt,
1583 3376 1635 3420 et
1666 3364 1842 3419 devoti
1884 3363 2078 3434 gaudio

494 3478 687 3539 magno
718 3467 1029 3530 ﬂoruerunt.

567 3558 719 3613 Vcrs.
749 3556 805 3608 2.
841 3553 1057 3607 Domine
1091 3550 1225 3603 Deus
1272 3562 1430 3610 meus,
1460 3546 1678 3600 clamavi
1707 3544 1773 3597 ad
1804 3554 1870 3607 te,
1920 3554 1966 3598 et
1995 3559 2078 3596 sa-

489 3647 623 3703 nasti
654 3662 751 3699 me.
777 3638 1237 3710 Quemadmodum
1264 3646 1471 3691 sanatus
1496 3644 1593 3702 est,
1629 3635 1716 3704 qui
1749 3650 1854 3690 non
1884 3634 2078 3704 legitur

491 3734 817 3810 asgrotasse?
846 3733 951 3788 Sed
998 3729 1208 3786 occulte
1238 3728 1328 3784 ille
1357 3728 1669 3799 aegrotabat,
1700 3726 1915 3797 quando
1959 3725 2078 3779 uni-

491 3845 700 3887 versum
726 3826 998 3883 hominem
1029 3838 1124 3879 sua
1154 3822 1521 3878 incarnatione
1550 3820 1805 3887 suscepit,
1832 3818 1921 3888 qui
1960 3825 2075 3873 erat

489 3921 753 3977 obnoxius
777 3928 829 3974 et
858 3914 1063 3972 morbis
1084 3924 1143 3971 et
1169 3912 1453 3969 mortibus.
1495 3911 1601 3967 Sed
1625 3910 1746 3981 quia
1779 3910 1832 3964 in
1875 3910 1969 3965 illo
1991 3924 2074 3966 sa-

489 4016 597 4070 nati
626 4026 812 4069 sumus
836 4053 849 4076 ,
900 4020 1136 4065 sanatum
1164 4022 1224 4064 se
1252 4007 1369 4077 ipse
1404 4008 1701 4076 proﬁtetur.
1750 4004 1900 4059 Tunc
1930 4003 2073 4058 enim

489 4106 723 4161 salvatus
742 4112 828 4159 est
848 4101 1108 4158 Dominus
1132 4099 1402 4165 Christus,
1426 4096 1640 4169 quando
1665 4108 1883 4152 carnem
1916 4093 2076 4167 flagi-

487 4198 651 4255 litatis
676 4206 875 4251 nostra:
900 4191 1230 4262 resurgendo
1273 4190 1327 4244 in
1355 4196 1574 4244 teter-nte
1595 4187 1718 4243 vitae
1744 4186 1936 4257 gaudia
1963 4186 2076 4241 col-

487 4288 713 4352 locavit;
741 4292 799 4340 et
822 4298 1011 4339 omnes
1029 4281 1163 4335 salvi
1187 4278 1307 4333 iacti
1335 4286 1480 4346 sunt,
1502 4280 1595 4348 qui
1621 4276 1675 4332 in
1700 4277 1817 4347 ipso
1846 4275 2076 4331 ﬁdeliter

487 4377 851 4433 crediderunt.

2179 1796 2349 1853 genus
2382 1784 2433 1836 in
2482 1781 2907 1837 recordationem
2957 1795 3108 1835 suam
3137 1778 3405 1835 deducens
3431 1821 3446 1844 ,
3497 1781 3632 1844 quod
3666 1794 3765 1833 nos

2179 1875 2388 1927 salvare
2421 1872 2679 1941 potuisset
2709 1872 2903 1928 eﬁecit.

2254 1962 2409 2018 Vers.
2444 1963 2496 2016 5.
2533 1964 2787 2028 Quoniam
2830 1966 2907 2015 ira
2935 1963 2987 2015 in
3029 1960 3379 2032 indignatione
3409 1963 3518 2030 ejus
3543 1999 3557 2022 ,
3589 1967 3633 2013 et
3660 1958 3767 2011 vita

2180 2063 2230 2110 in
2263 2058 2513 2111 rolnntax
2557 2063 2666 2126 eius
2697 2072 2715 2111 ξ
2748 2059 2813 2109 ad
2841 2071 3099 2126 vesperum
3130 2053 3474 2107 denitur-abitu
3501 2055 3669 2121 ﬂetus,
3719 2068 3763 2105 rt

2181 2151 2246 2203 ad
2279 2151 2583 2202 matutinum
2607 2149 2806 2201 latitia.
2842 2147 3081 2200 Partihu~
3107 2147 3211 2198 suis
3247 2144 3388 2197 inti-Ii
3415 2158 3600 2212 gamus
3624 2142 3766 2193 hunc

2183 2257 2433 2305 versum,
2478 2242 2527 2294 in
2572 2256 2678 2311 quo
2720 2239 2979 2293 malorum
3022 2236 3459 2297 retributionem,
3497 2233 3763 2301 jnsmrum

2182 2334 2423 2403 prsentia,
2452 2331 2714 2401 passionis
2741 2332 2858 2399 ejus
2891 2329 3182 2393 tristitiam,
3216 2325 3622 2382 resurrectionis
3644 2325 3767 2378 lzeta

2180 2435 2601 2490 commemorat;
2631 2437 2800 2493 eoque
2827 2421 2904 2487 lit,
2930 2432 2984 2475 ut
3006 2436 3126 2474 cum
3157 2420 3349 2473 fuerint
3377 2418 3458 2470 dis
3486 2417 3644 2481 incta,
3669 2431 3766 2469 ne-

2181 2521 2351 2574 sciant
2375 2518 2705 2574 coiifusionis
2736 2515 3002 2586 iniuriam.
3030 2515 3132 2569 Sed
3155 2529 3276 2567 cum
3299 2514 3376 2566 ira
3404 2525 3607 2577 nostra,
3628 2510 3765 2565 sicut

2183 2611 2399 2682 legitur,
2427 2620 2652 2664 mortem
2682 2618 2953 2675 operetur,
2981 2607 3032 2659 in
3058 2605 3230 2675 primo
3255 2614 3516 2656 commate
3544 2616 3632 2667 per
3656 2611 3762 2653 tro-

2180 2699 2445 2771 poiogiam
2480 2698 2581 2753 hoc
2614 2697 2680 2751 de
2708 2697 2933 2751 Domino
2979 2692 3195 2756 dicitur,
3228 2691 3347 2761 quia
3390 2704 3573 2745 revera
3618 2687 3766 2742 indi-

2179 2792 2355 2867 gnatio
2380 2792 2523 2846 illius
2544 2804 2688 2845 mors
2709 2799 2794 2844 est
2814 2791 2991 2856 utique
3015 2786 3333 2855 peccatoris.
3360 2782 3600 2852 Dignatio
3621 2782 3765 2836 enim

2182 2890 2287 2951 est,
2315 2882 2528 2953 quando
2573 2895 2671 2935 nos
2696 2878 2988 2934 clementer
3031 2892 3091 2931 su
3125 2876 3284 2943 cipEt;
3333 2873 3615 2942 indignatio
3642 2887 3766 2925 cum

2182 2987 2281 3029 nos
2308 2973 2477 3028 iratus
2503 2970 2717 3041 abiicit;
2741 2985 2846 3025 non
2876 2968 2995 3039 quia
3024 2968 3113 3022 iile
3143 2967 3405 3030 irascitur,
3437 2964 3530 3019 sed
3554 2963 3623 3018 de
3648 2965 3766 3029 ejus

2105 3080 2151 3143 ο
2182 3065 2465 3120 aversione
2504 3079 2649 3118 mors
2674 3061 2875 3127 evenit,
2899 3076 3017 3130 qua:
3043 3061 3109 3114 de
3131 3058 3206 3114 ira
3236 3060 3464 3112 humana
3506 3056 3765 3125 procedit.

2182 3155 2456 3226 Sequitur,
2489 3164 2537 3208 et
2576 3155 2678 3207 vita
2719 3154 2772 3206 in
2799 3154 3059 3206 rolnntate
3098 3153 3232 3220 ejus.
3276 3147 3415 3201 Nihil
3455 3156 3629 3215 potest
3659 3144 3766 3200 diri

2180 3247 2540 3317 praestantius.
2585 3245 2713 3298 Nam
2745 3244 2883 3299 sicut
2924 3246 2976 3295 in
3016 3240 3367 3311 indignatione
3397 3253 3541 3292 mors
3564 3278 3580 3303 ,
3615 3238 3685 3290 ita
3716 3238 3769 3291 in

2178 3336 2433 3391 voluntate
2458 3338 2574 3406 ejus
2617 3336 2718 3388 vita
2752 3349 2871 3388 essn
2898 3332 3262 3401 dignoscitur;
3292 3345 3412 3398 quae
3453 3336 3628 3383 tamen
3661 3342 3771 3381 non

2180 3426 2468 3482 inmeritis
2495 3425 2715 3493 nostris,
2759 3425 2851 3479 sed
2897 3424 2948 3478 in
2994 3423 3158 3492 ipsius
3191 3421 3460 3475 voluntale
3500 3418 3771 3473 consistit.

2181 3518 2291 3573 lloc
2319 3526 2691 3588 argumentum
2721 3518 2771 3570 in
2805 3515 2995 3585 topicis
3021 3513 3214 3568 dicitur
3237 3527 3299 3565 ex
3343 3509 3631 3571 contrario.
3660 3508 3771 3564 Ad.

2174 3612 2325 3681 jecit,
2356 3610 2423 3663 ad
2460 3624 2719 3680 uesperum
2749 3606 3089 3662 demorabitur
3115 3606 3288 3675 ﬂetus.
3326 3601 3602 3673 Vesperum
3628 3600 3767 3656 dici-

2180 3716 2320 3766 mus,
2350 3715 2468 3755 cum
2513 3707 2732 3769 peracto
2771 3699 2859 3753 die
2883 3698 2959 3751 sol
2987 3695 3202 3762 occidit,
3238 3702 3294 3747 et
3322 3693 3492 3748 noctis
3531 3692 3773 3747 tenehrtl

2181 3801 2623 3863 conchuuntur;
2679 3789 2820 3860 quod
2884 3787 3145 3843 accidisse
3208 3795 3419 3841 constat
3466 3785 3773 3851 Ecclesiae,

2180 3884 2394 3957 quando
2415 3881 2657 3940 Christus
2682 3882 2938 3937 Dominus
2962 3889 3145 3935 noster
3165 3888 3248 3933 cst
3271 3885 3597 3945 peremptus.
3616 3875 3775 3931 Tunc

2178 3978 2320 4033 enim
2350 3992 2476 4033 vere
2499 3977 2792 4031 demoratus
2818 3986 2889 4030 est
2912 3977 3082 4046 ﬂetus,
3112 3973 3235 4028 dum
3266 3987 3358 4042 per
3381 3970 3611 4026 triduum
3637 3969 3773 4024 ﬁde-

2181 4070 2311 4127 lium
2358 4070 2509 4127 turba
2553 4069 2876 4141 congemuit,
2904 4079 2955 4123 et
3005 4068 3185 4121 mundi
3216 4065 3382 4135 ipsius
3424 4071 3611 4118 natura
3639 4078 3776 4117 con-

2179 4178 2332 4219 cussa
2365 4173 2466 4231 est,
2509 4173 2563 4216 ut
2602 4172 2657 4216 et
2698 4163 2809 4231 ipse
2839 4160 2987 4216 orbis
3025 4175 3143 4213 cum
3177 4158 3409 4212 humano
3435 4171 3633 4228 genere
3666 4155 3781 4208 Do-

2178 4254 2309 4309 mini
2343 4253 2521 4322 lugere
2561 4252 2832 4306 videretur
2858 4251 3102 4306 exitium.
3134 4248 3448 4301 Matutinum
3480 4261 3606 4300 Vero
3633 4242 3767 4299 dici-

2178 4361 2317 4412 mus,
2347 4343 2559 4415 quando
2581 4342 2979 4399 discedentibus
3005 4342 3239 4396 tenebris
3261 4338 3631 4407 crepuscnlnm
3654 4351 3773 4392 cce-

868 4460 1085 4516 Dominc
1108 4498 1126 4526 ,
1172 4459 1466 4514 abstrdatisti
1513 4459 1577 4512 ab
1620 4457 1802 4527 inferis
1848 4457 2074 4509 animum
2102 4451 2155 4512 Ῑ)
2181 4439 2318 4510 perit
2339 4437 2571 4491 elucere.
2592 4436 2706 4503 Quo
2729 4444 2973 4504 tempore
2994 4432 3316 4487 resurrectio
3340 4430 3568 4494 Domini,
3592 4430 3773 4484 Evano

487 4571 649 4610 meam
670 4571 690 4621 ;
736 4551 943 4607 calcasti
978 4565 1060 4605 me
1105 4565 1136 4603 α
1177 4546 1592 4603 descendentibus
1619 4547 1673 4599 in
1711 4545 1899 4599 larunt.
1934 4543 2070 4612 Quid

486 4648 716 4701 dicimus
741 4644 809 4699 de
845 4642 954 4699 illis
979 4641 1067 4712 qui
1101 4640 1383 4695 Dominum
1418 4636 1692 4694 Christum
1719 4638 1953 4692 animam
1977 4636 2073 4691 ha-

489 4739 666 4794 buisse
688 4750 794 4791 non
821 4732 1083 4790 credunt?
1113 4732 1252 4787 Ecce
1292 4730 1406 4798 ipse
1429 4730 1589 4786 taties
1610 4729 1805 4785 clamat
1831 4728 1899 4783 ad
1931 4726 2068 4783 inte-

488 4846 575 4886 ros
619 4843 679 4883 se
706 4827 936 4882 humana
964 4825 1081 4895 lege
1120 4822 1429 4893 perductum
1453 4863 1468 4888 ,
1516 4808 2066 4891 exindeque'animam

484 4937 636 4977 suam
684 4927 947 4990 potestate
993 4931 1106 4971 sua:
1134 4916 1425 4970 divinitatis
1471 4915 1797 4969 abstractam.
1832 4913 1897 4969 Et
1943 4915 2068 4970 vide

487 5014 606 5082 quia
644 5011 949 5065 abstractam
977 5007 1136 5070 dicit;
1169 5006 1375 5062 scilicet
1401 5005 1650 5076 quoniam
1700 5006 1948 5061 claustris
1978 5006 2064 5061 in-

488 5103 622 5159 terni
645 5101 894 5171 diruptis,
920 5099 985 5156 ad
1011 5098 1204 5155 cmlum
1233 5113 1400 5168 usque
1430 5099 1684 5167 perducta
1711 5106 1812 5153 est.
1847 5097 2066 5152 Descen-

486 5200 660 5251 dentes
688 5209 815 5251 vero
852 5195 905 5248 in
932 5192 1100 5248 lacum
1127 5200 1252 5247 sunt
1280 5190 1367 5260 qui
1400 5189 1451 5244 in
1482 5191 1661 5245 steculi
1692 5190 1843 5246 istius
1873 5191 2065 5260 iniqui-

483 5302 594 5346 tate
622 5296 922 5345 versantur.
966 5283 1033 5339 Et
1060 5284 1195 5337 bene
1237 5281 1392 5351 dixit,
1449 5282 1879 5349 descendentibus,
1913 5283 2065 5352 quasi

491 5387 544 5441 in
569 5382 886 5455 profundum
925 5376 1193 5439 euntibus,
1224 5377 1309 5445 qui
1355 5378 1522 5443 pressi
1555 5376 1789 5446 pondere
1822 5390 2066 5445 peccato-

491 5491 626 5540 runt,
647 5473 905 5533 altissima
930 5466 1289 5538 protunditate
1311 5466 1656 5522 devorantur.
1675 5467 1779 5524 Sed
1797 5471 2066 5539 quomodo

412 5600 419 5607 ι
482 5570 709 5619 salvatus
744 5573 839 5627 est,
872 5576 1029 5631 quem
1059 5567 1270 5614 constat
1295 5558 1568 5613 occisum?
1599 5558 1838 5613 Saluatus
1866 5570 1936 5613 est
1964 5561 2065 5613 uti-

486 5674 585 5725 que
618 5671 647 5709 a
678 5654 895 5720 talibus,
923 5652 972 5706 id
1009 5662 1090 5707 est
1112 5648 1180 5705 ab
1203 5664 1387 5706 eorum
1408 5653 1784 5705 communione
1815 5652 2064 5707 liberatus

2176 4527 2320 4600 gelio
2349 4536 2506 4591 teste,
2534 4525 2742 4596 vulgata
2767 4534 2848 4580 est
2872 4541 2884 4577 :
2910 4524 2977 4579 de
3004 4538 3105 4593 qua
3144 4532 3294 4593 parte
3326 4521 3495 4576 beatis
3529 4520 3772 4575 crevisse

2174 4629 2383 4676 constat
2412 4619 2529 4675 sine
2558 4617 2889 4673 dubitatione
2932 4615 3190 4671 lartitiam.
3237 4615 3328 4669 Sic
3369 4611 3420 4666 in
3453 4626 3559 4666 uno
3603 4628 3764 4665 versu

2173 4722 2440 4767 tantarum
2464 4724 2643 4765 rerum
2672 4709 2859 4778 ingens
2879 4706 3139 4777 explicata
3162 4703 3419 4776 perfectio
3443 4712 3548 4760 est.

2246 4825 2398 4881 Vers.
2432 4823 2485 4879 6.
2538 4822 2650 4894 Ego
2679 4832 2844 4876 autem
2877 4820 2986 4874 dixi
3015 4824 3068 4873 in
3096 4834 3210 4872 mea
3239 4816 3552 4872 abundantia
3582 4832 3603 4870 :
3640 4813 3761 4869 Non

2174 4918 2408 4973 movebar
2434 4917 2485 4970 in
2515 4926 2778 4970 teter-num.
2827 4913 3111 4981 Postquam
3139 4911 3208 4965 de
3242 4908 3637 4965 resurrectione
3663 4923 3759 4961 sua

2172 5010 2369 5081 gratias
2404 5009 2531 5077 egit,
2566 5016 2619 5062 et
2645 5006 2843 5061 sanctis
2880 5001 3234 5074 psalmodiam
3260 5000 3564 5056 salutariter
3592 5001 3765 5068 impe-

2173 5102 2337 5167 ravit,
2361 5098 2593 5155 secunda
2622 5096 2928 5153 narratione
2954 5094 3094 5151 redit
3122 5092 3186 5148 ad
3219 5092 3482 5163 passionis
3508 5104 3618 5145 suae
3645 5091 3763 5159 glo-

2172 5195 2521 5249 riosissimam
2548 5204 2798 5255 causam;
2830 5200 2877 5245 et
2912 5203 3030 5257 qua:
3060 5186 3152 5241 illo
3184 5193 3424 5255 tempore
3448 5197 3631 5238 secum
3669 5196 3761 5234 co-

2169 5285 2434 5357 gitaverit,
2476 5282 2592 5351 pius
2620 5282 2805 5335 doctor
2834 5278 3016 5334 edicit.
3056 5279 3207 5332 Nune
3236 5275 3512 5330 videamus
3536 5289 3653 5342 qua:
3684 5271 3755 5325 sit

2170 5381 2267 5433 ista
2310 5375 2649 5441 abundantia,
2686 5389 2778 5442 per
2806 5386 2964 5442 quam
3006 5387 3065 5425 se
3111 5370 3412 5424 nullatenus
3457 5366 3756 5420 mouendum

2170 5484 2292 5524 esse
2336 5468 2633 5537 proﬁtetur.
2667 5465 2992 5519 Abundantia
3037 5471 3155 5517 crat
3187 5460 3323 5516 Filio
3353 5455 3761 5528 sempchirgi-

2172 5565 2253 5617 nis
2282 5563 2483 5627 Marite,
2508 5561 2649 5630 quod
2692 5559 2907 5612 Verbum
2931 5574 3051 5611 caro
3082 5557 3280 5626 factum
3312 5562 3407 5615 est,
3441 5560 3488 5605 et
3520 5548 3767 5603 habitauit

2172 5656 2223 5708 in
2246 5654 2389 5708 nobis
2411 5651 2589 5723 (Joan.
2621 5668 2661 5717 ι,
2689 5649 2801 5721 Η).
2824 5649 2959 5717 Quid
2991 5649 3131 5703 cnim
3162 5646 3250 5701 illa
3271 5645 3439 5716 gratia
3464 5642 3758 5712 copiosius,
