3982 6184
502 306 602 362 '20?

1711 298 1778 350 Μ.
1826 295 2105 351 AURLLH
2146 293 2539 350 (Ἀδειἶοῦῧίὶί

3653 295 3767 349 εηε

504 420 685 490 passio
711 416 921 473 Domini
950 414 1180 485 gloriosa
1212 418 1572 470 memoratur;
1606 419 1661 463 ut
1691 410 1833 463 nulla
1862 407 2083 463 ll'lbllla-r
2110 412 2160 466 Α
2189 406 2349 459 tentis
2381 405 2537 459 Verbi
2569 403 2934 459 incarnatione
2966 402 3226 472 provenit.
3254 401 3407 458 Unde
3450 404 3642 457 merito
3671 418 3769 473 pe-

506 514 579 565 tio
607 509 869 581 passionis
908 513 1123 572 terreat,
1148 517 1282 573 quos
1306 499 1717 556 resurrectionis
1744 514 1867 568 Spes
1896 514 2085 568 magna

507 604 761 657 laetificat.
796 601 860 654 Et
904 600 1111 653 intuere
1155 605 1373 666 prepter
1417 594 1642 664 gratiam
1693 592 1953 647 novitatis
2000 590 2088 645 hic

506 694 747 749 ordinem
799 690 964 745 fuisse
1011 703 1366 752 conversum,
1411 696 1468 740 ut
1497 684 1806 754 incipereta
1844 697 2088 738 resurre-

506 788 713 852 ctione,
743 799 900 856 quam
951 792 1069 855 post
1101 782 1403 852 passionem
1460 778 1673 834 Domini
1721 784 1935 832 consul
1963 789 2091 833 eve-

508 889 673 932 susse.

780 1012 1142 1071 EXPOSITIO
1180 1013 1245 1069 ΙΝ
1288 1008 1612 1069 PSALMUM
1653 1007 1823 1063 XXX.

930 1124 997 1181 In
1024 1128 1177 1196 ﬁnem
1207 1126 1431 1197 psalmus
1473 1123 1659 1178 David.

584 1240 758 1297 Verba
782 1255 898 1311 quae
920 1238 1108 1294 titulus
1137 1239 1397 1302 continet,
1423 1236 1488 1291 ad
1518 1237 1795 1290 Dominum
1818 1232 2091 1289 Christum

511 1338 819 1407 frequenter
848 1334 1077 1387 diximus
1099 1346 1219 1387 esse
1242 1327 1541 1393 referenda,
1571 1328 1655 1383 cui
1686 1336 1827 1381 totus
1858 1326 2093 1394 psalmus

510 1427 777 1499 aptandus
799 1434 903 1490 est,
925 1423 1137 1494 quando
1159 1423 1273 1492 ejus
1299 1420 1599 1490 passionem
1621 1414 2097 1472 resurrectionem-

511 1535 614 1592 que
644 1518 908 1573 decantat.
953 1514 1121 1584 Loqui
1169 1512 1311 1567 enim
1346 1527 1411 1566 ex
1458 1518 1640 1564 nostra
1676 1506 1977 1562 humilitate
2017 1504 2096 1557 di-

512 1621 701 1681 gnatus
730 1619 810 1665 est
829 1650 843 1674 ,
877 1606 964 1677 qui
990 1607 1148 1662 etiam
1183 1603 1433 1658 sustinuit
1461 1599 1675 1653 lmmani
1705 1597 1946 1667 corporis
1974 1609 2095 1664 pas-

514 1702 756 1757 sionem:
785 1714 879 1768 per
899 1712 994 1751 sua
1018 1709 1116 1750 nos
1132 1693 1341 1761 eloquia
1369 1690 1537 1746 bonus
1553 1689 1798 1757 Magister
1819 1685 2093 1750 erudiens,

2192 499 2403 551 tebatur
2449 496 2588 566 quod
2620 496 2794 550 adhuc
2849 494 3068 549 minime
3126 495 3449 564 probabatur
3499 496 3768 551 elfeetum.

2191 590 2473 659 Sequitur,
2502 588 2731 641 accelera
2760 597 2815 640 ut
2838 587 3028 656 eripias
3051 603 3152 651 me,
3185 586 3235 640 id
3266 594 3346 641 est
3379 585 3567 640 festina
3597 602 3777 641 resur-

2192 681 2484 736 rectionem
2505 680 2633 735 dare
2654 678 3011 745 celerrimum,
3033 691 3137 731 non
3160 676 3302 731 illam
3326 691 3595 732 moro-am
3613 692 3773 747 quam

2193 771 2514 841 generalitas
2565 770 2737 823 adhuc
2790 770 3030 822 noscitur
3075 766 3359 822 sustinere.
3408 767 3535 821 llmc
3593 780 3775 822 autem

2194 864 2493 930 frequentia
2524 862 2792 931 petitionis
2840 861 2998 916 docet
3025 875 3122 915 nos
3148 860 3218 914 ab
3258 860 3503 915 oratione
3543 876 3649 914 nun
3673 860 3775 915 de-

2194 954 2323 1010 bere
2377 951 2667 1021 suspendi,
2713 951 2873 1005 etiam
2921 965 3041 1006 cum
3082 950 3237 1005 nobis
3285 949 3555 1005 credimus
3598 950 3776 1021 aliqua

2194 1060 2355 1118 posse
2380 1044 2621 1100 concedi.
2656 1044 2795 1098 Petit
2821 1058 3030 1114 quoque
3062 1051 3120 1096 ut
3160 1041 3230 1097 ab
3271 1041 3427 1110 hujus
3467 1043 3646 1097 δίρρυιί
3677 1045 3778 1096 im-

2196 1129 2439 1209 portunis
2468 1136 2678 1190 insidiis
2707 1136 2887 1189 divina
2912 1137 3103 1188 virtute
3137 1135 3482 1204 protegatur,
3513 1149 3579 1189 ne
3602 1142 3780 1203 pateat

2195 1227 2427 1282 inimicis
2466 1226 2719 1281 derelicta
2749 1224 3098 1294 simplicitas;
3132 1225 3272 1279 sicut
3313 1225 3569 1291 scriptum
3614 1234 3700 1279 est
3724 1227 3779 1280 in

2196 1320 2327 1374 Isaia
2368 1319 2625 1389 prephcta
2663 1334 2677 1372 :
2710 1317 2857 1374 Sicut
2898 1333 3058 1386 agnus
3103 1333 3276 1369 coram
3323 1317 3558 1369 tondente
3590 1332 3644 1370 se
3668 1319 3779 1371 sine

2196 1428 2332 1478 voce,
2363 1413 2435 1467 sic
2466 1429 2565 1465 non
2596 1412 2790 1482 aperuit
2820 1427 2874 1465 os
2902 1427 3053 1464 suum
3076 1407 3207 1479 (Isa.
3252 1425 3360 1473 un,
3395 1410 3470 1478 7).

2272 1502 2422 1557 Vers.
2457 1504 2510 1557 5.
2541 1500 2607 1553 Et
2638 1502 2687 1553 in
2720 1500 2926 1553 domum
2953 1499 3160 1569 refugii,
3192 1508 3245 1552 ut
3269 1498 3463 1551 salrum
3486 1513 3566 1551 me
3592 1497 3778 1567 facias.

2199 1594 2391 1648 Domus
2414 1602 2499 1649 est
2526 1593 2717 1664 refugii
2740 1592 2970 1662 gloriosa
3000 1593 3340 1659 resurrectio,
3367 1600 3640 1660 postquam
3668 1590 3777 1660 jam

2198 1687 2343 1741 nulla
2374 1685 2739 1741 imbecillitate
2765 1686 3089 1753 concutitur,
3118 1684 3211 1740 sed
3242 1682 3628 1753 incorruptibili
3660 1699 3778 1739 ma-

516 1800 657 1847 utet
701 1804 799 1844 nos
846 1786 1113 1842 imitantes
1151 1799 1329 1839 rerum
1373 1780 1671 1837 caelestium
1718 1778 2048 1847 disciplinam
2076 1816 2091 1840 ,
2129 1780 2171 1837 B
2195 1777 2390 1847 jestate
2434 1776 2738 1846 perfruitur.
2770 1777 2901 1831 Nam
2945 1784 3071 1831 tunc
3109 1777 3280 1829 salvus
3326 1775 3443 1842 fuit,
3474 1791 3594 1831 cum
3632 1791 3778 1833 mors

519 1883 749 1941 humiles
776 1896 838 1936 ac
883 1879 1058 1936 devoti
1103 1878 1270 1933 nostri
1316 1874 1506 1944 capitis
1555 1873 1693 1928 dicta
1725 1883 2093 1941 sequeremur.

514 1975 832 2032 Intuendum
878 1981 962 2027 est
1007 1986 1135 2027 vero
1185 1969 1449 2040 psalmum
1505 1967 1645 2021 hunc
1696 1971 1944 2034 quartum
1976 1975 2096 2016 e-‘se

515 2082 703 2124 eorum
746 2064 835 2136 qui
873 2063 940 2118 de
989 2061 1237 2133 passione
1276 2068 1334 2115 et
1381 2056 1777 2114 resurrectione
1829 2050 2094 2106 dominica

517 2162 751 2219 breviter
782 2157 981 2213 faciunt
1011 2155 1358 2209 mentionem.

1091 2265 1284 2320 Dirisio
1324 2264 1525 2333 psalmi.

590 2386 691 2443 Per
710 2383 1014 2439 universum
1043 2377 1305 2449 psalmum
1330 2375 1490 2430 verba
1523 2381 1646 2428 sunt
1676 2372 1881 2427 Domini
1912 2368 2091 2424 Salva-

519 2482 670 2536 toris.
714 2479 892 2534 Primo
921 2476 1162 2544 ingressu
1209 2478 1455 2541 precatur
1486 2468 1696 2521 Patrem
1739 2474 1804 2519 ut
1836 2463 1905 2518 de
1940 2458 2095 2515 malis

519 2572 797 2628 imminent
822 2567 919 2622 bus
948 2565 1206 2620 liberetur
1226 2602 1245 2630 ,
1278 2575 1341 2614 ac
1364 2559 1555 2613 deinde
1587 2556 1893 2611 exauditum
1930 2568 1990 2608 se
2009 2552 2093 2606 in-

520 2662 824 2717 dubitanter
885 2654 1135 2711 exsultat.
1183 2649 1433 2709 Secundo
1481 2647 1620 2702 redit
1673 2645 1740 2699 ad
1793 2644 2094 2713 passionem

521 2770 700 2821 suam,
750 2762 1036 2819 actumque
1080 2746 1159 2802 rei
1207 2759 1303 2815 per
1329 2743 1615 2798 allusiones
1653 2739 1829 2793 varias
1864 2737 2093 2792 mirabili

523 2845 833 2902 narratione
863 2838 1142 2897 describit.
1189 2835 1374 2892 Tertio
1398 2832 1723 2903 generaliter
1749 2828 1858 2899 agit
1897 2828 2095 2898 gratias

523 2954 619 3010 pro
648 2952 707 2992 se
746 2945 801 2991 ct
822 2933 1015 3005 popqu
1050 2929 1212 2996 ﬁdeli,
1244 2927 1493 2999 quoniam
1524 2922 1813 2980 universali
1843 2919 2094 2977 Ecclesia:

523 3026 906 3086 misericordiae
953 3038 1067 3078 sum
1114 3020 1253 3076 dona
1305 3016 1529 3087 largitus
1579 3022 1712 3069 est:
1748 3023 2094 3067 commonens

520 3124 683 3179 etiam
714 3129 930 3175 sanctos
966 3127 1024 3170 ut
1068 3114 1121 3168 in
1151 3110 1411 3169 charitate
1459 3107 1668 3162 Domini
1708 3111 2090 3176 perseverent,

520 3216 612 3287 qui
639 3223 697 3270 et
734 3213 996 3267 bonorum
1042 3204 1281 3274 praemia,
1322 3213 1378 3257 et
1415 3200 1673 3255 malorum
1717 3194 2097 3251 retributiones

518 3306 770 3377 superius
801 3300 1107 3357 audierunt.

1051 3407 1320 3481 Expositio
1358 3404 1567 3476 psalm’.

586 3533 744 3588 ‘Vers.
777 3528 829 3584 l.
860 3528 924 3583 In
961 3536 1027 3591 te,
1062 3524 1304 3588 Domine,
1348 3518 1574 3589 speravi,
1606 3532 1704 3570 nou
1739 3514 2025 3583 confundor
2045 3512 2101 3565 in

520 3634 795 3688 teter-num;
823 3621 875 3674 in
920 3627 1008 3673 tua
1026 3614 1233 3689 justitia
1262 3612 1419 3666 libera
1467 3624 1566 3675 me,
1596 3617 1640 3660 et
1669 3606 1807 3672 eripe
1844 3619 1941 3656 me.
1976 3601 2102 3656 Per-

522 3716 865 3775 scrutandum
914 3718 998 3767 est
1044 3704 1495 3779 quemadmodum
1550 3699 1856 3767 frequcn'er
1908 3694 2099 3751 similfa

524 3811 667 3865 dicta
699 3802 847 3861 suavi
892 3802 1149 3857 varietate
1199 3806 1526 3864 repetantur.
1557 3793 1688 3845 Orat
1713 3788 1955 3842 Ciristus
2004 3785 2102 3840 Pa-

516 3914 659 3959 trem
685 3916 748 3955 οι
772 3906 955 3953 natura
983 3890 1331 3949 humanitatis
1357 3894 1642 3955 assumpta:
1666 3926 1683 3953 ,
1710 3898 1776 3937 ne
1796 3882 1863 3937 de
1889 3897 1981 3934 sua
2006 3894 2103 3949 spe

514 3991 788 4063 «injectus,
838 3987 1082 4041 humanm
1113 3978 1471 4036 insultationis
1505 3979 1734 4045 patiatur
1776 3971 2099 4042 opprobria:

523 4060 757 4146 addens,
782 4080 836 4133 in
875 4087 1144 4137 aeternum,
1173 4072 1284 4142 98
1310 4069 1398 4124 ubi
1438 4066 1552 4137 ejus
1581 4062 1962 4129 contemplatio
1994 4060 2101 4114 ﬁxa

521 4180 576 4227 et
602 4164 1048 4226 incommutabilis
1076 4161 1439 4233 permanebat.
1472 4156 1536 4210 In
1560 4167 1645 4209 tua
1677 4154 1906 4219 iustitia,
1940 4151 1990 4205 id
2020 4159 2104 4206 est

522 4278 625 4334 qua
646 4260 975 4318 consuevisti
1001 4255 1287 4312 subvenire
1313 4250 1643 4322 rogantibus,
1677 4248 1766 4318 qni
1799 4246 2105 4302 firmissime

520 4356 591 4410 de
618 4364 706 4408 tua
740 4351 1019 4418 majestate
1038 4346 1335 4401 conﬁdunt.
1366 4343 1570 4408 Libera,
1596 4341 1660 4395 ad
1685 4340 1916 4410 periculi
1946 4337 2106 4404 hujus

525 4444 705 4499 mundi
761 4441 991 4511 pertinet
1035 4434 1366 4500 amovenda;
1416 4433 1594 4503 eripe,
1652 4431 1719 4485 ad
1775 4429 2105 4485 celeritatem

2199 1868 2245 1921 ei
2296 1867 2430 1920 ultra
2467 1866 2754 1934 prnvalere
2800 1881 2903 1920 non
2938 1867 3129 1936 potuit.
3184 1866 3256 1921 Ita
3302 1867 3442 1935 quod
3494 1869 3672 1933 timet,
3712 1884 3779 1923 ex
3855 1894 3865 1900 -

2202 1959 2388 2024 nobis;
2422 1960 2561 2027 quod
2590 1959 2829 2024 conlidit,
2850 1959 3079 2029 propria:
3106 1959 3401 2014 Divinitatis
3424 1968 3526 2015 est.
3561 1960 3777 2015 Doinum

2198 2064 2410 2122 quoque
2436 2050 2624 2121 refugii
2647 2049 2712 2104 ad
2738 2049 3033 2105 Ecclesium
3064 2051 3379 2105 catholicam
3404 2051 3588 2106 dicunt
3613 2052 3777 2121 aliqui

2200 2146 2470 2214 pertinere
2497 2184 2513 2209 ,
2545 2144 2634 2199 ubi
2662 2159 2693 2199 a
2735 2151 2885 2214 parte
2912 2144 3272 2199 membrorum
3314 2146 3446 2213 petit
3482 2161 3541 2200 se
3583 2146 3779 2199 salvum

2194 2237 2335 2307 ﬁeri,
2366 2236 2616 2306 quoniam
2649 2236 2703 2289 in
2735 2234 2846 2304 ipsa
2879 2250 3063 2291 revera
3109 2235 3284 2290 omnis
3316 2234 3652 2291 Christianus
3673 2239 3778 2291 sal-

2201 2340 2297 2380 vus
2357 2325 2619 2391 efﬁcitur;
2659 2324 2796 2379 sicut
2841 2325 2893 2379 in
2936 2338 3061 2377 arca
3109 2323 3218 2378 Noe
3255 2334 3529 2379 crescente
3574 2324 3781 2379 diluvio

2202 2418 2300 2473 soli
2330 2417 2459 2472 salvi
2493 2415 2618 2471 facti
2643 2416 2879 2485 suntqui
2906 2415 3133 2471 feliciter
3163 2415 3364 2472 intrare
3397 2425 3731 2470 meruerunt.

2275 2510 2425 2565 Vers.
2455 2509 2507 2565 4.
2540 2508 2795 2574 Quoniam
2821 2508 3196 2575 ﬁrmamentum
3226 2523 3394 2561 meum
3432 2517 3480 2562 et
3523 2508 3781 2578 refugium

2198 2614 2363 2656 meum
2391 2617 2444 2655 es
2471 2608 2526 2654 tu
2550 2616 2569 2665 ;
2590 2610 2637 2653 et
2664 2609 2873 2669 propter
2897 2615 3078 2654 nomen
3109 2608 3251 2651 tuum
3287 2599 3395 2652 dua:
3423 2600 3548 2652 mihi
3572 2601 3701 2663 eris,
3732 2608 3781 2653 et

2197 2694 2418 2748 enutrie;
2445 2708 2546 2745 me.
2583 2689 2989 2744 Firmamentum
3015 2690 3243 2759 pertinet
3267 2691 3331 2743 ad
3359 2691 3630 2745 toleranda
3661 2707 3781 2760 qua:

2197 2801 2386 2857 passus
2431 2793 2545 2848 est,
2596 2784 2849 2853 refugium
2899 2784 2963 2836 ad
3019 2784 3175 2836 linem
3215 2782 3518 2848 malorum,
3566 2784 3781 2849 quando

2197 2878 2349 2933 istius
2380 2874 2563 2931 saeculi
2592 2874 2898 2942 iniquitates
2925 2874 3176 2944 gloriosa:
3210 2874 3396 2928 mortis
3427 2875 3530 2930 line
3558 2890 3781 2942 supera-

2197 2973 2292 3027 vit.
2318 2972 2568 3040 Sequitur
2593 2987 2606 3023 :
2639 2968 2707 3023 Et
2738 2979 2943 3041 propter
2985 2985 3166 3023 nomen
3196 2979 3338 3023 tuum
3363 2971 3471 3025 dum
3500 2972 3622 3025 mihi
3650 2973 3778 3027 eris.

2198 3062 2419 3133 Pr0pter
2458 3078 2639 3116 nomen
2668 3077 2821 3116 suum
2855 3062 3107 3117 Dominus
3147 3063 3253 3116 dux
3281 3072 3390 3117 erat
3431 3065 3773 3132 humanitati,

2123 3143 2171 3208 C
2200 3153 2452 3225 quoniam
2480 3154 2607 3208 illud
2631 3153 2790 3208 latius
2820 3168 2915 3223 per
2946 3154 3221 3208 universas
3242 3162 3431 3224 gentes
3463 3154 3586 3209 fecit
3613 3171 3779 3225 agno-

2200 3246 2309 3309 sci,
2357 3244 2707 3301 saluberrima
2742 3245 3119 3313 prtedicatione
3168 3247 3397 3315 vulgata.
3443 3245 3569 3302 Sive
3614 3246 3719 3302 hoc
3749 3263 3779 3301 a

2200 3340 2460 3397 membris
2488 3337 2879 3408 accipiendum,
2929 3338 3067 3391 sicut
3109 3351 3266 3407 supra
3295 3336 3406 3407 jam
3435 3338 3631 3392 dictum
3669 3348 3778 3394 est.

2203 3431 2325 3486 Dux
2350 3429 2490 3485 enim
2534 3435 2716 3482 noster
2740 3427 3002 3501 veraciter
3026 3425 3239 3493 dicitur,
3269 3427 3481 3496 quando
3518 3428 3663 3481 illum
3691 3443 3781 3484 se.

2211 3527 2447 3598 quimur,
2479 3530 2533 3578 et
2570 3519 2963 3592 praedicitinnis
2988 3519 3106 3590 ejus
3148 3520 3368 3592 vestigia
3398 3535 3500 3577 non
3524 3519 3780 3575 vitamus.

2203 3617 2424 3674 Addidit
2461 3614 2645 3679 etiam,
2678 3612 2951 3664 enutritum
2982 3626 3061 3665 se.
3093 3625 3371 3681 quousque
3397 3611 3461 3665 ad
3497 3609 3791 3679 perfectio-

2210 3723 2330 3764 nem
2363 3704 2621 3761 catholica
2655 3702 2889 3757 Ecclesia
2922 3701 3087 3768 ipsius
3115 3716 3336 3756 munere
3366 3702 3687 3770 perveniret.

2276 3798 2431 3852 Vers.
2474 3796 2528 3850 5.
2562 3795 2765 3851 Educes
2793 3806 2871 3847 me
2912 3794 2974 3846 de
3002 3792 3180 3863 laqueo
3224 3792 3347 3859 ista,
3382 3809 3528 3861 quem
3557 3793 3785 3845 occulta-

2204 3896 2382 3944 verunt
2409 3887 2556 3952 mihi,
2588 3885 2832 3955 quoniam
2873 3893 2929 3936 tu
2973 3899 3027 3938 es
3058 3892 3311 3953 protector
3340 3899 3510 3946 meus,
3547 3881 3785 3935 Domine.

2210 3978 2510 4034 Occultntus
2539 3975 2864 4045 estquidem
2905 3974 2971 4029 ab
3010 3973 3241 4027 inimicis
3271 3972 3513 4041 laqueus,
3550 3971 3644 4025 sed
3676 3986 3787 4026 non

2206 4071 2295 4142 qui
2327 4068 2540 4125 Christo
2568 4074 2712 4122 esset
2736 4065 3003 4129 occultus,
3053 4079 3151 4120 nec
3181 4065 3234 4119 in
3263 4072 3490 4117 mortem
3528 4063 3788 4130 deceptus

2208 4159 2415 4227 incidit,
2444 4156 2536 4213 sed
2564 4156 2745 4211 sciens
2769 4169 2887 4210 eam
2916 4167 3013 4223 pro
3055 4164 3238 4206 noetra
3267 4151 3581 4206 liberatione
3610 4165 3789 4205 susce-

2209 4254 2308 4323 pit.
2334 4251 2476 4320 Ergo
2503 4250 2741 4317 laqueum
2772 4246 3149 4302 occultaverunt
3177 4244 3347 4301 Judaei
3386 4244 3617 4306 Christo,
3663 4243 3787 4310 quia

2210 4353 2415 4400 tantum
2469 4342 2734 4395 hominem
2763 4339 3074 4403 credentes,
3124 4336 3348 4392 occultis
3388 4352 3509 4390 enm
3559 4337 3791 4401 perdere

2213 4433 2652 4491 machinabantur
2681 4430 2910 4486 insidiis.
2955 4429 3102 4484 Unde
3123 4443 3181 4484 se
3206 4428 3332 4482 dicit
3354 4428 3699 4484 educendum.
3736 4425 3788 4479 id

525 4532 746 4603 reSpicit
770 4530 951 4585 auxilii
978 4547 990 4581 :
1017 4542 1084 4583 ne
1111 4527 1202 4582 illa
1231 4523 1559 4581 resurrectio
1588 4521 1789 4577 mundo
1818 4517 2103 4575 saluberri-
2134 4516 2187 4576 D
2211 4537 2292 4582 est
2314 4522 2725 4581 resurrectionis
2752 4520 3010 4576 beneﬁcio
3042 4518 3105 4572 ad
3139 4532 3370 4585 superna
3402 4516 3656 4569 νειοοίιει-
3681 4512 3782 4569 ειε.

527 4640 613 4682 ma
645 4625 965 4679 tardaretur.
997 4618 1157 4688 Eripe
1184 4627 1361 4672 autem
1386 4624 1595 4670 constat
1616 4630 1643 4667 a
1671 4612 1925 4683 rapiendo
1957 4626 2106 4665 com—

529 4718 783 4789 positum.
840 4715 1176 4784 Quapropter
1238 4711 1433 4766 merito
1491 4707 1798 4778 imploravit
1846 4704 2108 4776 justitiam

528 4808 762 4877 Domini,
791 4806 878 4877 qui
911 4819 969 4860 se
990 4812 1213 4858 noverat
1239 4816 1335 4872 per
1363 4799 1573 4870 iniquos
1590 4812 1890 4868 passurum.
1914 4795 1958 4850 0
1987 4810 2112 4850 vere

530 4900 772 4958 miranda
803 4907 858 4954 et
878 4895 1055 4952 divina
1079 4890 1425 4949 commutatio
1450 4891 1464 4944 !
1498 4890 1718 4959 Accepit
1754 4901 1963 4952 necem,
1992 4884 2113 4940 red-

527 4992 665 5050 didit
686 4991 946 5055 salutem;
978 4986 1198 5057 pertulit
1224 4984 1464 5054 injurias,
1498 4981 1683 5037 tribuit
1722 4982 1993 5042 honores;
2022 4977 2117 5032 do-

530 5087 696 5142 lorem
714 5081 962 5151 sumpsit,
985 5077 1213 5134 contulit
1231 5075 1543 5145 sospitatem
1560 5091 1575 5141 ;
1593 5081 1648 5128 et
1668 5074 1814 5128 solus
1833 5079 1889 5127 et
1909 5084 2115 5125 summe

533 5178 673 5248 pius,
703 5172 795 5244 qui
824 5169 999 5227 dulcia
1028 5168 1301 5239 praestitit,
1330 5181 1449 5221 cum
1480 5180 1659 5219 amara
1687 5163 2003 5232 susceperit.

601 5267 756 5325 Vera.
803 5266 858 5320 Ξ.
906 5261 1114 5318 Incliua
1162 5262 1230 5314 ad
1257 5275 1335 5313 me
1378 5273 1557 5312 aurem
1608 5266 1769 5323 tuam,
1801 5254 2024 5307 accelera
2061 5262 2116 5306 ut

528 5360 717 5435 eripias
760 5372 881 5412 me:
907 5365 1011 5411 esto
1034 5354 1161 5407 mihi
1210 5354 1264 5405 in
1291 5351 1452 5405 Deam
1495 5356 1844 5416 protectorem.
1877 5342 2115 5410 lnclina,

529 5434 697 5519 diuit,
722 5464 897 5504 aurem
937 5454 1097 5513 tuam,
1121 5450 1341 5512 propter
1369 5439 1732 5494 membrorum
1770 5450 1986 5490 suorum
2016 5434 2116 5487 hu-

530 5544 840 5606 utilitatem;
872 5547 931 5595 nt
958 5537 1207 5608 quoniam
1257 5547 1349 5601 per
1394 5538 1638 5585 naturam
1680 5543 1828 5581 suam
1878 5526 2111 5580 humana

530 5632 769 5689 conditio
814 5629 879 5683 ad
928 5627 1265 5683 Divinitatem
1315 5637 1417 5675 non
1466 5628 1672 5690 poterat
1722 5619 2017 5687 attingere,
2046 5616 2110 5669 ad

532 5741 650 5781 eam
681 5721 794 5778 Divi
821 5722 937 5773 ritas
986 5712 1665 5813 iuclimta’desccndctct,
1698 5711 1836 5779 quod
1869 5707 2113 5778 omnipn-

2213 4612 2469 4669 vandum.
2516 4611 2624 4666 Sed
2679 4610 2857 4662 omnia
2905 4608 3127 4661 consilia
3159 4605 3463 4662 Judarornm
3494 4603 3619 4656 dicit
3670 4616 3791 4661 es~c

2214 4701 2551 4769 frustranda,
2581 4699 2735 4769 quia,
2772 4699 2995 4752 Domino
3045 4702 3356 4766 protegente
3426 4693 3570 4747 nulla
3620 4699 3802 4760 potest

2216 4792 2511 4847 adversitas
2533 4789 2846 4861 praevalere.

2288 4883 2442 4938 Vers.
2472 4883 2525 4937 6.
2562 4880 2625 4935 1η
2660 4898 2842 4933 manus
2864 4889 2975 4932 luas
3005 4877 3304 4931 commendo
3330 4876 3565 4945 spiritum
3596 4889 3762 4926 meum
3782 4887 3804 4928 τ

2214 4972 2474 5027 redemisti
2515 4987 2616 5037 me,
2648 4968 2888 5036 Domine,
2924 4966 3059 5021 Deus
3107 4967 3349 5021 veritatis.
3383 4964 3807 5019 Consideremus

2216 5082 2313 5122 cur
2361 5065 2447 5119 hic
2488 5077 2767 5118 sermones
2815 5062 2912 5129 ipsi
2960 5060 3069 5115 sint
3114 5058 3297 5129 positi,
3345 5072 3479 5125 quos
3528 5055 3805 5123 Evangelii

2219 5166 2395 5213 textus
2423 5155 2712 5224 eloquitur.
2744 5154 2873 5207 Nam
2915 5160 2969 5206 et
3010 5151 3079 5205 ibi
3111 5151 3189 5205 sic
3235 5149 3347 5203 ait:
3384 5146 3449 5201 In
3480 5164 3659 5201 manus
3686 5158 3809 5199 tuas

2219 5248 2514 5305 commendo
2539 5247 2775 5317 spiritum
2813 5261 3010 5307 meum;
3037 5252 3082 5297 et
3111 5243 3354 5296 inclinato
3381 5242 3545 5312 capite
3576 5240 3809 5295 reddidit

2220 5343 2458 5413 spiritum
2477 5338 2629 5408 (Luc.
2652 5353 2800 5397 χχιιι,
2818 5336 2937 5406 46);
2959 5334 3161 5388 scilicet
3186 5343 3243 5386 ut
3262 5342 3313 5385 ct
3338 5333 3419 5385 hic
3447 5344 3807 5399 cognosceres

2222 5434 2388 5489 fuisse
2418 5431 2676 5493 locutum,
2724 5429 2812 5497 qui
2857 5437 2974 5495 post
3018 5435 3095 5479 tot
3121 5425 3337 5487 saecula,
3380 5422 3566 5478 eadem
3598 5429 3716 5475 erat
3749 5420 3806 5477 in

2220 5539 2379 5579 cruce
2409 5523 2612 5593 positus
2642 5520 2799 5575 verba
2830 5518 3090 5573 dicturus.
3144 5515 3210 5569 In
3242 5532 3419 5569 manus
3451 5524 3596 5578 tuas,
3631 5516 3679 5565 in
3715 5528 3784 5565 ve

2219 5614 2377 5668 ritate
2416 5621 2542 5679 tua,
2594 5624 2694 5681 qua
2742 5608 2971 5675 benigna
3012 5615 3066 5660 et
3108 5606 3249 5675 justa
3292 5619 3503 5673 seraper
3536 5601 3810 5671 operaria.

2218 5703 2546 5760 Commendat
2583 5700 2761 5771 itaque
2793 5697 2934 5751 Patri
2986 5695 3407 5752 inmstirnabilem
3452 5693 3772 5746 thesaurum
3795 5731 3814 5756 .
