4030 6172
282 285 393 338 ειθ

1217 258 1573 352 exrosmo
1614 298 1677 352 lN
1722 296 2181 358 PSALTERIUM.
2226 304 2416 360 assa.
2461 303 2625 363 xxx.

3447 318 3557 372 9.10

280 400 528 451 animam
562 400 808 454 videlicet
854 401 996 456 illam
1043 420 1157 472 qua:
1186 408 1489 465 voluntates
1536 412 1699 480 ipsius
1741 429 1871 483 pira
1902 420 1948 478 Α
1978 417 2183 470 reddita
2219 430 2295 471 est
2327 420 2496 476 modis
2520 424 2767 476 omnibus
2796 426 2993 483 aliena.
3023 428 3291 499 Sequitur,
3325 446 3414 484 nec
3436 449 3556 484 con-

280 491 585 545 iutentione
613 492 856 547 faciebat.
899 494 1120 563 Dignum
1150 514 1277 566 ergo
1305 500 1401 554 fuit
1424 511 1478 554 ut
1509 512 1656 558 tanto
1700 520 1876 560 susce-

280 582 429 651 pturi
481 581 604 635 talis
658 585 1100 638 commendaretur
1150 590 1377 653 spiritus.
1432 590 1770 661 Redemptum
1818 612 1877 651 se

280 672 483 724 deinde
530 686 653 725 esse
704 675 1041 727 testiﬁcatur.
1078 675 1181 730 Sed
1224 678 1497 734 videamus
1532 700 1636 750 quo
1665 686 1876 751 pretio?

284 763 379 816 Illo
409 765 620 818 scilicet
646 782 752 833 quo
782 768 1070 833 Apostolus
1112 769 1242 823 dicit
1276 788 1288 823 :
1318 772 1660 841 Semetipsum
1700 777 1877 829 exina-

282 855 409 905 tivit
461 857 684 923 formam
730 856 860 909 servi
914 858 1168 924 accipiens
1211 858 1431 928 (Philip.
1490 879 1555 926 tt,
1605 865 1681 932 7).
1716 865 1875 919 Vides

280 959 442 1013 quam
496 960 746 1013 magnum
798 947 1024 1014 pretium
1073 948 1202 1013 fuit,
1235 958 1292 1002 ut
1341 950 1677 1019 tnajestatetn
1721 971 1872 1008 suam

279 1053 453 1105 usque
483 1040 550 1090 ad
593 1053 809 1092 carnem
863 1039 1095 1094 hominis
1146 1041 1450 1107 inclinaret,
1481 1059 1647 1112 seque
1690 1047 1873 1099 exina-

280 1129 437 1187 nivit,
474 1136 532 1181 ut
558 1127 866 1181 cmlestilius
891 1129 1121 1182 lunnana
1152 1130 1460 1199 compleret.
1498 1133 1601 1187 Sed
1637 1142 1693 1187 ut
1715 1136 1871 1189 istum

282 1220 573 1273 Detuinum
619 1220 897 1274 evidenter
940 1223 1272 1288 adverteres,
1323 1225 1529 1280 addidit
1558 1228 1674 1296 quis
1705 1239 1869 1297 esset,

281 1312 329 1363 id
361 1320 471 1373 e~t,
508 1310 644 1363 Deus
692 1310 937 1364 ueritatis.
989 1312 1196 1365 Illorum
1229 1313 1368 1367 enim
1402 1316 1705 1383 specialiter
1733 1318 1873 1373 Deus

277 1414 361 1454 est
418 1404 513 1471 qui
563 1403 843 1457 veritatem
887 1405 1132 1474 diligunt,
1179 1419 1279 1459 nec
1321 1407 1376 1460 in
1417 1407 1589 1477 aliqua
1642 1408 1871 1465 falsitate

280 1496 605 1548 miscentur.

352 1584 511 1639 Vers.
541 1588 594 1637 7.
632 1586 801 1640 Odisti
835 1604 1006 1641 omnes
1047 1588 1364 1643 observantes
1393 1593 1667 1645 vanitatem
1695 1610 1870 1663 supcr-

274 1695 436 1732 rarue
456 1695 479 1732 :
508 1695 600 1750 ego
626 1692 794 1732 autem
826 1680 881 1733 in
914 1679 1131 1735 Domino
1162 1686 1397 1750 sperabo.
1440 1684 1528 1737 lita
1579 1687 1870 1741 redduntur

276 1786 499 1838 semper
524 1772 731 1838 odiosa,
775 1788 891 1841 qua:
926 1774 1215 1841 probantur
1242 1791 1360 1830 esse
1400 1779 1686 1832 cautraria.
1720 1779 1866 1835 Juste

271 1874 401 1929 ergo
432 1861 637 1914 veritas
665 1861 842 1914 oderat
866 1865 1158 1925 vanitatem,
1183 1866 1302 1933 quia
1327 1867 1524 1920 vanitas
1558 1872 1606 1921 in
1638 1869 1867 1926 falsitate

272 1961 543 2006 versatur.
577 1952 677 2005 Cui
709 1953 782 2005 rei
845 1954 956 2021 ipse
987 1954 1171 2008 tribuit
1217 1958 1607 2024 expositionem
1648 1960 1863 2028 dicens,

269 2059 632 2111 supervacue;
655 2060 774 2113 quae
820 2060 924 2099 non
956 2046 1127 2100 stilum
1155 2062 1338 2111 vacua,
1364 2050 1455 2102 sed
1486 2052 1646 2105 etiam
1680 2068 1860 2121 super-

270 2150 431 2186 νίκα
461 2134 605 2188 dicta
646 2143 757 2199 est;
790 2136 1017 2203 merito,
1040 2139 1254 2207 quando
1294 2141 1617 2197 fructuosam
1663 2144 1860 2200 intelli-

267 2227 511 2291 gentiam
542 2226 771 2292 tcllens,
796 2228 991 2283 alienat
1031 2244 1059 2281 a
1095 2229 1338 2285 Domino.
1379 2232 1446 2287 Et
1472 2234 1682 2302 quando
1717 2236 1862 2305 prius

267 2320 401 2373 dixit
437 2321 722 2373 Dominum
767 2323 936 2374 odisse
960 2324 1253 2389 vanitatem,
1285 2326 1335 2377 id
1363 2336 1464 2388 est,
1498 2328 1679 2382 smeuli
1709 2327 1862 2386 istius

267 2410 542 2464 desideria
590 2414 899 2477 transitura,
930 2429 1069 2467 nunc
1110 2429 1167 2468 se
1198 2415 1319 2469 dicit
1353 2433 1534 2471 aniare
1559 2420 1858 2475 verissima.

266 2504 397 2569 Qua:
451 2514 577 2556 sunt
629 2505 728 2558 ista
773 2505 1090 2558 verissima?
1119 2505 1347 2574 Sperabo
1393 2512 1444 2561 in
1484 2509 1741 2564 Domino:
1771 2513 1858 2566 ulii

266 2599 642 2663 nihilvanum,
676 2600 802 2651 nihil
832 2614 1215 2667 superwicuum
1241 2611 1343 2666 est,
1372 2605 1462 2656 sed
1497 2613 1662 2657 totum
1696 2604 1856 2657 fixum

265 2702 428 2760 atque
464 2693 728 2760 in'egrnm
781 2704 1107 2758 tersevcrat.
1151 2694 1342 2748 Verum
1392 2694 1549 2758 istam
1580 2712 1691 2751 rem
1738 2714 1856 2766 qua:

264 2794 426 2834 eausa
463 2796 567 2835 (‘Oll
600 2784 853 2850 cqttitur?

334 2871 499 2924 Vers.
531 2871 584 2925 8.
619 2870 898 2924 Exsultabo
940 2882 985 2926 et
1017 2874 1224 2927 laetabor
1262 2875 1313 2927 in
1356 2885 1443 2928 tua
1473 2877 1852 2942 misericordia,

262 2964 382 3030 quia
404 2964 680 3031 rapczisti
709 2964 1046 3018 humilitatem
1076 2983 1257 3019 meam.
1290 2968 1342 3021 ltt
1379 2967 1478 3022 hoc
1506 2979 1557 3023 et
1590 2971 1851 3033 superiori

261 3071 477 3124 versu,
533 3060 720 3113 iterum
777 3062 1104 3129 categoricus
1155 3062 1494 3132 syllogismus
1552 3064 1848 3127 enascitur,

261 3149 427 3219 Cujus
460 3149 821 3203 deli-itionem
872 3164 1151 3223 partesque
1196 3154 1247 3206 in
1288 3154 1459 3222 primo
1501 3154 1706 3224 psalmo
1739 3155 1848 3225 jam
1880 3143 1924 3204 C

262 3244 526 3309 diximus,
559 3243 647 3312 qui
672 3243 828 3297 etiam
874 3245 973 3298 hoc
1001 3245 1116 3300 loco
1138 3247 1293 3301 simul
1327 3249 1533 3303 ratione
1560 3248 1849 3318 colligitur,

262 3333 309 3387 id
340 3342 453 3396 cst,
487 3348 588 3401 ego
618 3335 667 3386 in
703 3335 925 3389 Domino
952 3339 1186 3405 speravi.
1210 3339 1393 3393 Omnis
1424 3354 1645 3408 sperans
1676 3342 1724 3394 in
1752 3341 1852 3395 Do-

264 3425 419 3478 mino
458 3426 770 3488 exsultabit,
823 3436 877 3479 et
912 3427 1176 3482 lattabitur
1208 3430 1257 3482 in
1303 3430 1669 3485 misericordia
1714 3432 1847 3500 ejus.

265 3517 377 3586 Ego
409 3518 574 3585 igitur
599 3519 898 3585 exsultabo,
922 3531 972 3575 et
1002 3522 1220 3577 ltetabor
1247 3523 1299 3577 in
1324 3524 1683 3580 tuiseticordia
1712 3527 1847 3596 ejus.

265 3609 559 3665 Pulchrum
591 3612 747 3680 plane
768 3614 976 3668 dicendi
1001 3630 1169 3683 genus
1196 3616 1247 3669 in
1268 3615 1527 3672 bievitate
1548 3620 1850 3688 complecti,

263 3705 405 3771 quod
439 3703 585 3757 nulla
633 3708 801 3769 possit
827 3705 1147 3762 adversitate
1190 3708 1439 3777 dirumpi.
1472 3709 1621 3765 Nunc
1662 3712 1850 3779 ps:iltui

263 3796 427 3848 verba
478 3804 791 3849 tractemus.
845 3796 1114 3851 Exsultare
1158 3809 1238 3852 est
1285 3815 1404 3854 cum
1457 3816 1645 3870 magna
1688 3801 1849 3856 animi

262 3885 545 3938 alacritate
570 3885 836 3953 gaudere;
870 3887 1035 3940 lauari
1064 3899 1146 3943 est
1175 3898 1462 3958 temperata
1496 3890 1690 3945 mentis
1717 3890 1848 3945 affe-

260 3978 437 4031 ctione
463 3976 709 4029 mufceri.
736 3976 842 4031 Sed
866 3978 1266 4034 consideremus
1302 3982 1511 4050 quoties
1540 3995 1849 4036 commone-

260 4081 377 4117 mur
416 4064 472 4117 in
521 4065 768 4120 humanis
794 4066 995 4122 viribus
1024 4070 1243 4125 minime
1289 4072 1685 4127 conﬁdendum.
1718 4074 1846 4131 Nam

258 4156 739 4225 quemadmodum,
769 4167 825 4213 tit
846 4174 1004 4229 supra
1027 4162 1226 4217 dictum
1251 4174 1352 4229 est,
1384 4166 1660 4234 quisquam
1693 4168 1759 4223 de
1789 4186 1849 4225 se

256 4249 451 4302 debeat
511 4265 856 4317 prursutnere,
907 4254 1047 4308 unde
1086 4267 1268 4309 sancta
1316 4257 1612 4313 iucarnatio
1659 4261 1850 4329 legitur

255 4343 565 4395 abstinere?
593 4343 926 4413 Quapropter
947 4348 1271 4402 exsecranda
1296 4361 1377 4403 est
1401 4351 1701 4421 Pelagiana:
1735 4370 1850 4423 pra~

258 4434 438 4487 vitatis
488 4434 731 4499 intentio,
777 4437 902 4491 dum
948 4438 1034 4492 illa
1065 4449 1130 4494 te:
1158 4450 1233 4494 tat
1260 4456 1583 4511 praesumere
1612 4464 1728 4515 quae
1756 4464 1846 4502 co-

1980 506 2175 560 clttsisti
2219 523 2295 561 me
2344 516 2395 563 in
2446 529 2623 566 manus
2673 515 2885 569 inimici.
2941 517 3057 587 Ipsa
3108 524 3556 583 eratAueccssitas

1978 611 2134 665 quam
2183 601 2425 668 superius
2466 602 2617 670 dixit,
2662 605 2704 659 si
2751 609 2998 673 potestati
3037 611 3310 668 diabolica:
3349 614 3556 673 delictis

1980 687 2276 742 traderetur
2298 693 2577 746 otnoxius.
2607 694 2844 750 Conclusi
2866 710 2983 752 sunt
3006 702 3145 755 enim
3170 704 3317 771 quasi
3340 719 3558 759 carcere

1979 781 2193 846 pmnali,
2224 784 2311 849 qui
2354 783 2492 836 illius
2529 787 2807 843 saevissimi
2833 793 3074 847 manibus
3096 796 3417 851 ambiuntur.
3445 798 3555 853 Nec

1977 874 2273 927 conclusisti
2308 892 2435 944 ergo
2476 878 2625 946 dicit,
2662 882 2782 950 quia
2827 882 2958 937 liber
2998 885 3217 941 effectus
3245 899 3323 943 est
3350 905 3377 942 a
3409 899 3554 960 pote—

1977 970 2114 1015 state
2142 963 2360 1030 dialioli,
2390 966 2525 1021 sicut
2557 970 2664 1036 ipse
2694 971 2743 1024 in
2779 972 3065 1045 Evangelia
3094 978 3165 1030 ait
3195 996 3207 1031 :
3243 978 3370 1033 Ecce
3395 983 3553 1034 veniet

1978 1052 2211 1117 princeps
2242 1057 2418 1109 mundi
2448 1058 2623 1128 hujus,
2654 1071 2701 1113 et
2734 1062 2784 1115 in
2810 1079 2886 1116 me
2912 1081 3012 1117 non
3041 1067 3254 1122 inveniet
3278 1070 3551 1141 quidqttam

1979 1141 2157 1211 (Joan.
2192 1161 2298 1207 xtv,
2331 1148 2443 1220 50).

2050 1282 2201 1339 Vers.
2251 1286 2336 1343 10.
2385 1288 2625 1344 Statuisti
2670 1293 2721 1345 in
2762 1294 2869 1350 lcco
2909 1299 3133 1368 spatioso
3175 1303 3325 1368 pedes
3361 1318 3501 1363 meos
3532 1302 3575 1359 τ’

1975 1375 2210 1431 miserere
2240 1381 2357 1445 mei,
2390 1376 2631 1450 Domine,
2661 1389 2904 1455 quoniam
2934 1390 3168 1445 trtbulor.
3204 1392 3329 1447 Post
3363 1390 3549 1449 libera-

1976 1466 2137 1523 tionis
2160 1484 2271 1525 suae
2293 1472 2573 1530 decursam
2598 1480 3027 1546 exsultationem,
3050 1485 3113 1535 ad
3142 1484 3432 1539 secundum
3461 1502 3549 1540 ve-

1975 1557 2051 1610 nit
2094 1558 2389 1628 ingressum
2420 1578 2435 1617 :
2468 1562 2553 1617 ubi
2586 1565 2651 1619 de
2692 1568 2940 1636 pas~ione
2982 1588 3076 1626 sua
3108 1576 3271 1628 multa
3311 1575 3547 1632 dicturus

1971 1657 2076 1712 est,
2098 1659 2154 1703 ut
2171 1664 2285 1703 eam
2306 1649 2565 1719 frequenti
2596 1658 2852 1711 memoria
2878 1660 3141 1727 piissimus
3159 1677 3544 1730 comtuoneret,

1900 1774 1946 1832 Β
1973 1751 2127 1803 quam
2160 1753 2257 1806 pro
2296 1742 2534 1796 omnium
2579 1746 2750 1800 salute
2794 1752 3049 1815 suscepit.
3102 1752 3364 1818 Statuisti,
3397 1757 3545 1820 dicit.

1974 1828 2074 1881 hoc
2099 1839 2180 1883 est
2203 1832 2424 1886 firmasti
2454 1851 2467 1898 ;
2499 1835 2619 1903 quia
2651 1837 2853 1906 lapsum
2880 1841 3150 1896 suStinerc
3180 1859 3283 1899 non
3318 1856 3540 1913 poterat,

1968 1919 2058 1986 qui
2090 1922 2270 1975 uundi
2302 1924 2425 1977 vitia
2462 1941 2562 1978 non
2598 1927 2841 1983 habebat.
2874 1928 2938 1983 In
2970 1931 3081 1985 loco
3108 1937 3352 2002 spatioso,
3385 1937 3435 1990 id
3464 1947 3543 1992 εει

1968 2009 2136 2064 libero
2177 2023 2233 2065 et
2275 2028 2303 2065 a
2352 2025 2609 2076 potestate
2655 2018 2848 2075 diaboli
2896 2035 3109 2090 semper
3151 2035 3393 2093 excepto.
3429 2026 3543 2095 Ipse

1967 2099 2110 2153 enim
2143 2100 2281 2154 liber
2308 2104 2449 2157 locus
2486 2116 2569 2159 est
2602 2124 2759 2174 quem
2803 2109 2974 2165 hostis
3022 2112 3111 2167 ille
3160 2130 3262 2167 non
3315 2117 3538 2180 insidet;

1965 2188 2081 2259 ipse
2103 2195 2356 2258 spatiosus
2380 2210 2536 2265 quem
2567 2198 2654 2253 ille
2680 2216 2783 2255 non
2811 2215 3055 2271 occupat.
3090 2204 3151 2259 Et
3180 2206 3393 2263 intende
3418 2210 3538 2276 quia

1965 2294 2070 2334 non
2100 2281 2234 2336 dixit
2260 2286 2310 2337 in
2340 2285 2441 2347 via,
2475 2288 2566 2342 sed
2598 2290 2647 2342 in
2682 2291 2791 2344 loco
2820 2295 3065 2363 spatioso,
3101 2296 3150 2350 id
3182 2311 3261 2351 est
3293 2302 3341 2353 iu
3372 2302 3535 2366 patria

1965 2368 2237 2436 virtutum,
2291 2376 2342 2428 in
2396 2377 2619 2446 regione
2666 2380 2973 2450 beatorum;
3026 2387 3102 2439 via
3153 2389 3293 2443 enim
3349 2393 3535 2461 legitur

1962 2471 2183 2527 angusta
2224 2463 2511 2533 justorum.
2562 2468 2727 2524 Pedes
2769 2487 2836 2525 au
2864 2491 2947 2527 cm
2987 2489 3110 2529 sues
3154 2479 3279 2532 dicit
3315 2485 3450 2534 virtu
3478 2500 3534 2539 es

1964 2556 2212 2621 morales,
2242 2572 2335 2626 per
2364 2573 2496 2627 quas
2528 2561 2666 2616 hunc
2696 2565 2948 2620 mundum
2977 2568 3092 2622 fixis
3121 2573 3396 2641 gressibus
3423 2590 3533 2629 am-

1961 2645 2185 2714 bulaiit,
2212 2663 2345 2718 quos
2366 2652 2562 2707 diaboli
2590 2655 2884 2713 adversitas
2915 2660 3175 2731 impedire
3202 2680 3305 2719 non
3340 2671 3532 2730 patuit.

1960 2735 2063 2791 Sed
2094 2742 2335 2805 quamvis
2367 2743 2619 2798 mundum
2653 2747 3045 2816 incolpabiliter
3082 2755 3398 2823 ambularet,
3436 2775 3530 2812 nc-

1957 2834 2250 2886 cessarium
2298 2832 2395 2888 fuit
2444 2845 2498 2889 ut
2547 2837 2661 2905 ejus
2711 2840 3107 2897 infmnitatibus
3145 2847 3320 2901 divitia
3362 2852 3531 2919 gratia

1955 2922 2297 2991 subveniret,
2344 2940 2411 2979 ne
2455 2926 2723 2981 imbecilla
2770 2944 2897 2984 caro
2936 2946 2964 2984 a
3002 2934 3239 2989 etelestis
3273 2941 3530 3008 propositi

1956 3013 2264 3084 iiitrgritate
2302 3016 2621 3073 discederet.
2669 3019 2789 3074 Ideo
2829 3022 3093 3091 sequitur,
3126 3027 3363 3083 miserere
3404 3032 3523 3098 mei,

1957 3100 2207 3180 Domine,
2224 3108 2464 3174 quoniam
2495 3109 2729 3163 tribulor.
2760 3111 2896 3182 Lege
2927 3114 3065 3168 enim
3094 3115 3311 3172 humani
3339 3135 3527 3190 corpo-

1956 3195 2033 3249 ris
2082 3195 2408 3252 tribulationi
2448 3214 2558 3254 suae
2606 3203 2836 3270 postulat
2879 3207 3169 3277 subveniri,
3200 3210 3338 3264 sicut
3377 3225 3429 3266 et
3472 3214 3525 3268 in

1956 3284 2245 3355 Evangelia
2274 3288 2396 3342 dicit
2423 3309 2437 3344 :
2470 3289 2653 3344 Tristis
2680 3303 2752 3347 est
2779 3295 2951 3349 anima
2980 3314 3089 3350 mea
3113 3316 3268 3369 usque
3294 3307 3362 3355 ad
3388 3319 3526 3358 mor-

1955 3386 2052 3429 tem
2077 3376 2288 3445 (Mattlt.
2324 3396 2466 3445 sxw,
2497 3382 2609 3451 58),
2642 3395 2694 3438 et
2724 3385 2806 3440 bis
2829 3387 3043 3442 similia.
3074 3392 3197 3444 Sive
3224 3395 3374 3461 pedes
3402 3412 3525 3449 suos

1954 3470 2224 3536 apos:olos
2274 3472 2418 3532 dicit.
2452 3475 2540 3542 qui
2571 3476 2622 3528 in
2663 3478 2773 3531 loco
2811 3480 3056 3548 spatioso,
3087 3482 3139 3536 id
3170 3494 3247 3538 est
3280 3500 3373 3553 per
3401 3492 3521 3541 uni-

1956 3563 2215 3617 versaletn
2260 3564 2553 3621 Ecclesium
2593 3570 2889 3625 certissima
2926 3574 3211 3631 stabilitate
3252 3577 3372 3633 ﬁdei
3399 3596 3535 3635 conc

1953 3651 2222 3708 stiterunt.

2028 3792 2177 3847 Vers.
2209 3795 2293 3849 Η.
2319 3794 2661 3854 Conturbatus
2680 3812 2751 3855 est
2776 3802 2829 3857 in
2855 3803 2932 3857 ira
2963 3805 3139 3862 oculus
3166 3824 3326 3876 meas,
3350 3813 3524 3867 anima

1952 3899 2062 3937 mea
2090 3894 2136 3938 et
2163 3895 2333 3938 venter
2360 3902 2522 3941 meus.
2571 3891 2674 3946 Per
2719 3893 2817 3947 bos
2862 3908 3089 3965 quatuor
3135 3915 3319 3956 versus
3360 3905 3524 3974 figura

1952 3984 2243 4063 diatyposis
2286 3996 2401 4051 est,
2447 4005 2566 4058 quae
2614 3991 2798 4048 Latine
2845 3998 3119 4064 expressio
3165 3999 3357 4055 dicitur
3392 4019 3406 4055 :
3440 4005 3525 4060 ubi

1952 4079 2111 4132 rebus
2141 4062 2451 4148 personisve
2478 4082 2754 4151 subjectis,
2782 4096 2835 4141 et
2867 4087 3051 4142 forma:
3082 4091 3210 4157 ipsa:
3238 4103 3288 4145 et
3316 4093 3526 4150 habitus

1949 4173 2341 4240 exprimuntur.
2394 4176 2577 4244 Incipit
2628 4179 2766 4232 enim
2813 4180 3119 4238 describere
3163 4187 3333 4254 qualis
3372 4191 3524 4246 fuerit

1949 4265 2167 4334 periculi
2196 4269 2523 4337 magnitudo.
2556 4272 2633 4325 Ac
2659 4271 2701 4324 si
2733 4272 2929 4326 diceret
2966 4291 2978 4325 :
3006 4274 3270 4332 Confusus
3300 4292 3379 4334 est
3405 4283 3521 4335 atti-

1950 4370 2067 4409 mus
2101 4375 2129 4406 ιι
2154 4371 2269 4422 eus,
2302 4372 2419 4412 cum
2466 4375 2551 4414 me
2598 4361 2991 4431 insequentium
3035 4366 3180 4421 furor
3227 4382 3520 4440 appeteret.

1952 4444 2091 4499 Iram
2140 4448 2401 4517 siquidem
2461 4452 2635 4519 posuit
2693 4454 3026 4509 inimicorum
3087 4458 3525 4530 indignationem.

255 4539 524 4590 gnoscere
549 4526 734 4580 debuit
774 4528 1027 4595 Spiritum
1062 4535 1507 4588 sanctum‘to'ies
1536 4549 1659 4590 ante
1700 4537 1848 4591 dam-
1876 4526 1925 4585 Β
1955 4536 2149 4591 Oculus
2191 4550 2366 4593 autem
2411 4540 2738 4598 intellectura
2791 4547 3074 4616 signiﬁcat,
3119 4566 3276 4615 quem
3317 4571 3527 4625 semper

258 4630 428 4669 nasse.
486 4615 828 4673 ltttendamns
866 4619 1027 4675 etiam
1065 4622 1153 4691 qui
1193 4622 1323 4678 dicit
1364 4626 1701 4682 humilitatem
1732 4630 1842 4701 99

257 4723 399 4760 suam
446 4708 615 4777 fuisse
658 4723 967 4779 respectum;
994 4714 1081 4768 ille
1108 4714 1352 4770 videlicet
1378 4719 1466 4787 qui
1512 4720 1703 4774 caelum
1736 4732 1839 4776 ter-

258 4814 478 4869 tamque
500 4808 556 4853 et
578 4804 782 4856 creavit
806 4816 855 4858 et
880 4807 1137 4872 continet,
1171 4810 1254 4862 cui
1282 4818 1570 4878 potestates
1594 4827 1840 4881 superate

256 4892 516 4946 senium.
554 4892 662 4946 Sed
694 4894 811 4948 ideo
850 4907 962 4949 erat
1004 4899 1053 4951 in
1087 4898 1357 4955 Altissimo
1389 4899 1689 4966 humilitas,
1721 4905 1843 4968 quia

259 4984 329 5037 illi
362 4993 418 5039 et
448 4986 761 5042 humanitas
802 4991 1061 5046 veraciter
1107 4993 1413 5049 adhzercbat
1460 4997 1528 5049 ab
1568 4997 1678 5065 ipsa
1716 5013 1843 5052 con-

256 5076 500 5140 ceptione
530 5076 791 5140 perfecta.

328 5166 482 5221 Vers.
522 5167 575 5221 υ.
633 5167 840 5222 Salvam
881 5172 1047 5240 feciin
1085 5174 1148 5225 de
1193 5176 1576 5229 necessitatibus
1616 5179 1840 5232 animam

253 5273 437 5320 meam,
466 5273 560 5309 nec
586 5262 883 5313 conclusisti
907 5276 984 5315 me
1007 5264 1057 5315 in
1086 5280 1268 5318 manus
1298 5267 1511 5320 inimici.
1541 5267 1838 5324 Necessitas

254 5348 445 5400 dicitur
477 5347 549 5401 ab
574 5361 638 5400 eo
668 5349 806 5416 quod
844 5350 893 5403 in
927 5367 1056 5406 nece
1078 5354 1145 5407 sit
1171 5355 1359 5423 posita,
1386 5356 1435 5409 id
1462 5368 1543 5412 est
1567 5358 1619 5412 in
1652 5362 1840 5415 mortis

254 5439 512 5503 angustiis
539 5442 848 5493 constituta.
875 5442 1005 5496 Nam
1034 5448 1243 5512 quando
1267 5459 1604 5515 peccaturum
1638 5450 1841 5522 laqueis

256 5528 598 5592 inundamur,
626 5544 723 5583 nec
751 5530 817 5585 ab
842 5532 917 5586 eis
950 5550 1233 5602 possumus
1260 5551 1438 5594 nostra
1463 5541 1654 5595 virtute
1682 5543 1835 5607 solvi,

256 5621 548 5675 necessitas
582 5622 895 5689 appeilatur.
932 5625 1071 5696 Ergo
1110 5638 1234 5685 tunc
1274 5632 1336 5684 de
1370 5634 1747 5689 necessitatibus
1779 5634 1838 5689 lio

256 5710 433 5766 berata
464 5721 550 5767 est
580 5712 753 5767 anima
793 5712 1003 5773 Domini
1050 5720 1361 5782 Salvatoris.
1398 5738 1517 5780 cum
1546 5740 1573 5779 a
1608 5728 1840 5795 peccatis

1950 4629 2312 4683 conturbamus
2342 4642 2501 4700 atque
2531 4634 2927 4702 confundimus,
2960 4643 3172 4708 quando
3204 4644 3526 4703 imminentia

1952 4721 2186 4788 pericula
2230 4722 2599 4779 formidamus.
2639 4725 2824 4781 Venter
2867 4744 2996 4783 vero
3036 4741 3218 4788 noster
3246 4735 3396 4790 ali-ns
3424 4747 3525 4802 est,

1954 4811 2004 4863 itt
2031 4825 2135 4878 quo
2161 4811 2333 4866 edulia
2365 4815 2615 4882 deglutita
2661 4818 3029 4885 recoudimus,
3061 4825 3147 4890 qui
3176 4835 3296 4891 apte
3328 4842 3531 4880 memo-

1949 4901 2042 4955 ria:
2084 4912 2457 4971 comparatur,
2506 4906 2627 4974 quia
2673 4909 2811 4961 sicut
2860 4909 2948 4965 ille
2997 4916 3336 4969 trattsntissas
3376 4932 3526 4971 escas

1946 4992 2156 5061 recipit,
2189 4993 2266 5047 sic
2291 5005 2343 5047 et
2374 4997 2648 5050 memorite
2677 4997 2829 5052 sinus
2860 5001 3074 5056 notitias
3107 5019 3282 5059 rerum
3314 5022 3525 5077 compe-

1947 5092 2119 5137 tenter
2147 5084 2391 5139 assumit.
2436 5084 2807 5142 Conturbatum
2853 5106 2979 5160 ergo
3024 5094 3151 5149 dicit
3194 5110 3438 5167 rentrcm,
3474 5098 3523 5152 id

1945 5181 2028 5227 est
2072 5176 2382 5229 memoriam
2431 5191 2603 5243 suam,
2647 5182 2732 5235 ubi
2780 5182 3009 5238 habebat
3043 5189 3274 5256 reposita
3301 5205 3417 5258 qua:
3451 5192 3523 5244 illi

1945 5263 2201 5320 Dominus
2239 5264 2308 5322 de
2351 5282 2443 5322 sua
2477 5270 2857 5327 clarificatione
2894 5276 3231 5343 promiserat.
3269 5279 3373 5333 Sed
3404 5296 3522 5334 cum

1945 5358 2151 5413 videret
2200 5375 2326 5415 caro
2380 5362 2478 5418 sibi
2535 5364 2816 5421 itntnincrc
2868 5374 3135 5437 pericula,
3190 5390 3524 5444 tonscqnens

1945 5449 2041 5505 fuit
2080 5466 2197 5505 eam
2243 5453 2595 5521 trepidatione
2637 5460 2857 5513 turbari.
2894 5463 2957 5515 Et
2996 5473 3116 5517 nota
3158 5467 3278 5536 quia
3312 5484 3370 5523 se
3399 5485 3524 5525 con-

1946 5543 2197 5595 turbatum
2231 5546 2539 5612 frequenter
2553 5551 2706 5617 dicit,
2732 5554 2798 5607 de
2832 5570 3045 5622 parasse
3068 5574 3346 5629 nusquam.
3372 5564 3526 5627 Quod

1947 5635 2066 5689 ideo
2096 5637 2163 5689 ab
2196 5638 2310 5705 ipso
2338 5641 2537 5696 dictum
2566 5653 2668 5708 est,
2702 5658 2757 5699 ut
2790 5650 2941 5703 nobis
2984 5652 3117 5705 hanc
3148 5655 3385 5714 imitandi
3421 5661 3524 5716 for-

1948 5728 2143 5783 mulam
2179 5729 2425 5803 Magistcr
2456 5737 2687 5789 cmlestis
2718 5742 3043 5799 ostenderet.
3080 5750 3207 5803 Nam
3238 5755 3519 5806 conturba-
