4030 6172
409 299 507 356 dif

1636 291 1706 347 Μ.
1750 288 2025 346 ACRELli
2067 286 2465 348 CASSIODORI

3578 293 3687 351 212

410 414 484 471 tio
531 411 916 470 humanitatem
973 407 1307 465 familiariter
1357 408 1518 479 petit,
1574 408 1769 464 divina:
1818 414 1994 464 autem
2026 417 2075 477 Α
2102 414 2149 459 et
2175 405 2533 474 dispergeutttr
2558 420 2669 459 ores
2695 406 2863 479 greg’s
2893 404 3075 470 (Zaclt.
3105 409 3222 475 χιιι,
3256 406 3335 479 7).
3380 406 3472 465 Sic
3516 407 3681 480 ﬁgura

410 504 680 568 sanctitati
706 504 1010 571 desperatio
1039 501 1324 570 provenire
1355 519 1458 556 non
1491 512 1682 571 potest.

483 592 633 649 Vers.
662 592 746 647 19..
778 592 1030 657 Quoniam
1054 594 1238 661 defecit
1266 593 1317 646 in
1341 592 1517 647 dolore
1538 594 1639 645 vita
1661 609 1790 655 mea,
1806 603 1853 647 et
1870 594 1994 649 anui

410 687 505 739 mei
529 687 585 740 in
612 685 899 755 gemitibus.
948 683 1079 737 Iiinc
1106 693 1187 738 cst
1223 683 1311 737 illa
1345 683 1676 737 routurhatiu
1711 684 1993 754 carnisque

408 784 600 840 metus,
625 775 744 843 quia
772 774 822 824 in
842 774 1100 826 doloribus
1123 774 1221 826 vita
1243 774 1521 844 defecerat.
1550 772 1780 826 Verbum
1814 781 1990 825 autem

408 870 576 930 ipsum
607 867 789 934 defecit
823 867 1004 934 longas
1034 860 1093 918 ef
1114 864 1456 933 gravissimas
1489 864 1755 935 signiﬁcat
1784 865 1991 933 passio-

407 976 522 1014 nes.
549 958 777 1028 Deficere
806 960 944 1010 enim
991 969 1067 1013 cat
1110 956 1358 1024 paulatim
1405 956 1583 1010 minus
1625 955 1820 1019 facere,
1846 965 1899 1008 et
1925 955 1988 1008 ad

411 1057 566 1106 tinem
600 1050 871 1120 perdeudo
914 1050 1117 1118 aliquas
1154 1048 1471 1103 valetudinis
1513 1046 1762 1102 minutias
1806 1062 1992 1113 perve-

408 1149 549 1213 nire;
579 1146 719 1215 quod
750 1147 871 1198 vitae
905 1145 1149 1198 humana:
1178 1142 1427 1198 accidere
1464 1156 1621 1213 posse
1648 1141 1989 1196 manili-stum

406 1248 507 1303 est,
535 1252 654 1306 qua:
681 1236 746 1290 ad
780 1237 1064 1291 terminum
1096 1235 1285 1289 mortis
1318 1248 1484 1303 usque
1515 1233 1843 1302 perducitur.
1884 1232 1990 1288 Su-

409 1329 617 1397 periora
662 1343 791 1382 vero
838 1328 1120 1381 declarans
1166 1326 1438 1396 subiungit
1475 1342 1489 1379 :
1530 1324 1598 1379 Et
1634 1326 1760 1379 anni
1800 1327 1897 1380 mei
1936 1326 1991 1380 in

406 1420 693 1486 gemitibus.
725 1419 869 1488 quod
919 1418 1315 1472 multitudinem
1362 1418 1626 1487 significat
1669 1418 1851 1487 utique
1877 1418 1994 1472 die-

408 1526 545 1566 tum.
566 1511 855 1565 Considera
880 1510 1021 1579 quod
1044 1510 1202 1579 dixit,
1227 1510 1281 1563 in
1301 1508 1587 1580 gemitibus,
1610 1508 1732 1575 quia
1760 1520 1865 1561 non
1895 1508 1994 1561 fuit

410 1603 540 1657 levis
585 1602 743 1658 dolor
790 1603 879 1657 ubi
925 1603 1212 1658 continuus
1253 1601 1484 1671 gemitus
1526 1601 1827 1655 insonabat.
1869 1601 1993 1657 Sive

410 1697 509 1749 hoc
556 1696 726 1766 magis
771 1693 839 1749 ad
884 1704 1177 1765 tnartyrum
1221 1693 1450 1763 pertinet
1488 1693 1783 1763 passiones,
1817 1693 1991 1763 quiin

2099 494 2393 565 diatyposis
2444 509 2539 563 per
2587 494 2684 549 itus
2729 507 2955 567 quatuor
3004 512 3214 567 versus,
3251 502 3391 556 sicut
3425 500 3681 570 diximus,

2096 586 2348 642 decenter
2374 586 2589 655 impleta
2614 594 2717 641 est.

2171 678 2323 733 Vers.
2352 677 2437 733 15.
2470 678 2570 743 Qui
2593 678 2824 734 videbant
2850 695 2930 733 me
2950 679 3089 749 foras
3112 681 3371 753 fugiebant
3394 700 3426 736 a
3447 699 3529 737 me
3549 698 3569 738 :
3592 701 3682 738 ex-

2094 771 2192 824 cidi
2224 776 2460 839 tanquam
2487 778 2716 824 mortuus
2742 787 2775 823 a
2799 770 2971 826 corde.
3009 770 3072 825 Et
3095 771 3146 824 iu
3171 773 3274 826 isto
3295 773 3503 842 alioque
3525 790 3682 829 versu

2093 862 2464 934 quisequilur,
2498 864 2664 933 figura
2689 872 2770 917 est
2800 864 3156 929 metriasmos,
3190 881 3309 933 qua:
3339 866 3522 923 Latine
3552 867 3681 922 dici-

2094 962 2181 1008 tur
2209 954 2575 1018 mediocritas,
2604 955 2816 1024 quoties
2850 970 2960 1009 rem
3007 969 3253 1022 magnam
3298 957 3550 1010 mediocri
3590 974 3681 1012 re-

2094 1048 2294 1109 latione
2320 1047 2659 1115 proferimus.
2687 1045 2823 1101 Dicit
2849 1046 2989 1101 enim
3021 1062 3035 1100 :
3064 1045 3163 1111 Qui
3185 1046 3419 1099 videbant
3442 1064 3519 1100 mc
3541 1049 3679 1118 [σιω

2094 1140 2354 1212 fugiebant
2383 1157 2415 1192 a
2443 1152 2520 1191 me
2541 1152 2563 1194 ε
2592 1138 2796 1193 scilicet
2816 1139 2905 1206 qui
2933 1137 3110 1192 minus
3137 1138 3428 1205 Set'ipturis
3453 1141 3679 1194 credens

2096 1242 2202 1296 tes,
2242 1230 2525 1284 Dominum
2580 1229 2824 1284 viderunt
2863 1228 2915 1281 in
2965 1242 3125 1283 cruce
3173 1228 3427 1298 pOsitum,
3469 1229 3610 1282 foras
3648 1245 3681 1286 a

2094 1322 2296 1377 deitate
2325 1320 2490 1391 ipsius
2517 1322 2788 1384 exierunt,
2821 1334 3101 1389 sperantes
3139 1333 3290 1388 spem
3326 1335 3477 1373 suam
3509 1331 3684 1375 morte

2096 1412 2261 1479 ipsius
2306 1410 2470 1465 fuisse
2520 1410 2743 1463 ﬁnitam.
2788 1409 2912 1465 Sive
2953 1412 3236 1464 haereticos
3278 1411 3557 1480 signiﬁcat,
3590 1415 3683 1482 qui

2095 1503 2373 1558 audientes
2396 1503 2449 1555 in
2480 1502 2714 1556 Ecclesia
2744 1503 3051 1571 Scripturas
3077 1503 3305 1566 divinas,
3336 1503 3684 1573 videntesque

2097 1596 2390 1665 magnalia,
2434 1596 2575 1650 foras
2620 1607 2816 1650 exeunt
2863 1595 2930 1648 ad
2983 1594 3190 1663 iniquas
3234 1595 3681 1665 praedicationes,

2098 1689 2363 1759 fugientes
2390 1688 2694 1750 veritatem,
2725 1688 2775 1741 in
2809 1700 2911 1756 qua
2949 1687 3167 1741 tuinime
3211 1702 3556 1756 perseverare
3586 1704 3683 1755 pa-

407 1788 580 1857 raplte
621 1788 811 1841 merito
864 1787 1252 1856 intelliguntur,
1291 1786 1541 1855 quoniam
1596 1785 1699 1853 ipsi
1752 1788 1989 1840 membra
2028 1802 2066 1857 ιι
2098 1781 2317 1835 tiuntur.
2343 1778 2486 1834 Bene
2512 1790 2687 1834 autem
2712 1780 2973 1848 sequitur,
2997 1779 3163 1832 excidi
3185 1788 3423 1847 tanquam
3448 1794 3681 1834 mortuus

405 1888 528 1931 sunt
555 1877 773 1932 Christi.
806 1878 871 1932 Et
900 1877 1178 1932 causidera
1209 1877 1333 1945 quia
1364 1892 1469 1930 non
1517 1876 1571 1930 in
1620 1876 1862 1940 vocibus,
1895 1876 1989 1931 sed

406 1970 455 2020 in
501 1969 767 2039 gemitibus
817 1968 1012 2036 posuit,
1061 1976 1118 2022 ut
1166 1968 1274 2023 Deo
1323 1968 1474 2022 ﬁeret
1528 1967 1758 2037 amplius
1806 1980 1990 2021 notum

406 2061 543 2129 quod
578 2061 883 2116 hominibus
914 2062 1192 2115 videbatur
1226 2062 1518 2116 occultum.

477 2152 631 2208 Vers.
667 2155 754 2209 15.
784 2150 1061 2221 Inﬁrmata
1090 2164 1164 2206 est
1187 2154 1238 2205 in
1270 2162 1568 2222 paupertate
1594 2152 1753 2206 virtus
1779 2169 1912 2212 utea,
1944 2162 1990 2206 et

404 2260 519 2297 ossa
547 2260 657 2297 mea
684 2243 987 2297 conturbata
1025 2254 1164 2297 sunt.
1212 2244 1381 2297 Virtus
1420 2245 1581 2298 animi
1620 2245 1912 2315 infirmatur
1939 2248 1989 2299 in

405 2346 724 2405 paupertate,
756 2334 1008 2403 quoniam
1054 2335 1304 2390 omnibus
1336 2335 1491 2390 bonis
1530 2335 1733 2404 indiget
1760 2338 1987 2389 humana

405 2428 681 2499 fragilitas.
715 2428 850 2495 Quid
893 2428 1034 2483 enim
1075 2427 1165 2482 illa
1198 2428 1482 2497 pauperius
1519 2443 1639 2497 qua:
1680 2428 1813 2482 nihil
1860 2428 1990 2482 ido-

404 2535 560 2576 neum
592 2520 659 2575 de
684 2535 743 2576 se
774 2520 970 2576 habere
997 2520 1373 2590 cognoscitur?
1404 2519 1535 2575 Ossa
1574 2535 1703 2575 vero
1733 2521 1988 2575 fortitudo

403 2621 485 2667 est
514 2625 616 2680 qua
644 2624 903 2681 compago
931 2611 1171 2681 corporis
1192 2611 1504 2665 sustinetur.
1528 2610 1678 2678 Quod
1704 2624 1988 2680 utrumque

405 2703 626 2772 pulchre
654 2703 882 2773 positum
917 2713 999 2758 est
1029 2703 1094 2757 ad
1123 2702 1523 2771 exprimendam
1568 2703 1984 2759 imbecillitatem

406 2800 651 2848 humana:
694 2793 1004 2849 subsutntize
1039 2796 1203 2862 :quia
1238 2808 1408 2860 neque
1457 2793 1510 2846 itt
1556 2795 1719 2849 animi
1768 2794 1982 2857 rnh»rc,

405 2899 577 2954 neque
598 2886 650 2939 itt
680 2885 855 2939 carnis
882 2898 977 2952 spe
1004 2884 1104 2937 ulla
1134 2883 1291 2938 debet
1312 2899 1431 2937 esse
1459 2883 1822 2951 pnesnmptio,
1848 2885 1986 2938 sicut

405 2975 657 3043 propheta
689 2976 819 3029 dicit
848 2991 862 3028 :
895 2974 1201 3028 Maledictus
1234 2974 1323 3043 qui
1357 2975 1565 3042 conﬁdt
1598 2975 1646 3027 in
1682 2975 1904 3037 homine,
1937 2986 1984 3027 et

405 3068 542 3129 ponit
569 3084 711 3133 spem
742 3084 944 3121 cantem
969 3068 1164 3120 brachii
1193 3068 1290 3130 sui,
1316 3077 1359 3119 et
1387 3084 1417 3118 a
1447 3065 1662 3119 Donoin
1689 3067 1872 3119 recedit
1897 3083 1983 3119 cor

392 3156 506 3227 ejus
541 3156 673 3226 (Jer.
710 3171 840 3222 xvtt,
874 3154 949 3226 5).

473 3246 625 3302 Vers.
668 3248 755 3301 14.
798 3247 969 3317 Super
1005 3262 1177 3299 omnes
1215 3247 1444 3299 inimicos
1478 3263 1611 3299 meos
1654 3247 1821 3316 factus
1866 3263 1979 3299 sunt

405 3337 750 3407 opprobrium,
778 3348 821 3389 et
844 3336 1023 3389 vicinis
1045 3337 1166 3389 meis
1187 3336 1423 3400 nimium,
1448 3346 1494 3388 et
1512 3345 1663 3387 timor
1684 3336 1813 3389 uotis
1834 3338 1976 3390 meis.

402 3427 513 3479 Non
547 3437 698 3481 vacat
717 3427 858 3496 quod
887 3443 1040 3497 super
1066 3442 1260 3490 omnes,
1285 3437 1336 3479 rt
1367 3440 1469 3479 non
1498 3426 1636 3479 inter
1668 3442 1855 3480 omnes
1883 3427 1976 3481 ait.

403 3518 571 3588 Super
605 3535 778 3574 omnes
813 3520 1044 3573 inimicos
1079 3535 1236 3582 meos,
1270 3534 1364 3588 per
1406 3518 1617 3571 modum
1649 3519 1980 3582 exagterati-

402 3627 521 3666 vum
554 3611 766 3677 dicitur,
800 3612 1050 3680 quoniam
1090 3610 1214 3663 dum
1264 3625 1296 3662 e
1327 3618 1444 3662 seut
1494 3610 1563 3662 illi
1615 3624 1740 3663 vere
1793 3627 1981 3679 oppro-

396 3702 582 3766 brium,
614 3699 861 3755 Cltristus
903 3702 1159 3755 Dominus
1194 3700 1451 3754 innocens
1481 3711 1643 3770 atque
1669 3701 1981 3755 immacula—

401 3803 485 3851 tus
515 3797 654 3851 inter
682 3810 777 3852 eos
815 3796 1109 3851 habebatur
1155 3797 1505 3868 opprobrium,
1538 3798 1627 3868 qui
1673 3812 1733 3853 se
1776 3797 1981 3853 nefario

399 3887 601 3944 scelere
624 3888 944 3959 polluubant.
983 3888 1258 3962 Sequitur,
1286 3891 1452 3954 factus
1468 3905 1582 3943 sum
1607 3888 1935 3960 opprobrium
1960 3902 1981 3943 .‘

399 3992 503 4032 non
533 3979 655 4049 quia
685 3993 786 4050 ego
831 3995 957 4035 vere
1000 3980 1332 4050 opprobrium
1374 3980 1469 4046 fui,
1500 3981 1595 4036 sed
1633 3981 1885 4051 quoniam
1915 3983 1982 4037 ab

398 4068 503 4123 illis
533 4070 756 4139 putabar
784 4087 904 4126 esse
930 4071 1069 4141 quod
1103 4086 1207 4129 non
1241 4088 1409 4138 ι-τ.ιιη,
1446 4073 1533 4141 qui
1578 4072 1788 4140 decepti
1828 4075 1981 4128 vanis

400 4159 835 4224 persuasiOuibus
880 4174 1214 4218 erraverunt.
1251 4163 1445 4217 Contra
1488 4164 1710 4233 probum
1752 4164 1981 4220 dicimus

399 4252 675 4318 prcbruttt,
708 4253 757 4305 id
790 4263 870 4307 est
905 4254 1241 4307 inhonestum
1288 4264 1447 4322 atque
1496 4255 1825 4308 indecorum.
1878 4256 1984 4325 Up-

394 4346 654 4412 probrium
682 4356 859 4400 autem
893 4345 1158 4414 significat
1186 4346 1339 4399 valde
1369 4347 1727 4401 abominabile
1755 4348 1979 4413 facinus,

396 4435 535 4501 quod
568 4434 791 4487 Domino
812 4435 1076 4489 Salvatori
1107 4437 1245 4490 inter
1269 4435 1480 4503 iniquos
1502 4436 1714 4491 Judteus
1738 4440 1984 4492 evenisse

2093 1890 2125 1926 a
2150 1874 2319 1929 corde.
2350 1873 2467 1928 Non
2498 1873 2639 1927 enim
2672 1888 2701 1927 a
2734 1872 2981 1927 ﬁdelibus
3010 1884 3250 1927 mortuus
3279 1874 3493 1939 dicitur,
3525 1875 3681 1944 Cujus

2093 1967 2264 2021 deitas
2324 1966 2668 2035 impassibilis
2721 1967 2985 2019 veraciter
3037 1965 3354 2018 aestimatur.
3413 1965 3596 2019 EJ‘Ctdl
3647 1983 3681 2019 α

2090 2061 2264 2123 corde,
2298 2059 2347 2112 id
2378 2069 2458 2113 est
2487 2074 2513 2110 a
2546 2071 2723 2112 tuente
2781 2056 3072 2109 infidelium
3105 2053 3249 2127 [mss.
3292 2057 3381 2118 Α..
3413 2054 3479 2109 F.
3513 2067 3559 2110 et
3588 2056 3680 2121 Β..

2092 2146 2370 2219 fidelium],
2415 2154 2555 2218 quod
2607 2149 2745 2203 solet
2792 2147 2896 2201 illis
2935 2145 3245 2216 contingere
3279 2146 3372 2217 qui
3401 2148 3679 2206 defunctos

2094 2240 2336 2298 homines
2365 2239 2665 2304 ohruendo,
2691 2254 2813 2294 cum
2835 2253 3061 2307 corpore
3083 2238 3241 2293 simul
3262 2253 3446 2295 eorum
3475 2255 3681 2296 metuo-

2091 2332 2225 2386 riam
2252 2331 2787 2401 recordationemque
2817 2330 3103 2400 sepeliunt.

2167 2425 2321 2479 Vers.
2360 2425 2444 2478 16.
2478 2421 2672 2477 Factus
2698 2440 2810 2478 sum
2851 2422 2978 2476 sicut
3010 2438 3095 2475 ras
3128 2424 3405 2493 perditum,
3434 2424 3676 2492 quoniam

2089 2515 2262 2569 audivi
2318 2515 2738 2587 vituperationem
2787 2515 3064 2568 multorum
3119 2515 3678 2570 circurnhabitantimu.

2098 2604 2203 2659 Vas
2232 2606 2489 2677 perditum
2515 2618 2593 2661 est
2620 2605 2760 2675 quod
2790 2605 3012 2660 fractum
3042 2616 3094 2659 et
3121 2606 3183 2659 ad
3218 2607 3393 2661 nullos
3424 2624 3547 2661 usus
3578 2623 3677 2663 ne-

2088 2701 2381 2755 cessarium
2423 2716 2637 2770 semper
2680 2700 2927 2769 abjicitur
2964 2718 2976 2753 :
3020 2700 3090 2754 ita
3140 2711 3194 2755 et
3236 2702 3390 2758 Jesus
3433 2715 3675 2761 mortuus

2090 2791 2238 2858 quasi
2274 2792 2495 2845 fractum
2527 2806 2618 2845 vas
2653 2791 2986 2859 objiciendus
3036 2794 3317 2861 putabatur
3358 2809 3386 2847 a
3435 2796 3674 2863 perﬁdis.

2088 2882 2223 2948 Quid
2254 2885 2395 2940 enim
2431 2885 2533 2939 diti
2577 2896 2789 2954 poterat
2817 2885 3142 2941 mediocrius
3174 2902 3329 2955 quam
3361 2898 3413 2940 ut
3447 2889 3531 2941 illa
3561 2905 3674 2941 tua.

2082 2978 2252 3041 jesas
2292 2978 2631 3047 omnipotens
2683 2981 2830 3035 testis
2877 2982 3150 3050 fragilihus
3192 2984 3522 3049 aequaretur?
3562 2985 3672 3039 Sed

2091 3067 2202 3122 lucc
2229 3070 2305 3122 sic
2334 3086 2363 3122 a
2392 3071 2727 3124 dementihus
2775 3084 2954 3140 putata
3006 3076 3293 3143 perpende.
3324 3077 3584 3129 (Laterum
3620 3076 3671 3129 in

2012 3167 2057 3229 ρ
2092 3157 2181 3211 illo
2228 3174 2441 3228 semper
2489 3160 2584 3214 fuit
2631 3163 3015 3229 omnipotentia
3062 3166 3347 3236 singularis
3399 3175 3453 3219 et
3497 3168 3670 3219 divina

2088 3249 2363 3317 plenitudo
2393 3250 2676 3315 mirabilis,
2706 3254 2842 3305 sicut
2867 3254 3153 3321 Apostolus
3177 3254 3304 3308 dicit
3328 3273 3341 3309 :
3368 3254 3431 3308 In
3458 3272 3557 3325 quo
3577 3255 3671 3306 Itan

2083 3341 2207 3395 bitat
2234 3344 2398 3398 omnis
2422 3345 2679 3415 plenitudo
2705 3348 2984 3401 divinitatis
3007 3349 3296 3418 corporalitt
3314 3365 3339 3399 r
3365 3347 3584 3418 (Coloss.
3611 3364 3672 3413 tt,

2084 3430 2164 3504 9),
2195 3434 2246 3488 id
2275 3443 2358 3490 est
2386 3436 2806 3491 substantiaiiter
2830 3450 2883 3492 et
2908 3440 3205 3495 manifeSIe.
3238 3440 3497 3493 Divinitas
3525 3440 3674 3495 enim

2082 3542 2203 3582 esse
2231 3544 2337 3582 non
2369 3539 2543 3598 pote~t
2571 3532 2886 3597 corporalis.
2928 3532 3199 3599 Sequitur,
3228 3534 3469 3602 quoniam
3496 3536 3672 3586 audiui

2082 3619 2497 3690 t'ituperationem
2517 3622 2796 3675 multorum
2821 3623 3384 3689 circunthabi'antiuut;
3409 3624 3674 3693 significat

2084 3710 2317 3779 perfidos
2345 3711 2578 3775 .lttdretts,
2611 3714 2697 3781 qui
2728 3728 3052 3785 synagngam
3090 3718 3533 3781 circumtmbitant,
3565 3734 3672 3770 non

2084 3801 2404 3857 inhabitant.
2437 3800 2638 3856 C‘rcum
2684 3810 2825 3858 enim
2865 3821 2893 3859 a
2931 3807 3176 3866 circu'tu,
3217 3822 3250 3875 p
3284 3819 3523 3862 ccateres
3555 3810 3670 3861 vult

2085 3892 2409 3965 intelligi,de
2426 3896 2617 3963 quibus
2641 3896 2689 3947 in
2708 3896 2812 3948 aliti
2836 3898 2951 3950 lucu
2973 3897 3074 3951 ait:
3097 3896 3155 3950 In
3175 3900 3387 3951 circuitu
3410 3899 3549 3967 impii
3566 3916 3654 3952 aut

2084 3982 2255 4039 bulant
2280 3984 2450 4055 (Psal.
2477 4001 2550 4050 at,
2569 3986 2646 4056 9).
2674 3987 2859 4041 Merito
2887 4003 3013 4057 ergo
3037 3989 3167 4043 tales
3193 3990 3672 4042 circutnt‘tabitoutes

2082 4076 2353 4142 dicuntur,
2383 4078 2472 4146 qui
2503 4077 2675 4147 legem
2710 4075 2800 4132 Dei
2833 4093 2937 4133 non
2965 4080 3331 4145 Spiritualtter,
3361 4080 3452 4132 sed
3481 4094 3673 4133 carna-

2084 4168 2206 4222 liter
2231 4169 2515 4224 advertere
2543 4171 2863 4225 maluerunt.
2899 4171 2990 4225 Sic
3026 4187 3120 4241 per
3158 4172 3272 4225 hinc
3300 4172 3461 4225 verba
3492 4172 3673 4226 lucen-

2084 4260 2178 4329 tia,
2209 4259 2490 4315 tenebrosa
2521 4260 2753 4317 facinora
2790 4262 2997 4318 Judaici
3028 4265 3203 4334 populi
3227 4265 3493 4318 subtiliter
3528 4266 3671 4319 iudi-

2083 4361 2291 4404 cantur.

2160 4442 2307 4496 Vers.
2358 4444 2446 4499 i7.
2494 4441 2561 4496 In
2602 4459 2661 4497 eo
2696 4444 2821 4496 dum
2856 4454 3282 4517 congregarentur
3312 4462 3483 4503 omnes
3516 4446 3677 4502 simul

396 4523 734 4580 manifestum
764 4536 867 4592 est,
898 4541 1018 4581 cum
1047 4526 1287 4580 dicerent
1321 4542 1333 4579 :
1365 4525 1466 4581 Hic
1500 4529 1649 4580 homo
1678 4544 1709 4580 a
1738 4526 1846 4580 Deo
1878 4545 1981 4581 non
2014 4548 2059 4605 υ
2085 4535 2355 4589 adversum
2394 4551 2494 4604 me,
2534 4544 2587 4588 ut
2621 4538 2908 4605 acciperent
2949 4540 3173 4590 auintam
3214 4554 3374 4591 meam
3409 4538 3673 4592 consiliati

394 4623 486 4681 rat,
509 4614 599 4683 qui
618 4615 882 4669 sabbatum
912 4633 1013 4670 non
1042 4617 1256 4670 custodit
1286 4615 1460 4688 (Joan.
1487 4634 1559 4682 ix,
1587 4620 1706 4687 lb‘);
1736 4631 1787 4673 et
1810 4620 1932 4673 alibi
1961 4636 1972 4672 :

395 4712 756 4766 Samaritanus
798 4728 873 4780 es,
902 4721 949 4766 et
981 4714 1289 4767 daemonium
1320 4713 1471 4767 [tabes
1500 4712 1681 4780 (Joan.
1715 4729 1825 4775 vut.
1861 4714 1973 4780 48).

406 4804 608 4860 Vicinos
634 4815 812 4862 autem
846 4806 969 4861 illos
1004 4806 1134 4860 dicit
1160 4805 1253 4876 qui
1288 4806 1336 4860 ci
1378 4807 1645 4860 vicinitate
1690 4806 1809 4859 fidei
1857 4822 1978 4873 pro.

394 4898 739 4966 pinquabant,
768 4897 859 4969 qui
887 4897 1063 4953 adhuc
1101 4913 1205 4953 non
1249 4898 1609 4961 crediderant,
1638 4898 1730 4952 sed
1756 4898 1976 4953 credere

392 4988 777 5057 disponebant;
808 4988 903 5051 sed
934 4989 1179 5047 videntes
1204 5005 1327 5045 eum
1361 4990 1413 5043 in
1444 5004 1602 5043 cruce
1634 4990 1972 5057 pependisse,

392 5098 418 5132 a
448 5078 781 5135 credulitatis
824 5080 1099 5135 vicinitate
1129 5080 1321 5135 remoti
1351 5090 1495 5143 sunt,
1527 5081 1651 5133 dum
1684 5080 1790 5148 pati
1822 5079 1973 5134 vide-

393 5173 518 5225 bant
547 5187 705 5240 quem
746 5171 1075 5228 adorandum
1106 5186 1226 5228 esse
1262 5181 1604 5241 putaverunt.
1648 5172 1819 5242 ignari
1851 5187 1971 5226 cum

391 5262 621 5319 ﬁdeliter
668 5265 924 5334 praedicta
973 5264 1279 5322 necessario
1329 5274 1614 5319 cernerent
1656 5274 1972 5331 cnnsecuta,

390 5364 517 5409 tunc
542 5354 709 5424 magis
734 5370 762 5408 a
791 5356 940 5417 ﬁrma
967 5356 1286 5411 credulitate
1314 5356 1557 5421 Suspensi
1588 5363 1729 5407 sunt.
1760 5354 1827 5408 Et
1850 5366 1972 5410 nota

386 5447 528 5517 quod
563 5450 709 5517 prius
738 5449 873 5505 dixit
903 5450 1157 5515 inimicos,
1186 5448 1381 5503 deinde
1412 5449 1623 5515 vicinos,
1653 5464 1792 5504 nunc
1821 5465 1976 5527 περς

387 5541 565 5595 tieudo
596 5545 837 5609 pervenit
865 5543 931 5596 ad
964 5553 1129 5595 notos.
1166 5542 1329 5596 Naios
1359 5552 1535 5597 autem
1570 5544 1726 5614 100
1754 5552 1973 5612 aposto-

392 5634 470 5687 lus
515 5635 810 5703 signlﬁcat,
863 5639 950 5706 qui
1002 5638 1247 5704 passione
1293 5635 1457 5705 ipsius
1510 5639 1730 5692 omnino
1779 5637 1973 5691 turbati

388 5730 557 5791 sunt;
592 5725 658 5780 de
686 5728 875 5795 quibus
912 5730 1163 5799 scriptum
1207 5740 1287 5784 est
1319 5747 1327 5781 :
1363 5729 1650 5784 Percutiam
1690 5738 1967 5798 pastorem,

2079 4636 2194 4679 sunt
2211 4640 2335 4697 :ego
2360 4638 2525 4681 autem
2551 4628 2603 4679 in
2631 4638 2678 4681 te
2701 4629 2921 4694 speravi,
2943 4626 3177 4682 Domine.
3199 4626 3504 4682 Reddamus
3529 4630 3674 4681 ordi-

2082 4732 2204 4771 nem
2221 4716 2527 4782 verborum,
2549 4726 2603 4770 ut
2617 4717 2823 4785 planius
2838 4717 3201 4788 intelligantur
3216 4720 3315 4771 sibi
3333 4719 3473 4772 dicta
3492 4719 3672 4773 coinc-

2082 4808 2271 4862 rcntia.
2298 4805 2433 4860 Dum
2459 4808 2611 4862 simul
2637 4824 2810 4861 omnes
2832 4822 3256 4881 congregarentur
3280 4812 3545 4862 adversum
3570 4800 3674 4872 me,

2080 4900 2133 4953 in
2162 4916 2221 4953 eo
2251 4900 2503 4954 consiliati
2539 4910 2677 4965 sunt,
2711 4911 2765 4954 ut
2800 4904 3083 4973 acciperent
3124 4906 3348 4955 annnam
3386 4919 3568 4957 meum.
3607 4903 3673 4954 lu

2080 5006 2136 5043 eo
2167 4992 2490 5044 consiliatam
2532 4992 2661 5046 dicit
2700 5002 2905 5062 partem
2936 4994 3219 5046 maximam
3251 4993 3576 5060 .lndzeorum,
3613 5003 3675 5047 ut

2081 5080 2366 5136 Dominum
2406 5081 2523 5136 neci
2562 5082 2868 5148 traderent,
2907 5083 3119 5151 quando
3155 5098 3315 5138 omne
3347 5082 3522 5137 scelus
3548 5099 3675 5149 grn-

2079 5174 2198 5229 vius
2246 5184 2329 5230 est
2376 5174 2518 5244 quod
2566 5175 2793 5229 consilio
2848 5173 3051 5244 geritur
3106 5173 3475 5241 tlurimorum.
3530 5170 3673 5227 Nam

2079 5266 2327 5332 dicendo,
2363 5282 2535 5320 omnes
2574 5267 2750 5331 simul,
2790 5281 2896 5319 non
2939 5266 3048 5319 vult
3086 5279 3283 5332 paucos
3322 5263 3563 5331 intelligi,
3610 5275 3669 5314 ut

2085 5358 2398 5412 sceleratam
2427 5358 2633 5411 turbam
2663 5357 2807 5411 illum
2838 5358 2968 5411 ultio
2991 5356 3167 5412 debita
3196 5355 3572 5423 sub~eqnatur.
3604 5355 3675 5409 Ut

2085 5454 2368 5521 acciperent
2417 5452 2644 5504 animam
2688 5468 2880 5517 nteant,
2930 5451 3193 5521 significat
3240 5461 3300 5504 ut
3339 5450 3675 5513 adimerent,

2084 5545 2197 5598 sive
2220 5543 2490 5598 tollerent.
2524 5544 2781 5598 Mirabilis
2801 5554 2855 5599 et
2881 5545 3252 5599 sanctissimus
3279 5544 3412 5597 ordo
3435 5543 3677 5598 dicendi.

2085 5633 2217 5689 Cum
2265 5635 2462 5691 inimici
2514 5636 2993 5691 circum/mbitarent
3038 5651 3381 5711 syn‘agogam,
3422 5645 3476 5689 et
3520 5650 3677 5704 Speut

2085 5744 2234 5782 suam
2277 5728 2527 5785 haberent
2570 5731 2618 5783 in
2660 5730 2861 5785 viribus
2903 5731 3034 5795 suis,
3075 5745 3135 5785 se
3175 5729 3304 5785 dicit
3337 5745 3569 5797 sperasse
3605 5730 3674 5786 de
