4030 6172
235 352 343 442 eis

1163 388 1525 446 EXI’OSITIO
1567 388 1629 442 ΙΝ
1674 383 2133 441 PSALTERIUM.
2177 384 2367 443 PSAL.
2415 386 2588 445 XXX.

3404 393 3511 449 2‘25

235 505 499 572 Domino,
532 506 708 562 sciens
749 506 871 577 quia
915 514 1148 575 potestas
1180 521 1364 560 eorum
1404 506 1546 561 nulla
1587 513 1740 578 erat,
1775 510 1830 557 et
1856 506 1904 562 A
1938 512 2046 569 tos,
2070 505 2321 560 velociter
2341 508 2717 563 obmutescunt
2739 524 2753 572 ;
2779 521 2875 562 nec
2898 506 3004 574 jam
3029 508 3081 562 in
3106 506 3347 579 procacia
3378 506 3514 565 dicta

233 597 442 652 insidiis
494 597 688 654 edibus
732 598 1051 669 semetipsos
1102 599 1270 668 magis
1317 598 1623 660 interﬁcere
1668 615 1833 655 cona-

237 690 456 746 bantur.

304 778 460 835 Vera.
497 780 585 836 18.
626 778 770 850 Dixi,
812 791 865 836 tu
908 799 962 837 es
1003 780 1143 837 Deus
1171 798 1343 848 meus;
1379 782 1431 836 in
1474 784 1703 843 manibus
1730 784 1830 839 tuis

236 882 465 940 tempora
513 888 641 925 utea.
697 872 952 927 Dominus
996 870 1240 929 Christus
1278 872 1408 927 dicit
1443 890 1457 926 :
1498 872 1577 927 Tu
1607 890 1659 928 es
1691 874 1828 929 Deus

232 978 400 1027 meus,
449 963 548 1017 sed
593 978 620 1017 a
666 978 817 1035 parte
862 965 1069 1021 scilicet
1112 964 1457 1021 humanitatis
1504 976 1826 1035 assumptae,

229 1066 375 1120 quae,
416 1054 560 1107 sicut
609 1055 685 1109 ait
724 1054 980 1121 inferius,
1033 1064 1089 1111 et
1141 1055 1366 1126 tempori
1418 1056 1729 1128 subjacebat
1772 1068 1828 1113 et

230 1146 407 1199 morti.
458 1144 578 1198 Non
616 1146 779 1212 enim,
809 1147 1257 1217 quemadmodum
1298 1148 1496 1203 inimici
1546 1150 1822 1219 putabant,

227 1248 412 1288 eorum
441 1237 823 1303 persecutione
849 1237 1009 1292 vitam
1037 1250 1189 1291 suam
1220 1236 1502 1292 finiendam
1531 1251 1651 1293 esse
1676 1255 1823 1293 com-

231 1335 516 1387 memorat.
542 1326 636 1381 sed
666 1328 718 1382 in
750 1337 1015 1397 potestate
1041 1329 1190 1397 ponit
1217 1329 1421 1384 Domini
1445 1338 1672 1400 tempora
1699 1332 1823 1387 vita:

228 1433 357 1471 sua.
406 1416 532 1487 Ipso
580 1419 723 1473 enim
764 1428 983 1475 creante
1019 1420 1319 1485 existimes,
1351 1422 1467 1492 ipso
1502 1420 1822 1490 disponente

228 1519 567 1579 vegetamur,
613 1510 803 1567 eodem
850 1514 1008 1568 etiam
1052 1513 1277 1582 jubente
1314 1515 1625 1570 transimus.
1670 1515 1821 1573 Unde

226 1614 451 1655 necesse
494 1611 613 1656 erat
640 1611 697 1657 ut
723 1618 875 1673 spem
909 1604 1063 1657 lixam
1102 1604 1326 1660 haberet
1364 1607 1416 1659 in
1452 1607 1696 1674 Domino,
1730 1610 1816 1678 qui

225 1692 383 1745 vitam
424 1702 766 1763 mortemque
802 1709 951 1748 suam
990 1697 1043 1750 in
1083 1695 1200 1767 ejus
1245 1711 1364 1752 esse
1411 1706 1676 1767 potestate
1720 1715 1818 1754 no-

225 1782 429 1835 scebat.

1934 596 2238 665 prosiliunt,
2270 616 2390 667 qua:
2419 599 2586 653 nimio
2613 608 2819 655 terrore
2851 599 3188 655 clauduntur.

2006 684 2157 741 Vers.
2188 687 2278 741 2:2.
2315 688 2443 755 Quae
2466 691 2743 757 loquuntur
2780 692 3018 744 adversus
3041 692 3244 761 justum
3268 692 3510 762 iniquita~

1931 784 2053 843 lem,
2088 780 2141 830 in
2180 780 2416 844 superbia
2456 788 2503 832 et
2547 780 2600 833 in
2644 790 2950 849 contemptu.
2989 781 3078 835 Illa
3119 780 3255 835 labia
3291 792 3510 851 exponi

1930 868 2130 933 dolosa,
2170 884 2289 939 quae
2330 871 2575 939 superius
2606 872 2975 927 obmutescere
2997 873 3376 943 dignoscentize
3403 878 3515 929 vir-

1931 967 2040 1013 tute
2072 960 2334 1027 praedixit,
2366 977 2480 1030 qua:
2511 961 2563 1016 in
2593 961 2694 1017 hoc
2726 963 2925 1017 sazculo
2963 964 3239 1034 loquuntur
3274 967 3510 1023 adversus

1919 1052 2144 1123 justum,
2176 1052 2227 1106 id
2263 1062 2345 1108 est
2373 1053 2664 1107 Christum.
2711 1053 2937 1124 Dignum
2987 1069 3180 1110 nomen
3223 1066 3509 1128 aptumque

1927 1140 2268 1207 vocabulum,
2300 1143 2387 1210 qui
2420 1141 2612 1197 merito
2628 1143 2805 1213 justus
2836 1144 2987 1214 ιο]
3016 1143 3231 1211 dicitur,
3256 1147 3380 1215 quia
3406 1148 3510 1208 uia.

1927 1234 2111 1286 veritas
2137 1242 2183 1287 et
2211 1233 2313 1287 rita
2338 1232 2518 1305 (J-oan.
2543 1249 2654 1300 stv,
2680 1234 2738 1305 6)
2762 1236 3162 1305 comprobatur.
3191 1237 3298 1294 Sed
3328 1250 3512 1294 contra

1929 1323 2033 1378 tale
2082 1334 2392 1395 tantumque
2440 1341 2635 1381 nomen
2690 1326 2913 1396 pulchre
2968 1328 3116 1398 ponit
3167 1330 3512 1401 iniquitatem.

1924 1417 2057 1473 Nam
2086 1418 2225 1473 sicut
2265 1418 2355 1472 lux
2395 1419 2706 1475 obscuritati
2751 1420 3019 1475 contraria
3048 1430 3155 1489 est,
3185 1422 3260 1478 sic
3285 1421 3510 1493 justitia:

1924 1508 2168 1577 iniquitas
2195 1508 2403 1563 videtur
2433 1509 2675 1565 adversa.
2702 1510 2961 1580 Loquitur
2981 1512 3123 1567 enim
3154 1511 3356 1567 falsitas
3377 1527 3510 1568 con-

1926 1606 2006 1652 tra
2052 1599 2355 1665 veritatem,
2405 1600 2619 1668 quando
2664 1600 2837 1657 Judmi
2884 1601 3129 1657 Messiam
3181 1606 3509 1672 proc'amant

1922 1690 2096 1744 adlmc
2127 1704 2245 1745 esse
2276 1701 2588 1757 venturum;
2621 1692 2834 1762 quando
2872 1693 3060 1749 Ariani
3098 1706 3399 1751 creaturam
3430 1696 3509 1750 di-

1922 1796 2049 1840 cunt
2074 1785 2355 1839 Dominum
2384 1785 2714 1849 Creatorem;
2740 1787 2954 1855 quando
2982 1789 3172 1858 pagani
3196 1787 3505 1853 Saturnum,

292 1872 453 1929 νει-ε.
498 1876 584 1929 l9.
618 1874 798 1931 Libera
822 1895 929 1939 me.-
947 1889 992 1933 ct
1016 1881 1154 1952 eripe
1182 1899 1260 1937 me
1292 1883 1356 1936 de
1390 1899 1543 1937 manu
1584 1884 1819 1938 inimico-
1850 1886 1897 1945 Β
1924 1879 2132 1943 Jovem,
2168 1878 2450 1944 Venerem,
2480 1890 2781 1948 cateraque
2814 1888 3056 1948 portenta
3096 1880 3258 1934 stulte
3294 1881 3506 1935 nomina

222 1980 329 2015 rem
359 1981 617 2031 meorum,
647 1976 693 2019 et
727 1984 758 2019 a
795 1971 1206 2039 pxrsequentibus
1234 1988 1343 2037 me;
1369 1972 1608 2028 illumina
1635 1975 1819 2044 facient

223 2064 356 2108 tuam
384 2072 546 2127 such
575 2074 775 2111 servum
807 2069 975 2114 tuum.
1008 2061 1181 2129 Ipsum
1215 2073 1365 2131 rogat
1389 2064 1477 2133 qui
1514 2073 1690 2135 potest
1723 2066 1819 2118 atl-

226 2154 559 2204 versantium
609 2153 773 2205 vitam
816 2154 1187 2224 confringere,
1236 2155 1620 2226 hominumque
1658 2157 1819 2210 corda

227 2254 314 2307 pro
365 2254 469 2294 sna
521 2242 754 2296 mirabili
812 2243 1215 2313 dispensatiooe
1272 2257 1610 2301 convertere.
1668 2247 1821 2302 Prius

222 2330 358 2383 enim
392 2330 566 2396 dixit,
599 2332 945 2397 inimicorum,
974 2334 1024 2387 id
1055 2345 1137 2388 est
1165 2335 1498 2400 Judworum;
1528 2337 1817 2407 suhjungit,

224 2431 268 2471 et
291 2437 323 2471 α
351 2424 778 2491 persequentibus
816 2442 916 2488 me,
948 2425 1047 2479 hoc
1084 2436 1162 2480 est
1205 2428 1444 2497 paganis,
1471 2430 1551 2483 vel
1584 2444 1611 2482 a
1641 2430 1818 2484 diver-

224 2512 291 2567 sis
318 2512 620 2581 bacreticis,
653 2517 743 2585 qui
779 2516 1069 2571 Eeelesiam
1112 2519 1204 2573 Dei
1237 2520 1589 2576 fraudulentis
1620 2523 1821 2577 inachi-

226 2607 532 2659 nationibus
578 2606 947 2677 insequuntur.
1005 2610 1293 2681 Sequitur,
1348 2614 1587 2667 illunt.'na
1634 2617 1740 2685 [ari
1772 2634 1821 2670 m

224 2708 357 2749 taam
387 2714 551 2762 super
579 2713 776 2751 servum
806 2709 967 2766 tuum,
1001 2703 1049 2754 id
1074 2713 1154 2756 est
1180 2701 1259 2756 fac
1289 2702 1490 2771 videre,
1517 2706 1635 2773 quia
1660 2721 1822 2776 super

223 2805 304 2846 me
330 2791 585 2861 dignaris
626 2794 932 2858 intendere;
963 2805 1017 2849 ιιι
1056 2797 1192 2849 sicut
1228 2798 1294 2851 de
1332 2795 1589 2851 moniente
1636 2799 1819 2869 despe-

221 2896 335 2939 rant
373 2929 391 2953 ,
440 2885 510 2938 ita
560 2886 627 2939 de
677 2900 986 2955 resurgeute
1038 2890 1327 2944 confidant.
1379 2890 1485 2945 Nec
1532 2890 1819 2946 oil‘euoiaris

220 2979 355 3045 quod
390 2978 551 3031 audis
588 2995 615 3031 a
659 2978 884 3031 Domino
928 2980 1035 3033 dici
1083 2997 1281 3034 servum
1329 2994 1491 3036 tttunt.
1526 2984 1715 3036 Omnia
1750 2985 1839 3036 εἰο-

218 3070 447 3138 quidem
475 3084 559 3121 vet
575 3069 635 3122 ba
668 3069 790 3123 talia
826 3069 1137 3126 humanitati
1166 3084 1286 3126 sunt
1318 3089 1395 3145 spt
1417 3074 1623 3131 cialiter
1649 3078 1820 3145 appli-

216 3163 425 3225 canda,
474 3160 537 3215 Βῖι
557 3172 608 3215 ιιι
650 3162 701 3215 in
742 3163 846 3216 alio
887 3163 1004 3217 loco
1041 3163 1166 3219 dicit
1206 3182 1221 3221 :
1268 3164 1375 3234 Ego
1410 3183 1580 3220 servus
1616 3175 1731 3221 tuus
1775 3180 1819 3221 ct

1926 1971 2248 2039 profitentur
2289 1970 2552 2024 caelestia.
2594 1970 2827 2033 Addidit,
2861 1970 2914 2024 in
2941 1970 3178 2036 superbia
3212 1979 3258 2023 et
3287 1980 3507 2025 contem-

1926 2069 2038 2129 ptu,
2067 2060 2269 2114 scilicet
2290 2060 2540 2130 quoniam
2573 2061 2843 2130 diSputant
2872 2062 3084 2130 superbi
3116 2060 3184 2116 de
3215 2062 3511 2118 humilitate

1924 2148 2142 2217 Christi,
2178 2164 2299 2204 cum
2328 2151 2510 2204 dicunt
2541 2150 2823 2205 Dominum
2853 2153 3115 2206 oculorum
3156 2152 3331 2206 carnis
3358 2166 3506 2207 assu-

1926 2256 2073 2296 mere
2101 2256 2208 2295 non
2235 2240 2470 2311 potuisse
2501 2241 2877 2296 substantiam.
2904 2241 3311 2312 Contemptores
3332 2251 3509 2298 autem

1924 2333 2225 2401 despiciunt
2280 2332 2598 2386 immortalis
2650 2332 2873 2388 credere
2922 2333 3129 2388 Domini
3184 2335 3505 2403 passionem.

1926 2421 2056 2475 Nam
2106 2436 2227 2476 cum
2269 2422 2488 2475 audiunt
2537 2420 2756 2491 ﬂagellis
2790 2437 3009 2486 ca'sum,
3050 2422 3218 2492 alapis
3260 2425 3506 2479 verbera.

1926 2523 2059 2577 tutn,
2085 2512 2336 2566 traditum
2370 2512 2615 2565 manibus
2642 2512 2947 2579 impiorum,
2976 2513 3152 2567 s’atim
3185 2512 3235 2566 iu
3262 2514 3504 2581 blasphe-

1922 2618 2009 2656 ma
2056 2602 2219 2656 verba
2264 2603 2563 2670 prosiliunt,
2607 2617 2939 2671 nequaquam
2978 2605 3330 2674 intelligentcs
3360 2607 3504 2659 salus

1926 2708 2039 2748 tate
2065 2696 2376 2758 consilum;
2410 2710 2515 2747 non
2543 2696 2665 2763 quia
2698 2698 2874 2748 minus
2906 2698 3072 2762 potuit
3112 2697 3412 2751 Altissimus
3452 2700 3500 2751 in

1926 2787 2197 2855 pomposis
2230 2787 2260 2838 h
2302 2802 2334 2839 n
2361 2786 2520 2840 vribus
2565 2787 2721 2855 hujus
2764 2788 2944 2841 smculi
2972 2789 3387 2857 gloriosissimus
3416 2806 3503 2859 ap.

1926 2893 2137 2948 parere.
2194 2878 2289 2931 scd
2339 2877 2455 2931 tlecl
2481 2892 2609 2932 nare
2649 2877 2859 2944 decuit,
2912 2894 3005 2947 per
3045 2896 3163 2949 quae
3215 2882 3499 2935 humanum

1923 2984 2092 3039 genus
2124 2985 2276 3025 suum
2309 2972 2547 3040 nequiter
2575 2974 2895 3043 contempsit
2921 2987 3216 3032 auctorem.

1998 3080 2154 3137 Vers.
2184 3082 2273 3138 25.
2319 3084 2483 3149 Qut-tn
2525 3101 2710 3154 magna
2750 3087 3032 3139 multitudo
3063 3085 3348 3140 dulced’nis
3378 3097 3498 3147 κατ’.

1929 3171 2163 3238 Domine,
2197 3191 2345 3244 quam
2373 3176 2684 3229 abscondisti
2715 3177 3007 3231 timentibus
3037 3178 3127 3231 te!
3182 3178 3257 3231 Ad
3291 3181 3502 3235 tertium

216 3253 361 3320 [Elius
392 3252 601 3306 ancilla:
627 3262 729 3308 tua:
765 3252 937 3325 (Psal.
968 3272 1097 3319 ειν.
1135 3256 1242 3323 Ητ).
1280 3256 1373 3310 L'bi
1414 3272 1531 3310 sunt
1564 3258 1655 3327 qui
1684 3258 1815 3313 duas
1846 3257 1891 3317 C
1927 3264 2070 3318 venit
2102 3266 2425 3335 ingressum,
2456 3268 2542 3321 ubi
2567 3267 2794 3322 diversis
2818 3270 2987 3323 modis
3011 3280 3285 3323 cmuuerat
3308 3282 3500 3340 quanta

222 3354 447 3397 naturas
494 3344 673 3399 dicere
723 3346 908 3401 nolunt
953 3350 1005 3400 in
1058 3347 1282 3401 Domino
1330 3348 1641 3404 Salvatore?
1685 3350 1816 3403 Nam

222 3432 679 3497 quemadmodum
704 3435 858 3489 aliter
881 3436 981 3489 sibi
1012 3439 1299 3490 convenire
1324 3449 1486 3505 potest
1520 3439 1617 3493 ista
1646 3441 1820 3494 diver-

224 3522 372 3586 sitas,
410 3534 468 3575 ut
496 3521 551 3576 in
583 3538 683 3577 una
712 3524 1004 3593 eademque
1048 3542 1273 3595 persona
1314 3537 1367 3581 et
1416 3529 1693 3583 Dominum
1740 3530 1821 3582 io-

227 3615 438 3684 telligas
466 3613 613 3679 coeli,
646 3622 700 3667 et
729 3614 1017 3669 obnoxiqu
1052 3618 1321 3683 passioni?

291 3705 450 3759 νει-ς.
478 3704 573 3759 2').
606 3704 817 3760 Salvum
856 3723 933 3761 me
974 3711 1056 3775 [ac
1083 3708 1137 3760 in
1168 3717 1256 3761 tua
1286 3710 1629 3763 nisericordia
1660 3725 1679 3763 :
1714 3709 1816 3763 Do-

226 3798 374 3858 utine,
420 3812 525 3849 non
572 3798 886 3865 confundor,
930 3802 1171 3867 quoniam
1202 3799 1429 3853 invocavi
1460 3811 1527 3855 te.
1562 3800 1814 3867 Dicendo,

227 3890 284 3938 In
326 3896 424 3940 tua
471 3887 822 3941 misericordia
868 3890 1060 3940 salvum
1101 3906 1180 3942 me
1228 3890 1333 3959 fac,
1380 3902 1535 3959 negat
1570 3891 1817 3948 meritum

224 3992 400 4032 suum.
428 3979 514 4035 Ad
540 3980 885 4034 instruendus
914 3980 1055 4033 enim
1090 3996 1186 4034 nos
1216 3996 1426 4049 semper
1448 3984 1635 4037 eadem
1666 3999 1817 4052 repe-

228 4068 303 4132 tit,
333 4082 437 4122 nec
467 4068 537 4122 de
578 4068 796 4122 amabili
844 4070 1184 4125 confessione
1232 4076 1477 4138 satiatur,
1506 4075 1625 4142 quia
1672 4074 1819 4129 fasti-

224 4158 370 4212 ilium
412 4174 522 4211 non
570 4158 731 4213 habet
759 4160 985 4215 dulcedo
1016 4164 1276 4217 veritatis.
1320 4164 1600 4235 Suhjtmgit
1634 4167 1815 4232 etiam,

230 4250 467 4318 Domine,
499 4270 600 4305 non
628 4256 938 4325 confundor,
963 4258 1206 4324 quoniam
1228 4259 1452 4313 invocavi
1476 4270 1543 4313 te.
1568 4260 1820 4315 Mirabilis

226 4360 282 4398 ac
316 4345 561 4414 perfecta
591 4348 922 4416 praedicatio,
956 4365 1075 4413 qua:
1112 4349 1273 4405 habet
1297 4363 1350 4405 et
1380 4351 1595 4406 humilis
1618 4355 1818 4423 suppli-

227 4438 515 4499 tationem,
542 4449 594 4491 et
615 4439 884 4495 credentis
909 4440 1269 4496 inviolabilem
1298 4444 1621 4500 ﬁrmitatem.
1650 4446 1819 4516 Rogat

228 4544 353 4598 ergo
383 4545 455 4582 ne
491 4533 888 4595 prtctermissus
922 4534 1299 4589 confundatur.
1331 4536 1435 4590 Sed
1467 4540 1733 4604 quomodo
1760 4554 1819 4593 se

1926 3356 2183 3411 beneficia
2218 3358 2476 3413 Dominus
2504 3376 2563 3415 se
2594 3362 2904 3414 timentibus
2936 3363 3229 3431 Iatgialttr:
3264 3376 3501 3415 conmm-

1926 3464 2059 3503 nens
2109 3458 2165 3502 ut
2211 3464 2401 3504 omnes
2431 3452 2600 3505 sancti
2651 3452 2869 3519 diligant
2900 3452 3201 3513 Dominum,
3253 3457 3513 3520 quoniam.

1922 3553 2040 3593 esse
2069 3549 2277 3594 constat
2302 3551 2353 3593 et
2382 3551 2623 3595 nostrum
2650 3542 2903 3610 judicent,
2936 3553 2988 3597 et
3014 3544 3063 3597 in
3098 3545 3275 3597 futuro
3302 3544 3501 3599 bendi-

1922 3631 2124 3685 ciorum
2155 3648 2279 3686 omn
2306 3649 2393 3687 um
2420 3634 2753 3704 largitorem.
2784 3635 2889 3689 Sed
2915 3636 3314 3691 consideremus
3345 3636 3499 3703 hujus

1923 3736 2109 3778 versus
2135 3725 2297 3779 verba
2329 3724 2454 3794 quid
2479 3726 2729 3780 habeant.
2780 3724 3063 3780 Multitudo
3091 3728 3371 3780 dulcrdinis
3397 3737 3499 3791 est,

1923 3813 2049 3883 quia
2075 3815 2257 3869 multis
2292 3816 2525 3881 prmmiis
2556 3817 2762 3870 Domini
2804 3819 3035 3871 suavitas
3064 3818 3345 3872 indicatur.
3382 3820 3500 3873 υυι.

1922 3918 1999 3958 ets
2029 3915 2109 3958 est
2136 3921 2255 3959 eum
2295 3910 2535 3977 corrigit,
2571 3910 2740 3963 dulcis
2780 3911 2905 3965 dum
2945 3915 3136 3981 parcit,
3183 3914 3351 3969 dulcis
3380 3932 3499 3969 cum

1921 3995 2262 4052 credentibus
2292 4006 2491 4052 aeterna
2524 4002 2738 4068 praemia
2766 4005 3174 4071 compromittit.
3208 4006 3311 4059 Sed
3350 4007 3499 4059 intel-

1924 4092 2028 4159 l'ge
2067 4091 2208 4159 quod
2241 4091 2318 4145 eis
2346 4102 2548 4146 tantum
2598 4094 2768 4146 dulcis
2805 4103 2889 4149 cst
2928 4096 3017 4164 qui
3059 4097 3126 4149 de
3155 4097 3271 4163 ejus
3310 4112 3501 4164 sapore

1920 4183 2270 4248 gustaverint.
2304 4180 2567 4236 Cancrum
2594 4184 2811 4236 dulct‘do
2835 4185 2897 4236 ad
2923 4200 3015 4238 eos
3041 4200 3144 4237 nou
3175 4195 3343 4253 potest
3382 4202 3500 4254 p-r-

1922 4272 2105 4325 venire
2136 4274 2225 4341 qui
2259 4282 2468 4339 gustum
2510 4272 2626 4342 ejus
2666 4274 2885 4328 minimc
2933 4277 3241 4342 coming-re
3290 4292 3499 4329 merue-

1921 4372 2068 4431 runt,
2122 4366 2261 4419 sicut
2300 4374 2351 4419 ct
2379 4365 2514 4419 alius
2550 4367 2783 4433 psalmus
2814 4368 2980 4422 dicit:
3023 4366 3235 4420 (instate
3265 4380 3311 4420 et
3341 4371 3501 4421 videti-
3560 4377 3573 4390 '

1919 4458 2162 4526 quoniam
2193 4458 2367 4511 suavis
2395 4469 2466 4511 est
2496 4457 2745 4511 Dominus
2788 4458 2960 4530 (Psal.
2984 4476 3171 4525 tum,
3201 4459 3277 4525 9).
3317 4461 3502 4532 Sequi-

1922 4558 2028 4612 tur,
2059 4565 2215 4618 quam
2259 4550 2569 4603 abscondisti
2609 4552 2898 4604 timentibus
2937 4561 3001 4605 te.
3067 4553 3179 4605 Non
3224 4555 3343 4622 quia
3377 4570 3501 4607 san-

232 4634 267 4669 ει
283 4622 395 4672 edit
423 4620 640 4674 audiri?
676 4622 926 4687 Quoniam
967 4626 1196 4678 invocavi
1231 4638 1297 4681 te.
1342 4627 1621 4682 Daminum
1653 4631 1817 4700 siqui-

1924 4641 2022 4693 etis
2054 4640 2173 4693 ideo
2200 4641 2508 4695 abscondita
2532 4655 2613 4696 est
2643 4652 2693 4694 ιιι
2719 4657 2836 4695 eam
2868 4643 3083 4696 minime
3111 4658 3501 4712 consequerenc

209 4711 341 4789 Odem
372 4712 483 4764 title
507 4712 609 4764 iter
634 4714 886 4778 invocare,
912 4716 1104 4770 mereri
1125 4726 1227 4778 est.
1255 4734 1360 4773 non
1387 4720 1575 4789 injuria
1608 4739 1621 4785 ;
1651 4738 1817 4790 quan-

230 4803 294 4854 do
324 4805 637 4857 nullatenus
668 4814 841 4873 potest
866 4808 1061 4877 decipi,
1092 4808 1181 4877 qui
1210 4810 1277 4864 ab
1308 4810 1423 4879 ipso
1450 4826 1512 4868 se
1544 4817 1817 4882 prmsumit

229 4893 417 4947 audiri.

302 4986 458 5040 Vers.
487 4986 579 5040 2|.
612 4988 927 5042 Etubesrant
959 4991 1123 5060 impii,
1155 5002 1201 5046 et
1230 4994 1548 5048 deducantur
1576 4997 1628 5049 in
1660 4998 1815 5066 infer-

232 5091 382 5139 nus;
411 5088 552 5131 muta
582 5080 867 5148 eﬂiciantvr
898 5084 1030 5135 labia
1072 5086 1271 5141 dolosa.
1324 5089 1609 5155 Superiore
1658 5106 1813 5145 versu

230 5168 394 5223 dixit:
431 5168 553 5222 Non
579 5174 889 5240 confundor,
914 5174 1156 5241 quoniam
1184 5175 1407 5230 invocavi
1435 5187 1483 5231 te
1510 5194 1528 5231 :
1558 5180 1643 5233 hic
1668 5189 1818 5247 optat

232 5272 485 5313 emversa
535 5261 671 5325 rice,
704 5273 761 5314 ut
791 5263 864 5314 illi
897 5265 1074 5331 potius
1111 5265 1405 5319 erubescant
1436 5268 1522 5337 qui
1569 5270 1817 5324 invocant

231 5349 392 5413 idola,
419 5360 472 5402 et
502 5351 684 5403 caeteri
714 5355 805 5416 qui
836 5365 896 5406 se
920 5353 1077 5406 simili
1108 5354 1379 5422 impietate
1401 5372 1626 5411 commat
1649 5360 1812 5414 ttlant.

233 5445 377 5513 Ipsos
420 5448 569 5501 enim
616 5450 866 5501 convenit
903 5450 1216 5515 erubescere,
1247 5467 1380 5520 quos
1421 5453 1579 5508 habet
1617 5466 1813 5508 aeterna

233 5553 385 5602 poma
408 5549 682 5608 torquere.
713 5538 843 5593 Nam
866 5554 987 5593 cum
1020 5540 1104 5595 hic
1127 5557 1230 5595 non
1253 5542 1478 5596 credunt
1499 5545 1814 5613 promissum

230 5627 481 5694 judicium
513 5630 627 5696 Dei,
654 5632 832 5683 dolosa
857 5632 991 5684 labia
1021 5633 1328 5701 hlasphema
1355 5643 1406 5689 et
1434 5638 1644 5706 garrula
1668 5648 1810 5691 sunt.

232 5720 451 5785 Quando
480 5733 660 5776 autem
692 5724 1175 5780 manifestationcm
1209 5731 1613 5784 resurrectionis
1649 5746 1813 5798 agno—

238 5813 425 5877 veriut,
454 5829 620 5880 sequ:
652 5816 983 5881 respexsrint
1017 5817 1067 5871 in
1105 5821 1246 5883 gravi
1288 5822 1520 5884 pcricui»
1560 5826 1819 5881 constitu-

1926 4737 2032 4796 tur,
2065 4731 2157 4784 sed
2182 4734 2302 4800 quia
2332 4732 2383 4784 in
2416 4731 2593 4785 futuro
2614 4731 2818 4799 jmlicio
2842 4732 3167 4799 promittitur
3199 4734 3501 4797 manifesta,

1921 4836 2040 4887 qua:
2080 4821 2167 4875 hic
2194 4821 2422 4875 sentitur
2462 4823 2781 4876 abscondita.
2838 4822 2998 4877 llecte
3035 4838 3210 4879 autem
3253 4825 3501 4895 intelligi-

1924 4926 2041 4965 mus
2071 4911 2440 4973 absconditam.
2474 4922 2530 4965 ut
2557 4928 2674 4967 eam
2708 4913 2971 4967 desideria
3008 4914 3233 4970 humana
3259 4915 3374 4983 plus
3406 4930 3499 4983 ap-

1928 5012 2107 5069 petant
2138 5020 2153 5057 :
2194 5003 2318 5072 quia
2347 5004 2484 5057 solet
2512 5004 2736 5059 fastidiri
2768 5021 2925 5060 oume
2951 5008 3089 5073 quod
3120 5008 3395 5076 subjaeet;
3446 5018 3499 5062 et

1923 5098 2029 5151 mle
2055 5098 2365 5166 plerumque
2391 5098 2645 5163 creditur,
2682 5100 2822 5169 quod
2844 5103 2959 5154 sine
2986 5100 3158 5168 aliqua
3186 5101 3499 5155 difllcultate

1922 5198 2222 5255 pra'statur.
2242 5190 2346 5244 Sed
2364 5190 2462 5243 hoc
2486 5192 2625 5260 quod
2644 5193 2739 5255 ait,
2768 5192 3100 5256 abscondisti,
3132 5193 3489 5263 homonymou

1924 5290 2037 5343 est;
2072 5282 2335 5351 signiﬁcat
2366 5285 2524 5337 etiam
2549 5292 2600 5339 et
2631 5299 2814 5353 negata
2844 5303 2858 5347 ;
2888 5296 2942 5339 ιιι
2974 5299 3054 5340 est
3081 5287 3206 5341 illud
3244 5303 3255 5340 :
3291 5287 3499 5342 Gratias

1925 5372 2014 5423 tibi
2041 5389 2159 5441 ago,
2191 5371 2347 5425 Pater
2378 5373 2598 5427 Domine
2617 5378 2729 5429 caeli
2758 5387 2803 5429 et
2840 5389 3009 5439 terrm,
3047 5378 3165 5443 quia
3190 5378 3500 5429 abscondisti

1925 5463 2030 5513 Ita'c
2056 5480 2087 5514 a
2111 5465 2419 5533 sapientibus
2446 5476 2493 5519 ct
2518 5467 2869 5537 prudentibus,
2906 5479 2953 5521 et
2981 5470 3212 5521 rct'elasti
3230 5483 3288 5521 ea
3316 5484 3498 5535 parvu-

1921 5555 1984 5605 lis
2012 5552 2224 5621 (Matth.
2253 5572 2323 5617 χι,
2352 5555 2471 5625 23').

1996 5645 2147 5698 Vers.
2168 5645 2258 5697 9.5.
2289 5644 2351 5698 Et
2375 5648 2625 5715 perfecist‘
2647 5651 2964 5714 sperantibus
2985 5651 3036 5703 in
3060 5661 3125 5717 te,
3158 5651 3210 5705 in
3230 5662 3498 5722 conspectu

1921 5737 2142 5795 ﬁliorum
2178 5737 2461 5793 hominum.
2508 5741 2849 5795 Dulcediucm
2889 5740 3033 5797 illam
3074 5759 3230 5814 quam
3272 5744 3499 5799 abscon-

1920 5827 2071 5881 derat
2093 5828 2399 5882 timentibus
2423 5845 2498 5890 se,
2537 5832 2732 5891 per/iri!
2765 5834 2905 5886 illam
2933 5833 2983 5889 iu
3008 5835 3081 5891 eis
3116 5837 3202 5903 qui
3228 5837 3495 5891 r-onStanti
