4030 6172
435 318 533 378 215

1641 314 1707 366 31.
1761 309 2038 367 AURELH
2079 306 2485 365 CASSIODORI

3600 306 3703 361 9.10

438 442 613 490 animo
657 452 773 489 eam
819 434 1187 490 desideranter
1240 432 1546 500 exquirunt.
1595 428 1704 482 llnc
1746 436 1828 482 est
1868 426 2009 481 enim
2042 429 2091 486 Α
2121 433 2350 487 vertere,
2384 437 2502 492 quae
2540 421 2593 477 in
2614 421 2790 477 medio
2819 423 3052 493 gentium
3076 420 3385 485 constituta,
3408 419 3556 491 quasi
3583 429 3717 474 tem-

443 544 571 583 vere
602 544 830 597 εχιιονανεν,
877 527 920 580 si
968 539 1062 577 nos
1091 524 1366 591 contingat
1403 520 1602 590 aliquid
1635 521 1786 574 ﬁrma
1823 518 2017 572 mentis

441 620 743 690 integritate
779 631 1121 687 praesumere.
1171 611 1381 682 Adjecit
1409 612 1570 668 etiam
1599 652 1615 677 ,
1664 612 1718 665 in
1744 622 2019 676 conspectu

442 714 667 782 ﬁliorum
692 709 980 771 hominum,
1009 703 1060 763 id
1103 718 1183 762 est
1215 708 1266 761 in
1300 705 1391 763 illa
1422 705 1817 762 resurrectione
1857 717 2021 773 gene-

443 805 561 863 rali.
592 798 805 873 quando
837 803 1035 856 sanctis
1068 799 1179 855 suis
1208 799 1422 868 praemia
1464 797 1727 869 promissa
1759 795 2024 860 restituet,

444 905 499 950 et
526 897 683 949 facict
711 908 1042 965 cognoscere
1073 894 1348 947 universas
1370 903 1580 963 gentes,
1626 905 1752 945 suos
1782 885 2025 945 certissi-

445 1001 560 1041 mos
587 984 748 1041 fuisse
769 1000 1067 1040 sermones.

518 1075 671 1135 Vers.
702 1078 794 1133 25.
838 1078 1127 1131 Abscondcs
1147 1090 1233 1129 eos
1268 1076 1319 1129 in
1349 1074 1647 1130 abscondito
1668 1071 1804 1147 [ed.,
1830 1068 2030 1143 abdito]

448 1175 615 1228 vultus
648 1175 719 1226 tui
745 1191 776 1227 a
796 1169 1179 1227 conturbatione
1209 1168 1494 1229 hominum.

524 1265 676 1320 Vers.
701 1266 791 1318 ‘26.
836 1265 1075 1334 Prateges
1101 1280 1182 1317 eos
1205 1264 1256 1316 in
1286 1262 1607 1317 tabernaculo
1638 1272 1743 1325 tuo,
1767 1278 1797 1313 a
1824 1270 2032 1314 contra-

451 1357 674 1411 dictione
698 1358 1011 1427 linguarum.
1152 1411 1157 1417 ,
1319 1422 1327 1431 ρ

526 1444 680 1504 Vers.
712 1449 803 1502 27.
843 1442 1149 1505 Benedictus
1172 1438 1445 1511 Dominus,
1472 1446 1711 1515 quoniam
1744 1445 2036 1514 miri/ienuit

455 1542 857 1598 misericordiam
895 1558 1044 1596 suam
1087 1542 1140 1595 in
1180 1541 1379 1594 civitate
1420 1539 1838 1593 circuutstantite.
1886 1537 2041 1592 Venit

455 1632 519 1687 ad
550 1634 989 1689 cnutneraxiones
1018 1630 1400 1687 beneficiorum
1429 1645 1551 1699 qua:
1579 1630 1780 1685 sanctis
1802 1629 1913 1683 suis
1945 1627 2042 1681 Do-

459 1727 634 1782 minus
679 1730 894 1796 copiosa
945 1725 1290 1781 miseratione
1334 1724 1577 1796 largitur.
1632 1724 1781 1791 Quod
1822 1725 2039 1778 schema

2124 514 2267 582 plum
2296 511 2418 566 ﬁdei
2450 512 2779 580 probabatur
2799 514 3047 567 exiStere.
3082 510 3162 566 Ah
3185 513 3283 566 hac
3310 511 3453 566 enim
3481 511 3709 565 circuli:-

2120 605 2275 674 jcctaa
2306 606 2551 659 nationes
2579 602 2875 659 Christiani
2910 601 3172 673 dogmatis
3203 602 3409 673 regulas
3439 602 3716 672 suscipere

2127 704 2472 761 meruerunt;
2504 704 2559 750 et
2600 694 2743 751 velut
2776 696 3061 765 purissimo
3098 695 3243 750 fonte
3284 694 3570 763 patefacto,
3603 708 3719 749 co:-

2129 789 2279 844 leStis
2302 788 2422 844 vitae
2453 799 2573 844 sunt
2603 788 2914 844 muneribus
2950 783 3200 859 irrigattn.
3252 781 3316 841 In
3340 788 3441 841 hac
3471 804 3597 857 ergo
3635 789 3713 841 ci-

2129 879 2281 934 vitate
2310 879 2597 949 miriﬁcavit
2628 878 2878 934 Dominus
2910 880 3311 933 misericordiam
3348 896 3517 943 suam,
3551 892 3721 948 quan-

2130 970 2199 1027 do
2240 971 2311 1026 ibi
2340 981 2393 1028 et
2421 972 2636 1037 docere,
2681 971 2753 1027 ibi
2782 972 3035 1026 miracula
3069 970 3267 1036 facere,
3299 971 3370 1025 ibi
3406 980 3459 1024 et
3486 969 3592 1038 pati
3624 984 3723 1039 pro

2135 1062 2410 1118 hominum
2439 1064 2612 1119 salute
2634 1062 2882 1134 dignatus
2906 1072 3005 1119 est.
3036 1063 3108 1117 Ibi
3133 1077 3343 1133 quoque
3365 1063 3585 1132 glu=riam
3611 1077 3726 1116 suae

2136 1157 2548 1212 resurrectionis
2574 1156 2831 1221 ostendit,
2878 1166 2935 1210 ut
2971 1156 3160 1225 merito
3190 1155 3390 1210 dictum
3424 1156 3489 1208 sit
3519 1155 3639 1224 quia
3670 1155 3725 1210 in

2136 1244 2433 1303 Jerusalem
2461 1248 2753 1317 potentiam
2781 1264 2929 1302 suam
2955 1248 3141 1302 miram
3166 1247 3310 1319 fecit,
3337 1247 3424 1303 ubi
3450 1248 3730 1302 declarare

2140 1351 2247 1395 tam
2279 1341 2514 1411 ingentia
2544 1351 2879 1397 sacramenta
2923 1340 3143 1411 delegit.

2211 1426 2369 1486 Vers.
2396 1430 2488 1484 28.
2535 1427 2645 1503 Ego
2675 1442 2842 1483 autent
2873 1428 2983 1483 dixi
3023 1426 3075 1481 in
3106 1441 3288 1500 pavore
3312 1442 3443 1490 meo,
3470 1426 3733 1499 l’rojectus

2138 1539 2253 1578 sum
2295 1540 2327 1577 a
2368 1522 2511 1577 vultu
2550 1521 2816 1577 oculorum
2864 1532 3089 1577 tuorum.
3140 1520 3282 1577 Patri
3326 1518 3454 1577 dicit
3497 1521 3661 1576 Filius
3703 1538 3733 1576 a

2144 1614 2313 1672 forma
2342 1617 2506 1683 servi,
2529 1618 2746 1687 Speravi
2789 1632 2803 1669 :
2834 1616 2956 1686 quia
2995 1630 3080 1670 me
3115 1616 3285 1685 gratia
3310 1624 3400 1669 tua
3431 1612 3733 1678 desereret,

2145 1723 2265 1763 cum
2298 1708 2562 1779 passionis
2604 1707 2817 1762 tristitia
2851 1707 3189 1777 praevalet-et,
3232 1708 3285 1760 in
3326 1724 3511 1781 pavore
3552 1707 3735 1776 utique

459 1820 851 1875 nobilissimum
883 1819 1079 1874 dicitur
1116 1830 1538 1891 synatroesmos,
1584 1818 1771 1875 Latine
1809 1832 2035 1887 congie-

2157 1801 2347 1857 nortis.
2368 1802 2411 1855 Α
2426 1800 2567 1854 vultu
2581 1800 2846 1854 oculorum
2860 1809 3086 1869 tuorum,
3103 1799 3154 1853 id
3183 1811 3264 1855 est
3285 1800 3439 1871 102
3452 1815 3481 1853 a
3509 1811 3735 1865 conspee

457 1912 623 1981 gatio,
664 1911 753 1966 ubi
795 1912 848 1966 in
879 1927 1064 1975 unum,
1106 1921 1198 1965 aut
1234 1912 1398 1965 multa
1442 1910 1690 1976 crimina,
1738 1917 1832 1964 aut
1875 1909 2041 1963 multa

464 2002 723 2057 beneficia
750 2002 1093 2072 colliguntur.
1125 2002 1275 2069 Quod
1309 2002 1446 2056 inter
1472 2002 1887 2057 violentissimas
1912 2001 2045 2070 ﬁgu-

465 2109 552 2149 ras
572 2094 829 2164 accipitur
856 2135 871 2160 ,
906 2095 1032 2164 quia
1053 2096 1397 2164 congrcgatio
1425 2109 1603 2148 rerum
1626 2107 1801 2148 causa:
1826 2100 2042 2162 praestat

461 2196 825 2257 augmentum.
868 2186 922 2240 ln
958 2187 1291 2257 expositione
1318 2185 1514 2255 quippe
1548 2185 1831 2239 dominicae
1859 2184 2043 2239 dulce-

462 2279 601 2334 diuis
651 2293 1026 2349 perseverans,
1071 2280 1241 2347 primo
1284 2278 1418 2332 dicit
1458 2295 1472 2332 :
1529 2278 1817 2332 Abscondes
1863 2293 1945 2331 eos
1990 2279 2044 2330 in

463 2373 759 2429 abscondito
788 2373 957 2425 vultus
991 2373 1063 2425 tui
1105 2389 1138 2424 a
1177 2372 1566 2425 conturbatione
1604 2370 1909 2434 hominum;
1955 2384 2045 2423 se-

464 2465 659 2532 cundo,
688 2464 931 2536 Proteges
956 2480 1040 2520 eos
1070 2465 1124 2518 in
1155 2463 1482 2519 tabernaculo
1512 2474 1599 2518 tuo
1628 2481 1660 2518 a
1685 2464 2048 2517 contradictio-

465 2574 528 2612 ne
554 2556 895 2626 linguarum;
943 2557 1127 2623 tertio,
1175 2555 1561 2626 plenitudinem
1607 2554 1850 2611 beneficii
1883 2553 2047 2623 ipsius

466 2648 698 2706 evidenti
730 2647 884 2705 laude
915 2647 1225 2717 complevit,
1259 2646 1445 2702 dicens
1474 2662 1489 2699 :
1538 2644 1842 2699 Benedictus
1873 2638 2049 2698 Domi-

467 2759 582 2808 nus,
606 2742 850 2813 quoniam
878 2741 1167 2812 miriﬁcavit
1184 2741 1587 2796 misericordiam
1612 2756 1758 2794 suam
1773 2740 1825 2794 in
1847 2740 2050 2793 ciuitate

467 2835 878 2890 circumstantia.
914 2834 1065 2888 Nunc
1102 2835 1166 2886 all
1199 2832 1513 2902 exponenda
1553 2832 1709 2887 verba
1744 2833 2046 2889 veniamus.

466 2922 532 2979 In
557 2925 855 2980 abscondito
878 2925 1047 2978 vultus
1074 2923 1282 2985 Domni
1303 2923 1450 2985 dicit,
1484 2923 1534 2977 id
1560 2935 1640 2978 est
1673 2925 1722 2977 in
1750 2922 1852 2977 alia
1880 2936 2053 2978 resur-

466 3019 723 3083 rectione,
772 3017 988 3095 quando
1016 3030 1210 3070 omnes
1251 3015 1379 3085 justi
1426 3015 1891 3083 contemplationis
1931 3014 2051 3083 ejus

468 3109 685 3180 prtemia
723 3119 1164 3177 consequemur;
1216 3108 1354 3162 sicut
1394 3107 1585 3176 legitur
1629 3125 1641 3159 :
1684 3098 1831 3161 Beati
1862 3107 2051 3158 mundo

2144 1902 2230 1948 ctu
2256 1890 2636 1946 misericordiae
2660 1900 2786 1946 tum.
2815 1891 2879 1945 Et
2904 1891 3124 1961 pulchre
3152 1893 3342 1945 vultum
3366 1891 3511 1947 dedit
3539 1888 3735 1956 oeulis,

2144 1986 2268 2055 quia
2299 1984 2399 2053 ipsi
2436 1997 2593 2053 quam
2619 1984 2852 2039 maxime
2876 1983 3182 2053 signiﬁcant
3206 1984 3506 2036 voluntates
3531 1982 3735 2035 animo-

2146 2094 2287 2132 rum.
2328 2073 2514 2129 Vultus
2538 2076 2681 2129 enim
2704 2076 2896 2129 dicitur
2927 2070 2993 2129 ab
3015 2091 3081 2129 eo
3110 2075 3248 2144 quod
3276 2075 3458 2130 cordis
3479 2074 3613 2129 velle
3641 2086 3737 2142 per

2145 2181 2240 2221 Sua
2271 2166 2421 2234 signa
2450 2164 2802 2219 demonstret.
2852 2163 2943 2219 Sic
2982 2166 3122 2219 oculi
3149 2163 3472 2231 Divinitatis,
3499 2177 3621 2218 cum
3653 2177 3737 2215 re-

2146 2256 2400 2325 spiciunt,
2443 2269 2593 2309 suam
2622 2255 2847 2325 gratiam
2882 2255 3215 2323 pollicentur.

2220 2349 2373 2403 Vers.
2405 2348 2495 2403 :29.
2538 2345 2667 2401 Ideo
2693 2348 2948 2401 exaudisti
2969 2360 3135 2401 vocem
3157 2348 3401 2401 orationis
3431 2361 3573 2413 metu,
3608 2345 3734 2399 dum

2149 2444 2420 2496 clamarem
2458 2440 2526 2494 ad
2570 2451 2636 2495 te.
2685 2442 2729 2495 A
2760 2438 2985 2493 Domino
3012 2440 3132 2494 ideo
3168 2456 3226 2494 se
3260 2439 3390 2494 dicit
3419 2437 3737 2507 exauditam,

2151 2534 2271 2604 quia
2308 2530 2599 2598 humiliter,
2656 2546 2764 2588 non
2809 2532 3158 2603 despcranter
3200 2547 3351 2588 more
3388 2532 3739 2588 humanitatis

2150 2623 2364 2680 dicebat
2402 2639 2524 2680 esse
2553 2633 2917 2694 contemptum
2953 2641 2966 2677 :
3012 2624 3099 2679 cui
3143 2638 3247 2679 non
3287 2632 3496 2693 poterat
3534 2622 3739 2679 tardari

2157 2716 2348 2786 gratia,
2380 2715 2448 2771 de
2468 2730 2574 2787 quo
2605 2729 2709 2771 vox
2741 2727 2960 2786 paterna
2992 2713 3199 2771 dictura
3221 2726 3376 2771 erat:
3411 2712 3517 2770 Hic
3544 2725 3619 2770 est
3648 2711 3742 2769 ια’ἱς

2150 2806 2253 2861 lius
2283 2822 2428 2861 meus
2458 2806 2698 2875 dilectus,
2721 2803 2775 2860 in
2805 2824 2904 2877 quo
2927 2805 3052 2861 mihi
3074 2807 3193 2861 bene
3221 2808 3503 2876 complacui
3523 2804 3742 2875 (Matth.

2151 2913 2227 2964 ιιι,
2266 2898 2380 2969 17).
2441 2896 2574 2951 Dum
2617 2898 2894 2954 clamarem
2923 2900 2991 2952 ad
3019 2908 3088 2962 te.
3138 2899 3350 2969 quando
3392 2900 3447 2954 in
3486 2900 3738 2970 passione

2151 3005 2281 3044 voce
2306 3004 2493 3061 magna
2522 2990 2690 3045 dixit:
2724 2987 2865 3045 Deus
2897 3006 3059 3056 meus,
3106 2990 3244 3046 Deus
3279 3005 3437 3050 meus.
3466 3007 3623 3061 quare
3657 3004 3743 3045 me

2152 3079 2467 3154 dereliquisti
2498 3079 2714 3155 (Matth.
2746 3101 2915 3151 xxvu,
2942 3083 3033 3154 46)
3054 3084 3079 3139 ?
3101 3085 3322 3140 Constat
3348 3100 3491 3141 enim
3521 3084 3604 3139 his
3633 3086 3743 3138 cla-

467 3173 639 3267 ξοτάε,
679 3173 925 3273 “mu-an,
953 3201 1051 3267 5p“-
1084 3199 1246 3254 Deum
1288 3173 1526 3254 υυεθιξηι
1562 3200 1775 3268 ("mh
1802 3215 1854 3264 ν,
1882 3199 1960 3268 8)⁸
2008 3201 2049 3252 Α
2080 3179 2124 3240 C
2157 3173 2396 3273 maribus
2429 3176 2728 3235 exauditam
2759 3174 2944 3240 fuisse,
2960 3176 3210 3273 ‘qnando
3238 3187 3297 3231 et
3333 3176 3742 3232 resurrectionis

468 3291 853 3347 conturbatione
879 3292 1163 3351 hominum.
1195 3290 1457 3345 malorum
1484 3291 1708 3355 scilicet,
1736 3289 1867 3344 dicit
1885 3291 2048 3343 etiam

471 3384 817 3440 fidelissimos
842 3383 1191 3450 occulendos,
1234 3383 1447 3453 quando
1468 3381 1578 3452 jam
1612 3384 1663 3437 in
1693 3394 1890 3437 aeterna
1927 3383 2051 3436 hca-

471 3476 697 3532 titudine
724 3477 755 3531 1ι
778 3478 1065 3541 cabuntur,
1098 3475 1184 3530 ubi
1213 3474 1549 3544 purissimam
1582 3476 1862 3528 veritatem
1893 3489 2052 3529 nemo

472 3567 736 3622 latt'iletita
771 3568 1042 3623 voluntate
1067 3566 1370 3633 conturbat,
1415 3566 1511 3620 Sed
1539 3565 1746 3621 benitas
1783 3581 1964 3620 rerum
1997 3565 2050 3619 in

472 3657 582 3712 suis
612 3656 987 3725 spicndnribus
1025 3665 1356 3726 perseverat.
1403 3654 1470 3709 Et
1509 3670 1667 3725 quam
1703 3656 1922 3724 pulchre
1970 3671 2055 3708 re-

474 3747 646 3818 galcm
680 3756 1025 3816 censpectum
1060 3760 1181 3802 csse
1208 3746 1339 3801 dicit
1368 3746 1419 3800 in
1446 3747 1638 3811 abdito,
1679 3761 1883 3807 revera.
1930 3747 2053 3815 quia

473 3839 983 3908 contemplationem
1015 3838 1153 3907 ejus,
1186 3852 1288 3907 qua
1315 3836 1446 3906 justi
1490 3838 1850 3907 perfruentur,
1907 3833 2055 3905 impii

474 3947 580 3986 non
610 3931 882 3985 videbunt.
917 3924 1166 3984 Homines
1185 3927 1326 3984 enim
1353 3929 1438 3985 hic
1469 3944 1657 3984 omnes
1687 3941 2057 3997 persecutores

475 4036 530 4080 et
573 4020 900 4079 schismatici
953 4023 1343 4093 significantur,
1397 4022 1486 4091 qui
1537 4026 1619 4077 hic
1664 4032 2057 4077 consueverunt

475 4124 678 4173 terrere
710 4116 962 4185 pepulum
988 4115 1369 4171 Christianum.
1402 4115 1507 4171 Sed
1538 4131 1657 4169 cum
1688 4116 1814 4170 illuc
1838 4130 2057 4185 perven-

476 4212 586 4260 tum
630 4204 809 4272 fuerit,
839 4218 1000 4276 supra
1026 4204 1117 4260 Dei
1149 4206 1377 4260 famulos
1417 4205 1804 4260 sceleratorum
1847 4222 2056 4259 coniur-

412 4341 428 4359 .
476 4301 723 4365 bationes,
780 4299 955 4353 locum
1004 4298 1133 4353 dicit
1181 4299 1408 4353 ulterius
1452 4315 1558 4352 non
1612 4298 1832 4361 habere,
1862 4300 2060 4367 quippe

476 4408 605 4464 quos
632 4409 658 4447 a
684 4406 743 4447 se
765 4399 977 4446 constat
996 4404 1118 4445 esse
1143 4390 1477 4446 dividendos.
1507 4390 1586 4445 illi
1609 4391 1750 4446 enim
1777 4392 2060 4444 mittuntur

474 4491 531 4540 in
557 4495 812 4541 alternam
841 4499 1078 4553 prunam.
1105 4482 1235 4553 justi
1258 4493 1522 4538 vocantur
1548 4486 1613 4538 ad
1644 4486 1879 4554 requiem
1907 4500 2052 4540 sem-

477 4580 761 4649 piternam.
809 4575 915 4632 Sed
958 4590 1024 4630 ne
1070 4583 1272 4629 tantum
1323 4575 1488 4630 futuri
1530 4575 1731 4643 praemii
1777 4574 2059 4643 promissio

476 4671 679 4743 fragilia
716 4669 878 4725 corda
907 4667 1167 4733 turbaret,
1196 4667 1429 4722 secnndo
1458 4665 1630 4735 capite
1659 4665 1788 4719 dicit
1818 4680 1912 4720 eos
1940 4681 2061 4719 esse

475 4765 827 4836 protegendos.
897 4761 1026 4817 Nam
1073 4776 1167 4830 per
1210 4760 1598 4814 tabernaculum
1644 4774 1789 4828 stupe
1830 4758 2061 4814 diximus

480 4854 772 4912 Ecclesiain
801 4851 1119 4910 catholicam
1149 4850 1459 4921 significari,
1499 4866 1618 4920 qua:
1645 4849 1698 4902 in
1728 4849 1830 4903 isto
1862 4847 2063 4903 mundo

475 4948 768 5003 certamina
786 4946 1077 5011 sustinens,
1106 4942 1512 5011 expeditionalis
1535 4941 1820 4996 habitaculi
1845 4942 2060 4996 nomine

404 5049 411 5055 '
475 5041 759 5096 vocitatur.
812 5036 1065 5107 Superius
1086 5036 1231 5091 enim
1267 5034 1427 5101 dixit,
1466 5032 1784 5097 abscondes;
1832 5033 1917 5088 hic
1944 5049 2064 5102 pro-

477 5144 633 5204 teges.
667 5129 741 5185 lbi
768 5130 910 5184 enim
943 5128 1339 5192 abscondantur,
1390 5126 1481 5181 ubi
1512 5125 1579 5180 ab
1616 5124 1791 5193 impiis
1832 5140 1936 5178 non
1986 5126 2061 5177 vi-

478 5224 673 5279 dentur
696 5239 710 5287 ;
744 5221 831 5276 hic
851 5235 981 5276 vero
1007 5228 1359 5291 proteguntur,
1389 5215 1481 5272 ubi
1511 5217 1774 5270 malorum
1802 5214 2061 5284 improbi-

480 5326 560 5371 tas
590 5314 808 5369 minime
834 5326 1028 5376 nocere
1049 5309 1397 5380 permittitur,
1424 5306 1638 5377 quando
1664 5306 1847 5361 illwsa:
1872 5308 2064 5360 animre

478 5410 738 5477 iustorum
769 5402 870 5458 sub
898 5402 1136 5471 qualibet
1160 5399 1403 5469 corporis
1431 5397 1723 5451 afﬂictione
1752 5405 2061 5450 servantur.

477 5498 660 5551 Tertio
698 5494 909 5548 ltctatur
953 5494 1115 5547 homo
1151 5491 1409 5555 caelestis,
1458 5491 1547 5559 qui
1590 5502 1644 5543 et
1682 5488 1941 5543 Mediator
1977 5502 2063 5544 εει

483 5586 740 5642 Dominus
784 5585 1028 5640 Christus
1066 5580 1260 5651 gaudio
1308 5582 1565 5650 spirituali
1600 5598 1614 5646 ;
1666 5581 1786 5650 quia
1819 5581 2065 5635 incarna-

478 5682 623 5732 tione
655 5677 814 5730 Verbi
847 5674 1047 5729 mundo
1068 5674 1316 5729 salutaria
1348 5673 1486 5729 dona
1513 5683 1894 5741 provenerunt.
1928 5672 2062 5725 Civi-

478 5772 641 5824 tatem
668 5769 1082 5834 circumstantia,
1109 5767 1319 5823 Jerusal
1356 5783 1408 5822 tn
1439 5767 1660 5823 localem
1689 5766 1942 5822 debemus
1972 5764 2064 5819 ad-

2154 3267 2375 3337 gloriam
2410 3276 2750 3337 consecutus,
2780 3278 2834 3322 et
2862 3268 2928 3320 ad
2960 3266 3131 3323 Patris
3158 3277 3240 3323 est
3271 3267 3523 3323 videlicet
3547 3267 3744 3323 dexte-

2157 3373 2269 3411 ram
2301 3357 2616 3411 collocatus.

2229 3457 2383 3512 Vers.
2412 3456 2500 3512 50.
2542 3456 2753 3529 Dtligite
2767 3456 3066 3521 Dominum,
3090 3476 3261 3513 omnes
3283 3460 3445 3512 sancti
3468 3460 3602 3530 rjus.
3636 3460 3744 3513 Pro

2155 3549 2364 3605 collatis
2389 3550 2489 3604 sibi
2524 3549 2796 3604 beneficiis
2829 3550 3030 3618 hymno
3059 3550 3305 3615 decurso,
3349 3564 3564 3605 sanctos
3599 3566 3749 3605 coin-

2159 3650 2341 3695 monet
2366 3650 2422 3695 ut
2448 3651 2629 3696 ament
2660 3641 2941 3696 hominum
2967 3658 2980 3707 ;
3014 3652 3277 3712 quatenus
3306 3652 3579 3698 auctorem
3609 3645 3745 3698 tanti

2159 3732 2401 3787 beneﬁcii
2431 3731 2668 3786 membra
2698 3732 2946 3803 diligant,
2974 3747 3094 3788 cum
3122 3734 3223 3789 sibi
3253 3735 3302 3789 in
3327 3735 3505 3801 capite
3535 3734 3751 3804 pra-sti-

2160 3834 2268 3878 tum
2292 3822 2456 3879 fuisse
2484 3833 2830 3893 cognoscant.
2868 3824 3080 3895 Ditigite
3107 3825 3406 3892 Dominum,
3434 3827 3584 3891 dicit,
3628 3824 3747 3895 jam

2159 3904 2409 3985 tanquam
2447 3911 2657 3979 amicis,
2689 3931 2793 3969 non
2829 3925 3079 3986 tanquam
3106 3918 3304 3971 servis.
3345 3921 3638 3972 Servorum
3664 3930 3753 3972 est

2157 4008 2300 4063 enim
2347 4007 2658 4075 formidare,
2709 4008 3005 4062 amicorum
3038 4008 3299 4077 diligere;
3341 4009 3481 4064 sicut
3525 4009 3643 4076 ipse
3696 4008 3751 4063 in

2162 4098 2454 4172 Evangelio
2484 4098 2613 4152 dicit
2654 4115 2668 4151 :
2718 4098 2780 4153 Si
2807 4098 3028 4168 feceritis
3053 4115 3169 4169 qua:
3199 4116 3290 4170 ego
3318 4101 3561 4169 prtt’cipio
3587 4100 3753 4163 vobis,

2149 4194 2267 4263 jnn
2304 4206 2404 4243 non
2433 4190 2599 4243 dicam
2624 4204 2711 4242 vos
2738 4205 2929 4253 servos,
2972 4190 3059 4243 sed
3090 4191 3278 4243 amicos
3311 4188 3488 4260 (Joan.
3532 4204 3622 4253 xv,
3660 4188 3751 4255 14,

2166 4286 2273 4351 15).
2297 4281 2402 4337 Sed
2427 4282 2525 4335 hoc
2549 4282 2785 4348 principit
2802 4282 3022 4344 sanctis,
3056 4282 3179 4346 quia
3205 4282 3439 4348 ipsorum
3463 4291 3544 4335 est
3564 4297 3754 4335 amate

2164 4375 2467 4438 D-nninnm,
2500 4374 2619 4440 quia
2654 4388 2757 4424 non
2786 4372 3013 4440 diligunt
3047 4372 3325 4425 mundum.

2235 4478 2388 4532 Vers.
2415 4477 2505 4531 5i.
2549 4476 2803 4542 Quoniam
2844 4478 3100 4529 veritatem
3134 4475 3354 4545 requiret
3380 4473 3649 4533 Dominus.
3699 4484 3750 4527 ct

2092 4549 2138 4607 θ
2166 4572 2402 4626 retribuet
2449 4572 2528 4626 Itis
2567 4573 2657 4642 qui
2703 4572 3020 4625 abundanter
3068 4572 3263 4640 faciunt
3310 4569 3623 4639 superbiam.
3676 4569 3759 4621 Ne

2170 4674 2447 4734 putaretur
2477 4662 2851 4718 liceretieornm
2884 4660 3248 4730 blasphemias
3279 4658 3562 4712 Dominum
3593 4672 3758 4726 posse

2171 4755 2458 4824 negligere,
2488 4754 2618 4809 dicit
2656 4770 2669 4806 :
2722 4753 3004 4807 Veritatem
3031 4752 3249 4822 requiret
3275 4751 3544 4815 Dominus,
3590 4766 3757 4818 quam

2171 4847 2246 4900 illi
2281 4845 2524 4899 nesciant
2555 4843 2700 4899 falsis
2730 4845 3002 4898 erroribus
3041 4844 3247 4912 illigati.
3297 4843 3563 4911 Sequitur.
3596 4854 3643 4894 et
3675 4858 3760 4895 re-

2167 4936 2347 4989 tribuet
2372 4936 2449 4988 his
2465 4937 2550 5004 qui
2573 4938 2896 4988 abundanter
2914 4935 3105 5005 faciunt
3128 4933 3435 5001 superbiam.
3466 4931 3589 4986 Ideo
3609 4932 3756 4986 enim

2169 5030 2387 5082 discutit
2417 5036 2476 5082 ut
2497 5028 2749 5094 vindicet,
2784 5026 2906 5082 ideo
2934 5027 3157 5096 requirit
3184 5035 3241 5080 ut
3270 5026 3468 5092 puniat.
3521 5024 3589 5078 Et
3620 5025 3756 5078 bene

2170 5120 2398 5181 addidit,
2443 5120 2763 5173 abundanter
2794 5134 2813 5173 :
2844 5118 2969 5189 quia
3007 5118 3112 5172 illis
3162 5132 3266 5171 non
3300 5117 3536 5171 retribuet
3566 5115 3653 5184 qui
3697 5131 3755 5169 se

2176 5216 2332 5272 celeri
2361 5213 2736 5269 emendatione
2764 5220 3087 5267 convertunt
3114 5227 3129 5267 :
3172 5210 3278 5265 illis
3306 5220 3482 5268 autem
3509 5207 3757 5274 superbis

2169 5310 2261 5379 qui
2292 5308 2507 5375 copiose
2553 5303 2893 5373 delinquunt,
2937 5310 2994 5357 et
3031 5314 3300 5373 prmcepta
3332 5301 3540 5356 Domini
3573 5302 3755 5370 iniqua

2167 5398 2584 5465 prae~umpiione
2611 5395 2935 5465 despiciunt,
2986 5393 3041 5449 in
3090 5394 3223 5463 ipsis
3249 5402 3333 5449 est
3380 5395 3497 5449 sine
3542 5392 3756 5447 dubita.

2179 5495 2325 5547 tione
2343 5491 2711 5545 resecandum.
2745 5490 2848 5545 Sed
2881 5488 2967 5543 hic
2994 5490 3307 5561 superbiam,
3344 5502 3447 5539 non
3483 5503 3645 5539 unum
3676 5485 3754 5539 vi-

2168 5584 2302 5637 tium
2333 5584 2590 5637 debemus
2618 5582 2879 5651 accipere,
2912 5581 3166 5650 quoniam
3192 5595 3259 5634 ex
3290 5578 3542 5642 superbia
3573 5575 3751 5631 nasci-

2171 5682 2255 5726 tur
2284 5672 2534 5742 quidquid
2579 5687 2787 5726 mnrnm
2840 5672 3100 5738 pravitate
3141 5679 3412 5738 peccatur.
3476 5666 3750 5735 Scriptum

2169 5772 2247 5821 est
2276 5764 2418 5819 enim
2451 5779 2463 5813 τ
2507 5759 2738 5821 Initium,
2765 5764 2926 5816 omnis
2953 5762 3144 5828 peccati
3195 5762 3431 5832 superbia
3464 5760 3655 5824 (liciti.
3692 5779 3748 5820 ι.
