4030 6172
324 350 425 409 217

1255 331 1616 392 EXPOSITIO
1659 333 1719 387 IN
1763 328 2217 387 PSALTEl‘tlUJl.
2263 330 2451 387 PSAL.
2500 329 2690 383 XXXI.

3485 327 3589 385 1'8

331 472 447 543 ‘5).
505 473 570 526 Et
602 469 792 524 mem”
816 464 1021 518 cum,“
1048 460 1187 512 \riﬁig
1219 458 1325 512 me
1354 470 1546 508 nomen
1573 462 1781 505 constat
1804 451 1902 502 i-n-
1940 452 1988 508 Α
2018 446 2244 499 ricordia
2273 446 2474 499 Domini
2503 447 3071 515 suttragantepeccata
3106 453 3292 500 nostra
3317 442 3593 500 intellexes

326 567 585 635 positum,
622 563 742 632 quia
773 575 876 613 non
907 558 1077 611 solum
1112 555 1161 606 in
1190 561 1503 616 arrogantes
1533 547 1655 601 vind
1679 556 1783 609 cat,
1816 547 1907 598 sed

329 656 492 713 etiam
523 656 575 710 in
610 666 800 707 ouuies
832 649 920 718 qui
951 645 1185 715 regulam
1226 643 1329 710 piae
1361 637 1783 694 conversationis
1816 638 1913 688 itit-

328 756 590 820 pugnant.

398 838 559 895 γει-ε.
584 836 675 893 32.
725 832 953 887 Viriliter
969 832 1123 898 agite,
1151 837 1198 881 et
1226 826 1540 895 confortelur
1566 839 1654 874 cor
1671 829 1911 883 vestrum,

330 946 508 985 omnes
537 929 623 998 qui
646 924 862 994 spera‘is
896 924 947 976 in
978 919 1215 973 Domino.
1249 918 1345 970 llic
1384 918 1552 967 virtus
1585 913 1744 966 totius
1772 910 1915 979 psal—

330 1023 426 1087 mi,
472 1032 527 1075 et
556 1030 724 1071 sacrze
750 1015 1015 1082 colligitur
1052 1009 1312 1080 passionis
1352 1006 1573 1060 utilitas.
1627 1003 1757 1056 Nam
1790 1017 1911 1055 cum

328 1108 557 1165 dixis~et
599 1126 611 1161 :
667 1107 876 1173 Ihlig'te
907 1098 1199 1160 Dominum,
1248 1097 1408 1152 snnrti
1438 1097 1566 1166 ejus,
1612 1096 1701 1163 qui
1750 1092 1912 1159 Capiti

331 1216 518 1257 vestro
558 1208 611 1253 et
635 1194 1030 1251 crucifixiouem
1060 1192 1300 1251 contulit,
1344 1196 1397 1243 et
1422 1188 1643 1255 gloriam
1675 1198 1914 1237 resurre-

330 1293 531 1348 ctiouis
559 1289 839 1350 attribuit,
872 1284 938 1339 ad
970 1295 1291 1352 postremum
1325 1295 1418 1348 per
1438 1278 1766 1332 definitivam
1791 1289 1914 1329 sen-

333 1385 558 1439 tentiam
586 1381 718 1435 dicit
756 1395 772 1432 :
835 1372 1056 1430 Viriliter
1081 1375 1233 1442 agile,
1280 1382 1324 1424 et
1356 1371 1670 1439 confortetur
1708 1382 1796 1420 cor
1834 1384 1917 1420 ve—

333 1489 522 1541 strum,
552 1488 722 1526 omnes
751 1470 839 1541 qui
860 1469 1072 1536 speratis
1095 1467 1144 1517 in
1170 1462 1389 1515 Domino
1414 1475 1431 1513 :
1459 1458 1664 1513 scilicet
1691 1474 1757 1512 ne
1782 1473 1915 1527 pra:-

332 1566 497 1620 dicﬁs
536 1562 875 1634 passionibns
925 1562 1272 1614 terrerentur,
1325 1549 1419 1605 sed
1462 1552 1526 1605 ad
1566 1551 1913 1605 imitationem

334 1657 629 1723 gloriosam
662 1651 893 1705 fidelimn
927 1665 985 1702 se
1013 1648 1176 1700 corda
1205 1644 1536 1705 roborarent,
1587 1658 1745 1711 quam
1776 1643 1916 1695 scie-

334 1751 470 1800 bant
510 1745 579 1799 ad
628 1741 810 1795 mundi
839 1740 1154 1794 medicinam
1187 1736 1494 1791 salutariter
1534 1732 1914 1787 introductam.

2017 539 2205 603 rimus,
2235 539 2300 590 ad
2330 540 2653 605 patriisemite
2676 538 2907 591 studium
2937 537 3119 592 venire
3146 553 3253 592 non
3287 552 3593 606 possumus.

2016 629 2070 679 lu
2102 629 2208 681 alio
2235 630 2430 697 quippe
2454 630 2659 697 psalmo
2686 630 2885 683 dictum
2910 639 3029 683 est:
3076 628 3272 683 Delicta
3297 630 3406 696 quis
3435 626 3601 684 intele

2014 721 2125 789 ligit
2151 720 2322 789 (I’sal.
2353 735 2500 785 ινιιι,
2531 720 2657 787 t5)?
2688 722 2786 773 hoc
2821 730 2904 773 est
2936 720 3077 773 enim
3102 720 3245 788 quod
3286 719 3415 773 dicit
3441 718 3595 772 ittth-

2015 816 2209 875 lectus;
2261 822 2315 865 ttt
2358 827 2479 865 cum
2516 828 2611 865 nos
2651 812 2949 874 intelligere
2987 813 3244 865 Divinitas
3279 811 3597 879 praestiterit.

2018 914 2231 971 peccata
2270 912 2475 965 nostra,
2517 918 2611 970 pt‘O
2642 904 2721 956 eis
2747 903 3013 955 dilnendis
3050 903 3443 956 studiosissime
3468 916 3597 968 sup»

2020 998 2294 1066 plicetnus.
2346 996 2477 1049 Nam
2512 1010 2606 1062 pro
2636 994 2727 1048 illo
2755 1010 2937 1047 erroie
2960 995 3078 1061 quis
3105 995 3391 1060 Supplicat,
3423 1008 3586 1061 quem

2020 1102 2240 1155 prorsus
2271 1087 2523 1154 ignorat?
2570 1084 2702 1139 Nam
2742 1094 2796 1137 et
2831 1101 2948 1136 cum
2983 1084 3238 1138 Dominus
3264 1083 3506 1137 Christus
3537 1083 3594 1137 in

2017 1188 2207 1246 quarta
2233 1189 2380 1244 parte
2411 1178 2687 1229 locuturus
2724 1178 2811 1235 sit.
2846 1176 3014 1241 primo
3043 1189 3198 1227 versu
3227 1176 3305 1228 sic
3339 1173 3552 1227 inchoat
3579 1190 3592 1224 :

2018 1266 2347 1319 Intellectum
2391 1266 2520 1317 dabo
2567 1266 2694 1328 tibi;
2745 1275 2801 1317 ut
2836 1265 2988 1317 istius
3031 1265 3338 1332 paenitentis
3382 1265 3595 1325 merito,

2018 1358 2307 1411 intellectus
2334 1357 2384 1409 in
2417 1356 2575 1409 titulo
2617 1355 2921 1423 prtemissus
2964 1354 3049 1416 sit,
3097 1356 3181 1408 cui
3224 1356 3385 1409 etiam
3415 1354 3597 1407 divina

2020 1464 2150 1504 voce
2176 1447 2520 1518 promittitur.
2562 1446 2667 1501 Sed
2700 1447 2823 1501 licet
2854 1447 2962 1500 sint
3001 1454 3055 1500 et
3105 1446 3193 1500 alii
3231 1446 3597 1514 pmnitentium

2021 1541 2234 1611 psalmi,
2269 1550 2443 1593 tamen
2472 1547 2688 1606 propter
2714 1537 3062 1592 subtilitatem
3091 1537 3355 1590 disautiae
3383 1536 3601 1590 diversa

2028 1634 2300 1689 titulorum
2324 1632 2711 1701 significatione
2735 1631 2899 1684 notati
2930 1638 3072 1683 sunt.
3102 1630 3307 1683 Primus
3336 1629 3479 1682 enim
3508 1630 3600 1696 qui

2025 1725 2075 1778 in
2111 1736 2265 1777 sexto
2303 1720 2535 1791 ponitur,
2568 1721 2806 1774 continet
2852 1720 2901 1772 in
2935 1721 3108 1786 ﬁnem,
3150 1721 3200 1772 in
3238 1720 3458 1789 hymnis,
3504 1736 3599 1788 pro

334 1837 465 1893 llaec
506 1836 669 1907 figura
699 1836 892 1889 dicitur
928 1831 1307 1901 epiphonema,
1359 1828 1409 1883 id
1450 1836 1532 1883 est
1574 1826 1912 1890 acclamatio,
1953 1824 1992 1880 Β
2024 1828 2196 1871 octava
2231 1817 2458 1882 psalmus
2485 1814 2672 1878 David,
2717 1815 2971 1882 quoniam
3017 1812 3106 1864 ille
3151 1822 3293 1864 totus
3339 1814 3405 1863 ad
3440 1811 3602 1865 futuri

332 1944 459 1997 qme
506 1936 626 1995 post
664 1934 904 1978 narratas
935 1937 1044 1988 res,
1095 1921 1325 1975 breviter
1364 1934 1484 1974 cum
1531 1915 1920 1972 exclamatioae

332 2017 668 2088 prorumpit.
698 2015 1032 2083 Quapropter
1066 2011 1366 2065 exhortatio
1399 2011 1496 2063 ista
1528 2007 1789 2061 bonorum
1814 2014 1917 2069 est,

332 2126 402 2163 ne
436 2123 498 2162 se
526 2122 558 2160 a
590 2103 731 2160 bono
776 2102 1051 2173 pr0posito
1097 2102 1274 2154 carnis
1320 2098 1681 2152 imbecillitate
1721 2094 1921 2149 subdu-

332 2207 483 2251 rant.
546 2193 775 2249 Viriliter
798 2196 950 2264 agite,
1002 2191 1051 2245 id
1095 2200 1178 2245 est
1218 2192 1270 2243 in
1320 2188 1471 2242 bonis
1516 2187 1765 2256 operibus
1790 2198 1922 2239 con-

332 2291 674 2346 stantissime
696 2288 1002 2363 perdurate,
1028 2301 1124 2341 nec
1142 2284 1367 2340 feminea
1391 2281 1617 2337 mollitie
1638 2279 1919 2343 deficiatis,

334 2390 430 2459 qui
490 2385 655 2442 corda
705 2395 881 2439 vestra
929 2382 1156 2436 Domino
1209 2387 1519 2434 constanter
1562 2376 1786 2431 ofl'vrtis.
1831 2375 1922 2429 Sic

334 2483 490 2537 enim
520 2478 894 2533 sustinentium
922 2484 1133 2543 pectora
1158 2472 1501 2535 roborantur,
1533 2470 1574 2523 si
1601 2484 1749 2538 spem
1772 2485 1923 2522 suam

335 2577 389 2628 iu
425 2567 638 2627 Domini
667 2565 860 2624 virtute
889 2568 1227 2620 confirment.
1262 2563 1370 2616 Hoc
1398 2570 1573 2615 autetn
1602 2572 1924 2629 pra-ceptum

336 2663 478 2718 viris
503 2660 821 2728 feminisque
863 2670 1147 2710 commune
1182 2665 1282 2720 est,
1330 2652 1541 2706 viriliter
1569 2653 1709 2705 enim
1752 2653 1926 2706 omnis

338 2769 508 2809 sexus
535 2752 661 2823 agit,
694 2750 785 2820 qui
808 2749 977 2804 nescit
1002 2746 1331 2802 mollissimis
1359 2744 1703 2799 facilitatibus
1735 2746 1929 2798 immu—

339 2845 468 2900 tari.
516 2843 585 2898 Et
606 2842 817 2911 respice
847 2837 1292 2909 quemadmodum
1322 2846 1498 2907 partes
1522 2835 1641 2890 illas
1665 2836 1929 2901 passionis

339 2953 460 2993 sua:
487 2938 546 2993 in
589 2945 702 2991 toto
744 2934 949 3003 psalmo
992 2930 1314 2987 servaverit.
1359 2929 1512 2983 Prius
1553 2928 1689 2981 dixit
1735 2929 1932 2981 oratio-

340 3047 501 3096 nem,
530 3030 656 3085 inde
683 3038 863 3084 secuta
897 3026 1072 3096 passio
1099 3032 1219 3088 est;
1249 3023 1314 3077 ad
1341 3031 1666 3092 postremum
1690 3021 1930 3075 lzetitiam

342 3122 593 3179 ﬁdelium
623 3119 1087 3186 constantiamque
1106 3114 1435 3170 commonuit
1461 3128 1476 3168 :
1512 3127 1579 3166 ne
1602 3112 1690 3165 tali
1714 3128 1934 3167 munt-re

342 3222 638 3279 suscepto,
704 3210 928 3264 ulterius
978 3206 1193 3261 inimica
1252 3203 1375 3259 fidei
1430 3202 1598 3273 possit
1643 3203 1933 3272 prandete
1964 3204 2009 3266 C

338 3304 646 3361 cunctatio.

888 3390 1160 3445 Conclusio
1190 3389 1392 3459 psalmi.

415 3510 645 3565 Pen-ett
675 3517 758 3561 est
794 3518 898 3559 tam
944 3505 1118 3574 magni
1160 3503 1346 3571 psalmi
1379 3501 1608 3557 salubris
1644 3510 1699 3556 et
1739 3501 1934 3556 decora

352 3602 631 3659 contestio
655 3638 677 3670 ,
726 3599 813 3652 ubi
850 3608 901 3651 et
931 3596 1266 3650 imbecillitas
1306 3593 1652 3647 humanitatis
1685 3591 1936 3661 exprimi-

352 3707 462 3759 tur,
507 3703 563 3748 et
592 3689 851 3746 beneficia
876 3688 1056 3743 divina
1086 3694 1471 3750 monstrantur,
1506 3697 1563 3739 ut
1589 3684 1938 3740 considerans

355 3787 702 3857 fragilitatem
732 3798 882 3837 suam
914 3794 1071 3835 nemo
1098 3779 1404 3848 superbiat;
1438 3778 1731 3843 reSpiciens
1760 3784 1936 3829 autem

355 3876 786 3931 misericordiam
817 3873 1053 3927 divinam
1105 3871 1405 3925 nullatenus
1449 3879 1788 3937 expavescat.
1833 3866 1939 3920 Nu-

357 3986 541 4025 merus
572 3983 787 4038 quoque
817 3983 846 4033 p
878 3966 1004 4019 almi
1055 3975 1246 4019 erectae
1292 3962 1681 4031 supputationis
1727 3960 1937 4015 culmen

355 4060 616 4123 ostendit,
650 4058 868 4128 prtemia
898 4072 1107 4123 quoque
1143 4054 1279 4108 fideli
1313 4050 1560 4123 coningio
1591 4052 1938 4119 compromit-

358 4157 422 4206 tit
450 4170 468 4218 ;
521 4162 577 4205 ut
608 4166 728 4204 cum
755 4165 815 4204 se
848 4149 1021 4222 anima
1064 4148 1187 4201 huic
1221 4145 1585 4215 pra-dicationi
1618 4145 1773 4198 beata
1808 4158 1937 4198 con-

360 4242 668 4296 versatione
695 4239 1001 4302 sociaverit,
1049 4236 1334 4307 trigenaria
1378 4235 1829 4297 reumncratione_
1860 4233 1942 4287 di-

358 4344 554 4385 tesca'.
589 4330 721 4383 lluii:
746 4329 904 4383 etiam
935 4340 1156 4380 numero
1177 4336 1229 4379 et
1260 4327 1361 4377 alia
1386 4336 1717 4378 sacramenta
1743 4338 1941 4376 conve-

361 4429 542 4481 uiunt.
588 4427 827 4493 Ttignta
866 4423 1123 4491 siquidem
1157 4436 1415 4473 annorum
1449 4418 1650 4487 Joseplt
1693 4419 1943 4470 dominus

364 4521 561 4586 legitur
594 4518 642 4570 in
668 4514 900 4586 Egypto
929 4515 1270 4567 constitutus.
1312 4512 1549 4578 Triginta
1580 4512 1741 4564 etiam
1776 4525 1944 4562 anno-

2017 1906 2198 1975 judieii
2249 1907 2479 1973 pertinet
2514 1905 2789 1958 timorem.
2824 1902 2924 1956 Iste
2972 1917 3099 1955 vero
3151 1904 3339 1955 merito
3379 1901 3470 1954 tali
3520 1911 3605 1954 est

2023 1997 2177 2051 titulo
2208 2007 2558 2065 prtenotatus,
2590 1993 2679 2059 qui
2714 2007 2772 2047 se
2801 1994 3181 2046 deterioratum
3211 1991 3414 2044 tardius
3444 1993 3603 2045 intel-

2023 2087 2174 2151 texit,
2221 2088 2343 2155 quia
2391 2097 2612 2152 peccata
2640 2100 2760 2153 qua:
2802 2083 3085 2138 confestim
3128 2082 3277 2151 prodi
3308 2082 3605 2137 debuerant

2022 2178 2273 2243 Domino,
2302 2192 2361 2232 se
2376 2175 2576 2229 diutius
2606 2176 2833 2229 tacuisse
2853 2175 3131 2228 confessus
3161 2186 3261 2227 εει.
3302 2171 3483 2227 Status
3505 2188 3606 2227 au~

2025 2279 2131 2325 tem
2159 2267 2463 2338 principalis
2487 2265 2642 2334 hujus
2659 2279 2838 2319 causze
2872 2265 3027 2335 103
3047 2264 3325 2319 concessio
3358 2274 3461 2328 est,
3483 2278 3605 2333 quite

2025 2360 2234 2416 cunctis
2263 2356 2645 2428 paenitentibus
2666 2355 2842 2409 datur.
2873 2353 3164 2409 Cooceasio
3196 2364 3279 2408 est
3307 2354 3475 2416 enim,
3520 2352 3608 2407 ubi

2025 2450 2348 2506 adversariis
2374 2448 2553 2501 omnia
2600 2445 2988 2510 conceduntur,
3036 2456 3087 2501 et
3124 2459 3217 2514 per
3243 2445 3386 2498 solas
3430 2444 3607 2512 lacry-

2029 2557 2143 2598 mas
2171 2543 2438 2611 supplices
2462 2538 2770 2594 defenditur
2795 2554 2938 2592 reus.

2611 2675 2805 2733 Divisio
2836 2677 3042 2745 psalmi.

2104 2796 2158 2849 ltt
2184 2799 2351 2864 prima
2378 2804 2525 2859 parte
2550 2793 2737 2862 psalmi
2766 2794 3029 2861 paenitens
3054 2792 3139 2859 loq
3165 2792 3309 2852 .itur,
3338 2797 3613 2858 peccatum

2033 2901 2186 2941 SIIlllII
2220 2886 2496 2938 evidenter
2538 2896 2865 2952 agnoscens,
2912 2896 3121 2946 ptBttttttt
3162 2881 3261 2931 sibi
3305 2882 3497 2933 merito
3536 2879 3614 2931 di.

2035 2975 2331 3032 strictionis
2362 2975 2623 3037 indicens,
2652 2974 2902 3041 quoniam
2936 2973 3091 3023 tmxia
3124 2968 3360 3023 facinora
3387 2968 3613 3022 credidit

2037 3067 2350 3132 occulenda,
2386 3065 2476 3119 ubi
2515 3063 2747 3118 breviter
2779 3062 3095 3131 principium
3138 3067 3192 3113 et
3230 3058 3461 3111 narratio
3491 3071 3622 3111 con—

2043 3160 2261 3212 tinetur.
2312 3157 2369 3210 ltt
2413 3155 2648 3209 secunda
2694 3164 2842 3222 parte
2896 3152 3007 3205 sola
3050 3147 3309 3203 correctio
3346 3158 3458 3211 est;
3499 3162 3621 3203 nam

2038 3263 2245 3303 cumse
2288 3246 2502 3316 propria
2549 3244 2886 3299 confessione
2930 3239 3280 3305 damnaverit,
3330 3252 3358 3289 a
3400 3235 3623 3289 Domino

2038 3339 2140 3393 sibi
2160 3330 2330 3393 credit
2358 3351 2479 3392 esse
2512 3334 2854 3405 parcendum.
2880 3333 3062 3387 Tertia
3094 3338 3243 3399 parte
3275 3326 3625 3396 pmtiitudinis

2044 3432 2184 3485 bona
2229 3430 2654 3492 commendans,
2706 3429 2866 3482 etiam
2917 3436 3131 3480 sanctos
3180 3424 3234 3477 in
3277 3423 3377 3475 hoc
3429 3421 3627 3474 mundo

2041 3522 2230 3577 asserit
2253 3520 2478 3575 Domino
2503 3519 2824 3589 supplicare,
2873 3521 2926 3570 in
2943 3531 3047 3584 quo
3066 3515 3164 3569 sibi
3190 3515 3378 3567 merito
3406 3520 3628 3565 testatur

2040 3628 2165 3669 esse
2194 3612 2479 3681 refugium,
2510 3612 2599 3666 ubi
2628 3619 2684 3665 et
2713 3609 3017 3678 paenitentis
3063 3608 3216 3661 istius
3247 3606 3407 3660 verba
3439 3605 3629 3657 liniun-

2045 3716 2153 3758 tur.
2189 3708 2387 3770 ρυλε-ιθ
2413 3703 2668 3777 Dominus
2697 3703 2941 3755 Christus
2970 3700 3036 3754 ad
3068 3699 3185 3769 ejus
3213 3698 3377 3752 verba
3408 3711 3631 3763 restion-

2046 3796 2201 3861 dens,
2233 3806 2514 3864 sperantes
2542 3794 2594 3848 in
2624 3811 2681 3848 se
2710 3792 3044 3847 circumdare
3076 3788 3444 3844 misericordia
3478 3787 3632 3856 polli-

2044 3896 2195 3941 cetur
2224 3904 2239 3941 :
2266 3902 2334 3940 ne
2362 3887 2712 3956 supplicantis
2740 3885 3015 3954 integritas
3046 3882 3237 3951 negligi
3270 3882 3443 3949 aliqua
3473 3880 3633 3934 dissi-

2048 3976 2339 4030 mulatione
2372 3986 2665 4043 putaretur.
2719 3976 2848 4041 Quze
2878 3982 3104 4042 quatuor
3135 3980 3310 4039 partes
3340 3968 3634 4037 interiectis

2044 4068 2487 4136 diapsalmatibus
2523 4066 2855 4127 dividuntur,
2894 4078 3030 4133 quas
3071 4064 3122 4117 in
3160 4062 3509 4117 divisionibus
3542 4076 3637 4115 se-

2046 4158 2161 4226 qui,
2193 4157 2362 4210 nostri
2395 4165 2608 4209 constat
2637 4168 2757 4208 esse
2789 4151 3069 4222 propositi.

2591 4291 2861 4361 Expositio
2895 4289 3101 4359 psalmi.

2123 4407 2272 4461 Vers.
2323 4406 2371 4460 l.
2394 4474 2411 4483 ε
2430 4405 2571 4459 Βιαιὶ
2609 4422 2824 4476 quorum
2855 4405 3076 4457 remissa:
3103 4413 3220 4457 sunt
3249 4403 3561 4469 iniquitates,
3594 4412 3641 4456 et

2048 4518 2264 4571 quorum
2287 4509 2417 4553 tecta
2441 4510 2555 4553 sunt
2580 4509 2806 4565 peccata.
2837 4496 3111 4552 Ptenitens
3138 4496 3235 4549 iste
3262 4496 3472 4563 propria
3504 4493 3642 4548 facta

368 4627 487 4663 rum
516 4607 767 4663 Salvator
800 4615 979 4658 noster
1010 4602 1165 4656 vitale
1192 4601 1454 4669 baptisma
1487 4599 1743 4653 intinctus
1797 4599 1948 4668 aquis
1982 4587 2028 4646 Ι)
2053 4604 2402 4661 Cognoscens,
2432 4599 2484 4644 et
2513 4589 2579 4643 ad
2603 4588 2847 4656 exempla
2880 4588 3021 4641 illius
3055 4587 3331 4656 publicani
3364 4586 3453 4655 qui
3484 4595 3642 4639 tunso

365 4698 672 4753 Jordanicis
712 4693 1068 4747 consecravit.
1112 4692 1202 4746 Est
1234 4706 1445 4761 quoque
1470 4690 1520 4743 in
1550 4690 1635 4742 his
1661 4688 1951 4744 dccadibns

369 4801 552 4844 sancta
578 4788 831 4848 Trinitas,
876 4800 995 4855 qua:
1028 4784 1147 4838 lidei
1179 4793 1375 4837 nostra:
1404 4782 1617 4836 inviola‘
1642 4782 1764 4835 iYem
1798 4798 1955 4851 regu-

373 4887 474 4939 lam
506 4881 695 4937 tribuit
721 4891 776 4934 et
800 4879 1046 4934 salutem.

646 5018 1007 5078 EXPOSITIO
1037 5016 1101 5072 IN
1134 5014 1453 5072 PSALMUM
1482 5012 1674 5069 XXXI.

918 5131 1083 5185 David
1107 5129 1411 5184 intellectus.

450 5249 583 5304 Cum
616 5261 805 5301 omnes
840 5244 1027 5315 psalmi
1058 5243 1385 5314 generaliter
1413 5241 1538 5295 dicti
1567 5241 1675 5295 sint
1718 5239 1784 5293 ad
1813 5238 1962 5291 intel-

384 5344 587 5407 lectum,
633 5354 688 5395 ut
714 5354 808 5393 eos
834 5353 1025 5392 sensus
1054 5348 1235 5391 noster
1265 5343 1602 5403 agnosci-ret,
1654 5347 1720 5387 ne
1750 5330 1964 5385 vivendi

383 5437 597 5506 regulas
637 5433 931 5501 ignoraret,
970 5432 1161 5483 merito
1222 5427 1566 5496 quaerendum
1610 5426 1822 5478 videtur
1867 5439 1965 5477 cur

389 5530 440 5583 in
481 5530 586 5584 hoc
630 5527 781 5581 titttlo
810 5525 1041 5594 posuerit
1076 5522 1241 5575 David
1272 5517 1604 5574 intellectus?
1649 5519 1828 5571 l’rimo
1856 5534 1966 5571 me-

392 5622 536 5673 minit
577 5618 765 5679 David,
819 5629 1035 5684 propter
1068 5615 1350 5685 Dominum
1383 5609 1673 5671 (LhriStum,
1718 5608 1965 5677 quoniam

391 5714 455 5766 ad
495 5712 670 5779 ipsum
722 5711 942 5776 respicu
987 5705 1240 5775 quidquid
1276 5702 1539 5770 imoitens
1586 5686 1683 5753 iste
1724 5698 1967 5753 dicturus

396 5817 492 5858 est.
540 5801 741 5857 Deinde
772 5797 1054 5853 intellectus
1082 5796 1199 5849 ideo
1226 5794 1484 5862 sequitur,
1518 5792 1639 5859 quia
1669 5791 1769 5845 nisi
1808 5790 1967 5844 misc-

2062 4693 2282 4752 pectore
2301 4681 2487 4735 oculos
2511 4695 2615 4733 non
2644 4679 2851 4733 levabat
2873 4677 2937 4731 ad
2965 4678 3158 4733 caelum
3184 4675 3334 4745 (Luc.
3361 4691 3505 4739 xvnt,
3536 4676 3646 4745 15),

2064 4776 2187 4829 totis
2217 4773 2416 4828 viribus
2446 4772 2721 4826 humiliato
2749 4772 2913 4826 corde
2939 4771 3237 4840 suspirans,
3271 4784 3368 4822 nec
3397 4769 3649 4823 invocare

2066 4868 2398 4939 maiestatem
2438 4864 2810 4935 prcesutnpsit,
2850 4864 2944 4918 sed
2982 4863 3156 4917 beatos
3191 4862 3321 4915 dicit
3347 4876 3441 4914 eos
3468 4863 3650 4930 quibus

2064 4962 2292 5015 remissa?
2311 4970 2430 5013 sunt
2458 4958 2779 5028 iniquitates;
2810 4955 2894 5009 hic
2923 4953 3309 5009 absolutionem
3339 4952 3651 5005 desiderans

2068 5060 2434 5122 peccatorum,
2486 5064 2596 5104 nec.
2626 5058 2802 5103 tamen
2856 5047 3059 5102 audens
3110 5046 3303 5101 similia
3357 5044 3647 5114 postulare.

2068 5146 2255 5201 Merito
2292 5160 2421 5214 ergo
2448 5152 2600 5199 vocat
2640 5143 2762 5197 illos
2790 5141 2980 5207 beatos,
3020 5141 3108 5211 qui
3142 5142 3255 5195 hcce
3289 5148 3413 5193 ante
3442 5152 3654 5191 merue-

2069 5247 2216 5292 runt.
2268 5235 2391 5290 llaec
2420 5235 2561 5289 enim
2593 5244 2779 5288 octava
2808 5234 3015 5299 Species
3067 5231 3394 5285 definitionis
3424 5238 3505 5281 est
3533 5241 3654 5295 qua:

2072 5330 2257 5384 Crtece
2282 5327 2475 5382 dicitur
2503 5327 2628 5380 κατὰ
2657 5328 2920 5398 ἀφαίρεσιν
2949 5329 3039 5377 τοῦ
3072 5323 3313 5380 ἐναντίου,
3346 5319 3532 5373 Latine
3561 5330 3658 5386 per

2076 5420 2396 5491 privantiam
2436 5420 2711 5474 contrarii.
2753 5417 2912 5471 Beata
2959 5416 3219 5484 siquidem
3269 5423 3481 5481 peccata
3531 5428 3659 5465 con-

2078 5513 2237 5566 traria
2282 5521 2422 5565 sunt.
2491 5511 2557 5563 Et
2592 5524 2844 5578 quoniam
2885 5508 2969 5560 hic
3010 5506 3135 5559 dlcit
3174 5506 3404 5567 remissa,
3444 5518 3660 5571 Compe-

2076 5614 2248 5658 tenter
2301 5602 2401 5655 sub
2446 5603 2541 5654 hac
2591 5601 2813 5654 formula
2864 5597 3188 5653 definitionis
3231 5598 3443 5649 beatum
3489 5596 3658 5648 virum

2076 5702 2284 5751 constat
2314 5705 2650 5760 expressum.
2694 5691 2832 5743 Inter
2878 5689 3166 5757 iniquitates
3198 5704 3324 5742 vero
3364 5699 3417 5741 et
3460 5698 3660 5754 peccata

2079 5796 2293 5843 sanctus
2316 5784 2668 5853 Hieronymus
2699 5784 2750 5837 in
2786 5782 2883 5837 hoc
2917 5780 3120 5850 psalmo
3146 5779 3283 5836 hanc
3309 5779 3661 5833 differentiam
