4030 6172
338 402 351 412 _
388 338 496 397 Ἥθ
1634 327 1702 384 Μ.
1757 322 1996 383 AUREU

2102 314 2476 375 zasswooru
3326 270 3328 272 ’
3567 308 3674 364 eeo

396 453 544 522 (scit,
581 453 876 524 iniquitates
905 449 1092 506 dicens
1133 460 1253 517 qua
1288 452 1414 500 ante
1452 452 1757 512 susceptam
1795 440 1980 504 ﬁdeni,
2011 438 2062 497 Α
2089 430 2230 501 quod
2257 440 2365 484 tuta
2398 431 2565 480 virtus
2594 425 2748 493 lmjris
2779 423 2968 493 psalmi
2999 432 3185 479 contra
3209 424 3310 478 hoc
3337 420 3670 476 exsecrabile

397 549 512 605 sive
541 562 637 618 per
665 543 1019 617 ignorantiam
1050 540 1170 597 sive
1200 553 1296 610 per
1325 535 1606 593 scientiam
1635 532 1984 588 committun-

394 647 517 704 tur;
560 645 766 708 peccata
807 648 936 689 vero
965 632 1082 687 haec
1119 645 1244 688 esse
1276 628 1537 685 deﬁniens
1576 641 1694 694 quae
1735 635 1852 694 post
1893 635 1986 676 c--

397 730 688 798 gnitionem
731 725 856 780 ﬁdei
890 723 974 780 vel
1015 722 1240 793 gratiam
1285 717 1618 789 baptismatis
1657 714 1988 769 contrahun-

399 835 504 876 Illl'.

465 910 625 967 Vers.
673 909 728 963 εξ.
792 908 986 963 Beatus
1033 907 1112 961 uir
1151 905 1235 960 cui
1278 920 1381 958 non
1428 901 1696 974 imputavit
1737 896 1988 951 Dominus

397 1011 682 1071 peccatum,
714 1017 805 1054 nec
836 1008 911 1054 est
945 998 1000 1051 in
1038 1012 1125 1051 ore
1163 997 1274 1063 eius
1312 992 1486 1048 dolus.
1529 992 1593 1046 Et
1621 991 1760 1044 hunc
1787 989 1988 1040 beatum

397 1091 586 1146 eadem
639 1091 852 1160 species
894 1087 1222 1143 deﬁnitionis
1271 1083 1632 1153 amplectitur.
1689 1079 1794 1134 Sed
1849 1075 1988 1130 scire

399 1181 655 1236 debemus
694 1179 827 1234 alios
867 1191 989 1232 esse
1029 1175 1223 1246 quibus
1267 1173 1484 1244 peccata
1534 1176 1872 1237 reputantur,
1933 1172 1991 1218 ttt

402 1271 566 1326 Paulo
607 1269 810 1325 dictum
836 1280 919 1324 est
951 1285 966 1320 :
1000 1266 1195 1333 Saule,
1241 1266 1434 1329 Saule,
1466 1261 1591 1332 quid
1625 1275 1704 1313 me
1725 1272 1994 1327 perseque-

400 1363 472 1415 ris
514 1362 652 1430 (Act.
679 1375 752 1424 Ix,
785 1360 876 1428 6)?
918 1358 984 1412 Et
1025 1357 1283 1411 adulterae
1316 1353 1525 1409 mulieri
1577 1353 1629 1405 in
1661 1348 1987 1417 Evmgelio:

412 1449 572 1517 Vade,
611 1459 658 1504 et
699 1449 924 1520 ampla'us
968 1448 1074 1500 noli
1107 1461 1316 1516 peccare
1345 1443 1526 1514 (Joan.
1556 1456 1670 1506 v.tt,
1700 1439 1811 1509 il).
1845 1437 1992 1492 Alios

403 1557 580 1598 autem
609 1556 730 1596 esse
796 1538 1138 1594 manifestum
1177 1547 1260 1592 est
1295 1536 1490 1606 quibus
1523 1540 1730 1604 peccata
1763 1543 1869 1586 non
1908 1545 1994 1583 re-

405 1643 572 1700 putat,
615 1641 672 1685 ttt
699 1633 823 1697 Job,
867 1631 934 1685 de
963 1643 1070 1697 quo
1093 1629 1294 1684 dictum
1321 1634 1406 1682 est
1434 1642 1446 1677 :
1479 1623 1729 1692 Nunquid
1757 1619 1994 1675 corts'de-

404 1725 531 1778 rasti
553 1739 755 1777 servum
782 1737 945 1775 meum
961 1718 1082 1785 Job,
1105 1719 1242 1788 quod
1266 1733 1369 1771 non
1397 1719 1462 1772 sit
1485 1716 1531 1769 si
1553 1714 1736 1768 similis
1755 1714 1808 1766 in
1831 1721 1990 1774 terra,

2089 522 2304 576 humani
2343 520 2556 591 generis
2594 519 2780 574 vitium
2823 519 3076 587 probatur
3113 517 3358 587 opposita
3403 531 3417 569 :
3452 529 3520 569 ne
3557 515 3677 583 quis

2095 615 2319 669 Domino
2343 622 2488 680 putet
2513 611 2915 674 absconditum,
2945 609 3087 678 quod
3115 610 3168 664 in
3195 607 3535 674 conscientia:
3562 619 3678 661 sua:

2089 706 2451 776 penetralibus
2478 705 2718 759 recondit
2747 704 3039 757 occultum.

2184 793 2338 849 Vers.
2377 794 2433 850 4.
2485 794 2738 857 Quoniam
2781 793 2864 844 die
2903 807 2964 844 ac
2998 801 3140 844 nocte
3173 798 3382 859 gravata
3413 795 3485 842 est
3524 803 3680 856 super

2089 901 2168 940 me
2204 898 2384 938 manus
2426 892 2533 934 tua.
2583 880 2856 934 Peccatori
2892 880 3067 948 gravis
3105 894 3288 932 manus
3322 887 3404 932 est
3439 892 3557 946 qua:
3585 877 3679 931 ﬁa-

2087 973 2270 1044 gellat,
2322 980 2376 1026 et
2424 971 2722 1039 ponderosa
2775 985 2894 1036 qua:
2949 967 3202 1022 vindicat.
3270 965 3370 1020 Die
3415 982 3478 1018 ac
3535 975 3681 1019 nocte

2091 1063 2402 1120 ουιιιίιιιιιιιιι
2448 1071 2657 1129 tempus
2697 1060 2989 1130 signiﬁcat;
3031 1069 3087 1115 ut
3121 1057 3312 1113 merito
3337 1072 3492 1112 sensa
3524 1056 3680 1113 riserit

2089 1156 2292 1226 gravis,
2339 1169 2458 1222 qua:
2501 1167 2531 1206 a
2574 1151 2938 1221 castigationis
2985 1149 3223 1220 pondere
3274 1163 3380 1203 non
3435 1149 3678 1202 recessit.

2090 1245 2262 1304 Aliter
2297 1243 2440 1298 enim
2474 1243 2699 1298 feliciter
2737 1259 2840 1296 non
2868 1251 3012 1296 esset
3040 1240 3382 1308 humiliatus,
3422 1239 3522 1294 nisi
3553 1254 3678 1293 eum

2094 1351 2274 1386 manus
2307 1333 2608 1386 Diviuitatis
2650 1333 3003 1399 imprimeret.
3051 1330 3241 1384 Manus
3268 1329 3410 1383 enim
3441 1343 3535 1397 per
3572 1337 3683 1381 tro—

2097 1423 2396 1492 pologiam,
2443 1423 2809 1491 operationem
2861 1419 3128 1489 signiﬁcat
3173 1435 3190 1474 :
3237 1419 3360 1489 quia
3408 1419 3682 1472 hominum

2097 1530 2226 1571 usus
2251 1524 2337 1569 est
2364 1515 2608 1568 manibus
2636 1513 2867 1580 operari.
2927 1512 3182 1566 Dimnitas
3208 1512 3349 1565 enim
3380 1526 3484 1563 non
3515 1509 3686 1562 maui-

2098 1605 2196 1662 bus
2236 1605 2431 1674 aliquid
2475 1603 2616 1671 agit,
2659 1605 2752 1656 sed
2793 1601 3080 1656 voluncitis
3123 1614 3235 1656 sua:
3269 1599 3466 1655 virtute
3505 1598 3685 1654 omnia

2097 1699 2334 1770 disp-mit
2362 1706 2417 1754 et
2446 1695 2672 1766 perﬁcit.

407 1816 485 1869 uir
525 1815 721 1884 justus,
763 1822 809 1866 et
857 1787 1189 1880 simplercret
1241 1810 1422 1863 timens
1453 1807 1620 1862 Deum
1659 1805 1780 1875 (Job
1807 1820 1864 1868 ll,
1895 1802 1990 1872 5)?
2021 1798 2066 1859 Β
2170 1795 2326 1850 Vers.
2369 1793 2423 1848 5.
2465 1792 2744 1848 Conuersus
2781 1789 2978 1845 suntin
3006 1804 3260 1854 arumna,
3302 1789 3425 1842 dum
3453 1787 3687 1858 confrin-

407 1906 472 1960 Et
491 1905 809 1970 Nathanael,
833 1903 900 1958 de
929 1918 1034 1973 quo
1065 1904 1140 1957 ait
1168 1919 1181 1954 :
1211 1901 1342 1956 Ecce
1370 1916 1484 1954 vere
1507 1899 1770 1962 Israelita,
1807 1896 1861 1950 in
1889 1899 2015 1966 (μεθ’

404 1995 558 2051 dotus
588 2011 690 2048 non
719 2006 793 2048 est
816 1993 995 2067 (Joan.
1029 2009 1067 2061 ι,
1099 1991 1213 2062 47).
1245 1992 1585 2060 Quapmpter
1611 1989 1757 2042 illam
1786 1994 1991 2055 partem

403 2087 518 2142 suis
546 2085 685 2140 votis
714 2085 898 2155 elegit,
941 2085 993 2138 in
1029 2099 1131 2152 qua
1172 2082 1315 2137 nulla
1351 2078 1706 2135 sollicitudine
1750 2074 1995 2130 mordea-

407 2187 516 2232 tur.
549 2178 750 2231 Omnes
781 2185 960 2230 tamen
993 2191 1089 2241 per
1126 2175 1352 2243 gratiam
1380 2171 1572 2226 divina:
1611 2165 1994 2222 misericordiae

406 2269 474 2323 ad
521 2269 636 2322 hac
681 2268 820 2322 dona
869 2269 1207 2333 perveniunt,
1255 2265 1394 2318 sicut
1439 2263 1673 2316 Joannes
1717 2256 1994 2327 apostolus

405 2359 571 2414 dicit:
595 2357 654 2414 Si
685 2358 969 2410 dixerimus
1004 2373 1124 2423 quia
1158 2365 1421 2424 peccatum
1453 2370 1554 2407 non
1583 2350 1844 2412 habemus,
1873 2362 1996 2405 nos-

407 2450 546 2518 ἔρισι
571 2449 877 2510 seducimus,
907 2457 954 2501 et
982 2449 1085 2501 veri
1107 2463 1164 2499 as
1191 2448 1242 2499 in
1272 2445 1414 2500 nobis
1446 2461 1548 2497 non
1592 2451 1664 2496 est
1695 2439 1749 2510 (1
1770 2439 1924 2494 Joan.
1952 2453 1990 2505 ι,

409 2543 488 2614 8).
521 2543 774 2612 Sequitur
825 2550 1028 2614 autem,
1062 2539 1142 2591 cui
1173 2555 1274 2591 non
1299 2537 1566 2606 imputavit
1595 2532 1844 2587 Dominus
1874 2547 1995 2602 pec-

409 2643 612 2696 catum,-
653 2633 859 2686 scilicet
887 2632 936 2684 in
968 2631 1119 2699 cujus
1146 2644 1232 2682 ore
1261 2627 1414 2682 dolus
1445 2643 1544 2680 non
1575 2635 1681 2688 est;
1713 2624 1763 2677 id
1793 2634 1876 2678 est
1904 2621 1994 2690 qui

409 2725 552 2778 nulla
579 2725 680 2779 sibi
709 2723 1028 2778 remissione
1060 2720 1346 2790 placuerit;
1395 2727 1447 2772 et
1475 2733 1596 2772 cum
1626 2717 1694 2770 sit
1722 2723 1994 2784 peccator,

410 2817 524 2885 ipse
569 2832 628 2871 se
680 2817 933 2883 praedicet
986 2829 1106 2867 es-e
1151 2812 1547 2866 sanctissimmn
1605 2808 1748 2881 (quo
1806 2805 1995 2860 morbo

410 2910 644 2964 maxime
675 2911 879 2965 laborat
922 2906 1269 2975 humanitas),
1312 2906 1404 2960 sed
1447 2920 1544 2958 sua
1588 2905 1764 2969 potius
1801 2901 1992 2954 delicta

409 3013 766 3068 cognoscens,
809 3000 859 3052 in
901 2997 1195 3050 humilitate
1231 2992 1609 3048 SHliatﬂCliﬂniS
1645 2991 1843 3060 jugiter
1874 3003 1997 3057 ιιι-ιν-

409 3101 641 3145 scverat.
689 3088 805 3158 Ipse
834 3088 977 3143 enim
1003 3087 1230 3140 Domino
1259 3087 1432 3156 placet
1460 3085 1549 3153 qui
1580 3083 1680 3137 sibi
1711 3081 1992 3150 displicet;

2100 1889 2234 1959 gitur
2262 1884 2389 1939 mihi
2417 1885 2591 1952 spina.
2643 1882 2753 1936 lloc
2786 1891 2868 1936 est
2898 1880 3039 1951 quod
3076 1881 3322 1948 superius
3349 1877 3484 1934 dixit
3511 1895 3524 1930 :
3553 1877 3687 1932 Gra-

2101 1992 2214 2034 vata
2235 1989 2308 2031 est
2332 1993 2483 2047 super
2506 1993 2584 2030 me
2611 1991 2789 2028 munus
2816 1984 2921 2027 tua.
2948 1971 3295 2026 {Erumnosus
3320 1972 3464 2027 enim
3493 1971 3688 2024 dicitur

2101 2070 2251 2126 v.-.lde
2300 2070 2567 2122 ruinosos.
2624 2065 2794 2120 Ruina
2843 2065 3041 2133 quippe
3085 2062 3350 2132 appellata
3397 2069 3502 2128 est,
3531 2060 3686 2130 quasi

2100 2172 2278 2231 repete
2303 2175 2346 2215 .s
2388 2160 2512 2214 ima.
2555 2155 2838 2213 Conversus
2878 2169 3006 2228 ergo
3037 2157 3205 2223 fuerat
3232 2153 3284 2206 in
3313 2165 3565 2214 (erumna,
3596 2152 3688 2219 qui

2098 2255 2373 2310 ceciderat
2423 2251 2490 2307 de
2543 2249 2834 2318 superbia;
2885 2258 2944 2302 ut
2986 2250 3074 2317 qui
3125 2256 3250 2300 ante
3297 2245 3548 2298 clamavit
3596 2257 3694 2310 per

2097 2345 2386 2404 elationr-m
2423 2383 2438 2408 ,
2495 2357 2636 2398 nunc
2694 2339 3038 2394 conﬁteretur
3089 2337 3312 2391 Domino
3368 2351 3460 2404 per
3507 2332 3687 2386 burni-

2103 2437 2341 2500 litatetn;
2372 2435 2456 2490 cui
2483 2434 2605 2488 ideo
2631 2432 2816 2486 salutis
2842 2445 2967 2500 spes
3006 2430 3190 2494 rediit,
3220 2427 3469 2496 quoniam
3499 2427 3550 2480 in
3580 2427 3690 2480 suis

2097 2531 2354 2600 Operibus
2395 2527 2668 2582 tttOr-tifera
2709 2525 2843 2578 facta
2885 2524 3157 2589 coanovit.
3218 2520 3385 2590 Spina
3422 2527 3505 2573 est
3544 2521 3686 2572 enirn

2099 2640 2220 2696 qua:
2257 2631 2424 2676 totum
2456 2635 2652 2689 corpus
2681 2619 2839 2688 erigit
2875 2628 3035 2686 atque
3074 2618 3390 2672 recontinet.
3441 2615 3562 2668 Haec
3589 2630 3688 2682 pro

2097 2723 2344 2792 superbia
2374 2721 2562 2780 mer-itu
2594 2718 2760 2787 posita
2791 2725 2892 2782 est,
2919 2733 3035 2784 qui:
3065 2714 3338 2773 confracta
3367 2729 3472 2766 non
3504 2711 3689 2780 dujirit

2099 2816 2164 2869 ad
2198 2814 2490 2875 interitum,
2517 2808 2610 2863 St'd
2639 2808 2794 2876 erigit
2822 2809 2995 2874 potius
3026 2807 3090 2860 ad
3120 2806 3366 2859 salutem.
3401 2801 3556 2874 104
3579 2802 3688 2854 lluc

2099 2916 2468 2978 argumentum
2527 2903 2722 2958 dicitur
2773 2917 2799 2952 a
2857 2901 3198 2961 necessitate,
3244 2899 3455 2966 quaudu
3511 2912 3686 2949 caua:

2102 3002 2434 3069 gravissima:
2465 2998 2881 3063 pruuuittuutur,
2913 3002 2970 3050 ut
2999 2990 3062 3044 ad
3092 2991 3484 3044 confessionem
3519 2987 3682 3060 proli-

2102 3105 2198 3144 Cua
2226 3109 2254 3140 ι.
2284 3097 2560 3140 correctus
2588 3085 2796 3143 animus
2827 3084 3142 3136 adlucntur.

409 3183 532 3248 quia
579 3182 704 3232 dum
760 3196 858 3233 nos
915 3180 1224 3247 culpamus,
1290 3175 1669 3244 veriloquium;
1720 3189 1838 3228 cum
1899 3180 1996 3225 nos

2176 3187 2327 3240 Veri.
2371 3188 2426 3240 6.
2472 3185 2722 3237 Delictnut
2754 3199 2920 3234 meum
2958 3181 3216 3249 coquitth
3255 3179 3343 3230 tibi
3372 3181 3486 3244 fec‘,
3519 3187 3562 3230 et
3605 3178 3686 3227 in-

411 3271 654 3322 vnlnmus
699 3269 938 3331 laudare,
985 3266 1324 3321 mendacium
1371 3275 1473 3322 est.
1533 3265 1800 3320 Hactenus
1844 3263 1994 3318 fuere

413 3363 699 3431 ptittt‘.i|tia,
742 3362 792 3414 in
825 3363 1016 3429 quibus
1054 3360 1474 3415 misericordiam
1516 3358 1638 3413 boui
1670 3357 1870 3413 Judicis
1903 3373 1997 3426 per

417 3456 768 3508 Ιιιιιιιίιὶιιιιριιὶ
815 3455 1028 3509 Ititttium
1060 3453 1384 3507 desideravit
1424 3451 1722 3520 acquirere.
1761 3451 1867 3504 Sed
1899 3465 1997 3502 nos

415 3549 465 3597 in
505 3555 654 3614 parte
697 3547 794 3599 ista
831 3546 1144 3599 divisionum
1177 3560 1281 3596 non
1309 3543 1579 3611 ponimus,
1607 3541 1728 3610 quia
1760 3541 1996 3604 diapsal-

413 3645 553 3689 muta
585 3637 880 3702 sequimur,
914 3651 1031 3702 qua!
1062 3633 1276 3686 silentio
1301 3632 1530 3700 Spiritus
1560 3630 1730 3682 sancti
1765 3643 1998 3683 noscun-

414 3739 498 3780 tur
520 3741 639 3780 esse
664 3727 863 3789 dhisa;
891 3729 1016 3779 dum
1042 3737 1093 3779 et
1121 3727 1205 3777 illi
1237 3740 1455 3778 servare
1485 3737 1789 3787 possumus,
1820 3732 1874 3775 et
1899 3721 1998 3774 ista

411 3817 635 3869 minime
669 3816 1027 3876 pra-terimus.

507 3913 656 3967 Vers.
691 3914 753 3966 5.
785 3915 1035 3976 Quoniam
1071 3913 1225 3975 tacui,
1257 3913 1657 3964 inveteraverunt
1686 3911 1856 3964 omnia
1884 3926 2000 3964 ossa

409 4022 545 4073 mea,
570 4003 690 4057 dum
723 4009 996 4058 clamarem
1018 4015 1124 4057 tota
1152 4004 1254 4060 die.
1300 4003 1525 4058 Peracto
1557 4004 1716 4072 igitur
1745 4003 1998 4066 breviter,

419 4118 427 4142 ι
455 4105 473 4148 ι
508 4097 865 4164 competebat,
898 4096 1142 4162 exordio,
1174 4111 1314 4150 nunc
1344 4096 1605 4165 pmuilens
1644 4095 1746 4149 iste
1781 4093 1846 4148 ad
1881 4110 2001 4148 uar-

411 4188 673 4239 ratiuncm
706 4187 1296 4253 rompetu'liosissimum
1328 4186 1492 4249 venit,
1527 4201 1685 4255 quam
1718 4185 1853 4240 bene
1883 4187 2001 4253 qui-

407 4277 531 4327 dam
564 4294 677 4336 cur.
711 4279 929 4344 quidam
970 4278 1200 4332 animam
1239 4294 1518 4332 Causarum
1558 4293 1678 4332 esse
1704 4278 1995 4343 dixerunt,

409 4366 663 4429 quoniam
717 4382 810 4434 per
860 4370 1002 4436 ipsas
1032 4367 1336 4436 agnoscitur
1364 4368 1618 4438 quidquid
1664 4369 1717 4424 in
1762 4370 2001 4440 negotio-

410 4473 529 4511 rum
561 4457 757 4510 viribus
789 4458 1090 4513 medullitus
1119 4459 1438 4514 continetur.
1470 4461 1604 4515 Dicit
1633 4461 1774 4516 enim
1804 4478 1816 4514 :
1855 4462 2000 4528 Quo-

2091 3280 2349 3350 justitiam
2392 3293 2556 3329 incum
2599 3292 2700 3327 non
2743 3276 2940 3344 aperui.
2986 3274 3132 3327 Sicut
3175 3276 3418 3338 superius
3455 3273 3687 3332 diierat,

2100 3370 2239 3422 unde
2277 3369 2446 3421 fuerat
2477 3370 2803 3428 \‘Ilillt'l‘tlllh‘,
2867 3369 2934 3416 ita
2968 3379 3106 3417 nunc
3138 3363 3357 3416 veniens
3396 3363 3462 3414 ad
3495 3378 3688 3414 st-t'tttt-

2097 3460 2222 3516 dant
2259 3471 2484 3528 partem,
2523 3459 2684 3510 refert
2723 3459 2860 3508 unde
2897 3472 3102 3518 curant,
3140 3455 3363 3507 Domino
3401 3454 3690 3519 largiente,

2101 3557 2422 3622 perceperit.
2474 3552 2518 3603 υ
2559 3551 2732 3616 ingeni
2773 3565 2828 3600 sa
2877 3548 3209 3616 simplicitas,
3249 3557 3302 3598 r-t
3351 3547 3493 3598 mile
3532 3545 3692 3612 tergi-

2099 3643 2464 3698 versaturibus
2518 3653 2721 3694 eautiur
2783 3641 3025 3705 puritas!
3080 3639 3152 3690 Illi
3211 3637 3403 3688 ιΙί‹·ιιιιι·
3449 3637 3692 3689 ιιυΙὶτιιιηι

2101 3738 2267 3792 fuisse
2299 3737 2710 3792 manifesatum,
2745 3732 2825 3784 t'ui
2857 3733 2982 3783 uili!
3017 3733 3282 3781 uer-.ultum
3313 3740 3409 3787 est,
3440 3731 3500 3778 :ul
3534 3744 3692 3796 quem

2103 3831 2220 3898 plus
2253 3830 2446 3882 ciautat
2480 3841 2637 3879 causa
2670 3843 2825 3892 quuu
2861 3825 3065 3892 lingua;
3109 3826 3194 3888 qui
3237 3833 3336 3874 ets:
3373 3825 3437 3871 ab
3470 3821 3691 3871 humiue

2102 3937 2206 3974 non
2237 3919 2432 3982 audiat,
2470 3918 2665 3971 tertius
2710 3915 2882 3966 omnia
2919 3916 3059 3966 novit
3091 3930 3246 3981 quam
3292 3915 3377 3964 ine
3426 3918 3510 3978 qui
3544 3911 3693 3963 facit.

2101 4013 2208 4070 Sed
2240 4012 2340 4065 hoc
2368 4018 2451 4064 cst
2478 4009 2686 4079 cognitu
2709 4025 2736 4057 n
2767 4007 2955 4072 facere,
2989 4008 3038 4056 in
3067 4005 3458 4057 curules-iuuerit
3491 4002 3684 4053 delicta

2104 4103 2416 4173 perducere.
2468 4099 2678 4169 Oper-ire
2715 4107 2795 4149 cst
2836 4107 3011 4150 autem
3055 4095 3207 4148 valde
3245 4093 3439 4162 a'iquid
3481 4093 3696 4145 silentio

2105 4205 2306 4263 tegere,
2335 4201 2425 4244 aut
2455 4190 2632 4244 eurdis
2660 4189 3088 4242 di-simulntiune
3121 4190 3316 4241 velare.
3353 4187 3459 4238 llnc
3493 4186 3697 4237 faciunt

2103 4285 2276 4348 stulti,
2307 4284 2395 4353 qui
2437 4290 2622 4350 putant
2656 4281 2818 4332 Deum
2851 4280 3099 4343 ignorare
3139 4291 3292 4346 ρομεξιτ
3335 4276 3471 4346 quod
3512 4285 3695 4344 agunt.

2103 4376 2320 4439 Ceutra,
2359 4374 2448 4442 qui
2481 4373 2628 4425 illum
2667 4381 2933 4423 noverunt
2964 4386 3046 4420 res
3083 4383 3271 4420 omnes
3301 4369 3497 4418 habere
3527 4367 3700 4416 maui-

2113 4467 2296 4528 festas,
2321 4467 2386 4518 ad
2421 4464 2677 4518 humilem
2704 4461 3098 4516 confessionem
3130 4469 3183 4515 et
3213 4458 3541 4529 preuirentize
3573 4469 3700 4510 vota

409 4553 552 4602 "'3'"
606 4564 706 4604 "0”
759 4563 878 4602 sum
928 4550 1020 4602 “bi
1061 4551 1342 4606 (δίἰιίθεδυε
1379 4552 1655 4618 de’iC-"m.
1691 4555 1865 4606 omnis
1916 4525 2482 4626 ﬁr-Ddcscendunt,
2546 4571 2614 4611 ne
2655 4555 2888 4625 judicem
2939 4555 3209 4623 patiantur
3258 4553 3556 4612 itt'eusum,
3609 4552 3701 4616 qui

408 4650 569 4693 mstas
609 4655 728 4696 mea
773 4641 824 4694 in
869 4641 1175 4697 inﬁrm-tate
1219 4645 1528 4712 c0nsenuit,
1573 4661 1722 4705 more
1767 4645 2002 4700 vulneris

411 4733 726 4802 corporalis,
770 4733 908 4801 quod
952 4736 994 4786 si
1030 4751 1132 4786 non
1183 4737 1419 4801 aperitur
1458 4735 1521 4788 ad
1555 4753 1770 4798 curam,
1821 4739 1872 4790 in
1907 4753 2001 4806 p't-

410 4822 672 4877 tredineut
705 4835 952 4880 servatur
987 4829 1272 4878 oceultuui.
1321 4827 1447 4878 ()ssa
1478 4830 1619 4880 enim
1642 4870 1656 4890 .
1688 4829 1827 4883 sicut
1857 4845 2000 4895 saepe

408 4912 672 4974 diximus,
717 4914 1024 4978 signiliCunt
1066 4917 1224 4968 animi
1274 4913 1602 4982 ﬁrmitatem,
1650 4934 1767 4984 que
1813 4919 2005 4973 merito

406 5009 713 5062 inveterasse
741 5004 1013 5072 dicuntur,
1047 5007 1296 5074 (pluuium
1331 5008 1478 5061 nh-us
1511 5023 1615 5061 nun
1653 5007 1825 5062 fuerat
1861 5008 2005 5062 salu-

411 5102 511 5156 tari
553 5099 762 5155 medico
803 5101 1144 5168 publicatum.
1204 5087 1458 5170 Sequitur
1495 5113 1692 5164 autem,
1734 5099 1859 5154 dum
1893 5102 2004 5155 cln-

416 5207 606 5244 marem
647 5201 752 5242 tota
788 5193 888 5244 die.
923 5192 1051 5242 (Tum
1095 5190 1339 5258 sopr-rius
1382 5209 1439 5241 se
1476 5190 1617 5243 deat
1655 5191 1888 5255 tacuisse,
1919 5191 2003 5246 hic

414 5285 606 5338 iterum
643 5299 704 5337 se
735 5283 984 5334 clamasse
1023 5282 1320 5349 proﬁtetur.
1363 5281 1468 5336 Sed
1511 5283 1665 5334 tacuit
1702 5283 1996 5349 Divinitati,

411 5376 494 5429 cui
533 5375 731 5446 jugiler
777 5375 1078 5442 supplicare
1121 5373 1414 5426 tlcittlisScl.
1467 5371 1717 5426 Clamavit
1771 5377 1860 5444 qui
1907 5390 2002 5442 per

410 5470 583 5536 spatia
632 5466 770 5535 longi
822 5466 1076 5532 temporis
1119 5464 1186 5518 de
1236 5479 1326 5518 sua
1368 5464 1749 5532 justiﬁcatione
1795 5467 2002 5521 locutus

414 5570 517 5615 est.
542 5559 724 5613 Tacuit
751 5576 877 5628 ergo
909 5561 1048 5629 rptud
1079 5557 1221 5626 loqui
1251 5561 1325 5610 l'as
1356 5559 1480 5624 fuit;
1511 5559 1718 5616 locutus
1747 5571 1829 5617 est
1857 5561 2000 5630 quod

416 5661 592 5708 tacere
620 5651 916 5710 debuisset.
950 5653 1039 5706 Sic
1069 5658 1258 5704 factum
1289 5662 1368 5703 est
1401 5660 1683 5720 ntrmnque
1715 5653 2000 5722 culpabile,

414 5745 656 5812 quamvis
701 5742 941 5799 videatur
993 5758 1116 5797 esse
1162 5740 1455 5798 diversum.
1507 5742 1776 5798 Memento
1824 5756 2002 5799 autem

2109 4651 2399 4720 propitium
2471 4647 2668 4702 habere
2724 4653 2973 4716 poterant
3025 4645 3370 4698 advocatum.
3446 4641 3702 4694 Drlirtum

2107 4759 2233 4796 vero
2269 4742 2484 4810 quidam
2527 4741 2643 4793 leve
2685 4747 3005 4806 putaverunt
3040 4751 3159 4788 esse
3197 4749 3495 4802 peccatum,
3539 4733 3697 4800 quasi

2106 4832 2460 4902 negligentius
2497 4829 2852 4892 derelictum;
2904 4827 3210 4899 injustitiam
3251 4835 3426 4878 autem
3470 4823 3706 4876 immane

2108 4924 2308 4990 aliquid
2337 4934 2649 4990 saevumque
2675 4919 3048 4973 commissum.
3084 4917 3189 4970 Sed
3227 4917 3309 4969 hic
3344 4917 3543 4984 puritus
3571 4929 3706 4966 con—

2109 5015 2307 5070 ﬁtentis
2352 5015 2683 5076 ostenditur,
2731 5021 2789 5065 ut
2831 5025 2927 5064 nec
2977 5009 3107 5064 illud
3154 5024 3341 5076 passus
3383 5016 3454 5060 sit
3501 5005 3703 5069 celare,

2107 5107 2251 5179 quod
2281 5104 2608 5160 credebatur
2639 5103 2754 5158 l‘ure
2783 5103 3008 5158 veniale.

2184 5204 2338 5258 Vers.
2371 5205 2424 5257 7.
2475 5201 2616 5267 Dixi,
2645 5201 2987 5267 pronuntiabo
3019 5199 3288 5251 adversum
3321 5213 3398 5249 me
3429 5195 3710 5266 injustitins

2113 5312 2247 5350 muas
2273 5292 2492 5344 Domino
2513 5309 2530 5344 :
2557 5301 2601 5342 et
2631 5303 2683 5342 tu
2712 5291 2949 5342 remisisti
3004 5292 3315 5358 impietatem
3349 5288 3514 5340 cordis
3545 5285 3705 5356 [ιιιες.

2115 5389 2201 5450 A.,
2221 5385 2302 5446 3.,
2330 5382 2412 5444 F.,
2438 5380 2652 5452 ραι-ιιι]
2701 5381 2816 5434 mei.
2873 5381 2967 5433 llic
2993 5395 3180 5446 magna
3216 5383 3381 5447 pietas
3409 5378 3712 5430 liiviuitatis

2111 5472 2449 5537 Ostenditur,
2509 5479 2565 5522 ut
2612 5470 2676 5522 ad
2729 5469 2896 5522 solam
2951 5469 3354 5534 promissionem
3408 5467 3714 5518 dexoliouis

2111 5563 2289 5618 subito
2337 5571 2551 5630 peccata
2600 5559 2892 5621 laxaVetil,
2937 5559 3149 5625 qttuntit)
3199 5561 3273 5610 sic
3317 5560 3516 5621 iudicat
3564 5563 3712 5624 pium

2112 5664 2326 5716 votum,
2367 5648 2820 5719 quemadmodum
2869 5647 3196 5716 operationis
3247 5647 3509 5698 rchrtum.
3570 5645 3714 5700 Dixit

2113 5745 2256 5798 enim
2288 5743 2340 5797 in
2370 5742 2530 5796 corde
2557 5758 2672 5806 suo,
2701 5740 2924 5794 [hmine
2955 5757 3056 5793 nou
3092 5749 3268 5791 tacere
3297 5755 3408 5806 qum
3438 5747 3711 5808 gesserat:
