4030 6172
321 283 425 340 22!

1247 289 1604 346 EXPOSITIO
1642 289 1708 345 IN
1748 289 2209 348 PSALTEINUM.
2254 293 2443 349 l‘SAL.
2489 288 2677 349 XXXI.

3494 288 3606 345 2‘32

319 419 372 463 it
397 421 649 479 tanquam
666 407 777 478 jam
800 414 985 463 cuncta
1011 407 1322 476 prodiderit,
1350 409 1421 462 ita
1446 407 1520 461 illi
1548 408 1768 463 remissa
1792 416 1913 461 sunt
1940 413 1989 471 Α
2019 411 2297 465 conclusio
2338 411 2649 480 pmnitcntis
2700 409 2751 463 in
2797 410 2989 467 timore
3032 410 3373 480 praesentium
3421 418 3475 465 et
3504 424 3605 479 spe

316 516 437 571 qua
484 500 652 553 voluit
697 499 970 564 confiteri;
1026 499 1218 552 merito
1255 499 1468 567 quando
1512 500 1740 567 aliquem
1796 502 1910 553 sola

317 592 566 644 voluntas
608 600 700 644 aut
741 590 989 658 absolvit,
1029 598 1119 642 aut
1160 590 1331 658 punit.
1382 588 1728 643 Prouuntiabo
1759 590 1911 659 ἀίω,

318 683 533 753 publice
570 683 799 747 fatebor,
842 694 899 735 ut
934 683 1068 735 alios
1104 682 1170 734 ad
1215 682 1560 738 imitationem
1606 683 1783 741 trahat
1825 688 1911 755 pia

316 776 601 843 ﬁdelisque
630 775 919 830 Confessio.
957 774 1208 844 Sequitur
1235 774 1303 831 de
1327 775 1666 833 accusatione
1700 780 1911 846 proin'ia

310 867 551 922 salutare
579 867 896 932 remedium,
936 867 1148 935 quando
1181 866 1416 936 pepercit
1441 865 1630 939 jttdex,
1658 884 1777 924 cum
1809 869 1911 926 sibi

312 974 417 1011 non
447 969 694 1029 parceret
736 973 883 1014 reus.
928 958 1178 1026 Impietas
1213 972 1395 1022 autem
1434 966 1602 1017 cordis
1632 964 1756 1029 fuit,
1788 967 1910 1032 quia

310 1062 500 1105 tacere
541 1050 887 1115 decreverat;
939 1062 995 1105 ut
1032 1051 1108 1105 illi
1148 1066 1207 1107 se
1243 1058 1490 1109 crederet
1524 1056 1784 1119 celatum,
1819 1056 1908 1125 qui

310 1154 599 1213 natalium
629 1146 759 1199 ﬁant
785 1145 989 1206 omnia.
1021 1155 1199 1217 potest
1231 1149 1429 1205 habere
1460 1150 1762 1204 notissima.

385 1234 545 1290 Vera.
586 1235 641 1288 8.
691 1234 797 1289 Pro
837 1235 938 1293 hac
982 1239 1147 1293 orabit
1189 1240 1257 1294 ad
1299 1249 1349 1293 te
1394 1241 1558 1294 cuiuis
1601 1250 1805 1295 sanctus
1852 1240 1908 1294 iis

309 1333 539 1392 tempore
579 1334 895 1396 Opportuna.
948 1328 1171 1385 Peracto
1211 1329 1368 1398 igitur
1400 1329 1690 1397 principio,
1720 1344 1906 1383 narra-

308 1416 455 1471 tione
485 1418 569 1471 vel
596 1418 986 1483 uiisfactione,
1016 1425 1157 1475 venit
1183 1421 1250 1475 ad
1280 1422 1678 1479 conclusionem
1707 1420 1909 1489 depre-

308 1510 545 1565 cationis
572 1525 717 1577 snze,
758 1511 810 1564 in
840 1526 941 1580 qua
987 1513 1067 1566 sic
1094 1513 1436 1569 commendat
1476 1513 1645 1568 venite
1674 1514 1911 1582 postula-

311 1602 551 1663 tionem,
604 1613 660 1654 ut
700 1617 820 1657 eam
864 1603 1024 1656 etiam
1072 1604 1273 1659 sanctis
1319 1605 1568 1659 omnibus
1608 1603 1751 1658 dicat
1788 1617 1911 1659 esse

307 1711 658 1751 mitimunem
687 1715 702 1750 :
736 1698 949 1763 merito,
978 1700 1229 1765 quoniam
1258 1700 1348 1769 qui
1376 1716 1481 1755 non
1510 1710 1592 1754 est
1619 1715 1650 1754 ι
1679 1701 1911 1769 peccatio

2019 501 2339 555 futurorum.
2392 502 2601 569 Venite,
2653 511 2915 564 oratores,
2962 501 3053 570 qui
3102 501 3311 572 negotia
3368 500 3605 555 humana

2017 592 2305 646 artiliciosa
2354 592 2647 645 subtilitate
2695 590 2963 656 tractatis;
3010 589 3189 644 videte
3231 605 3378 643 reum
3422 605 3480 643 se
3524 588 3603 643 la-

2016 683 2215 755 crymis
2246 683 2564 749 diluentem,
2597 682 2775 736 audite
2808 692 3143 751 peccatorem
3173 680 3603 735 confessionibus

2015 775 2341 839 absolutum,
2380 773 2657 842 intelligite
2692 773 3009 827 sententiam
3041 773 3294 841 principis
3323 790 3424 826 non
3454 776 3599 825 salu-

2018 878 2121 922 tem
2154 867 2383 921 hominis
2416 866 2698 934 impetere,
2731 870 2823 921 sed
2856 868 3030 933 potius
3073 875 3292 936 peccata
3322 867 3480 921 damn
3502 883 3599 921 ire.

2018 960 2117 1011 Ista
2147 969 2270 1012 sunt
2309 958 2613 1021 tribunalia,
2637 974 2755 1026 qua:
2785 957 2961 1010 nullus
2986 958 3216 1021 redimit,
3250 962 3349 1011 ista
3377 968 3598 1012 senten~

2017 1052 2086 1105 tia
2122 1066 2242 1120 qua:
2284 1051 2413 1104 niliil
2455 1050 2555 1103 sub
2591 1050 2934 1119 ambiguitate
2976 1050 3240 1106 decernit.
3285 1049 3400 1103 Tali
3441 1051 3599 1103 modo

2015 1143 2191 1212 potius
2228 1156 2416 1195 causas
2456 1150 2659 1194 vestras
2704 1141 3003 1206 defendite,
3053 1140 3142 1210 qui
3182 1140 3424 1210 negando
3461 1143 3599 1195 veri-

2018 1243 2211 1300 tatem,
2268 1249 2388 1286 cum
2452 1232 2762 1286 eiimiuibns
2828 1232 3129 1287 consuestis
3178 1232 3369 1286 delicta
3424 1245 3600 1286 vestra

2017 1329 2259 1384 miscere.
2283 1326 2602 1381 Convertite
2621 1326 2867 1382 ordinem
2895 1327 3233 1381 saicularium
3252 1327 3598 1397 judiciorum.

2015 1419 2314 1473 orationem
2363 1428 2592 1471 vestram
2645 1418 2711 1470 ab
2750 1416 2975 1487 epilogis
3024 1417 3272 1486 incipite,
3321 1430 3599 1486 perversis

2017 1508 2267 1563 ﬂebiliter
2318 1516 2533 1561 narrate
2584 1507 2858 1572 miserias,
2909 1517 3300 1561 correctionem
3358 1504 3600 1573 protinus

2018 1603 2281 1659 veraciter
2310 1602 2576 1661 intimate,
2600 1611 2651 1653 et
2680 1614 2819 1653 nunc
2850 1599 3126 1652 moremini
3156 1598 3447 1667 gaudentes
3475 1613 3601 1649 cono

2016 1694 2236 1748 cludere
2273 1690 2414 1761 quod
2456 1690 2642 1744 [lentes
2683 1690 2911 1743 feliciter
2950 1688 3261 1742 inchoastis.
3298 1687 3428 1740 llioc
3463 1687 3599 1740 enim

306 1791 545 1851 alienus.
594 1793 645 1844 in
695 1790 1175 1858 supplicationibus
1222 1791 1383 1847 debet
1434 1807 1557 1847 esse
1596 1793 1907 1861 permistus.
1941 1793 1987 1855 Β
2016 1785 2323 1854 intelligetis
2366 1783 2492 1853 quid
2535 1781 2745 1835 dilferat
2779 1782 2914 1835 oido
2958 1781 3057 1835 iste
3085 1782 3358 1842 salutaris,
3388 1779 3601 1847 quando

305 1884 358 1935 υ
387 1881 657 1934 medicina
695 1882 975 1935 salutaris!
1023 1882 1219 1936 Contra
1250 1882 1466 1936 morbos
1505 1883 1745 1937 omnium
1777 1900 1907 1951 pec-

304 1981 591 2034 catorum,
630 1972 840 2026 diversa
886 1974 1123 2029 remedia
1164 1984 1482 2041 praestantur
1522 1976 1763 2042 aegrotis;
1807 1979 1911 2029 hoc

305 2077 481 2115 unum
510 2063 835 2128 antidotum,
866 2063 911 2117 si
945 2076 1075 2132 pura
1105 2073 1284 2117 meme
1301 2065 1549 2127 sumitur,
1586 2063 1909 2117 delictomm

305 2155 555 2207 omnium
596 2168 799 2208 venena
839 2154 1146 2208 vincuntur.
1186 2152 1424 2220 Addidit,
1462 2156 1515 2208 in
1553 2163 1779 2224 tenipore
1815 2171 1909 2224 ορο

304 2256 563 2313 meno,
597 2244 649 2297 in
691 2244 794 2297 ista
828 2244 1031 2299 scilicet
1062 2243 1243 2298 mundi
1277 2244 1404 2309 vita,
1443 2243 1533 2299 ubi
1555 2246 1798 2299 converti
1829 2243 1909 2297 fas

304 2346 423 2399 at;
474 2350 600 2388 nam
633 2334 687 2389 in
718 2334 953 2399 inferno,
982 2334 1121 2390 sicut
1148 2336 1397 2404 superius
1438 2334 1492 2387 in
1522 2343 1675 2389 sexto
1701 2333 1909 2403 psalmo

306 2426 520 2481 dictum
551 2436 657 2489 est,
692 2440 849 2478 nemo
879 2425 1116 2493 prollcue
1146 2425 1373 2479 Domino
1402 2425 1708 2479 conﬁtetur.

385 2518 543 2571 Ver».
572 2520 626 2571 9.
659 2515 1019 2569 Verumtamen
1048 2517 1099 2568 in
1122 2516 1314 2570 diluvio
1335 2532 1583 2586 aquarum
1606 2519 1904 2581 multarum,

303 2610 378 2663 ad
423 2624 546 2661 eam
588 2623 693 2660 non
729 2606 1182 2675 approximabuut.
1231 2608 1363 2660 Cum
1406 2606 1650 2675 superius
1692 2618 1907 2664 sanctos

307 2703 513 2771 iugiter
554 2715 714 2754 orare
762 2709 1003 2765 testetnr,
1056 2715 1199 2755 nunc
1246 2699 1515 2774 pietatem~
1548 2703 1700 2753 istam
1750 2709 1909 2771 negat

304 2793 551 2847 diversis
618 2790 1094 2859 superstitionibus
1153 2792 1571 2846 concedendam.
1650 2791 1910 2845 Diluvium

303 2884 464 2938 enim
500 2897 754 2950 armarunt
797 2880 1074 2934 multarum
1109 2891 1193 2937 est
1229 2896 1381 2936 error
1423 2882 1696 2935 hominum
1738 2887 1910 2951 pessi-

316 2989 559 3037 morum,
593 2974 682 3040 qui
716 2972 878 3025 variis
907 2974 1256 3040 pravitatibus
1282 2974 1625 3041 ﬂuctuantes,
1655 2976 1913 3045 multipli-

310 3082 416 3121 ces
449 3066 554 3119 sibi
583 3065 856 3120 doctrinas
882 3068 1239 3130 constituunt,
1268 3080 1401 3135 quas
1431 3082 1461 3119 a
1493 3081 1620 3122 vero
1664 3067 1914 3138 Magistro

2014 1875 2147 1931 niliil
2185 1884 2362 1945 potest
2401 1873 2671 1927 sustinere
2707 1870 3059 1934 contrarium,
3103 1870 3243 1937 quod
3286 1868 3601 1923 terminatur

2016 1968 2067 2020 in
2095 1965 2373 2036 gaudium.
2418 1962 2569 2017 Nunc
2606 1962 2883 2016 videamus
2919 1961 2971 2016 in
3008 1974 3158 2032 parte
3196 1958 3438 2026 ﬁnitima,
3476 1956 3601 2026 quid

2019 2061 2066 2114 ei
2091 2056 2348 2113 Dominus
2377 2055 2494 2125 ipse
2521 2056 2863 2124 restiondeat.

2091 2156 2244 2211 Vers.
2288 2155 2374 2209 ιι.
2416 2153 2747 2208 Intellectum
2780 2153 2913 2207 dabo
2953 2151 3063 2222 tibi,
3101 2162 3148 2207 et
3185 2153 3432 2207 instruant
3468 2160 3514 2204 te
3549 2153 3601 2203 in

2016 2252 2098 2306 via
2126 2251 2222 2305 hac
2252 2266 2351 2317 qua
2383 2248 2715 2319 ingrediaris;
2742 2248 2960 2315 ﬁrmabo
2985 2262 3139 2315 super
3170 2256 3216 2299 te
3244 2245 3416 2299 oculos
3443 2260 3602 2298 meos.

2023 2342 2176 2397 Venit
2205 2340 2272 2395 ad
2309 2348 2551 2410 quartam
2596 2346 2823 2407 partem,
2874 2338 2963 2391 ubi
2999 2352 3179 2391 sermo
3210 2337 3416 2392 Domini
3449 2336 3602 2404 quasi

2014 2433 2302 2495 mellilluus
2348 2431 2523 2487 imber
2569 2431 2784 2484 irrorat.
2836 2429 2943 2485 Sed
2997 2427 3395 2482 consideremus
3442 2442 3602 2496 quam

2014 2536 2157 2595 apte,
2205 2539 2363 2597 quam
2411 2521 2831 2578 misericorditer
2869 2518 3115 2574 Christus
3161 2520 3491 2573 introductus
3519 2528 3604 2573 est

2013 2620 2266 2689 loquens;
2309 2626 2367 2670 ut
2413 2616 2527 2684 itso
2560 2614 2741 2685 judice
2778 2612 3307 2692 promittentekspes
3340 2610 3604 2681 poeniten-

2017 2712 2157 2765 tibus
2204 2711 2400 2764 certior
2443 2715 2744 2776 appareret.
2794 2705 2901 2761 Sed
2948 2705 3073 2774 quid
3119 2704 3249 2759 dicit
3301 2704 3604 2773 imprimis?

2016 2804 2339 2858 Intellectum
2378 2800 2509 2853 dabo
2541 2797 2649 2854 tibi.
2700 2796 2857 2849 Vides
2885 2796 3006 2865 quia
3038 2804 3345 2865 peccatores
3374 2809 3477 2848 non
3512 2793 3605 2847 ba-

2018 2899 2146 2950 l.eut
2184 2894 2541 2953 intellectum,
2574 2890 2673 2942 nisi
2712 2887 2925 2957 quando
2953 2902 3073 2940 eum
3106 2886 3356 2939 Dominus
3384 2901 3603 2941 conver-

2016 2989 2092 3041 sis
2139 2984 2463 3058 propitiattts
2495 2981 2750 3049 indulget.
2809 2977 3109 3046 Intelligere
3147 2988 3227 3031 est
3268 2977 3434 3042 e..ini,
3470 2977 3604 3029 bene

2020 3094 2200 3149 agere,
2230 3088 2285 3131 et
2310 3077 2374 3129 ad
2406 3074 2650 3128 mandata
2678 3072 2766 3125 Dei
2801 3079 2919 3124 vota
2950 3078 3284 3123 coiivetterc.
3319 3069 3353 3134 l,
3377 3085 3435 3124 se
3463 3072 3605 3123 euiut

308 3162 632 3215 nullatenus
656 3170 999 3229 acceperunt.
1029 3162 1157 3226 Quae
1181 3160 1446 3214 sententia
1479 3160 1710 3215 maxime
1740 3168 1915 3215 tmere-
1943 3155 1989 3218 C
2019 3173 2303 3226 intellectus
2349 3182 2451 3233 est,
2496 3184 2653 3235 quem
2705 3166 2836 3219 ιίιιιιί
2886 3165 3084 3218 veritas
3132 3162 3402 3226 indicavit,
3449 3179 3606 3231 quem

304 3255 686 3322 ticoosrgmt,
723 3253 831 3321 qui
852 3253 904 3304 in
938 3253 1131 3305 diluvio
1160 3252 1532 3321 perversitatis
1564 3266 1675 3311 sum
1715 3262 1919 3321 tempe-

306 3356 542 3401 stuosas
572 3356 627 3401 et
657 3346 944 3413 naufragus
972 3346 1213 3399 excitant
1258 3346 1606 3414 quastiones.
1662 3347 1725 3399 Et
1759 3347 1811 3400 lii
1851 3346 1918 3399 ad

310 3456 445 3494 cum
488 3454 593 3490 non
633 3438 1086 3507 approximabunt,
1136 3438 1389 3507 quoniam
1435 3452 1465 3490 a
1501 3453 1621 3491 vera
1666 3439 1922 3507 relig'one

310 3534 637 3590 discedunt.
718 3534 851 3597 Quae
898 3531 1062 3599 ligura
1118 3531 1309 3587 dicitur
1353 3532 1697 3600 metaphora,
1744 3532 1795 3588 id
1841 3542 1923 3585 est

318 3622 639 3689 translatio,
686 3636 810 3678 cum
861 3630 1098 3675 mutatur
1137 3636 1329 3675 nomen
1374 3631 1465 3675 aut
1505 3622 1723 3679 verbum
1759 3637 1823 3675 es
1856 3638 1921 3677 eo

318 3718 458 3771 loco
486 3714 578 3771 ubi
615 3713 890 3785 proprium
923 3722 1027 3779 est,
1061 3712 1113 3765 in
1144 3727 1264 3765 eum
1300 3713 1353 3766 in
1387 3729 1493 3781 quo
1526 3722 1618 3775 aut
1648 3713 1918 3783 proprium

319 3809 513 3874 deest,
537 3816 631 3861 eut
664 3786 975 3861 translatum
1006 3804 1223 3873 proprio
1254 3805 1445 3861 melius
1475 3815 1577 3861 est.

408 3904 571 3961 Vero.
622 3904 710 3959 10.
770 3901 847 3958 Tu
895 3903 1018 3956 mihi
1062 3920 1115 3956 es
1161 3904 1411 3973 refugium
1454 3920 1487 3954 a
1530 3920 1763 3972 pressura
1809 3922 1957 3971 quat

318 3997 675 4054 circumdedit
703 4013 781 4050 me
809 4013 828 4051 :
856 3996 1130 4050 exsultatio
1156 4013 1289 4059 mea,
1320 4014 1357 4049 r.
1377 3997 1511 4051 dimc
1540 4013 1619 4051 me
1644 4015 1673 4053 ιι
1704 4000 1790 4049 rir.
1811 4016 1923 4049 um-

318 4088 583 4145 da'm'bus
620 4104 720 4141 me.
768 4087 1044 4158 Refugium
1088 4098 1171 4140 est
1207 4086 1271 4139 ad
1312 4092 1454 4155 quod
1501 4088 1822 4156 confingitur.
1868 4098 1925 4143 ut

319 4181 578 4251 pcriatla
622 4179 978 4233 declinentur.
1053 4178 1157 4233 Sed
1203 4176 1303 4232 iste
1349 4194 1452 4232 non
1500 4179 1566 4231 ad
1610 4179 1926 4233 solitudines

320 4273 546 4335 invias.
584 4286 689 4325 non
733 4271 797 4323 ad
832 4271 1029 4323 munita
1075 4280 1393 4333 castrorum,
1431 4285 1534 4323 non
1581 4270 1645 4323 ad
1696 4269 1925 4326 hominis

320 4362 550 4419 auxilia
578 4361 880 4417 convolavit
913 4378 927 4415 :
960 4362 1051 4416 sed
1082 4362 1147 4415 ad
1180 4361 1377 4423 Deum,
1410 4362 1498 4429 qui
1530 4363 1925 4421 circumeuntes

2024 3260 2405 3335 pmiiitentibus
2465 3264 2699 3326 potestas
2747 3254 2956 3308 Domini
3014 3255 3305 3308 clementer
3356 3251 3607 3306 infundit.

2024 3352 2245 3408 Addidit
2277 3369 2290 3404 :
2322 3351 2385 3404 Et
2422 3351 2671 3402 instruant
2705 3358 2771 3412 te,
2820 3346 2971 3415 quasi
3022 3346 3348 3399 nescientem
3382 3346 3608 3411 docebo,

2023 3444 2174 3525 quasi
2216 3443 2472 3499 inermem
2513 3440 2690 3510 gladio
2723 3439 2841 3491 vitae
2866 3439 3113 3491 salutaris
3140 3439 3294 3509 135
3318 3438 3608 3505 accingam.

2027 3541 2165 3593 Ante
2192 3539 2331 3590 enim
2351 3577 2364 3600 ,
2392 3549 2513 3590 cum
2544 3531 2769 3586 Domino
2799 3532 2983 3600 culpas
3014 3539 3234 3594 taceret,
3272 3529 3444 3585 fuerat
3483 3545 3609 3583 cou-

2024 3631 2144 3683 silio
2179 3626 2495 3689 destitutus;
2529 3638 2671 3678 nunc
2700 3633 2875 3677 autem
2909 3623 3215 3687 instruitur,
3246 3621 3458 3690 quando
3487 3637 3611 3673 con.

2026 3730 2105 3775 ti-a
2136 3735 2195 3776 se
2223 3717 2593 3787 pronuntiare,
2627 3725 2912 3783 praestante
2940 3715 3071 3769 Dom
3099 3730 3190 3779 no,
3222 3721 3612 3769 commonetur.

2025 3814 2069 3867 0
2101 3810 2425 3879 pmnitentia:
2466 3808 2856 3864 ingestimabilis
2900 3808 3194 3880 medicina,
3234 3823 3352 3877 quze
3385 3822 3489 3859 non
3530 3821 3615 3859 siis

2027 3904 2135 3957 lum
2175 3919 2203 3955 a
2244 3901 2477 3973 peccatis
2517 3900 2767 3965 absolvit,
2810 3898 2904 3952 sed
2945 3900 3105 3952 etiam
3144 3912 3449 3951 sanctorum
3486 3914 3616 3964 ιιι-,νς

2027 3996 2133 4051 mia
2158 3995 2309 4049 beata
2331 3993 2527 4047 eonceil
2556 3993 2605 4045 ιι
2638 3992 2728 4045 Via
2751 4000 2833 4046 est
2859 3992 3001 4045 enim
3025 4006 3181 4058 quam
3213 3994 3477 4057 ingrt-Sstts
3512 3994 3617 4041 lui--

2033 4098 2113 4141 rat
2149 4086 2354 4142 servire
2387 4084 2641 4147 Domino,
2676 4083 2868 4150 prioris
2899 4081 3127 4136 actionis
3171 4083 3431 4148 pravitate
3472 4081 3618 4132 daui~

2035 4184 2189 4239 nata;
2230 4176 2311 4226 via
2342 4190 2458 4241 quae
2489 4188 2595 4226 non
2627 4170 2788 4224 liabet
2824 4186 3086 4234 errorem.
3127 4170 3229 4224 nisi
3259 4186 3379 4222 cum
3410 4170 3478 4223 ab
3509 4170 3619 4237 ipsa

2034 4264 2336 4330 receditur;
2373 4263 2451 4316 via
2486 4263 2629 4331 pacis
2659 4269 2714 4314 et
2755 4261 3024 4325 veritatis,
3068 4276 3225 4330 quam
3258 4262 3424 4314 beata:
3456 4263 3621 4313 virtu-

2035 4366 2117 4413 tes
2157 4367 2485 4421 commeant,
2520 4355 2608 4408 ulii
2639 4355 2781 4409 nulla
2812 4354 2975 4410 facies
3007 4356 3365 4424 perversitatis
3393 4356 3620 4409 aciedit.

319 4454 653 4524 spirituales
691 4454 938 4509 inimicos
982 4464 1192 4523 poterat
1233 4455 1517 4522 dissipare.
1569 4455 1770 4509 Deinde
1801 4471 1930 4521 gau-
1961 4493 2011 4550 D
2036 4449 2307 4518 Sequitur,
2341 4449 2553 4514 ﬁrmabo
2576 4462 2728 4516 super
2753 4455 2800 4499 te
2820 4446 2993 4499 oculos
3020 4462 3179 4510 meos,
3213 4445 3267 4499 id
3295 4455 3377 4499 est
3400 4447 3622 4516 dirigam

321 4550 495 4604 dim
527 4560 681 4600 suum
712 4546 842 4601 dicit
878 4546 1184 4610 Dotninum,
1218 4563 1246 4599 α
1276 4563 1383 4616 quo
1413 4548 1513 4601 sibi
1553 4559 1771 4600 noverat
1812 4564 1931 4602 esse

323 4638 694 4712 parcendum.
738 4638 869 4691 Nam
906 4637 1048 4706 quod
1079 4638 1175 4704 ait,
1211 4638 1402 4690 redime
1438 4654 1537 4699 me.
1575 4637 1811 4705 nunquid
1844 4638 1933 4691 ille

330 4744 541 4784 aurum
577 4731 667 4782 dat
702 4739 758 4783 ut
793 4730 1019 4783 liberet?
1066 4730 1117 4784 S-
1140 4731 1171 4783 d
1210 4731 1357 4784 dedit
1394 4731 1706 4799 sanguinem
1736 4732 1933 4798 pretio-

331 4836 496 4885 sum,
532 4820 688 4873 nullis
713 4821 933 4883 divitiis,
970 4823 1125 4875 nullis
1152 4825 1346 4890 opibus
1376 4823 1781 4879 conterendum.
1827 4823 1932 4876 Sed

335 4912 513 4981 paulo
555 4911 834 4964 sollicitius
875 4911 1225 4980 indagemus,
1269 4912 1392 4978 quid
1435 4912 1587 4965 nobs
1629 4912 1790 4966 veiba
1834 4925 1931 4966 ista

334 5003 705 5058 denuntient?
743 5002 873 5057 Nam
906 5018 1026 5055 cum
1064 5002 1213 5067 chit,
1242 5004 1513 5056 exsultatio
1565 5021 1699 5067 ntro,
1731 5006 1935 5071 accepti

338 5094 604 5150 beneﬁcii
655 5096 863 5150 videtur
911 5111 1031 5151 esse
1084 5096 1367 5163 professio.
1428 5097 1561 5150 Dunt
1622 5097 1933 5166 stilijunxit,

336 5190 550 5245 redime
574 5204 679 5252 me,
711 5189 885 5242 adhuc
917 5189 1265 5255 periclitantis
1296 5189 1490 5242 indicat
1522 5191 1785 5243 timorem.
1831 5189 1938 5243 Sed

340 5283 476 5349 quia
520 5278 627 5347 jam
659 5281 925 5349 ganniebat
962 5284 1013 5333 in
1056 5296 1178 5348 spe,
1221 5292 1275 5335 et
1310 5282 1485 5337 adhuc
1517 5282 1735 5336 timebat
1776 5283 1826 5335 in
1860 5298 1937 5346 re,

340 5384 591 5442 onagruc
636 5380 858 5440 utraque
901 5373 1186 5436 coniuncta
1236 5384 1381 5426 sunt.
1446 5375 1734 5429 Possumus
1794 5375 1940 5427 enim

344 5467 538 5519 animo
580 5464 831 5531 gaudere,
874 5479 995 5517 cum
1043 5465 1180 5517 mala
1228 5467 1508 5532 prmsentia
1552 5465 1796 5518 novimus
1841 5466 1946 5519 line

341 5556 643 5610 celerrimo
672 5556 1027 5609 terminanda.
1059 5557 1173 5609 Add
1198 5556 1297 5621 dit,
1327 5572 1358 5609 a
1384 5555 1815 5609 circuutdantibus
1845 5574 1943 5622 me,

342 5646 470 5700 sive
513 5643 651 5697 vitiis
680 5643 1019 5709 carnalibus,
1051 5644 1163 5699 sive
1192 5646 1469 5714 spiritibus
1503 5646 1823 5708 immundis.
1856 5649 1944 5715 qui

344 5754 456 5793 nos
494 5736 715 5804 perdere
747 5737 1004 5807 prmeipiti
1040 5740 1317 5796 velocitate
1357 5742 1626 5795 festinant.
1662 5740 1830 5797 Finita
1864 5747 1947 5793 est

2040 4541 2173 4595 inte
2214 4541 2392 4594 ltunen
2444 4538 2810 4608 intelligentim
2852 4554 3006 4592 meai.
3059 4539 3188 4592 Nam
3226 4539 3313 4607 qui
3357 4548 3501 4593 recte
3539 4555 3624 4592 sa-

2042 4634 2191 4700 piens
2222 4640 2333 4697 est,
2364 4641 2418 4687 et
2456 4631 2703 4685 mandata
2740 4629 2950 4683 Domini
2985 4629 3189 4683 sincera
3225 4641 3405 4682 mente
3449 4631 3625 4696 perle-

2039 4728 2191 4785 cerit.
2230 4725 2374 4793 jllSle
2411 4722 2527 4792 ejus
2557 4730 2740 4775 oculos
2781 4738 2943 4791 super
2974 4737 3031 4778 se
3065 4722 3262 4775 habere
3292 4721 3624 4788 perlnbetur.

2040 4818 2377 4881 Quapropter
2435 4815 2779 4867 advertamus
2838 4812 2980 4880 quali
3031 4812 3202 4881 gloria
3253 4811 3623 4879 pmtiitentium

2041 4909 2301 4961 exalietur
2344 4906 2644 4972 humilitas,
2680 4914 2737 4959 ut
2768 4906 2974 4959 Domini
3013 4907 3187 4959 oculos
3225 4921 3383 4971 supra
3428 4919 3489 4959 se
3530 4906 3625 4972 ﬁr-
3685 4948 3692 4977 ,

2040 5013 2200 5051 malos
2229 4998 2467 5061 audiant,
2499 5013 2617 5049 cum
2649 4998 2695 5051 ei
2726 4997 3040 5053 satisfacere
3068 4998 3207 5052 velle
3238 4997 3512 5051 festinant.

2119 5098 2266 5152 Vers.
2312 5097 2400 5152 l2.
2444 5095 2621 5150 Nolite
2648 5096 2762 5166 ﬁeri
2792 5096 2921 5150 sicut
2953 5112 3112 5165 equus
3144 5106 3192 5151 et
3228 5094 3420 5158 mulus,
3448 5094 3625 5163 quibus

2043 5207 2145 5245 non
2170 5200 2243 5244 est
2269 5188 2578 5243 intellectus.

2120 5279 2272 5333 Veis.
2317 5281 2404 5333 15.
2455 5276 2519 5330 In
2554 5282 2699 5347 freno
2753 5286 2799 5331 et
2843 5293 2988 5331 ramo
3029 5276 3266 5330 maxillas
3301 5290 3477 5328 eorum
3507 5291 3628 5329 can-
3691 5286 3697 5294 '

2047 5373 2261 5441 stringe.
2293 5372 2387 5425 llic
2410 5371 2511 5437 iam
2540 5371 2863 5440 generaliter
2885 5371 3171 5426 humanum
3195 5386 3362 5440 genus
3391 5386 3632 5424 comnio-

2051 5472 2143 5516 net
2173 5480 2237 5517 ne
2268 5464 2416 5532 vagis
2447 5463 2707 5521 subdatur
2739 5465 3036 5517 erroribus.
3094 5462 3197 5518 Sed
3232 5472 3628 5529 perscrutemur

2048 5570 2215 5623 quare
2255 5553 2369 5606 ista:
2409 5556 2839 5622 comparatIOncs
2878 5557 2988 5609 sint
3030 5554 3249 5621 positas?
3302 5553 3479 5625 Equus
3518 5556 3634 5610 sine

2050 5646 2372 5701 discretione
2412 5647 2643 5701 sessoris
2680 5648 2848 5702 servit
2880 5647 3120 5710 arbitrio,
3154 5660 3210 5701 et
3251 5663 3279 5703 ι
3315 5665 3636 5719 quocunque

2051 5740 2208 5797 fuerit
2239 5752 2492 5797 ascensus
2521 5740 2777 5809 excurrit.
2834 5738 3014 5797 Melus
3044 5749 3220 5795 autem
3254 5744 3515 5814 patienter
3546 5760 3634 5795 ar-
