3982 6184
376 334 480 393 223

377 453 501 520 cipit
526 446 764 504 sarcinas
795 447 987 518 quibus
1010 443 1166 496 fuerit
1192 449 1476 502 oneratus;
1510 448 1562 491 et
1587 451 1681 504 pro
1708 436 1807 487 hoc
1829 434 1957 488 ntri-
1990 433 2037 492 Α
2065 430 2167 482 tius
2209 446 2222 480 :

377 558 480 613 que
521 544 843 595 intellectum
879 553 980 590 non
1028 532 1245 594 habent,
1280 531 1401 598 quia
1432 545 1528 581 nec
1559 527 1649 581 ille
1681 526 1832 596 eligit
1878 522 1965 578 cui

378 635 611 695 oheiliat,
646 645 741 683 nec
789 630 890 682 istc
919 626 1111 695 quibus
1142 622 1397 677 oneribus
1426 621 1731 690 ingravetttr
1762 618 1964 671 intelli-

380 728 473 794 git.
525 721 776 774 Prohibet
813 732 942 786 ergo
982 711 1352 782 hujuscemodi
1400 709 1644 763 homines
1686 707 1967 762 dialinlicis

381 816 528 868 ft-aiid
556 816 652 866 bus
680 809 923 872 insideri,
955 819 1006 859 et
1038 807 1283 859 vitiorum
1317 801 1570 856 oneribus
1601 799 1917 869 pra'gravari
1947 840 1964 861 ,

381 923 446 962 ne
487 907 625 959 male
665 902 964 957 obedieudo
1010 897 1274 964 superbia:
1324 893 1490 962 magis
1533 890 1770 958 partibus
1814 888 1965 941 addi-

382 1009 585 1055 Cantur.
642 997 839 1051 Verum
888 993 1003 1046 istis
1047 990 1239 1043 talibus
1280 986 1405 1056 quid
1444 984 1574 1039 dicit
1613 998 1732 1037 esse
1770 979 1973 1035 facien-

382 1092 553 1143 dum?
590 1088 807 1142 Scilicet
845 1082 985 1154 quod
1025 1080 1344 1133 animalibus
1386 1074 1834 1144 itnprudenlilnts.
1877 1073 1972 1126 llis

386 1183 526 1236 enim
556 1176 1048 1246 cotnpazationibus
1092 1172 1284 1224 stultos
1315 1169 1560 1222 homines
1591 1166 1800 1220 veritati
1844 1166 1972 1218 sub-

386 1272 520 1325 tlidit
548 1271 760 1324 invitos.
792 1266 922 1320 Nam
951 1264 1091 1335 quod
1122 1263 1219 1327 ait,
1249 1262 1300 1313 in
1328 1260 1494 1328 freno,
1530 1259 1594 1310 ad
1626 1273 1820 1326 equum
1854 1271 1974 1325 per-

390 1365 543 1417 tinet.
596 1358 823 1412 Frenum
869 1360 1013 1412 cnim
1054 1373 1082 1408 a
1128 1354 1242 1407 iero
1291 1350 1569 1406 retinendo
1613 1350 1811 1402 dictum
1859 1356 1971 1411 est;

391 1454 561 1508 I'erum
606 1452 804 1520 quippe
850 1448 1046 1518 antiqui
1086 1445 1350 1500 caballum
1401 1441 1670 1494 dixerunt.
1719 1437 1784 1491 In
1828 1452 1973 1491 canto

390 1548 454 1599 al
489 1544 689 1598 mulum
732 1541 968 1609 reSpicit.
1028 1541 1168 1606 Ergo
1202 1536 1313 1589 lucc
1344 1535 1448 1587 duo
1488 1532 1740 1585 animalia
1788 1546 1977 1598 supra-

392 1639 533 1691 dicta
573 1635 825 1689 cohibent
871 1634 971 1686 ista
1015 1628 1330 1689 retinacula,
1372 1634 1431 1679 ut
1469 1624 1535 1678 ad
1577 1622 1855 1677 arbitrium
1891 1622 1978 1691 ju-
2022 1666 2026 1670 .

398 1728 570 1782 bntis
631 1726 912 1785 incedant,
971 1737 1038 1775 ne
1086 1720 1197 1774 suis
1247 1716 1607 1771 voluntatibus
1663 1716 1975 1773 ellerantur.

402 1818 631 1870 Maxilla:
678 1830 804 1867 vero
853 1811 1172 1866 adminicula
1224 1820 1346 1862 sunt
1395 1807 1736 1873 animalium,
1790 1806 1983 1876 quibus
2012 1789 2058 1847 Β

394 1924 518 1962 esca
563 1907 864 1968 uianditur,
909 1911 965 1956 ut
1009 1901 1250 1967 corporis
1293 1900 1396 1952 vita
1446 1907 1778 1966 procuretur.
1836 1897 1982 1964 Ipsas

398 2014 526 2066 ergo
560 1997 801 2049 maxillas
842 2010 934 2062 per
974 1993 1196 2062 ﬁguram
1247 1990 1587 2058 allegoricam
1638 1989 1768 2043 dicit
1799 1987 1984 2042 inube-

399 2091 666 2145 utentibus
708 2088 902 2143 debere
945 2085 1258 2154 consringi,
1300 2082 1350 2135 id
1385 2089 1470 2136 est
1504 2081 1686 2147 c0pias
1727 2080 1983 2134 victuales

404 2184 614 2250 parcius
665 2180 819 2243 dari,
874 2189 929 2230 ut
974 2176 1298 2245 jujuuiorum
1354 2173 1671 2227 necchitatc
1721 2173 1978 2234 conclusi.

399 2270 672 2325 Creatoris
720 2267 1015 2322 subdantur
1066 2265 1309 2334 imperio.
1368 2264 1632 2331 Alli-goria
1683 2270 1765 2316 Cal.
1809 2263 1979 2327 enim,

404 2364 543 2416 sicut
569 2376 711 2429 smpe
737 2359 846 2428 jam
879 2359 1076 2411 dictum
1110 2365 1224 2417 est,
1257 2356 1468 2425 quando
1495 2353 1638 2407 aliud
1681 2355 1894 2423 dicitur,
1929 2363 1984 2409 et

406 2451 551 2505 aliud
596 2452 945 2520 signiﬁcatur.
989 2446 1050 2501 Et
1081 2446 1592 2515 quoniaudiximus
1625 2446 1674 2498 in
1708 2445 1806 2498 hac
1834 2453 1985 2514 parte

407 2544 693 2598 Dominum
742 2541 1009 2595 Christum
1065 2536 1246 2607 loqui,
1307 2538 1596 2606 constringe
1640 2534 1770 2589 dicit
1818 2533 1981 2599 Patri,

405 2636 528 2705 quia
579 2643 777 2689 sanctae
822 2631 1097 2685 Trinitatis
1147 2644 1308 2682 unum
1358 2628 1521 2692 velle,
1575 2642 1676 2681 una
1724 2634 1983 2697 potestas,

408 2742 510 2782 una
540 2726 843 2795 cooperatio
872 2731 975 2776 est.

482 2819 635 2875 Vers.
684 2820 768 2872 Il.
810 2819 910 2883 Qui
939 2832 1038 2868 non
1070 2816 1363 2885 proa'intant
1392 2813 1461 2865 ad
1492 2822 1559 2877 te,
1593 2811 1752 2865 multa
1781 2810 1989 2880 ﬂagella

412 2924 751 2983 peccatorum.
820 2912 873 2964 lu
938 2908 1206 2979 praedii-tis
1276 2906 1449 2960 adhuc
1506 2906 1993 2974 comparationibus

416 3012 739 3071 perseverat.
784 3000 874 3055 Net
894 3015 1013 3054 esse
1043 3009 1127 3053 est
1167 2998 1311 3051 enim
1348 3006 1405 3051 ut
1446 2996 1691 3049 animalia
1734 2996 1992 3050 indomita

409 3099 618 3150 iri-num
664 3095 929 3163 accipiant
967 3102 1022 3147 et
1072 3091 1276 3158 ﬂagella
1319 3089 1604 3157 patiantur,
1636 3089 1808 3141 donec
1846 3099 1993 3142 recto

419 3189 631 3243 tramite
655 3190 791 3239 viam
825 3200 1047 3251 carpere
1078 3191 1452 3236 consuerant.
1484 3181 1627 3234 Urdo
1671 3190 1849 3234 autem
1879 3197 1996 3235 ver-

409 3281 597 3332 borum
629 3278 748 3330 talis
772 3285 850 3329 est
880 3289 893 3326 :
927 3273 1097 3326 Multa
1125 3272 1331 3341 ﬂagella
1361 3280 1487 3325 sunt
1518 3283 1859 3338 peccatorum,
1907 3271 1997 3340 qui

414 3387 516 3424 itan
539 3369 829 3445 proximam
851 3366 917 3417 ad
936 3376 1002 3419 te.
1030 3364 1134 3420 Sed
1157 3362 1412 3417 dicendo:
1436 3362 1536 3429 Qui
1559 3379 1659 3415 non
1682 3363 1993 3431 proximam,

416 3462 651 3516 ostendit
695 3459 953 3527 quosdam
998 3468 1305 3525 peccatores
1348 3457 1575 3510 Domino
1617 3457 1995 3525 propinquare,

415 3558 504 3622 qui
547 3555 670 3607 licet
707 3552 1018 3619 delinquant
1063 3550 1429 3603 imbecillitate
1475 3550 1672 3611 carnis,
1720 3562 1749 3599 a
1781 3547 1882 3616 piis
1923 3557 1999 3600 ta-

422 3660 543 3698 men
575 3644 819 3715 precibus
868 3657 971 3695 non
1006 3640 1279 3695 recedunt.
1327 3640 1362 3691 ll
1388 3638 1402 3691 i
1434 3639 1573 3690 enim
1604 3637 1692 3705 qui
1723 3647 2002 3691 contuma-

425 3736 522 3787 cite
566 3733 752 3800 spiritu
784 3747 813 3785 a
846 3732 1073 3785 Domino
1109 3729 1394 3794 seet-dunt,
1430 3737 1677 3793 tanquam
1711 3741 2002 3795 pachten-

420 3834 504 3877 tes
550 3823 782 3891 objecta,
835 3836 933 3876 nec
981 3822 1221 3873 volentes
1271 3823 1347 3872 ire
1391 3835 1485 3885 per
1532 3819 1754 3872 semitas
1805 3830 2001 3883 ret-tas,

419 3916 579 3970 multa
600 3916 809 3987 flagella
833 3915 1130 3979 susdnent;
1164 3923 1219 3965 ut
1245 3913 1385 3981 quod
1422 3929 1524 3964 non
1559 3910 1758 3965 faciunt
1789 3918 2000 3977 sponte,

419 4009 586 4079 plagis
622 4006 877 4061 adhibitis
914 4014 1173 4075 cogantur
1216 4004 1456 4071 implere.
1503 4002 1605 4056 Sed
1652 4002 1751 4055 ista
1799 4000 2021 4069 ﬂagellav

416 4113 543 4154 sunt
569 4114 687 4169 qua:
716 4112 812 4152 nos
841 4097 1331 4157 celeritersanaut,
1363 4109 1480 4161 qua:
1519 4108 1616 4146 nos
1652 4089 1906 4147 velociter
1945 4092 2010 4145 li-

419 4194 627 4252 heram.
661 4200 716 4244 et
745 4191 797 4243 in
830 4190 965 4242 viam
1000 4187 1236 4241 veritatis
1268 4187 1557 4239 adducunt.

494 4282 644 4335 Veis.
687 4282 771 4334 15.
814 4280 1090 4343 Sperantes
1130 4289 1298 4330 autem
1328 4278 1378 4329 in
1409 4275 1628 4328 Domino
1658 4269 2009 4326 misericordia

418 4370 775 4422 circumdabit.
824 4368 1027 4419 Iiet’el‘a
1064 4366 1241 4418 divina
1276 4364 1485 4432 justitia
1522 4378 1625 4414 non
1664 4359 2007 4428 sperantibus

1601 320 1668 375 Μ.
1712 314 1990 375 AI‘RELII
2029 310 2435 369 CASSIODOIll

3545 264 3656 340 ei

2277 427 2397 496 quia
2456 425 2683 496 diligens
2742 423 2911 476 lector
2974 418 3298 473 creberrime
3348 424 3545 481 reperit
3599 416 3652 465 in

2075 516 2370 581 Scriptut'is
2413 515 2602 574 sacris,
2637 514 2776 566 unde
2807 525 2899 563 eos
2940 508 3037 563 sibi
3071 511 3236 573 possit
3270 506 3486 566 elii-ore,
3518 502 3653 556 etin

2074 604 2301 657 fortnam
2343 601 2730 663 similitudinis,
2768 613 2927 666 quant
2975 593 3334 663 pra'diairnus,
3369 592 3654 645 collocare.

2071 692 2277 746 Sullicit
2305 702 2482 745 autem
2521 706 2640 752 nos,
2672 691 2911 757 quamvis
2945 685 3138 749 rarius,
3173 681 3473 734 Osteiitlisse
3519 680 3661 732 inter

2073 781 2272 851 logicas
2293 794 2435 835 aries
2465 780 2600 831 hanc
2625 792 2835 846 quoque
2868 785 3067 842 partem
3092 771 3396 837 Scripturas
3425 769 3658 833 divinas,

2074 873 2174 924 etsi
2221 885 2324 923 non
2368 869 2574 937 specie,
2614 869 2810 920 virtute
2854 874 3030 918 tamen
3064 862 3247 931 procul
3286 861 3447 912 dubio
3489 858 3664 910 conti-

2076 973 2222 1011 ticre.
2259 957 2594 1023 Regulariter
2619 966 2794 1007 autem
2823 952 3096 1023 admonet,
3126 959 3181 1003 ut
3210 965 3315 1003 non
3345 951 3395 1001 in
3428 962 3486 1002 se
3504 946 3660 1019 justi,

2076 1049 2169 1103 sed
2200 1048 2434 1101 la'len'nr
2472 1048 2527 1099 in
2556 1044 2809 1109 Domino;
2851 1059 2969 1096 nam
3011 1042 3101 1110 qui
3141 1041 3192 1094 in
3232 1057 3290 1093 se
3319 1041 3537 1109 gaudet,
3570 1036 3665 1091 l'al-

2076 1137 2197 1203 laci,
2230 1139 2367 1192 sicut
2397 1152 2540 1203 sa-pe
2568 1136 2772 1190 dictum
2804 1144 2906 1195 est,
2940 1132 3355 1201 pra-sumptione
3381 1128 3667 1197 decipitur;

2074 1230 2164 1296 qui
2197 1242 2324 1281 vero
2371 1228 2425 1279 in
2470 1225 2689 1279 Domino
2734 1223 2962 1287 lartatur,
3012 1232 3262 1289 perpetua
3314 1218 3669 1273 delectatione

2078 1321 2390 1391 perfruitur.
2428 1319 2617 1373 La’tari
2648 1327 2731 1373 est
2768 1319 2910 1371 enim
2951 1315 3125 1368 tacitae
3165 1313 3359 1365 mentis
3406 1313 3670 1365 suavitate

2079 1413 2327 1467 mulceri.
2373 1410 2648 1464 Exsultare
2676 1420 2758 1463 est
2793 1406 3043 1461 concitati
3089 1405 3250 1457 animi
3298 1392 3511 1457 fervore
3544 1416 3672 1471 gau-

2080 1502 2229 1556 dere.
2270 1501 2556 1570 Sequitur,
2600 1507 2648 1551 et
2678 1496 2993 1566 gloriamini,
3029 1510 3203 1547 omnes
3232 1493 3352 1546 recti
3390 1490 3562 1544 corde.
3606 1490 3671 1545 Et

2083 1592 2172 1645 hic
2208 1605 2421 1660 quoque
2460 1603 2556 1659 per
2597 1588 2819 1657 ﬁguram
2859 1586 2960 1638 ἀπὸ
3000 1590 3198 1645 κοινοῦ,
3246 1581 3297 1634 id
3335 1589 3419 1634 est
3452 1595 3481 1632 a
3522 1594 3671 1634 com-

2083 1681 2253 1746 muni,
2277 1679 2609 1750 jungendum
2636 1684 2738 1741 est,
2774 1675 2828 1728 in
2859 1674 3085 1727 Domino
3115 1670 3447 1741 gloriamini;
3471 1671 3675 1725 scilicet

2084 1786 2181 1825 vos
2216 1770 2266 1824 ei
2293 1784 2415 1824 esse
2442 1768 2738 1835 subjectos,
2786 1763 3110 1829 servitioque
3153 1759 3320 1827 ipsius
3374 1760 3676 1812 libertatem

2088 1871 2323 1916 vestram
2359 1860 2564 1914 credite
2597 1859 2677 1911 vel
2708 1857 2965 1909 honorem
3002 1870 3014 1904 :
3047 1854 3173 1905 dtnn
3207 1866 3303 1904 vos
3348 1851 3469 1902 inde
3511 1865 3677 1902 nove-

2089 1953 2208 2007 ritis
2234 1952 2301 2004 ad
2326 1962 2541 2005 teternte
2569 1947 2912 2003 beatitudinis
2940 1944 3158 2014 praemia
3191 1943 3487 2010 pervenire.
3540 1941 3681 1995 Con-

2088 2040 2435 2096 siderandum
2475 2049 2557 2094 est
2600 2040 2760 2092 etiam
2803 2037 2943 2105 quod
2990 2034 3159 2105 gratia
3203 2032 3476 2086 varietatis
3516 2046 3680 2098 supra

2090 2133 2307 2198 dixerit,
2346 2132 2516 2202 justi;
2548 2144 2710 2193 nunc,
2756 2128 2876 2182 recti
2917 2128 3091 2180 corde.
3140 2124 3341 2178 Omnes
3378 2124 3517 2177 enim
3552 2123 3684 2187 justi

2089 2234 2144 2279 et
2167 2224 2290 2277 recti
2318 2232 2439 2275 sunt
2484 2219 2668 2284 corde;
2709 2230 2763 2271 et
2814 2231 3001 2271 rursus
3044 2216 3165 2267 recti
3207 2216 3357 2267 corde
3403 2224 3525 2266 sunt
3567 2213 3685 2267 sine

2091 2314 2424 2371 dubitatione
2466 2308 2766 2381 justissitni.
2808 2309 3144 2376 Quapropter
3184 2321 3314 2359 cum
3365 2306 3478 2357 han:
3517 2304 3683 2356 dividi

2092 2416 2384 2475 nequeant,
2419 2418 2524 2456 non
2556 2412 2639 2455 est
2666 2402 2882 2453 dubium
2913 2414 3075 2452 causa
3109 2398 3377 2451 varietatis
3418 2397 3684 2464 apposita.

2093 2499 2260 2553 Mater
2302 2505 2381 2549 est
2418 2498 2559 2548 enim
2600 2491 2890 2552 satietatis,
2926 2488 3130 2543 eisdem
3162 2488 3339 2542 verbis
3378 2488 3687 2552 frequenter

2092 2586 2358 2655 gctniuata
2402 2581 2667 2651 repetitio.
2708 2579 3123 2634 Cousiderernus
3148 2591 3326 2633 autem
3353 2577 3478 2647 quid
3508 2579 3683 2646 poenis

2094 2688 2212 2732 lens
2252 2679 2351 2731 iste
2390 2676 2675 2737 meruerit,
2719 2685 2773 2727 ut
2806 2673 2923 2742 ipse
2968 2674 3041 2726 illi
3079 2688 3197 2726 man
3226 2670 3355 2725 festa
3414 2686 3542 2725 voce
3603 2687 3689 2725 rc-

2095 2770 2430 2840 sponderet,
2464 2771 2547 2822 cui
2588 2768 2713 2823 totis
2763 2767 2961 2821 viribus
3014 2766 3350 2835 supplicavit.
3398 2764 3489 2818 Ille
3530 2766 3690 2833 paulo

2095 2872 2220 2917 ante
2272 2871 2599 2931 prostratus,
2662 2862 2750 2913 ille
2802 2861 2891 2928 qui
2937 2866 3275 2926 peccatorum
3325 2856 3497 2910 luerat
3547 2857 3691 2909 mole

2096 2971 2458 3023 compressus,
2502 2954 2641 3007 inter
2672 2955 2844 3023 justas
2888 2961 3293 3015 annumeratur,
3345 2947 3485 3001 inter
3523 2957 3693 2999 rectos

2098 3047 2250 3099 carde
2277 3044 2558 3112 recipitur:
2597 3054 2652 3094 ut
2681 3049 2879 3108 quanto
2916 3039 3061 3106 prius
3102 3038 3477 3092 satisfaciendo
3521 3037 3692 3088 fuerat

2021 3156 2070 3220 ρ
2103 3135 2454 3197 bumliatus,
2510 3140 2656 3184 tanto
2712 3138 2828 3198 p0st
2876 3130 3084 3183 veniam
3132 3128 3373 3182 videatur
3423 3127 3689 3180 excelsus.

2101 3228 2440 3296 Quapropter
2479 3222 2590 3291 jam
2643 3223 2756 3289 ipse
2798 3221 2990 3275 beatus
3034 3231 3115 3274 est
3154 3220 3245 3288 qui
3298 3220 3381 3274 hic
3428 3218 3694 3273 sententia

2102 3315 2331 3388 piissimi
2362 3315 2555 3386 iudicis
2591 3314 2831 3367 noscitur
2869 3313 3165 3366 absolutus.

2639 3418 2911 3474 Conclusio
2945 3419 3150 3487 psalmi.

2171 3529 2586 3587 Consideremus
2634 3523 2793 3578 modo
2834 3524 3082 3575 virtutem
3123 3522 3313 3590 psalmi
3344 3522 3517 3590 hujus,
3550 3521 3699 3591 quod

2106 3623 2292 3678 decem
2330 3619 2573 3675 versibus
2610 3615 2961 3685 supplicando
3001 3613 3238 3667 divinum
3280 3613 3537 3666 meruerit
3577 3613 3701 3668 sine

2107 3715 2281 3782 aliqua
2311 3710 2567 3767 dilatione
2597 3720 2935 3776 responsum.
2982 3703 3146 3757 Forte
3177 3704 3427 3772 Decalogi
3453 3718 3702 3757 commo-

2109 3818 2247 3859 nens
2290 3802 2683 3873 operationem,
2727 3806 2784 3850 ut
2813 3797 2949 3849 sicut
2989 3795 3078 3848 ille
3118 3794 3413 3847 custoditus
3453 3803 3606 3847 vocat
3630 3792 3702 3847 ad

2112 3896 2411 3965 primulum,
2442 3894 2513 3947 ita
2558 3900 2612 3944 et
2638 3891 2751 3942 ha'c
2775 3894 3095 3954 couipuncto
3124 3886 3287 3940 corde
3318 3884 3429 3938 fusa
3463 3885 3702 3952 precatio

2110 3988 2174 4042 ad
2208 3985 2364 4057 106
2400 3977 2745 4050 indulgentiae
2795 3992 2893 4030 nos
2944 3985 3064 4029 vota
3118 3975 3387 4040 perducat.
3441 3973 3703 4042 Legamus

2111 4095 2242 4148 ergo
2291 4077 2507 4140 seduli,
2564 4084 2620 4124 et
2670 4070 2850 4124 cordis
2899 4070 3310 4136 compunctione
3368 4068 3701 4134 plangamus.

2111 4174 2241 4239 Quis
2280 4172 2423 4226 enim
2465 4165 2653 4236 majori
2698 4164 2817 4215 avid
2846 4172 2953 4215 tate
2994 4160 3329 4216 meditandus
3369 4169 3468 4224 est,
3504 4161 3603 4212 nisi
3649 4161 3703 4213 in

2110 4274 2218 4328 quo
2247 4272 2377 4310 voce
2405 4255 2532 4307 tanti
2560 4253 2753 4323 judicis
2779 4259 2996 4320 peccata
3025 4248 3201 4303 soluta
3235 4249 3391 4302 sunt?
3418 4251 3526 4303 lloc
3555 4249 3701 4301 eoi...

2110 4352 2213 4407 iste
2255 4350 2603 4419 prmcipuom,
2638 4343 2781 4397 istud
2827 4342 3069 4396 continet
3108 4340 3395 4411 singulare,
3433 4342 3571 4407 quod
3609 4342 3703 4393 alii

423 4460 649 4527 Hagen“,
675 4458 1013 4525 sperantibus
1036 4467 1212 4509 autem
1239 4457 1289 4507 ί..
1322 4471 1379 4507 se
1407 4452 1827 4507 misericordiam
1854 4451 2008 4518 pulli-
2039 4488 2085 4544 Β
2113 4440 2482 4513 pmnitentinin
2530 4437 2582 4488 in
2613 4433 2959 4488 conclusione
2998 4433 3182 4500 psalmi
3229 4433 3477 4483 instinctu
3506 4432 3707 4483 divina:

1774 4543 1788 4544 γ
2380 4531 2440 4544 _~,
2496 4528 2534 4544 -_
2587 4524 2844 4544 γ-..,--1.--..
2879 4536 2892 4544 .
2942 4523 3026 4544 Lf-
3085 4536 3208 4544 ..Α-,η
3244 4521 3355 4544 2...-
3398 4521 3679 4544 --.μυ-..λικμ-

422 4563 597 4619 cetur,
624 4553 763 4605 sicut
786 4557 841 4605 et
871 4549 1114 4603 Ezechiel
1142 4550 1397 4615 propheta
1430 4544 1558 4599 dicit
1584 4562 1595 4596 :
1625 4544 1735 4615 Ego
1763 4543 2009 4596 Dominus

421 4644 508 4712 qui
544 4657 645 4695 non
681 4657 794 4694 sum
839 4642 1092 4692 malorum
1140 4653 1352 4701 memor,
1394 4645 1595 4688 tantum
1636 4645 1688 4687 ut
1729 4650 1780 4688 se
1819 4642 2007 4685 avertat

424 4737 574 4788 homo
614 4751 645 4787 a
674 4734 755 4787 via
785 4749 881 4787 sua
909 4732 1170 4801 maligna,
1201 4739 1248 4784 et
1283 4730 1344 4782 ab
1376 4729 1608 4782 omnibus
1656 4728 2008 4797 iniquitatibus

422 4845 547 4895 quas
582 4828 729 4897 fecit,
766 4836 811 4880 et
841 4826 970 4878 vivet
1007 4822 1219 4894 (Ezeclt.
1253 4837 1404 4881 xvnt,
1437 4820 1551 4889 28).
1589 4821 1655 4873 Et
1685 4819 1822 4873 bene
1852 4818 2007 4883 dixit,

423 4918 779 4984 ciriumdubil,
852 4925 907 4969 ut
950 4930 1053 4969 non
1103 4916 1172 4967 sit
1218 4916 1364 4966 locus
1410 4912 1626 4965 relictus
1666 4910 1809 4964 unde
1840 4908 2011 4978 possit

431 5015 494 5066 ad
526 5027 617 5066 eos
642 5009 839 5064 diaboli
872 5006 1137 5061 hostilitas
1168 5004 1412 5057 introire.

500 5113 650 5167 Vers.
698 5110 782 5163 16.
827 5107 1099 5161 La’tamini
1125 5106 1175 5157 in
1202 5103 1439 5159 Domino.
1470 5110 1517 5153 et
1546 5100 1816 5165 easnltate,
1847 5102 2009 5170 justi;

422 5216 469 5259 et
495 5202 816 5273 gloriamini,
849 5215 1019 5250 omnes
1050 5196 1172 5249 recti
1207 5196 1376 5247 corde.
1432 5193 1524 5244 llic
1557 5198 1732 5258 potest
1762 5191 1875 5245 fieri
1921 5206 2010 5245 cn-

427 5298 696 5359 legoricus
727 5293 1088 5360 syllogismus,
1133 5296 1190 5339 ut
1231 5285 1361 5338 artis
1387 5284 1679 5336 dialectica:
1727 5282 1920 5352 regula:
1954 5286 2005 5334 in

426 5385 693 5455 quoddam
736 5383 1032 5437 divinarum
1080 5379 1475 5444 Scriptnrarum
1517 5371 1816 5437 servitium,
1860 5371 2011 5440 quasi

430 5478 629 5545 fugacia
663 5473 925 5541 mancipia
952 5477 1287 5525 revocentur.
1314 5464 1499 5520 Omnis
1522 5463 1697 5534 justus
1724 5463 1932 5517 laetatur
1960 5463 2011 5515 in

435 5570 689 5632 Domino;
729 5566 908 5622 omnis
942 5562 1028 5633 qui
1076 5562 1286 5614 Iactatur
1325 5558 1377 5612 in
1414 5558 1641 5612 Domino
1676 5565 1825 5612 recto
1854 5554 2015 5609 corde

432 5673 513 5717 est
538 5680 554 5718 :
586 5660 761 5715 omnis
800 5659 959 5728 igitur
981 5655 1158 5725 justus
1182 5660 1338 5706 “recto
1365 5650 1525 5703 corde
1554 5658 1655 5703 est.
1704 5646 2003 5702 Memineri-

434 5768 555 5811 mus
578 5764 755 5809 autem
777 5748 1120 5825 syllogismos
1142 5740 1478 5812 usurpandos
1500 5756 1603 5798 non
1628 5755 1746 5797 csse
1768 5738 2016 5808 frequen-

2111 4528 2538 4601 compunctionis
2581 4524 2893 4584 exsultant;
2941 4523 3027 4575 hic
3085 4536 3211 4574 vero
3244 4521 3357 4587 ipse
3398 4521 3706 4572 inisericorc

2111 4626 2276 4687 diam,
2316 4622 2443 4688 ipse
2470 4616 2707 4671 Itetitiatn
2744 4612 3025 4681 promittit,
3065 4611 3150 4663 cui
3182 4625 3301 4663 cum
3332 4624 3524 4679 magno
3557 4611 3707 4661 desi-

2111 4716 2264 4770 derio
2289 4711 2638 4778 supplicatur.
2690 4705 3025 4771 QuaprOpter
3050 4702 3262 4755 assidue
3292 4702 3445 4755 nobis
3474 4713 3523 4754 et
3550 4714 3706 4769 grata

2112 4804 2518 4875 importunitate
2573 4802 2843 4867 rogandus
2895 4806 3016 4862 et,
3072 4796 3161 4863 qui
3219 4795 3379 4847 etiam
3430 4800 3704 4861 przcmtssa

2113 4898 2269 4953 nobis
2313 4897 2366 4951 iit
2402 4892 2694 4961 Evangelia
2739 4888 2988 4957 parabola
3036 4888 3322 4954 pollicetur
3365 4901 3381 4939 :
3426 4885 3614 4951 Pctite,
3660 4898 3707 4939 et

2110 4991 2314 5045 dabitur
2342 4988 2513 5051 vobis;
2552 4985 2785 5055 quierite,
2814 4992 2860 5036 et
2901 4982 3193 5043 invenietis,-
3232 4980 3449 5049 pulsate,
3490 4990 3540 5033 et
3578 4998 3707 5049 ape-

2109 5084 2265 5136 rietur
2308 5081 2447 5134 vobis
2487 5094 2505 5132 :
2560 5076 2724 5129 omnis
2771 5074 2906 5126 enim
2950 5073 3038 5141 qui
3083 5074 3203 5139 petit
3251 5072 3472 5137 accipit.
3532 5082 3579 5123 et
3617 5074 3706 5137 qui

2111 5174 2291 5243 quaerit
2336 5171 2546 5230 invenit,
2584 5177 2628 5220 et
2664 5165 2887 5235 pulsanti
2910 5164 3169 5232 aperietur
3212 5161 3364 5228 (Luc.
3397 5178 3468 5219 tu.
3496 5164 3551 5221 9,
3589 5165 3703 5227 Iit).

2116 5266 2270 5321 Unde
2303 5263 2421 5332 quis
2449 5259 2583 5329 jam,
2615 5274 2762 5327 rogo,
2796 5257 2953 5309 debet
2984 5254 3050 5307 de
3084 5256 3394 5307 lidchs~iuta
3430 5254 3705 5319 supplica-

2117 5358 2261 5409 tione
2286 5352 2551 5417 dil‘tidere,
2578 5364 2697 5401 cuin
2728 5346 2923 5416 regalis
2952 5348 3119 5414 pietas
3158 5347 3372 5415 dignata
3422 5360 3516 5398 nos
3543 5345 3707 5400 fuerit

2118 5446 2251 5500 trina
2285 5442 2641 5514 promissione
2669 5439 2918 5491 ﬁrmare?

2366 5545 2727 5603 EXI’OSITIU
2769 5541 2831 5595 IN
2874 5543 3194 5599 ρελωιυλι
3238 5544 3448 5598 XXXII.

2681 5640 2924 5693 Psalmus
2965 5640 3153 5696 [lat-id.

2196 5733 2294 5790 llic
2323 5730 2505 5788 titulus
2534 5728 2753 5784 omnino
2784 5739 2940 5781 notus
2966 5741 3066 5793 esu,
3101 5744 3152 5783 et
3178 5728 3298 5784 ideo
3323 5728 3480 5784 lector
3513 5744 3705 5793 sequa-
