4030 6172
323 277 425 331 223

1234 267 1591 324 EXPOSH‘lO
1632 266 1694 320 l.\‘
1737 261 2190 321 PS.\I.TERIU.\L
2235 260 2425 315 I‘SAL.
2471 258 2686 313 XXXII.

3466 254 3577 310 226

314 409 400 445 tur
432 393 483 445 in
515 404 580 444 eo
602 385 990 456 expositionem
1035 384 1286 452 priorem.
1339 383 1468 437 illud
1504 391 1679 435 tamen
1724 391 1906 432 neccs-
1940 410 1982 467 Α
2011 383 2264 441 :egrotum
2307 371 2608 431 visitamus,
2652 378 2703 422 ct
2743 377 2935 421 cratera
2966 382 3105 436 quin,
3146 368 3269 421 licet
3301 368 3584 420 vidcantur

312 483 460 535 sario
505 492 938 539 commonemus,
988 476 1108 545 quia
1159 474 1211 527 in
1259 474 1360 527 hoc
1404 472 1609 541 psalmo
1660 470 1901 523 hortatur

317 572 572 642 propheta
630 586 725 639 per
791 567 1221 635 comparationes
1264 566 1520 634 quasdam
1569 563 1634 618 ad
1677 562 1905 631 psalmo-

318 668 457 718 diam
491 662 789 720 Ecclesiam
838 660 1045 713 fidelem
1080 672 1443 712 :enumerans
1490 656 1778 723 potentiam
1829 651 1904 703 la-

319 767 503 823 etaque
525 755 833 816 Creatoris;
879 760 933 805 ut
970 750 1035 805 ad
1068 750 1252 803 laudes
1279 750 1395 817 ejus
1425 748 1634 800 avidius
1666 747 1900 811 festinet,

318 863 434 901 cum
470 848 721 900 virtutem
752 843 921 913 ipsius
950 843 1310 910 pietatemque
1340 838 1636 906 cognoscit.

904 988 1100 1041 Diuisio
1133 986 1341 1055 psalmi.

388 1137 493 1190 Per
532 1142 699 1188 totum
746 1131 961 1200 quidem
1015 1127 1280 1198 psalmum
1329 1126 1582 1194 propheta
1636 1120 1900 1193 loquitur;

316 1229 408 1281 sed
444 1228 495 1280 in
521 1231 685 1294 prima
710 1224 946 1277 sectione
971 1208 1484 1285 commonetjustos,
1516 1228 1571 1268 ut
1600 1216 1649 1267 in
1681 1214 1905 1267 Dmnino

314 1318 551 1370 debeant
583 1324 686 1367 tota
715 1312 908 1365 mentis
939 1309 1211 1363 alacritate
1235 1307 1487 1375 gaudere,
1513 1306 1598 1371 qui
1629 1312 1905 1357 creaturas

315 1425 445 1461 snas
475 1407 699 1460 mirabili
730 1405 961 1472 potentia
986 1402 1310 1471 dignoscitur
1333 1400 1632 1453 continere.
1663 1396 1910 1450 Secunda

317 1500 563 1555 sectione
589 1498 858 1553 exclamat
884 1496 1091 1548 beatum
1121 1508 1263 1557 esse,
1295 1491 1382 1559 qui
1411 1491 1474 1543 ad
1504 1489 1620 1555 ejus
1647 1488 1907 1542 culturam

321 1591 522 1645 meruit
560 1592 861 1659 pertinere,
895 1587 1199 1656 signiﬁcans
1229 1595 1465 1650 tempora
1499 1580 1821 1641 Christiana,
1854 1578 1907 1633 in

317 1683 518 1752 quibus
549 1691 663 1736 erat
694 1678 977 1734 multitudo
1007 1679 1242 1748 gentium
1275 1675 1565 1729 creditura.

868 1841 1136 1911 Expositio
1174 1837 1383 1909 psalmi.

403 1993 558 2044 Vera.
602 1988 652 2040 l.
693 1984 949 2042 Gaudete.
986 1982 1148 2052 justi,
1180 1981 1232 2031 in
1276 1977 1489 2030 Domino
1530 1990 1549 2028 :
1577 1983 1742 2026 rectos
1772 1974 1910 2026 decet

326 2083 667 2136 collaudatio.
721 2078 915 2131 lleatus
953 2075 1115 2127 David
1159 2071 1451 2125 Ecclesiam
1490 2067 1803 2121 catholicam
1844 2067 1911 2117 ab

326 2171 711 2225 haereticorum
755 2165 1070 2228 contagione
1098 2162 1429 2229 disjttngens,
1464 2169 1640 2211 rectos
1667 2170 1908 2210 commo-

326 2274 417 2317 net
447 2260 815 2319 Christianos,
856 2265 1045 2308 utnon
1090 2254 1142 2307 in
1182 2253 1409 2307 terrenis
1452 2249 1912 2313 delaetationibus,

327 2354 421 2407 sed
446 2354 704 2421 gaudeant
733 2362 943 2416 semper
975 2347 1024 2399 in
1056 2346 1296 2408 Domino,
1329 2343 1417 2396 tibi
1450 2342 1636 2411 gaudia
1665 2340 1914 2395 continua

326 2447 596 2501 suavitate
641 2444 872 2511 perfecta
905 2450 1048 2494 sunt.
1092 2436 1222 2490 Nam
1260 2451 1381 2489 eum
1423 2436 1696 2499 praesentis
1737 2433 1915 2486 smcnli

332 2537 601 2591 amiction
640 2551 665 2589 s
696 2534 920 2586 doceant
961 2530 1166 2584 ﬁdeles.
1198 2527 1390 2579 dicitur
1428 2525 1582 2594 justis
1628 2541 1641 2576 :
1680 2523 1913 2592 gaudete.

329 2630 438 2686 Sed
489 2646 598 2697 quo
646 2628 880 2688 gaudio?
942 2626 1040 2676 nisi
1096 2623 1185 2675 illo
1235 2636 1338 2686 quo
1391 2620 1642 2671 Dominus
1699 2625 1915 2669 mouet:

330 2722 462 2774 Cum
503 2737 593 2773 vos
632 2717 881 2785 persecuti
916 2715 1104 2785 fuerint
1136 2712 1386 2773 homines,
1431 2718 1477 2762 cl
1515 2708 1735 2760 dixerint
1774 2722 1918 2760 omne

331 2812 530 2863 malum
583 2811 852 2861 adversum
923 2821 1036 2866 vos,
1111 2804 1427 2863 mentientes,
1469 2786 1674 2866 propter
1739 2812 1918 2850 nomen

333 2919 526 2962 meum,
568 2902 783 2968 gaudete
810 2910 854 2949 et
878 2897 1145 2957 exsultate,
1169 2894 1286 2961 quia
1316 2909 1503 2946 merces
1526 2900 1687 2943 vestra
1713 2891 1920 2955 copiosa

327 3008 403 3046 est
448 2995 499 3044 in
528 2992 663 3044 striis
694 2987 904 3057 (Matth.
937 3003 989 3049 v,
1023 2986 1126 3053 li).
1158 2984 1247 3039 Sic
1291 2994 1345 3038 et
1372 2981 1659 3051 Apostolus
1698 2981 1924 3046 gauden-

2012 464 2265 523 carnalia,
2294 461 2588 514 Divinitatis
2611 469 2785 511 tamen
2818 473 2999 510 amore
3031 468 3372 525 peraguntur.
3399 458 3580 511 Citha-

2009 554 2237 605 rizamus
2289 565 2531 618 quoque,
2592 564 2710 602 cum
2766 550 2817 602 in
2873 548 3206 615 passiouibus
3258 551 3454 602 nostris
3502 548 3585 602 vel

2009 641 2219 693 damnis
2248 639 2417 691 securi
2451 648 2541 690 aut
2577 638 2681 689 lteti
2714 637 2977 690 dicimus:
3010 635 3259 688 Dominus
3289 638 3447 701 dedit,
3479 636 3590 689 Do-

2009 733 2178 782 minus
2218 732 2445 791 abstulit,
2478 731 2606 782 sicut
2637 728 2854 779 Domino
2877 729 3066 793 placuit
3087 729 3157 779 ita
3179 729 3369 798 factum
3391 738 3461 780 est
3483 742 3503 780 :
3523 728 3589 782 sit

2013 836 2192 873 nomen
2231 820 2439 871 Domini
2489 819 2801 870 benedictum
2841 818 2959 885 (Job
3006 834 3043 883 ι,
3089 818 3201 884 21).
3273 819 3587 871 Psalterium

2014 925 2144 963 vero
2171 910 2565 963 deericliordnm
2610 922 2729 961 esse
2780 908 3029 970 diximus,
3059 907 3196 975 quod
3237 908 3424 961 ordine
3459 922 3590 962 con-

2010 1018 2169 1058 verso
2217 1005 2392 1057 alvum
2445 1004 2663 1056 cithara:
2713 1001 2763 1054 in
2812 1002 3177 1069 superioribus
3223 1002 3401 1064 habet,
3448 1001 3590 1053 unde

2012 1091 2077 1144 ad
2122 1090 2429 1146 inferiorem
2477 1100 2681 1158 partem
2730 1103 2924 1143 canora
2970 1090 3051 1142 [ila
3103 1090 3445 1142 descendunt.
3493 1089 3591 1141 Cui

2013 1195 2275 1251 praecepta
2319 1183 2568 1252 Decalogi
2610 1181 2988 1235 convenienter
3028 1190 3296 1248 aptantur,
3342 1185 3463 1249 qua
3501 1196 3591 1233 se-

2011 1275 2241 1328 cundum
2285 1275 2509 1327 formam
2553 1274 2887 1326 instrumenti
2922 1272 3076 1341 hujus
3118 1274 3185 1326 tle
3220 1275 3466 1341 supernis
3501 1289 3592 1327 ve-

2015 1368 2216 1421 nientia
2252 1368 2458 1420 Domini
2486 1366 2634 1435 jussa
2665 1369 3013 1435 susCPpimus.
3067 1366 3131 1419 Et
3159 1365 3437 1419 tonsidera
3470 1367 3591 1434 quia

2015 1458 2186 1510 solum
2218 1466 2301 1511 est
2341 1458 2755 1510 instrumentum
2797 1457 3077 1521 musicum,
3120 1457 3259 1524 quod
3294 1470 3390 1523 pro
3417 1458 3595 1510 excel-

2012 1552 2172 1606 lentia
2219 1551 2301 1604 sui
2349 1551 2741 1605 decacltortlum
2784 1551 3017 1611 dicatur;
3071 1563 3176 1601 non
3219 1549 3358 1601 enim
3404 1549 3502 1602 hoc
3527 1549 3594 1601 tle

2011 1645 2216 1697 cithara
2262 1643 2344 1697 vel
2387 1643 2454 1697 de
2495 1642 2616 1696 aliis
2655 1642 2957 1707 huiusmodi
2999 1642 3362 1695 instrumentis
3403 1642 3595 1696 lectum

2013 1748 2131 1786 esse
2187 1732 2547 1786 meminimus.
2630 1732 3029 1785 Decachordutn
3080 1747 3206 1784 vero
3256 1733 3590 1797 psalterium,

2015 1833 2151 1877 scut
2190 1835 2396 1876 veteres
2439 1823 2709 1885 dixerunt,
2743 1832 2794 1875 et
2827 1822 2955 1874 illttd
2999 1822 3147 1874 nobis
3183 1822 3378 1875 indicat
3414 1837 3591 1876 sacra-

2016 1925 2254 1969 mentum
2280 1954 2293 1972 ,
2340 1926 2394 1965 ttt
2453 1916 2742 1965 referamus
2787 1914 2881 1965 tria
2916 1913 2980 1964 ad
3016 1912 3199 1975 Deutn,
3244 1912 3330 1980 qui
3364 1912 3596 1965 Trinitas

2015 2014 2130 2069 est;
2176 2004 2226 2056 id
2258 2012 2340 2057 est
2366 2002 2591 2070 primum
2616 2001 2754 2066 qttod
2786 2002 2859 2054 ait
2890 2019 2902 2053 :
2932 2000 3049 2054 Non
3080 2001 3279 2053 habebis
3308 2001 3428 2053 deos
3462 2002 3592 2055 utie-

2016 2110 2105 2147 nos
2132 2108 2301 2144 coram
2350 2106 2428 2143 me
2466 2088 2659 2160 (Exod.
2701 2106 2789 2153 xx,
2822 2089 2907 2157 4);
2952 2089 3264 2150 secundum,
3295 2088 3410 2142 Non
3438 2091 3594 2157 facies

2017 2184 2108 2236 tibi
2153 2183 2428 2248 sculptile;
2480 2181 2714 2242 tertium,
2751 2180 2870 2231 Non
2914 2196 3139 2232 assumes
3185 2180 3272 2231 tibi
3303 2195 3479 2230 nomen
3507 2178 3598 2230 Dei

2020 2275 2091 2326 tui
2122 2274 2172 2324 in
2195 2288 2443 2334 vacuum,
2486 2271 2537 2323 in
2570 2286 2673 2337 quo
2698 2269 2870 2335 jungit
2907 2278 2961 2322 et
2996 2270 3060 2322 de
3098 2270 3335 2321 sabbato.
3384 2271 3597 2334 Βεεμιιιηι

2022 2379 2153 2418 vero
2191 2380 2309 2433 qua:
2348 2375 2644 2430 sequuntur
2685 2366 2748 2417 ad
2795 2366 3134 2418 dilectionem
3179 2364 3423 2418 dixerunt
3474 2381 3599 2431 pro-

2021 2457 2153 2509 ximi
2190 2458 2489 2524 pertinere;
2541 2456 2589 2508 id
2620 2465 2723 2517 est,
2762 2455 2972 2508 llonora
3001 2470 3194 2523 patrem
3239 2466 3379 2508 tuum
3410 2467 3457 2509 et
3493 2473 3600 2509 ma-

2024 2558 2186 2612 trem;
2244 2547 2365 2600 Non
2402 2548 2633 2611 orcides;
2684 2546 2805 2600 Non
2848 2548 3202 2613 maecltaberis;
3248 2547 3367 2600 Non
3408 2552 3600 2617 furtum

2023 2639 2215 2708 facies;
2246 2638 2365 2690 Non
2407 2639 2629 2706 loqueris
2676 2647 2852 2689 contra
2895 2639 3185 2706 proximum
3228 2647 3373 2689 tuum
3415 2637 3601 2700 falsum

2023 2728 2399 2790 testimonium;
2466 2726 2587 2780 Non
2628 2728 2948 2797 concupisces
2992 2732 3195 2779 domum
3242 2728 3459 2794 prasini
3506 2729 3601 2792 tui,

2023 2835 2114 2872 nec
2130 2819 2434 2872 desiderabis
2462 2834 2669 2871 umorem
2692 2822 2823 2889 ejus,
2850 2827 2952 2871 etc.
2980 2819 3069 2872 Sic
3098 2820 3258 2871 totius
3284 2818 3601 2872 deeacltordi

2027 2910 2260 2977 psalterii
2310 2909 2476 2962 virtus
2506 2907 2737 2976 perfecta
2770 2908 2922 2961 nobis
2952 2918 3006 2961 et
3037 2906 3362 2960 honorabilis
3396 2907 3595 2959 indica-

2026 3010 2131 3053 tur.
2184 2997 2468 3051 Psallintus
2496 3011 2706 3066 quoque
2744 3007 2795 3050 et
2823 2997 3006 3051 decem
3038 2997 3273 3060 chordis,
3306 2996 3517 3065 quando
3548 2996 3598 3049 in

334 3089 467 3137 dum
501 3083 655 3137 nobis
704 3084 1035 3134 incessanter
1075 3078 1337 3139 allil‘lltali
1377 3075 1449 3128 θίι
1477 3073 1620 3127 enim
1657 3090 1669 3124 ε
1696 3070 1924 3125 σαηάείε
1950 3093 1995 3151 c
2027 3089 2263 3157 quinque
2298 3087 2547 3140 st-nsibus
2576 3088 2896 3154 carnalibus,
2930 3093 2984 3140 et
3014 3088 3063 3139 in
3095 3085 3326 3154 quinque
3355 3088 3604 3155 spiritua-

322 3180 389 3231 in
422 3174 661 3236 Domino,
695 3175 876 3225 iterum
907 3171 1039 3233 dico,
1074 3168 1288 3239 gaudete
1319 3165 1539 3236 (Philip.
1573 3180 1645 3227 tv,
1678 3163 1755 3230 4).
1788 3161 1917 3216 Nam

336 3269 445 3320 ista
475 3265 721 3331 repetitio
752 3262 877 3315 illttd
904 3259 1184 3329 signiﬁcat,
1206 3267 1257 3310 ut
1281 3269 1333 3312 et
1361 3257 1446 3310 ltic
1475 3256 1524 3309 in
1548 3253 1920 3307 afﬂictionibus

330 3358 699 3425 gaudeamus.
734 3364 785 3405 et
818 3354 869 3405 in
903 3352 992 3405 illo
1022 3366 1184 3419 regno
1214 3358 1464 3416 perpetua
1498 3362 1626 3413 pace
1660 3346 1919 3399 lzetetnur.

340 3449 498 3503 Unde
537 3455 589 3499 et
621 3442 956 3498 llominus'in
986 3439 1274 3511 Evangelia
1305 3440 1373 3493 dit
1393 3439 1432 3492 it
1478 3455 1491 3490 :
1533 3436 1726 3490 lterum
1748 3436 1925 3488 videbo

340 3555 449 3600 ros,
470 3549 521 3592 et
549 3537 789 3608 gaudebit
820 3551 906 3585 cor
932 3542 1174 3595 vestrum,
1205 3540 1253 3585 et
1272 3529 1514 3603 gaudium
1536 3538 1751 3581 vestrum
1780 3543 1923 3579 nemo

332 3633 542 3699 auferet
589 3647 625 3682 α
667 3628 802 3681 vobis
845 3624 1023 3691 (Joan.
1072 3639 1191 3687 xvt,
1236 3619 1362 3693 22).
1415 3621 1627 3674 Addidit
1675 3634 1923 3689 quoque:

343 3720 535 3774 Rectos
576 3718 716 3771 decet
754 3716 1087 3771 coll:udati0.
1132 3713 1234 3768 Sed
1272 3713 1359 3781 qui
1406 3721 1529 3765 sunt
1575 3712 1654 3763 isti
1704 3711 1845 3772 recti,
1873 3710 1925 3762 in

342 3811 587 3865 secunda
637 3817 783 3876 parte
811 3807 1049 3860 dicturus
1078 3815 1182 3857 est.
1215 3804 1346 3856 Nam
1378 3803 1516 3870 quod
1560 3802 1727 3868 ponit,
1770 3812 1928 3854 rectos

342 3906 487 3956 deret
525 3897 859 3961 collaudatio,
908 3894 1140 3949 ostendit
1182 3908 1370 3962 pravos
1417 3893 1695 3945 hrereticos
1739 3891 1931 3944 decere

346 3966 455 4046 non
512 4002 701 4055 posse;
745 3987 881 4040 sicut
919 3994 974 4039 et
1019 3985 1155 4038 alius
1195 3981 1455 4051 propheta
1498 3979 1665 4032 dicit:
1706 3976 1821 4030 Non
1863 3987 1934 4030 est

348 4083 582 4148 speciosa
635 4078 751 4131 laus
795 4078 847 4129 in
891 4091 979 4128 ore
1017 4074 1293 4145 peccatoris
1339 4071 1529 4137 (Eccli.
1570 4085 1657 4135 xv,
1695 4067 1774 4135 9).
1820 4066 1937 4120 σοι.

350 4171 587 4226 laudatio
634 4182 762 4222 vero
804 4166 1087 4219 multorum
1129 4179 1224 4218 ore
1253 4178 1356 4215 una
1387 4160 1619 4215 laudatio
1644 4171 1755 4224 est;
1798 4158 1935 4212 dicta

351 4273 575 4333 propter
619 4258 873 4313 unitatem
920 4255 1196 4319 Ecclesiae,
1247 4269 1405 4322 quant
1450 4251 1698 4319 pra-dicat
1743 4250 1939 4317 ultique

324 4352 583 4415 .servari.
636 4348 766 4402 Cum
816 4347 1010 4399 dic.tur
1056 4346 1234 4406 decet,
1278 4343 1540 4411 signiﬁcat
1585 4340 1687 4393 hoc
1730 4352 1933 4408 aptum,

353 4445 459 4496 hoc
491 4456 617 4495 esse
642 4440 986 4503 Conveniens,
1027 4445 1087 4490 ut
1115 4435 1203 4505 qui
1234 4433 1443 4487 Domini
1493 4432 1701 4485 laudem
1743 4432 1938 4484 decin-

356 4546 461 4597 tat,
513 4533 762 4587 similiter
815 4530 889 4583 illi
937 4539 992 4584 et
1042 4528 1159 4581 lidei
1216 4525 1573 4587 rectitudine,
1624 4533 1680 4577 et
1726 4533 1939 4576 actuum

356 4626 632 4693 probitate
672 4625 1020 4688 contplaccat.

433 4723 591 4775 V'ers.
630 4722 684 4773 2.
730 4717 1051 4786 Conﬁtentini
1078 4717 1295 4769 Domino
1325 4716 1375 4767 in
1405 4712 1634 4777 cithara;
1674 4711 1727 4763 in
1758 4712 1943 4780 pulte-

357 4820 436 4869 rio
468 4818 645 4867 decem
686 4812 991 4865 chordarum
1020 4812 1219 4880 psallite
1248 4810 1313 4863 ei.
1366 4808 1455 4861 lsti
1484 4817 1606 4862 sunt
1632 4807 1777 4876 justi,
1814 4819 1948 4873 quos

359 4910 615 4972 superius
643 4903 807 4965 dixit,
844 4912 897 4955 et
925 4902 1014 4971 qui
1043 4902 1244 4954 sanctis
1274 4900 1478 4953 actibus
1522 4898 1705 4951 laudes
1740 4895 1943 4948 Domini

360 4999 559 5050 devota
593 4994 960 5047 modulatione
990 4993 1296 5046 decantant.
1348 4989 1558 5044 Cithara
1584 4996 1697 5051 est,
1727 4990 1857 5040 sicut
1894 4990 1944 5039 in

364 5085 685 5156 prazt‘atione
709 5086 817 5152 jam
845 5084 1042 5137 dictum
1070 5093 1169 5146 est,
1201 5081 1362 5150 lignei
1395 5079 1596 5134 ventris
1628 5080 1680 5133 in
1713 5079 1820 5131 into
1847 5078 1947 5133 sita

364 5177 697 5239 concavitas,
724 5189 843 5240 quas
864 5189 1074 5226 Sursum
1099 5172 1418 5227 chordarum
1449 5172 1535 5224 lila
1560 5173 1946 5234 transmittens,

365 5268 519 5320 sonis
560 5265 887 5318 du'cissimis
935 5279 1186 5333 percussa
1243 5262 1595 5331 proloquitur.
1648 5262 1774 5327 Quae
1830 5260 1951 5313 ideo

370 5360 478 5410 tale
510 5371 708 5410 nomen
738 5356 962 5420 accepit,
993 5354 1245 5425 quoniam
1275 5355 1375 5406 cita
1410 5354 1690 5405 iteratione
1722 5350 1952 5418 percuti-

373 5460 481 5504 tur.
516 5450 649 5503 lluic
680 5449 870 5501 merito
896 5456 1274 5516 comparantur
1297 5461 1456 5516 opera
1486 5460 1605 5514 qua:
1634 5445 1699 5499 de
1727 5444 1954 5500 terrenis

374 5544 539 5594 rebus
563 5540 629 5594 ad
657 5554 940 5607 supernam
971 5540 1194 5608 gratiam
1227 5538 1586 5607 porriguntur,
1620 5536 1674 5591 id
1699 5545 1805 5601 est,
1828 5537 1954 5592 dum
1988 5520 1995 5527 ’

375 5635 702 5687 esurlentem
751 5630 1040 5696 pascimus,
1087 5629 1211 5683 dttm
1259 5627 1457 5683 nudum
1501 5629 1780 5694 vestimus,
1827 5628 1955 5683 dum

2028 3180 2165 3232 libus
2194 3177 2454 3244 probabili
2491 3192 2587 3230 nos
2616 3178 3023 3230 conversatione
3062 3186 3371 3231 tractamus.
3412 3177 3601 3231 Verum

2025 3272 2123 3324 ista
2157 3284 2274 3337 qum
2301 3269 2547 3334 dicimus,
2578 3285 2681 3322 non
2707 3278 2831 3322 sunt
2858 3278 3006 3322 extra
3039 3283 3136 3322 nos
3167 3268 3356 3335 posita,
3388 3271 3526 3324 sicut
3557 3271 3606 3324 iit

2027 3364 2225 3415 musica
2255 3361 2567 3429 disciplina;
2614 3361 2666 3415 in
2714 3363 2865 3415 nobis
2896 3372 2975 3416 est
3008 3361 3225 3425 cithara,
3259 3362 3311 3416 in
3346 3363 3500 3418 nob's
3525 3375 3608 3418 est

2026 3452 2323 3521 psalterium
2363 3466 2383 3506 :
2428 3453 2534 3505 imo
2594 3453 2703 3519 ipsa
2746 3465 2944 3519 organa
2995 3467 3090 3505 nos
3139 3466 3356 3522 sumus,
3400 3455 3609 3521 quando

2031 3545 2097 3599 ad
2124 3545 2520 3599 similitudinem
2549 3559 2731 3598 eorum
2764 3558 2856 3611 per
2882 3544 3102 3612 gratiam
3134 3544 3361 3608 Doinini,
3392 3554 3606 3598 actuum

2034 3646 2335 3689 nostrorum
2375 3633 2627 3702 qualitate
2675 3642 2977 3687 cantamus.
3038 3632 3146 3687 lloc
3192 3643 3370 3688 autem
3415 3644 3470 3688 et
3510 3635 3604 3689 illo

2034 3728 2278 3796 exemplo
2313 3727 2468 3779 datur
2508 3726 2748 3792 intelligi,
2788 3726 2873 3778 nhi
2904 3736 2976 3778 ait
3010 3743 3023 3777 :
3060 3724 3121 3778 In
3154 3741 3233 3779 me
3266 3736 3405 3787 sunt,
3447 3722 3609 3795 Deus,

2034 3828 2192 3880 vota;
2234 3832 2348 3886 qua:
2390 3815 2821 3881 rcddam,laudes
2866 3815 2955 3869 tibi
3008 3815 3180 3885 (Psal.
3218 3812 3459 3885 ιν,12)ἶ²
3491 3815 3614 3871 H:rc

2037 3918 2213 3961 autem
2258 3917 2313 3962 et
2360 3907 2442 3960 his
2486 3908 2699 3970 similia,
2748 3910 2882 3961 sicut
2921 3923 3062 3975 δευρί)
3111 3908 3357 3972 diximus,
3403 3908 3617 3976 tropicitt

2038 3999 2389 4053 allusionibus
2431 3997 2730 4052 edicuntur.

2109 4090 2264 4144 Vers.
2296 4092 2350 4144 3.
2384 4087 2595 4143 Cantate
2624 4089 2666 4141 ei
2689 4090 2937 4140 canticum
2962 4104 3175 4148 norum;
3198 4088 3319 4139 bene
3342 4089 3540 4153 psallite
3563 4090 3611 4143 ei

2039 4179 2091 4231 in
2107 4180 2415 4247 jubilatione
2459 4176 2610 4249 [tnss.
2646 4183 2732 4241 A.,
2768 4179 2849 4243 8.,
2878 4177 2960 4239 ἢ,
2989 4176 3390 4248 vociferatione].
3420 4179 3619 4234 Novum
3686 4227 3688 4231 ,

2039 4272 2292 4322 canticum
2312 4268 2439 4322 dicit
2462 4269 2881 4322 incarnationem
2908 4268 3135 4330 Domini,
3165 4284 3265 4336 qua
3287 4269 3511 4324 mundus
3533 4287 3620 4324 sic

2043 4363 2198 4415 lutari
2231 4360 2586 4415 exsultatione
2622 4360 2921 4426 completus
2949 4369 3178 4426 esI,-qua
3211 4359 3380 4428 angeli
3413 4362 3623 4415 canoris

2044 4452 2261 4507 vocibus
2318 4451 2468 4521 107
2523 4460 2876 4519 personarum
2915 4450 3190 4504 laudantes
3242 4460 3297 4504 et
3346 4452 3623 4508 dicentes:

2046 4543 2224 4599 Gloria
2246 4546 2296 4595 in
2322 4544 2582 4595 altissimis
2603 4543 2727 4609 Deo,
2749 4552 2796 4595 et
2818 4543 2871 4594 in
2896 4553 3029 4594 terra
3050 4558 3152 4611 pax
3175 4541 3463 4597 horninibus
3486 4546 3627 4599 bona:

2046 4634 2319 4687 voluntatis
2349 4632 2497 4702 (Luc.
2524 4649 2582 4696 n,
2612 4631 2719 4700 14).
2767 4632 2943 4686 Monet
2980 4645 3105 4700 ergo
3133 4639 3189 4684 ut
3219 4648 3315 4687 nos
3341 4633 3527 4689 eadem
3575 4646 3627 4690 et

2051 4724 2229 4777 dicere
2264 4722 2551 4775 debeamus
2591 4730 2645 4775 et
2678 4721 2919 4776 credere.
2966 4721 3239 4790 Sequitur,
3275 4722 3396 4775 bene
3423 4724 3627 4790 psallite

2051 4814 2098 4865 ei
2144 4816 2196 4865 in
2230 4813 2539 4882 jubilatione
2567 4853 2582 4875 ,
2648 4812 2699 4865 id
2748 4820 2827 4866 est
2880 4812 2929 4863 in
2974 4813 3124 4864 bonis
3166 4811 3412 4880 operibus
3465 4812 3628 4865 Deum

2056 4906 2318 4957 invocate.
2359 4900 2613 4957 Julnlatio
2653 4912 2735 4956 est
2779 4902 2918 4955 enim
2967 4904 3212 4971 gaudium
3254 4919 3371 4958 cum
3421 4902 3630 4958 fervore

2054 4994 2214 5046 animi
2263 5003 2316 5046 et
2357 4994 2592 5047 clamore
2637 4993 2956 5046 indistincta:
3006 4994 3150 5047 vocis
3194 5009 3522 5059 expressum.
3576 4993 3629 5046 In

2056 5096 2157 5151 qua
2197 5081 2507 5153 jubilatione
2557 5098 2662 5135 non
2708 5092 2881 5150 potest
2933 5086 3054 5135 bene
3099 5084 3347 5151 psallere,
3396 5084 3493 5136 nisi
3544 5083 3631 5150 qui

2056 5175 2211 5229 bona:
2246 5174 2477 5227 studium
2517 5174 2939 5228 conversationis
2972 5173 3291 5243 adjunxerit.
3337 5174 3403 5227 Et
3435 5173 3632 5242 inspice

2057 5265 2339 5319 salutarem
2368 5264 2685 5329 doctrinam,
2714 5279 2834 5333 qua:
2864 5279 2962 5319 nos
2988 5263 3058 5317 ita
3088 5273 3400 5333 prmmonet,
3428 5275 3481 5316 ut
3508 5276 3632 5318 ante

2061 5344 2226 5410 Deum
2253 5355 2509 5411 iuoliense
2531 5358 2747 5427 psallere
2764 5356 3075 5419 debeamus,
3102 5357 3188 5426 qtti
3237 5372 3392 5410 renes
3426 5366 3635 5411 nostros

2062 5455 2116 5500 et
2142 5447 2299 5502 corda
2329 5448 2603 5514 cognoscit
2631 5464 2643 5501 :
2672 5464 2739 5503 ne
2780 5449 2946 5519 magis
2982 5448 3102 5501 inde
3135 5449 3349 5517 gravius
3380 5450 3640 5521 possimus

2065 5538 2353 5599 oll‘endere,
2379 5538 2421 5592 si
2448 5539 2691 5593 scelerati
2718 5551 2874 5609 atque
2899 5539 3105 5593 subdoli
3129 5538 3194 5593 ad
3224 5549 3366 5595 tanta
3393 5543 3639 5609 mysteria

2068 5629 2344 5684 videantur
2373 5628 2649 5681 accedere.
