4030 6172
402 227 509 282 2’27

1567 224 1634 278 Il.
1681 225 1717 276 A
1730 221 1956 278 URELII
1993 221 2370 277 (ZASSIUDUR

3579 232 3685 289 2‘28

481 348 629 400 Vi-rs.
660 345 712 398 4.
742 344 996 410 Quoniam
1026 351 1192 396 rectus
1221 352 1292 395 est
1323 356 1486 392 sermo
1520 339 1757 403 Domini,
1791 347 1836 391 et
1868 354 1981 389 om-
2011 344 2055 399 Α
2092 350 2219 403 pora
2252 336 2318 389 de
2359 335 2518 389 l’alt-c
2551 337 2825 405 processit.
2856 338 2919 392 Et
2942 348 2994 392 ul
3029 339 3078 393 itt
3111 339 3276 394 lrilms
3307 341 3547 409 personis
3573 360 3685 399 mt-

399 440 491 492 nirt
520 454 673 503 opera
714 443 823 503 (ius
854 438 903 487 in
936 435 1056 502 ﬁde.
1088 434 1182 485 llic
1225 430 1410 499 incipit
1457 444 1551 499 per
1593 428 1978 482 demonstrati-

397 546 527 586 vum
555 544 718 597 genus
758 527 940 580 laudes
973 524 1180 578 Domini
1222 523 1432 576 diversa
1468 521 1730 576 relatione
1774 520 1984 573 discor-

400 633 553 680 rere,
623 627 677 670 ut
729 616 906 669 omnia
960 615 1116 669 nobis
1170 628 1330 683 opera
1389 614 1553 681 ipsius
1610 622 1664 666 ct
1717 622 1981 681 prazccpla

399 708 791 763 dulceseerent.
830 706 1012 760 Rectus
1043 716 1115 760 est
1138 707 1315 775 itaque
1345 720 1510 758 sermo
1542 705 1771 769 Domini,
1808 704 1873 757 ad
1906 704 1983 758 di-

398 798 653 865 rigendos
704 798 907 852 scilicet
963 797 1223 850 homines.
1280 795 1558 849 Veraciter
1614 796 1756 848 enim
1816 806 1984 848 rectus

398 886 619 947 dicitur,
650 893 736 955 qui
768 900 939 941 rectos
973 888 1120 941 l'acit.
1161 889 1444 956 Epitlieton
1492 886 1756 950 mirabile,
1789 884 1985 939 verilo-

405 993 569 1045 quum
605 981 847 1031 verbum.
881 978 980 1031 Per
1018 978 1191 1047 legem
1236 977 1495 1045 siquidem
1539 977 1769 1030 divinam
1814 976 1987 1029 corri-

404 1071 597 1136 gimur,
639 1086 731 1136 per
774 1071 938 1137 ipsam
969 1086 997 1122 a
1031 1080 1213 1124 nostra
1260 1071 1517 1137 pravitate
1546 1084 1893 1138 separamur;
1931 1079 1987 1123 et

408 1160 722 1228 rrgulariter
769 1169 893 1213 tunc
939 1161 1191 1228 vivimus,
1238 1161 1449 1230 quando
1500 1162 1616 1229 ejus
1659 1162 1987 1229 jussionibus

407 1253 709 1305 ubedimtts.
742 1252 862 1305 llmc
895 1252 1077 1321 quinta
1104 1263 1186 1306 est
1220 1252 1424 1319 Species
1449 1253 1796 1316 deﬁnitionis,
1829 1268 1986 1320 quam

409 1346 579 1398 (ἶνωεί
628 1348 760 1400 κατὰ
807 1351 895 1404 τὴν
937 1346 1084 1411 λέξιν,
1136 1347 1321 1399 Latine
1364 1346 1426 1398 ad
1474 1347 1693 1400 verbum
1739 1347 1986 1403 dicimus.

411 1436 522 1488 Ilua
551 1436 690 1489 enim
715 1447 865 1504 parte
885 1438 1141 1489 orationis
1165 1437 1434 1490 deﬁnitum
1460 1446 1537 1489 est
1563 1437 1686 1504 quid
1718 1438 1783 1489 sil
1810 1453 1989 1490 sermo

409 1527 653 1588 Domini,
687 1530 786 1581 hoc
830 1539 942 1596 est,
988 1539 1173 1583 rectus.
1205 1528 1512 1596 Subjungit,
1546 1539 1592 1582 et
1623 1531 1794 1581 omnia
1834 1546 1989 1596 opera

410 1625 528 1689 ejus
554 1620 606 1672 in
628 1621 746 1688 ﬁde.
767 1621 976 1688 Utique,
1000 1621 1212 1690 quando
1234 1622 1283 1673 in
1310 1620 1696 1689 illisoperatur,
1714 1624 1796 1690 qui
1825 1621 1988 1691 ipsius

412 1712 458 1759 ti~
484 1726 553 1763 no
583 1710 765 1765 ﬁdeles
792 1726 909 1765 05:0
940 1719 1278 1774 meruerunt;
1313 1713 1447 1764 sicut
1478 1714 1527 1765 in
1570 1712 1854 1781 Evangelio
1885 1714 1958 1765 ait
1986 1732 2001 1771 ε

417 1800 573 1854 Fides
624 1811 710 1853 tuo
758 1812 804 1855 te
838 1802 1033 1855 saluum
1075 1800 1190 1869 fecit
1220 1800 1368 1870 (Luc.
1400 1817 1503 1867 vn,
1529 1801 1644 1863 50).
1687 1802 1802 1857 Νοιι
1844 1806 1987 1855 enim

412 1907 573 1958 opera
609 1891 817 1945 Domini
847 1893 1141 1946 tnnlierilla
1174 1894 1484 1961 meruisset,
1506 1895 1604 1947 nisi
1635 1896 1994 1963 prreccssisset

412 1981 543 2033 ﬁdes
585 1996 678 2048 per
707 1984 987 2049 gratuitam
1024 1982 1338 2049 largitatem.

483 2093 633 2146 Vers.
667 2094 721 2147 5.
758 2093 935 2164 Diligit
966 2094 1368 2147 misericordiam
1395 2105 1441 2146 et
1459 2094 1751 2165 judicium;
1794 2097 1989 2150 miseri-

411 2184 587 2235 cordia
620 2182 820 2233 Domini
855 2184 1005 2250 plena
1029 2193 1101 2235 est
1129 2194 1283 2237 terra.
1320 2185 1372 2237 ltt
1406 2186 1507 2238 ltoc
1545 2195 1599 2237 et
1640 2189 1993 2255 sequentibus

411 2273 653 2326 versibus
680 2290 770 2341 per
797 2274 1002 2325 tertiam
1030 2276 1260 2341 speciem
1293 2274 1636 2340 deﬁnitionis,
1663 2293 1781 2346 quze
1809 2277 1993 2333 ϐτιῡοθ

411 2364 640 2431 ποιότης,
663 2363 846 2418 Latine
874 2365 1177 2433 qualitativa
1210 2365 1422 2435 dicitur,
1454 2367 1730 2420 Dominum
1760 2367 1991 2422 declarat

411 2457 676 2510 narrando
708 2473 825 2525 qua:
858 2456 1074 2525 l'eccrit,
1108 2459 1191 2511 vel
1238 2475 1356 2528 qua:
1403 2460 1641 2529 quotidie
1693 2461 1836 2515 facit.
1868 2461 1992 2514 lllas

411 2548 552 2600 enim
601 2562 686 2599 res
731 2546 957 2600 dicimus
999 2547 1232 2618 diligere,
1272 2564 1401 2614 quas
1446 2551 1641 2617 smpius
1686 2565 1990 2618 operamnr.

410 2635 481 2689 Ita
526 2636 609 2690 hic
635 2636 701 2689 de
750 2636 972 2691 Domino
1002 2640 1253 2694 canitur:
1292 2637 1470 2712 Diligtt
1515 2642 1919 2695 misericordiam
1944 2652 1992 2695 et

410 2727 685 2797 judicium,
715 2729 862 2795 quasi
906 2743 1008 2782 non
1038 2740 1092 2782 et
1122 2730 1456 2799 prudentiam
1503 2744 1551 2786 et
1585 2735 1990 2802 temperantiam

410 2817 613 2887 diligat.
642 2818 744 2872 Sed
786 2820 907 2887 quia
955 2819 1111 2873 istam
1164 2822 1317 2876 nobis
1367 2823 1673 2892 frequenter
1722 2826 1989 2894 indulget,

409 2911 575 2978 ipsam
619 2912 815 2966 dicitur
855 2913 1075 2968 omnino
1107 2916 1351 2984 diligere.
1390 2918 1440 2969 In
1489 2919 1587 2972 ltoc
1633 2933 1761 2987 ergo
1792 2920 1991 2973 mundo

409 3004 576 3075 diligit
606 3005 1037 3075 misericordiam,
1083 3008 1171 3060 ubi
1212 3023 1329 3061 cam
1379 3009 1534 3078 longe
1577 3009 1790 3075 lateque
1817 3011 1991 3064 disse-

2090 426 2336 478 nil'estam
2378 426 2705 496 intelligeres
2730 429 3011 496 unitatem,
3037 434 3147 502 ejus
3169 432 3319 497 dixit,
3347 449 3450 486 non
3473 449 3683 493 eorum.

2165 516 2317 570 Vers.
2353 517 2407 571 7.
2443 516 2773 587 Congregans
2817 520 2947 573 sicut
2986 522 3038 574 in
3085 534 3244 575 utrem
3291 542 3451 593 aquas
3499 529 3687 591 moris;

2095 623 2291 680 ponens
2321 608 2374 660 in
2415 608 2671 662 thesauris
2717 609 2943 680 obyssos.
2992 611 3143 678 Quod
3200 614 3306 682 ait,
3362 615 3689 686 Congregans

2101 700 2236 752 sicut
2264 699 2314 750 in
2348 710 2507 751 utrem
2538 716 2699 768 aquas
2730 701 2963 765 maris,si
2994 704 3057 756 ad
3093 703 3321 759 litteram
3343 707 3479 761 velis
3496 712 3685 762 adver-

2095 800 2233 853 tere,
2262 790 2505 844 clausum
2538 792 2801 860 signiticet
2833 809 2979 849 mare
3010 796 3295 851 littoribus.
3329 798 3459 853 Nam
3508 803 3550 855 si
3587 803 3687 856 line

2089 882 2440 949 spiritualitcr
2486 882 2619 934 velis
2658 898 2949 951 agnoscere
2976 922 2992 950 ,
3038 895 3151 939 uter
3194 899 3275 941 est
3324 899 3546 943 exulum
3597 906 3687 957 pe-

2088 972 2232 1026 coris
2256 980 2454 1041 tergus,
2483 974 2622 1042 quod
2656 977 2838 1027 usibus
2868 977 3119 1031 Immanis
3146 958 3384 1033 deservit
3414 981 3479 1036 ad
3513 983 3688 1051 liquo-

2090 1078 2177 1120 res
2206 1064 2410 1132 aliquos
2441 1066 2867 1133 congregandos.
2914 1068 3013 1125 Hic
3044 1078 3154 1123 uter
3185 1070 3446 1127 Ecclesia:
3470 1090 3686 1144 compa-

2090 1164 2275 1208 ratur:
2308 1155 2431 1224 quia
2463 1157 2603 1209 sicut
2652 1159 2749 1211 isle
2779 1170 3057 1227 susceptas
3087 1174 3275 1230 aquas,
3317 1164 3430 1218 sive
3477 1166 3685 1234 aliquid

2093 1248 2196 1302 tale
2224 1249 2614 1314 complectitur,
2648 1250 2713 1302 ita
2746 1263 2794 1303 et
2829 1250 2913 1304 illa
2943 1251 3320 1309 adunationem
3355 1256 3532 1323 poputi
3564 1273 3690 1312 cre-o

2091 1338 2267 1391 dentis
2312 1340 2553 1391 includit.
2597 1339 2753 1408 Aqua:
2796 1357 2923 1395 vero
2970 1344 3125 1396 maris
3181 1346 3435 1412 pupulum
3484 1347 3687 1417 signiti-

2091 1437 2215 1482 cant
2261 1429 2653 1497 Christianum,
2688 1432 2774 1499 qui
2825 1431 2876 1485 itt
2926 1432 3107 1485 nmndi
3157 1435 3273 1487 salo
3320 1435 3479 1488 [luctu
3522 1440 3688 1491 alter-

2094 1529 2254 1574 nante
2290 1520 2614 1575 concutitur.
2648 1522 2896 1591 Abyssum
2928 1538 3057 1578 vero
3110 1525 3337 1580 dicimus
3378 1529 3535 1580 nimis
3575 1530 3677 1581 ali-

2101 1611 2228 1681 quid
2263 1613 2613 1680 profundum,
2648 1615 2788 1683 quod
2818 1615 3094 1671 altitudine
3125 1634 3216 1669 sua
3249 1617 3513 1673 humanos
3543 1622 3593 1674 in
3626 1638 3688 1677 se

2040 1721 2080 1779 Β
2107 1703 2434 1759 descendere
2464 1721 2568 1759 non
2604 1706 2859 1773 permittit
2887 1719 3155 1775 aspectus.
3190 1711 3228 1762 Ε
3261 1727 3327 1779 go
3355 1714 3405 1764 in
3439 1711 3687 1766 thesauris

2096 1795 2229 1857 suis,
2270 1795 2323 1849 id
2372 1807 2454 1850 est
2492 1797 2767 1865 sapientia:
2802 1808 2857 1853 et
2902 1801 3143 1853 scientia:
3189 1804 3329 1870 ponit
3379 1805 3687 1859 altitudines

2098 1885 2424 1954 profundas;
2459 1900 2512 1940 ut
2545 1891 2733 1954 probet
2759 1891 2879 1958 quis
2903 1889 3021 1960 ejus
3038 1893 3340 1962 Scripturas
3369 1896 3545 1949 studio
3571 1897 3684 1965 pie-

2109 1979 2235 2031 tatis
2266 1978 2518 2046 inquirat.

2169 2072 2323 2127 V’ers.
2358 2075 2411 2127 8.
2455 2071 2652 2125 Timeat
2704 2073 2980 2127 Dominum
3031 2076 3196 2129 omnis
3237 2087 3371 2129 terra
3402 2090 3423 2130 :
3463 2078 3523 2130 ab
3576 2078 3686 2147 ipso

2097 2174 2269 2219 autem
2299 2176 2709 2219 commorcantur
2750 2169 3014 2233 universa,
3046 2178 3093 2220 ct
3123 2184 3295 2223 omnes
3337 2170 3425 2238 qui
3464 2171 3684 2224 habitant

2095 2258 2287 2313 orbem.
2326 2257 2483 2311 Terra
2516 2259 2603 2313 liic
2630 2260 2822 2312 durutn
2860 2260 3125 2328 signiﬁcat
3170 2277 3262 2327 per
3291 2264 3471 2316 omnia
3502 2276 3688 2331 pecca-

2097 2359 2297 2415 tnrem,
2328 2350 2416 2418 qui
2450 2350 2641 2405 merito
2671 2361 2807 2403 terra
2836 2353 3053 2417 dicitur,
3084 2354 3203 2423 quia
3239 2355 3473 2409 caelestis
3502 2356 3687 2423 gratia:

2099 2440 2343 2510 largitate
2375 2441 2668 2494 fraudator.
2720 2443 2858 2510 Ergo
2890 2452 3137 2509 peccator
3163 2446 3263 2500 iste
3303 2455 3333 2499 tr
3357 2462 3545 2501 rrenus
3589 2448 3683 2516 qui

2099 2546 2280 2585 amare
2330 2533 2527 2597 nescit,
2562 2534 2731 2585 timeat
2768 2534 3074 2602 Dominum;
3108 2547 3161 2591 ut
3193 2540 3236 2591 si
3279 2554 3384 2592 non
3418 2540 3683 2593 desiderio

2099 2626 2440 2694 prtemiorum
2464 2641 2492 2678 a
2526 2628 2759 2696 peccatis
2783 2627 3046 2696 abstinet,
3074 2631 3261 2685 saltem
3287 2632 3534 2686 vindictm
3559 2646 3679 2685 con-

2094 2719 2419 2772 sideratione
2446 2727 2743 2773 revocetur.
2771 2720 3004 2774 Diceudo
3027 2723 3168 2777 enim
3186 2763 3201 2787 ,
3230 2724 3291 2776 ab
3317 2725 3450 2791 ipso,
3485 2723 3681 2777 indicat

2098 2824 2154 2866 et
2182 2826 2208 2863 a
2241 2810 2453 2864 diabolo
2489 2811 2791 2864 commoveri
2819 2828 2837 2866 :
2867 2811 2935 2865 de
2960 2827 3067 2881 quo
3094 2822 3146 2867 et
3191 2814 3353 2868 Isaias
3383 2814 3511 2867 chit
3537 2831 3548 2865 :
3583 2812 3692 2865 Hic

2094 2912 2167 2955 est
2196 2903 2281 2971 qui
2308 2903 2644 2954 commovebat
2674 2913 2859 2955 terram
2890 2902 3025 2974 (lsu.
3081 2919 3188 2964 XIV.
3218 2905 3324 2973 l6).
3354 2905 3690 2973 Quapropter

2099 2994 2354 3063 propheta
2393 2995 2583 3047 merito
2615 2995 2745 3063 petit
2780 3010 2809 3047 a
2854 2993 3078 3048 Domino
3126 2997 3303 3050 omnia
3346 2998 3679 3063 commoveri,

409 3098 601 3158 mittat;
645 3095 889 3150 videlicet
941 3099 1029 3151 ubi
1079 3100 1306 3152 sustinet
1358 3112 1684 3165 peccatores,
1731 3102 1820 3153 ubi
1870 3102 1985 3155 bia-

2096 3104 2161 3155 tpt
2185 3103 2213 3139 a
2247 3102 2407 3140 omne
2438 3087 2575 3154 quod
2626 3087 2741 3155 ejus
2782 3087 3120 3142 ordinatione
3151 3088 3471 3158 disponitur,
3517 3089 3679 3142 rebus

408 3184 657 3249 epltemos
689 3187 949 3251 patienter
995 3198 1297 3255 exspectat,
1342 3189 1427 3243 ubi
1471 3191 1629 3243 vitam
1663 3201 1880 3259 pra-Stat
1910 3193 1989 3246 in-

406 3275 599 3342 dignis,
626 3284 681 3328 et
712 3277 792 3328 bis
837 3275 1061 3342 similia,
1092 3293 1212 3346 qua:
1264 3280 1443 3347 pietati
1493 3294 1737 3350 superna:
1779 3294 1988 3337 constat

406 3366 725 3420 omnimodis
753 3368 1083 3435 applicanda.
1117 3367 1294 3440 Diligit
1321 3385 1531 3440 quoque
1549 3374 1837 3441 judicium,
1867 3390 1987 3428 cum

407 3458 523 3524 pios
546 3468 843 3527 sequestrat
870 3460 938 3513 ab
969 3460 1168 3528 impiis,
1200 3473 1248 3513 et
1283 3462 1468 3514 merita
1500 3477 1682 3516 eorum
1715 3467 1986 3532 aequitatis

405 3547 658 3614 qualitate
701 3547 975 3610 discernit.
1007 3549 1149 3618 Sequ
1182 3559 1264 3603 tur
1298 3552 1386 3605 ubi
1428 3552 1605 3617 illaut,
1637 3568 1796 3621 quam
1828 3568 1991 3620 supe-

406 3638 517 3691 rius
556 3636 802 3704 dixerat,
854 3639 1257 3694 misericordiam
1308 3638 1581 3708 largiatur,
1618 3658 1739 3695 eum
1789 3643 1992 3695 miseri-

403 3729 579 3781 cordia
611 3727 819 3782 Domini
846 3729 996 3796 plena
1020 3740 1096 3783 est
1127 3739 1281 3786 terra.
1320 3733 1423 3786 Ista
1456 3734 1638 3803 utique
1669 3747 1787 3803 qttze
1823 3733 1989 3788 mise-

404 3831 494 3873 ros
535 3819 801 3887 continet,
831 3819 917 3875 ubi
966 3820 1165 3875 diaboli
1215 3824 1614 3893 oppugnatione
1655 3824 1985 3888 laboramus,

405 3909 545 3964 ubia
576 3909 843 3965 mandatis
882 3911 1190 3967 cmlesdbus
1236 3915 1413 3967 carnis
1454 3914 1818 3969 imbecillitate
1857 3916 1987 3968 sub-

405 3998 685 4051 trahimur.
715 3999 865 4055 Tunc
892 4000 1036 4056 enim
1065 4016 1222 4069 quam
1256 4004 1679 4057 misericordiam
1712 4006 1984 4069 postulare

406 4104 705 4160 possumus,
746 4105 868 4146 cum
915 4093 1025 4161 jam
1076 4093 1237 4148 nullis
1286 4093 1693 4150 necessitatibus
1742 4096 1987 4163 ingrava-

404 4182 559 4237 ntur?
607 4184 697 4238 hic
739 4199 870 4254 ergo
918 4185 1340 4241 misericordiam
1390 4200 1721 4255 quaeramus,
1769 4188 1836 4242 de
1882 4201 1985 4257 qua

404 4276 653 4328 universa
676 4284 815 4328 terra
839 4278 1103 4350 completa
1128 4286 1232 4331 est.

470 4362 626 4417 Vers.
652 4363 705 4417 6.
737 4359 901 4418 Verbo
933 4364 1141 4419 Domini
1167 4369 1278 4421 coeli
1307 4368 1498 4437 ﬁrmati
1525 4378 1674 4438 sunt,
1727 4379 1775 4425 et
1801 4371 1929 4440 spiri
1952 4387 1985 4424 ιι

2096 3193 2311 3245 ιιρῑιψιτ
2357 3176 2572 3230 utilibus
2619 3177 2937 3245 applicatur.
2976 3176 3078 3231 Sed
3114 3179 3237 3234 lit-ct
3278 3180 3421 3246 prius
3460 3178 3685 3233 dixisset

2097 3271 2420 3335 generaliter
2448 3270 2657 3336 omnia,
2689 3285 2832 3324 nunc
2862 3270 3138 3325 descendit
3160 3271 3223 3323 ad
3256 3272 3520 3326 homines.
3550 3271 3679 3326 Nam

2095 3361 2338 3429 quamvis
2382 3363 2617 3415 mtiversa
2661 3361 2778 3431 ejus
2810 3364 3035 3431 imperio
3066 3361 3422 3417 administrari
3455 3374 3639 3434 egeant
3662 3406 3679 3431 ,

2097 3453 2328 3505 maxime
2381 3451 2668 3507 humanum
2713 3464 2911 3522 genus,
2957 3454 3097 3522 quod
3138 3469 3166 3507 a
3215 3463 3400 3509 natura
3449 3471 3543 3509 sua
3574 3454 3679 3510 de-

2096 3555 2372 3611 pravatum
2424 3544 2835 3612 surripientibus
2875 3544 3044 3611 vittis,
3087 3546 3260 3616 culpis
3301 3546 3557 3616 probatur
3586 3546 3680 3601 ob-

2098 3634 2334 3686 noxium.

2162 3724 2317 3779 Vers.
2349 3726 2402 3781 9.
2438 3726 2691 3789 Quoniam
2740 3726 2850 3794 ipse
2898 3729 3056 3793 dixit,
3103 3738 3148 3783 et
3202 3731 3338 3801 facta
3385 3739 3538 3795 sunt;
3571 3731 3679 3796 ipse

2091 3814 2380 3879 utandrwit,
2411 3825 2458 3868 et
2482 3824 2655 3869 creata
2681 3826 2820 3869 sunt.
2863 3816 3054 3871 Reddit
3079 3831 3294 3871 cans-am
3327 3835 3491 3888 quare
3518 3834 3547 3870 a
3580 3818 3679 3874 Do-

2090 3905 2236 3958 mino
2262 3906 2489 3959 debeant
2522 3906 2699 3960 omnia
2727 3907 3054 3961 commoveri
3081 3924 3095 3961 :
3131 3911 3313 3977 utique
3342 3910 3461 3980 quia
3489 3922 3678 3965 eorun.

2093 3995 2207 4062 ipse
2236 4007 2449 4050 creator
2491 4007 2607 4060 est,
2646 4010 2697 4049 et
2728 4010 2945 4051 necesse
2985 4007 3068 4051 est
3109 4009 3166 4052 ut
3211 4001 3410 4055 utiliter
3448 4000 3680 4055 admini-

2090 4097 2222 4139 stret
2248 4087 2580 4151 existentias,
2611 4088 2699 4155 qui
2729 4102 2820 4140 cas
2843 4088 3089 4157 dignatus
3113 4102 3195 4146 est
3221 4102 3407 4147 creare
3438 4108 3534 4161 per
3562 4108 3680 4164 gra-

2096 4176 2247 4227 tiam.
2285 4176 2462 4239 Dirit,
2494 4187 2539 4228 et
2573 4177 2711 4246 facta
2742 4192 2891 4243 sunt,
2920 4181 3181 4248 signiticat
3215 4184 3419 4237 initium
3467 4199 3676 4252 rerum,

2089 4269 2300 4335 quando
2332 4270 2575 4321 universa
2607 4268 2722 4321 Filii
2754 4272 2919 4337 ipsius
2965 4273 2977 4325 i
3004 4273 3189 4340 aperio
3212 4273 3358 4343 jussa
3413 4292 3676 4346 prorupe-

2089 4373 2231 4411 runt.
2266 4357 2386 4429 Ipse
2430 4360 2720 4424 mandavit,
2751 4372 2798 4413 et
2840 4372 3009 4415 creata
3053 4373 3212 4417 sunt:
3246 4356 3339 4434 per
3389 4370 3679 4436 prophetas

402 4456 505 4507 oris
547 4457 659 4528 ejus
698 4457 860 4510 omnis
904 4458 1061 4511 uirtus
1087 4476 1284 4515 eorum.
1313 4463 1567 4528 Quamvis
1596 4472 1653 4518 et
1689 4464 1754 4518 ad
1794 4464 1979 4518 condi-

2096 4455 2268 4519 utique
2310 4451 2571 4503 mandavit
2619 4452 2823 4523 legem,
2872 4469 2967 4523 per
3005 4471 3159 4524 quam
3204 4457 3407 4523 lideles,
3453 4460 3678 4514 Domino

402 4548 600 4599 tionem
632 4561 808 4600 rerum
838 4563 1023 4604 versus
1056 4550 1157 4604 iste
1190 4552 1462 4616 pertinere
1492 4551 1757 4620 videatur,
1803 4564 1979 4609 tamen

399 4652 453 4691 et
498 4639 848 4708 spiritualitcr
891 4643 1144 4696 decenter
1191 4642 1469 4713 accipitur.
1521 4644 1688 4699 Verbo
1738 4645 1980 4714 Domini,

400 4732 503 4785 hoc
527 4740 608 4785 est
634 4746 662 4785 a
693 4730 829 4785 Filio
859 4732 951 4787 Dei
984 4736 1096 4787 creti
1122 4735 1314 4803 ﬁrmati
1342 4747 1494 4802 sunt,
1526 4737 1579 4793 id
1610 4749 1694 4794 est
1717 4739 1979 4808 apostoli,

398 4825 510 4877 sive
540 4823 708 4877 sancti
740 4824 958 4878 stabiliti
992 4837 1147 4890 sunt,
1186 4829 1273 4897 qtti
1306 4830 1490 4883 orbem
1532 4839 1796 4885 terrarum
1835 4834 1981 4886 salu-

399 4913 497 4967 tari
554 4915 932 4984 praedicatione
983 4921 1333 4986 complerent.
1384 4922 1652 4990 Sequitur,
1695 4934 1742 4976 et
1792 4924 1979 4991 spiritu

398 5008 500 5060 oris
526 5009 633 5078 ejus
661 5012 823 5062 omnis
852 5010 1009 5063 virtus
1037 5028 1209 5065 eorum
1232 5030 1251 5067 :
1282 5014 1483 5082 utique,
1517 5015 1731 5082 quando
1774 5031 1805 5069 a
1855 5015 1981 5083 Spi-

399 5097 501 5149 ritu
530 5107 715 5152 sancto
742 5114 925 5153 eorum
954 5102 1193 5156 doctrina
1229 5104 1497 5159 veniebat.
1535 5104 1709 5159 Virtus
1747 5108 1890 5160 enim
1922 5118 1978 5161 et

397 5188 465 5241 ad
515 5188 763 5244 miracula
808 5193 1043 5258 pertinet
1089 5210 1205 5261 qua:
1254 5194 1550 5261 faciebant,
1589 5205 1643 5249 et
1690 5196 1755 5250 ad
1804 5197 1973 5265 legem

403 5281 609 5335 Domini
641 5300 796 5350 quam
827 5286 1071 5351 gettttbus
1103 5287 1481 5354 prredicabant.
1516 5287 1643 5339 Nam
1674 5290 1717 5341 si
1752 5288 1977 5357 diligen-

400 5371 506 5425 tius
534 5384 951 5440 perscrutemur,
977 5387 1029 5429 et
1061 5386 1297 5428 sant-tam
1333 5377 1417 5429 llic
1454 5378 1716 5445 signiﬁcat
1746 5378 1980 5432 Trinita-

398 5472 527 5517 teut.
558 5464 799 5519 Dicenda
846 5469 987 5521 enim
1026 5466 1209 5530 Verbo,
1246 5466 1433 5520 Filium
1479 5468 1742 5532 declarat;
1791 5468 1979 5533 adjun-

398 5554 571 5618 gcndo
613 5554 851 5622 Domini,
897 5558 1102 5611 Patrem
1147 5558 1274 5611 dicit
1302 5577 1314 5613 :
1345 5561 1529 5630 spiritu
1568 5562 1671 5614 oris
1716 5564 1848 5631 ejus,
1877 5560 1980 5613 utic

398 5664 502 5718 que
530 5649 781 5718 Spiritum
814 5662 1054 5706 sanctum
1098 5653 1207 5707 vult
1258 5654 1510 5722 intelligi,
1543 5654 1629 5721 qui
1672 5665 1795 5707 ante
1839 5664 1976 5708 tem-

2094 4545 2341 4607 volente;
2356 4543 2519 4596 creati
2549 4555 2693 4597 sunt.
2731 4543 2888 4599 Vides
2918 4562 3074 4615 quam
3106 4550 3391 4604 salubriter
3416 4556 3675 4619 propheta

2087 4652 2115 4688 a
2149 4637 2257 4689 Deo
2288 4636 2436 4703 petiit
2478 4652 2652 4689 omn:a
2681 4641 3046 4705 commoveri,
3076 4641 3163 4708 qui
3210 4643 3356 4697 solus
3398 4658 3677 4698 creatura-

2088 4743 2204 4795 ru-tn
2231 4741 2446 4778 suarum
2477 4737 2649 4792 pateat
2671 4741 2790 4780 esse
2814 4730 3140 4782 misetirmrs.

2163 4825 2311 4877 Vers.
2354 4825 2442 4877 10.
2487 4822 2738 4878 Dominus
2782 4826 3001 4894 dissipat
3049 4831 3262 4883 consilia
3303 4834 3558 4901 gentium;
3589 4851 3674 4887 re-

2086 4916 2267 4983 probat
2297 4924 2467 4967 autem
2494 4915 2829 4984 cogitationes
2856 4918 3189 4987 populorum,
3218 4932 3263 4973 et
3290 4938 3396 4990 rep:
3412 4924 3528 4976 obat
3552 4941 3675 4978 con-

2082 5009 2201 5062 silia
2247 5006 2556 5077 principum.
2600 5007 2828 5077 Dissipat
2874 5026 3060 5065 revera
3108 5014 3323 5067 consilia
3371 5032 3489 5081 quae
3535 5017 3670 5071 mala

2084 5100 2165 5152 ντί
2207 5098 2432 5166 pessima
2465 5106 2621 5161 sunt;
2655 5114 2775 5150 nam
2810 5099 2948 5153 bona
3004 5117 3219 5169 semper
3262 5105 3476 5173 adjuvat
3513 5117 3675 5176 atque

2081 5192 2380 5244 conlirmat.
2430 5186 2596 5241 Nimis
2624 5198 2744 5256 apta
2782 5192 2893 5243 suis
2937 5194 3112 5246 causis
3140 5196 3298 5248 Verba
3345 5195 3667 5265 junguntur.

2089 5284 2362 5350 Dissipavit
2390 5282 2603 5334 consilia
2639 5284 2893 5352 gentium,
2941 5288 3150 5353 quando
3179 5304 3271 5343 eas
3320 5290 3371 5344 in
3406 5289 3668 5345 idolorum

2087 5379 2293 5431 cultura
2328 5390 2430 5429 non
2475 5377 2716 5441 permisit
2758 5376 2953 5431 diutius
2989 5379 3146 5449 108
3189 5394 3524 5448 permanere.
3566 5380 3669 5435 Re-

2086 5470 2313 5538 prolmvit
2341 5468 2673 5539 cogitationes
2718 5469 3041 5536 populorum,
3091 5473 3211 5540 quia
3253 5473 3374 5527 licet
3422 5471 3669 5527 voluntas

2083 5560 2390 5615 .ludreorum
2424 5557 2474 5610 in
2507 5572 2636 5612 nece
2667 5559 2870 5612 Dnnini
2903 5560 3126 5614 nefanda
3155 5563 3416 5631 completa
3448 5564 3548 5628 sit,
3583 5580 3668 5617 reo

2084 5649 2355 5705 surrmtiu.
2382 5664 2411 5703 e
2452 5658 2626 5703 tamen
2675 5648 2841 5718 ipsius
2884 5661 3092 5707 constat
3130 5667 3249 5710 esse
3299 5657 3663 5724 reprobalaat.
