4030 6172
303 216 405 271 229

1249 216 1614 272 EXPOSlTII)
1656 214 1720 268 ΙΝ
1759 210 2228 269 PSALTERIUM.
2261 213 2455 270 PSAL.
2492 213 2720 270 XXXII.

3483 216 3593 271 250

298 339 366 396 Et
394 337 519 408 quia
549 334 616 390 de
657 331 904 400 gentibus
947 330 1155 382 dixerat
1196 340 1249 382 et
1286 331 1352 383 de
1385 329 1617 397 populis,
1652 343 1719 380 ne
1763 325 1887 393 quid
1919 326 1966 384 Α
1996 323 2137 378 dictu
2180 325 2329 379 nefas
2355 335 2470 388 est,
2503 327 2744 380 redditus
2777 327 2946 381 luerat
2973 336 3003 382 a‘
3035 343 3132 382 suo
3175 322 3432 384 Creatore.
3463 333 3580 384 lon-

294 429 572 484 vidcnetur
618 425 875 479 intortum
912 422 1234 487 relinquere,
1280 430 1394 490 post
1447 421 1610 474 etiam
1641 421 1709 472 de
1751 418 1893 484 prin-

299 519 496 590 cipibus
535 516 699 576 dicit,
741 514 856 567 sive
903 513 972 566 de
1021 511 1286 582 tyrannis,
1324 512 1413 580 qui
1461 510 1632 579 legem
1683 507 1893 563 Domini

298 623 457 662 saevis
500 604 963 674 perseeutionibus
1010 603 1334 670 impetebant
1363 619 1378 654 :
1411 603 1526 656 sive
1571 601 1640 654 de
1683 599 1891 669 spiriti-

300 703 393 752 Ims
437 695 757 762 innnundis,
795 708 1024 764 quorum
1078 693 1361 747 consilium
1393 706 1608 759 semper
1654 691 1704 745 ἰι
1752 690 1892 744 malo

299 803 400 845 εει.

366 881 525 936 Vers.
555 881 641 936 il.
665 877 948 933 Consilium
973 893 1088 930 t'cro
1117 874 1321 928 Domini
1348 885 1510 927 manet
1537 875 1587 926 in
1615 885 1893 934 aeternum;

297 974 629 1046 cogitationes
658 971 830 1025 contis
866 970 977 1039 ejus
1005 970 1056 1020 in
1091 967 1334 1020 sa'culum
1375 966 1573 1018 sternlt'.
1603 968 1752 1019 Sicut
1793 967 1891 1018 h0-

300 1070 504 1119 minnm
535 1078 695 1132 prava
722 1061 946 1117 consilia
973 1060 1107 1113 dixit
1132 1073 1252 1113 esse
1277 1057 1580 1111 {rust-rando
1602 1099 1615 1120 ,
1649 1059 1717 1110 ita
1753 1069 1897 1110 nunc

299 1160 349 1212 in
379 1168 644 1211 maternum
674 1153 807 1208 dicit
838 1152 1046 1205 Domini
1080 1165 1406 1218 permanere
1443 1149 1727 1215 disposita.
1762 1147 1893 1201 Pec-

297 1261 449 1304 rzttor
475 1249 618 1302 cnim
658 1258 709 1300 ct
740 1245 982 1299 mortalis
1014 1245 1174 1296 homo
1221 1243 1420 1295 caduca
1461 1241 1632 1309 Sapit,
1662 1249 1896 1293 a-ternus

301 1341 561 1394 ttotninus
585 1338 724 1391 nulli
760 1333 1200 1404 reprehendenda
1233 1332 1542 1394 consumit;
1571 1332 1709 1385 sicut
1733 1330 1896 1408 Isaias

300 1438 424 1486 dicit
461 1453 472 1486 :
521 1433 686 1484 Omne
726 1430 1000 1494 consilium
1043 1443 1210 1480 meum
1258 1426 1440 1480 stabile
1481 1427 1604 1486 erit,
1638 1433 1684 1478 et
1729 1425 1898 1478 omnia

299 1539 611 1591 antrumque
641 1520 862 1590 cogitari
890 1519 1099 1586 cilicium
1145 1516 1300 1584 (lsai.
1332 1531 1450 1570 χι.ιί
1472 1555 1486 1580 ,
1522 1515 1628 1583 l0).
1668 1515 1809 1569 Idem
1845 1523 1900 1568 et

299 1616 564 1670 .ii-remias
595 1611 767 1666 dicit:
803 1609 865 1664 Si
915 1625 1013 1663 non
1058 1619 1184 1662 esset
1233 1617 1584 1660 testamentum
1633 1623 1796 1659 meum
1846 1608 1898 1660 in

1995 417 2245 484 ginqnus.
2280 415 2409 469 Nam
2448 417 2589 485 quod
2631 421 2734 478 ait,
2765 427 2812 471 et
2854 419 3008 483 vidit,
3047 424 3272 492 gratiam
3317 422 3583 490 significat

1997 507 2320 561 miserentis.
2359 508 2477 561 Illos
2507 509 2648 562 enim
2690 510 2860 561 videre
2885 509 3134 572 dicimus,
3165 513 3358 579 quibus
3399 522 3452 565 et
3484 513 3584 564 ali-

1993 598 2120 668 quid
2163 599 2457 666 praesulatu
2500 615 2620 654 osse
2662 600 3017 654 declaramus.
3055 601 3119 655 Et
3148 603 3430 656 considera
3461 606 3586 669 quia

1997 705 2102 745 non
2145 690 2306 760 dicit,
2336 693 2449 746 visa
2483 701 2730 761 peccata;
2764 694 2888 760 sed,
2934 695 3070 761 ﬁlios
3115 694 3398 749 hominum.
3449 695 3585 748 Nam

1996 799 2117 837 cum
2157 783 2347 839 delicta
2391 785 2608 852 respicit
2647 786 2826 851 punit;
2859 801 2977 839 cum
3021 788 3292 841 hominem
3345 788 3591 844 intuetur

1995 876 2254 941 absolvit;
2281 875 2419 931 sicut
2442 877 2492 930 in
2517 877 2960 945 quinquagesimo
2983 877 3188 944 psalmo
3211 879 3450 932 dicturus
3473 890 3553 934 est
3569 897 3588 934 :

1949 1003 1960 1010 -
1997 967 2176 1020 Averte
2219 967 2400 1036 faciem
2443 978 2581 1020 tuam
2610 984 2642 1018 α
2675 969 2892 1034 peccatis
2936 969 3058 1021 meis
3105 967 3274 1039 (Psal.
3306 984 3358 1035 t.,
3384 969 3440 1023 11
3536 981 3590 1026 et

1997 1061 2120 1113 alibi
2146 1073 2160 1113 :
2197 1059 2275 1112 Ne
2304 1071 2503 1114 avertas
2533 1062 2714 1128 [aciem
2744 1069 2885 1112 tuam
2927 1077 2958 1111 a
2988 1076 3066 1114 me
3096 1058 3267 1130 (Psal.
3299 1077 3474 1127 CXLII,
3507 1061 3589 1131 7).

1999 1151 2152 1206 Unde
2181 1151 2332 1204 nobis
2362 1151 2701 1220 intelligenda
2731 1161 2890 1222 atque
2925 1151 3206 1205 retinenda
3232 1164 3312 1206 est
3341 1153 3595 1207 salutaris

2000 1244 2098 1298 ista
2125 1243 2431 1297 diversitas.

2072 1336 2226 1390 Vers.
2262 1336 2342 1390 ll.
2376 1333 2454 1388 De
2490 1344 2777 1404 pt'aaparato
2808 1335 3102 1390 habitacula
3131 1353 3223 1389 suo
3255 1337 3472 1405 respexit
3509 1355 3594 1389 su-

2000 1444 2090 1501 per
2118 1444 2287 1482 omnes
2315 1429 2401 1497 qui
2431 1428 2660 1481 habitant
2687 1431 2877 1482 orbem.
2913 1429 2988 1483 De
3017 1429 3196 1482 futuro
3223 1443 3450 1496 corpore
3484 1429 3591 1483 Do-

2003 1519 2130 1574 mini
2163 1531 2290 1574 tune
2327 1519 2559 1573 dicebat.
2594 1519 2725 1573 Nam
2754 1520 2878 1573 dum
2912 1519 3089 1574 omnia
3120 1532 3239 1588 qua:
3269 1520 3460 1576 ordine
3500 1535 3595 1576 ve-

2005 1611 2185 1665 niente
2225 1610 2553 1677 succedunt,
2601 1609 2654 1663 in
2698 1610 3174 1678 prmdeStinatione
3225 1610 3422 1666 fuerint
3462 1626 3595 1667 cnn-

299 1706 537 1760 rustndiu
565 1706 647 1756 die
675 1718 737 1754 (ιε
769 1711 932 1762 "om.
964 1709 1219 1766 ρ’·ατθρεη
1257 1698 1370 1751 εωιὶ
1401 1706 1446 1750 ει
1478 1707 1628 1748 ἰη’νίυ
1674 1713 1771 1748 ηοη
1802 1696 1864 1748 de
1933 1707 1974 1765 Β
2001 1704 2214 1764 stitnta;
2247 1711 2447 1772 quanto
2477 1701 2644 1770 magis
2675 1701 3062 1756 incarnationis
3115 1703 3232 1770 ejus
3275 1703 3592 1758 miraculum

300 1803 485 1852 dissem
521 1797 667 1864 (Jrr.
699 1808 898 1856 χχχιιι,
922 1790 1039 1860 εις).
1072 1789 1360 1846 Consilium
1409 1805 1536 1842 vero
1568 1789 1734 1855 ipsius
1767 1790 1900 1841 Ιιοιιο

301 1890 655 1956 intellgimus
705 1883 1089 1937 incarnatinnES
1137 1895 1422 1942 arcanum,
1471 1877 1612 1948 quod
1669 1878 1731 1930 ad
1774 1893 1838 1930 co
1878 1905 1904 1916 -

299 1982 588 2036 mle-mlum
631 1979 866 2030 humano
904 1975 1087 2043 generi
1136 1982 1347 2027 censtat
1391 1987 1513 2027 c~sc
1559 1985 1900 2024 concessum.

301 2075 414 2126 line
469 2071 614 2122 ιιιιὲιςι
655 2078 811 2119 actate
857 2065 1186 2122 dissolvitur,
1238 2060 1330 2116 sed
1390 2062 1440 2114 in
1499 2074 1743 2114 tt'terun-n
1795 2076 1904 2110 nm-

301 2172 432 2214 nrt:
484 2159 609 2226 quia
681 2154 1018 2221 triumphalis
1072 2167 1216 2205 mors
1277 2150 1521 2212 Domini,
1579 2149 1902 2202 ιΙὶιιΙοοΙὶουιιι

302 2253 620 2319 perenniter
648 2247 898 2301 exstinxit
933 2245 1176 2300 exitium.
1211 2243 1553 2312 Cogitationes
1585 2255 1760 2295 autem
1793 2258 1900 2294 cor-

294 2349 381 2398 dis
411 2345 557 2415 ejus,
589 2339 854 2408 signiﬁcat
896 2336 1456 2404 prmdestinationem,
1489 2336 1538 2387 in
1572 2350 1673 2402 qua
1714 2345 1902 2386 cuneta

299 2437 538 2502 reposita
573 2443 730 2497 sunt,
759 2445 876 2500 qua:
907 2430 989 2483 vel
1022 2430 1232 2482 fuerunt
1252 2469 1266 2493 ,
1298 2435 1379 2480 vel
1420 2427 1765 2496 sequentihu.
1797 2441 1903 2479 sze-

295 2531 440 2582 culis
485 2526 666 2580 ltitiam
715 2521 1031 2577 succedunt.
1085 2521 1207 2574 llmc
1257 2521 1400 2572 enim
1449 2529 1620 2586 gestat
1660 2519 1903 2572 ordinem

301 2636 522 2680 rerum,
563 2616 654 2682 qui
703 2623 977 2683 permanet
1011 2614 1062 2664 in
1105 2611 1348 2666 omnium
1393 2610 1588 2664 stet-uti.
1637 2611 1733 2663 Cui
1785 2625 1906 2662 sett-

300 2711 496 2765 tt-ntitn
547 2708 621 2761 illi
682 2708 875 2760 merito
924 2703 1149 2767 cedunt,
1199 2703 1288 2771 qui
1344 2717 1506 2755 unam
1559 2710 1800 2754 lit-llltl‘tlll
1855 2703 1906 2754 in

295 2804 529 2858 Christo
575 2799 802 2854 Domino
843 2797 1195 2850 mentiuntur.
1230 2793 1358 2847 Nam
1397 2793 1441 2848 si
1495 2793 1763 2845 consilium
1795 2793 1909 2858 ejus

296 2893 504 2947 stabile
551 2900 667 2952 est,
703 2898 758 2943 et
793 2887 1125 2957 (agitationes
1177 2885 1347 2938 cordis
1395 2884 1562 2952 ipsius
1596 2892 1909 2952 permanent

294 2990 354 3041 in
385 2982 643 3039 sa'cnlum
683 2979 887 3039 steculi,
920 2986 1128 3032 Constat
1169 2987 1348 3030 autem
1391 2974 1779 3028 incarnationis
1819 2989 1908 3025 ar-

2005 1805 2128 1848 ante
2157 1794 2353 1848 saecula
2385 1793 2639 1861 probatur
2680 1791 2844 1848 fuisse
2886 1792 3238 1862 dispositum,
3272 1794 3411 1862 quod
3453 1793 3599 1862 peri-

2005 1886 2204 1940 clitanti
2231 1884 2428 1938 mundo
2458 1898 2616 1953 quem
2647 1883 2985 1953 disposuerat
3008 1885 3206 1952 lacere,
3239 1892 3444 1954 poterat
3469 1885 3596 1938 sub-

2006 1975 2141 2029 venit
2157 1974 2222 2030 ei

2083 2067 2228 2120 Vers.
2276 2065 2364 2120 l5.
2399 2065 2502 2131 Qui
2547 2066 2696 2133 ﬁnxit
2723 2065 3028 2136 singillatim
3075 2069 3230 2120 corda
3260 2083 3468 2129 eorum,
3508 2067 3596 2134 qui

2007 2159 2245 2229 intelligit
2273 2159 2324 2210 in
2350 2159 2523 2211 omnia
2553 2174 2707 2227 Opera
2737 2174 2930 2218 eorum,
2968 2157 3143 2212 Finxit
3186 2161 3370 2222 corda,
3403 2161 3598 2228 quibus

2007 2251 2370 2319 intelligentiae
2396 2265 2508 2304 sua:
2536 2250 2673 2304 dona
2703 2251 2923 2319 largitus
2955 2260 3054 2304 est.
3091 2248 3314 2322 Fingere
3343 2253 3484 2305 enim
3515 2251 3598 2303 di-

2006 2345 2174 2400 cimus
2201 2345 2549 2412 cereplastas,
2577 2344 2667 2414 qui
2705 2343 2960 2398 formulas
2999 2344 3255 2412 quasdam
3302 2343 3368 2397 ad
3399 2356 3591 2410 opera-

2010 2439 2167 2492 tionis
2191 2452 2304 2493 sute
2332 2445 2454 2491 vota
2489 2446 2844 2504 componunt;
2879 2435 2955 2489 sic
2996 2445 3048 2488 et
3081 2433 3338 2488 Dominus
3386 2445 3597 2487 mentes

2004 2529 2268 2596 iustorum
2303 2527 2507 2582 format
2536 2535 2698 2596 atque
2727 2526 2992 2595 disponit,
3029 2537 3082 2578 nt
3111 2526 3177 2579 ad
3216 2524 3602 2579 misericordia:

2007 2631 2119 2670 sum
2142 2617 2282 2670 dona
2313 2617 2586 2685 perducat.
2620 2615 2966 2685 Singillatim,
3001 2615 3051 2668 id
3079 2625 3160 2669 est
3187 2614 3238 2668 di
3277 2614 3394 2668 isim
3436 2621 3602 2682 atque

2009 2709 2324 2764 distinctitn.
2373 2707 2545 2762 Corda
2594 2724 2807 2773 eorum,
2857 2710 3062 2763 scilicet
3111 2718 3454 2768 sanctorum,
3502 2711 3606 2762 suit

2013 2799 2224 2854 Domini
2266 2799 2457 2854 timore
2488 2800 2800 2854 viventium.
2827 2798 3098 2868 Sequitur,
3141 2799 3229 2867 qui
3268 2799 3509 2869 intelligit
3553 2803 3604 2853 in

2012 2892 2184 2944 omnia
2222 2906 2378 2962 Opera
2415 2887 2616 2945 eorum.
2665 2889 2915 2960 lntelligit
2956 2889 3171 2958 utique,
3216 2891 3429 2959 quando
3473 2893 3605 2945 acti~

2012 2982 2112 3036 bus
2156 2982 2414 3036 bonorum
2464 2981 2678 3049 prtemia
2725 2981 2886 3049 digna
2928 2981 3184 3037 restituit.
3238 2981 3470 3036 Dicendo
3513 2991 3605 3036 ve-

291 3091 548 3134 canum,
575 3072 690 3140 ejus
715 3068 1096 3140 cogitationem
1125 3068 1350 3136 ejtt~que
1398 3067 1560 3119 luisse
1597 3063 1908 3126 consilium;
1939 3072 1985 3137 ο
2015 3085 2098 3134 το,
2140 3072 2194 3124 in
2241 3073 2414 3123 omnia
2464 3087 2653 3138 ορεκα,
2695 3070 2960 3138 signiﬁcat
2998 3070 3383 3138 cngimiones,
3429 3071 3608 3140 ἀείδω.

300 3181 545 3224 necesse
583 3174 695 3226 est,
730 3175 786 3216 ιιι
828 3163 996 3216 forma
1044 3160 1392 3215 humanitatis
1432 3166 1741 3226 assumpta),
1777 3173 1914 3211 unus

303 3259 493 3314 F-lins
540 3255 592 3309 in
635 3254 843 3308 duabus
888 3253 1090 3306 naturis
1138 3251 1428 3318 distinctis,
1470 3248 1718 3317 perfectis
1759 3261 1917 3316 atque

301 3347 601 3412 adunatis,
649 3347 788 3399 sicut
837 3349 1003 3411 ccepit
1051 3343 1102 3396 in
1151 3342 1354 3396 unitate
1403 3355 1668 3409 persoutr,
1707 3354 1920 3408 setnper

303 3443 540 3498 misul.

379 3532 551 3587 Vers.
586 3529 672 3584 19..
708 3527 865 3582 Beata
893 3543 1014 3599 gens
1058 3527 1208 3597 cujus
1251 3535 1327 3578 est
1369 3524 1621 3578 Dominus
1670 3523 1743 3576 De
1762 3539 1802 3574 εδ
1831 3538 1916 3574 eo-

303 3642 472 3689 rum;
501 3627 723 3693 populus
751 3638 903 3692 quem
941 3621 1089 3690 elegit
1134 3620 1187 3672 in
1229 3619 1579 3673 htt’reditatem
1610 3618 1726 3670 sibi.
1763 3615 1920 3669 Venit

303 3724 373 3776 ad
411 3717 716 3773 secundum
749 3713 1082 3780 membrum,
1115 3711 1166 3765 in
1199 3727 1306 3780 quo
1353 3712 1595 3764 dicturus
1633 3720 1744 3774 est,
1779 3707 1917 3778 quod

303 3829 360 3864 In
400 3809 590 3878 primo
615 3820 774 3859 versu
808 3806 1116 3874 proposuit,
1156 3802 1245 3864 qui
1287 3801 1394 3854 sint
1442 3801 1601 3865 recti,
1648 3809 1740 3852 aut
1783 3813 1918 3867 quos

300 3906 484 3959 decet
520 3898 734 3954 Domini
766 3894 1112 3952 rollandatio.
1148 3893 1356 3948 Gentem
1387 3893 1565 3962 itaque
1594 3889 1727 3945 dicit
1757 3889 1921 3958 perti-

301 4002 544 4050 nentem
596 3989 660 4044 ad
712 3987 1009 4044 Jerusalem
1058 3983 1374 4051 coeleSIem,
1423 3999 1582 4055 quam
1631 3982 1917 4036 adunatam

299 4091 543 4142 constat
571 4097 633 4136 ex
664 4081 915 4136 omnibus
958 4078 1224 4150 gentibus.
1257 4075 1375 4147 ipsa
1409 4076 1592 4142 utique
1619 4073 1763 4127 beata
1812 4080 1918 4138 est,

301 4197 334 4235 a
366 4193 489 4249 qua
526 4175 665 4230 Deus
690 4189 820 4230 vere
858 4173 1073 4235 colitur,
1107 4179 1162 4225 et
1206 4170 1443 4222 omnium
1485 4165 1746 4220 Dominus
1785 4162 1917 4216 ado-

301 4281 508 4330 ratur;
533 4265 588 4320 id
607 4273 715 4330 est,
740 4262 834 4334 qui
858 4277 952 4317 eos
980 4265 1206 4330 proteg't
1230 4275 1291 4312 ac
1315 4259 1595 4330 gubernat.
1629 4255 1920 4312 [hereditas

299 4363 550 4435 quidem
583 4358 776 4413 dicitur
806 4367 862 4412 et
907 4370 1029 4410 cum
1061 4353 1350 4409 dimittitur
1380 4351 1564 4412 alteri,
1592 4357 1646 4404 et
1674 4365 1794 4404 cum
1831 4363 1921 4404 ac-

2019 3161 2101 3216 vel
2143 3159 2314 3224 facta,
2342 3161 2537 3229 quibus
2581 3161 2775 3214 bonum
2821 3163 3128 3230 malumque
3154 3176 3368 3230 semper
3410 3177 3602 3230 opera-

2020 3268 2158 3307 mur.
2249 3263 2253 3268 ’

2092 3344 2246 3398 Vers.
2284 3341 2368 3398 l6.
2403 3340 2525 3397 Non
2551 3343 2831 3396 salvabitur
2859 3357 2950 3396 rex
2977 3357 3069 3412 per
3096 3344 3314 3397 multam
3343 3346 3610 3410 virtutem,

2023 3450 2112 3487 nec
2148 3437 2291 3504 gigas
2321 3435 2495 3488 salrus
2523 3435 2617 3487 erit
2657 3433 2815 3506 [mss.
2839 3433 2933 3504 A.,
2959 3433 3043 3500 F.,
3081 3433 3378 3506 salvabitur]
3397 3437 3449 3489 in
3481 3439 3612 3489 mul-

2021 3529 2236 3582 titudine
2279 3527 2598 3597 fortitudinis
2627 3543 2753 3581 sum.
2790 3529 2979 3601 Regem
3022 3529 3152 3584 dicit
3182 3530 3449 3584 hominem
3483 3545 3613 3584 coo-

2022 3621 2317 3684 tinentem,
2352 3621 2440 3687 qui
2471 3619 2718 3688 quamvis
2758 3631 2904 3689 regat
2948 3634 3145 3690 corpus
3188 3638 3342 3675 suum
3389 3625 3613 3676 misera-

2023 3713 2166 3768 tione
2194 3713 2404 3778 divina,
2438 3728 2469 3766 a
2509 3713 2652 3767 vitiis
2693 3720 2870 3767 tamen
2918 3714 3223 3768 carnalibus
3265 3716 3446 3770 saIVus
3494 3715 3610 3769 lteri

2023 3820 2128 3860 non
2157 3815 2364 3874 potest,
2394 3806 2520 3858 dum
2549 3806 2618 3859 de
2646 3819 2741 3860 sua
2773 3808 2972 3862 virtute
3001 3809 3424 3876 praesumpserit.
3456 3809 3612 3862 insto

2022 3897 2165 3952 enim
2211 3895 2376 3950 virtus
2415 3895 2645 3949 humana
2692 3897 2978 3961 deseritur,
3023 3899 3237 3967 quando
3280 3900 3462 3953 datum
3507 3900 3606 3953 bd-

2024 4003 2148 4042 nom
2177 3997 2338 4058 atque
2365 3986 2658 4056 perfectum
2695 4005 2798 4041 non
2828 3989 3067 4058 largitori
3093 3990 3222 4054 Deo,
3255 3993 3348 4045 sed
3379 3992 3614 4060 propriis

2022 4079 2224 4133 viribus
2252 4080 2567 4150 applicatur.
2599 4079 2739 4134 Idem
2777 4081 3033 4150 gigantem
3079 4082 3192 4134 vult
3231 4081 3488 4150 intelligi,
3521 4082 3613 4150 qui

2025 4171 2277 4224 virtutum
2319 4171 2680 4238 magnitudine
2712 4172 3012 4234 rohoratnr,
3046 4173 3133 4240 qui
3179 4175 3363 4226 eontra
3417 4173 3609 4227 imma-

2025 4262 2242 4316 nitatem
2291 4261 2488 4315 diaboli
2544 4261 2759 4316 assidua
2814 4262 3157 4316 dimicninne
3208 4265 3465 4332 conligit.
3508 4265 3615 4332 Qui

2027 4352 2218 4406 merito
2259 4353 2403 4424 gigas
2441 4367 2562 4408 esse
2606 4353 2832 4419 dicitur,
2872 4368 2900 4407 a
2947 4370 3052 4423 quo
3089 4356 3286 4409 talibus
3335 4358 3621 4424 spiritibus

300 4457 582 4527 quis-itur.
614 4450 721 4507 Sed
767 4437 1006 4519 populus
1032 4445 1371 4501 Christianus
1412 4443 1686 4497 luere/litos
1712 4451 1795 4496 est
1831 4456 1917 4496 ac-
1953 4441 2000 4498 D
2023 4446 2289 4500 obviatur.
2319 4445 2423 4501 Sed
2456 4446 2557 4501 iste
2581 4460 2814 4517 quoque,
2847 4447 2934 4517 qui
2961 4446 3071 4516 jam
3103 4450 3272 4518 gratia
3305 4449 3396 4503 [ibi
3427 4449 3620 4505 δυση-

301 4543 656 4619 quisitionis,
687 4556 795 4596 non
839 4537 1208 4595 dimissionisz
1239 4536 1358 4605 quia
1400 4550 1521 4590 eum
1564 4541 1753 4587 auctor
1791 4547 1922 4586 suos

305 4637 604 4709 possidet,
632 4646 788 4704 quem
839 4629 1308 4699 praedicationibus
1348 4628 1552 4682 sanctis
1593 4635 1647 4682 et
1688 4626 1922 4696 pretioso

303 4731 596 4789 sanguine
619 4723 960 4794 conquisivit.

395 4823 559 4874 ἵετε.
597 4817 682 4872 1⁸5.
715 4814 793 4871 De
817 4818 942 4870 calo
969 4815 1228 4884 prospexit
1272 4811 1539 4879 Dominus,
1572 4819 1616 4866 et
1664 4811 1788 4864 vidit
1817 4827 1927 4864 om-

309 4930 416 4965 nes
463 4911 608 4978 ﬁlios
657 4908 939 4962 hominum.
991 4907 1090 4961 llic
1136 4905 1399 4960 adventus
1446 4901 1659 4958 Domini
1713 4901 1928 4956 futurus

307 5005 653 5076 exprimitur
683 5018 776 5074 per
807 5003 1026 5069 ﬁguram
1055 5014 1173 5069 quze
1203 4997 1388 5052 Grtece
1417 4997 1558 5056 idea,
1590 4994 1778 5049 Latine
1807 5008 1929 5061 spe-

306 5117 438 5156 cies
466 5097 706 5151 dicitur:
735 5094 950 5161 quando
981 5091 1126 5146 velut
1153 5088 1384 5160 efﬁgiem
1417 5088 1495 5142 rei
1533 5088 1724 5140 luturte
1755 5085 1926 5141 oculis

307 5195 649 5248 nt'l'erentcs,
681 5185 842 5240 animi
890 5194 1068 5236 votum
1111 5181 1178 5236 ad
1224 5179 1476 5235 audiendi
1517 5177 1752 5232 studium
1799 5191 1928 5231 con-

303 5292 590 5340 ritamus.
627 5283 700 5335 De
745 5280 870 5335 ratio
912 5279 1057 5338 enim
1106 5278 1362 5350 prospexit
1396 5274 1665 5338 Dominus,
1714 5272 1927 5341 quando

309 5377 540 5446 proprii
576 5373 697 5427 ﬁlii
727 5374 946 5426 donavit
983 5371 1295 5425 adventum.
1323 5367 1436 5423 Non
1478 5369 1620 5421 enim
1653 5369 1814 5421 homo
1844 5383 1928 5420 re-

300 5472 509 5539 spexit
540 5468 603 5520 ad
638 5467 949 5529 hominum,
987 5464 1080 5520 sed
1127 5461 1384 5517 Dominus
1417 5461 1692 5528 prospexit
1735 5456 1800 5511 ad
1833 5458 1924 5511 h0-

308 5566 562 5615 misu-m.
599 5561 911 5626 l’rnstiicerc
937 5567 1018 5610 est
1049 5553 1313 5624 siquidem
1349 5567 1506 5618 porro
1537 5551 1767 5620 positum
1800 5563 1930 5602 con-

307 5655 567 5723 spitere.
598 5653 696 5717 Qui
746 5667 926 5705 revera
974 5647 1204 5718 peccatis
1232 5655 1348 5701 erat
1392 5643 1617 5706 divisus,
1651 5651 1737 5708 et,
1782 5641 1929 5711 quod

2028 4548 2186 4608 gante
2213 4539 2410 4591 multos
2439 4539 2655 4606 Spiritus
2683 4538 2859 4609 fugat,
2890 4540 3070 4594 salvus
3099 4556 3220 4594 esse
3248 4555 3353 4593 non
3390 4541 3618 4609 poterit,

2031 4634 2074 4688 si
2103 4633 2246 4686 velut
2275 4633 2419 4702 gigas
2449 4631 2716 4699 superbia:
2748 4631 2876 4685 vitio
2905 4632 3213 4686 sublevatus
3255 4634 3383 4701 (quo
3416 4634 3474 4685 tr;
3497 4633 3619 4701 gitis

2032 4735 2272 4792 raptatur
2303 4722 2648 4792 humanitas),
2678 4723 2746 4778 de
2792 4721 3103 4778 meritorum
3150 4739 3366 4778 suorum
3421 4725 3559 4778 viro
3587 4740 3621 4779 ο

2035 4819 2453 4886 praesumpserit.
2503 4814 2606 4870 Sed
2655 4815 2900 4884 quamvis
2937 4815 3081 4886 gigas
3129 4813 3316 4868 Latino
3362 4829 3618 4867 sermone

2033 4908 2292 4973 terrigena
2323 4904 2551 4970 dicatur,
2594 4914 2772 4960 tamen
2800 4918 2855 4960 et
2877 4908 2925 4959 in
2952 4905 3091 4959 bono
3120 4905 3245 4975 poni
3269 4903 3611 4958 manifestum

2032 5010 2140 5062 est;
2179 4998 2372 5067 legitur
2405 4997 2548 5052 enim
2578 4995 2644 5050 de
2679 4995 2931 5050 Christo:
2969 4995 3256 5050 Exsultavit
3286 5005 3338 5048 ut
3366 4995 3511 5066 gigas
3549 4995 3618 5046 ad

2032 5090 2338 5146 currendam
2363 5091 2495 5145 viam
2527 5088 2698 5162 (Psal.
2725 5105 2880 5156 xvm,
2911 5090 2964 5160 6)

2108 5181 2258 5236 Vers.
2289 5181 2374 5234 Π.
2405 5177 2589 5234 Falsus
2618 5196 2775 5246 equus
2803 5181 2872 5232 ad
2912 5179 3130 5233 salutem
3159 5195 3176 5234 :
3205 5180 3257 5233 in
3305 5178 3620 5232 abundantia

2030 5283 2203 5324 att-'cm
2233 5272 2432 5325 virtutis
2461 5286 2569 5325 sua:
2595 5287 2694 5324 non
2724 5271 2819 5324 erit
2864 5272 3052 5328 sul-us.
3093 5270 3294 5340 Equum
3337 5272 3486 5339 penit
3523 5287 3622 5339 pro

2032 5365 2281 5419 lelicitate
2328 5363 2624 5430 mundana,
2670 5379 2788 5425 qua:
2840 5364 3082 5418 homines
3132 5365 3210 5418 sic
3254 5370 3464 5433 portat,
3508 5371 3624 5416 tan-

2030 5471 2186 5526 quam
2213 5456 2259 5510 si
2295 5457 2506 5525 equinis
2545 5455 3046 5524 gesticulationilms
3079 5456 3456 5523 perveltantur.
3499 5456 3624 5511 llrcc

1981 5567 1986 5572 ν
2029 5558 2206 5602 autem
2236 5547 2461 5610 humana
2497 5560 2621 5613 spes
2654 5548 2730 5601 sic
2763 5545 2994 5613 deripit,
3024 5547 3479 5616 quemadmodum
3525 5547 3632 5616 {ul-

2029 5655 2116 5693 sus
2163 5654 2351 5707 equus;
2396 5639 2484 5708 qui
2530 5652 2650 5693 cum
2699 5635 2952 5706 iactando
2997 5651 3055 5693 se
3095 5640 3359 5710 graditur,
3419 5644 3623 5696 ruinam
