3982 6184
444 269 538 327 251

1724 260 1792 315 Μ.
1837 256 2111 313 Αυῐιειιι
2150 255 2555 314 CASSIODORI

3622 254 3740 311 952

444 388 643 451 subito,
678 400 837 455 quam
882 397 986 439 non
1028 380 1299 449 opinatur,
1345 377 1590 431 incurrit.
1641 375 1710 429 Et
1750 389 1916 445 quare
1954 375 2026 427 sit
2070 376 2124 437 Α
2152 376 2323 442 ipsam
2366 374 2582 430 Christo
2624 377 2929 438 militamus,
2965 391 3062 445 per
3099 376 3266 446 ipsam
3309 375 3578 430 diabotum
3622 390 3741 430 vm-

448 480 609 550 fnlsus
636 491 793 543 equus
822 474 1070 542 exponit;
1106 474 1192 526 ille
1215 475 1357 526 en’m
1394 471 1520 525 dum
1548 484 1767 539 campos
1796 469 2034 538 appetit,

448 572 578 621 dum
628 568 789 635 pedes
834 577 1174 632 prmpmpera
1220 562 1559 616 festinatione
1592 561 1910 630 permiscet,
1955 573 2041 612 sa-

450 665 610 716 lutem
646 656 873 712 sessoris
900 654 983 707 sui
1017 668 1124 707 non
1156 653 1296 706 valet
1335 652 1606 708 custodire
1638 669 1650 704 :
1681 652 1803 720 quia
1837 647 2040 704 fervida

451 753 606 808 nimis
650 753 857 803 incauta
898 756 1052 811 sunt;
1082 755 1136 801 et
1175 746 1264 813 qui
1296 746 1395 799 sub
1427 745 1686 799 modestia
1717 760 1822 797 non
1864 742 2044 813 gradi-

452 853 555 903 tur,
589 841 818 895 ruinosis
845 838 1062 892 casibus
1097 851 1311 904 semper
1337 837 1646 904 exponitur.
1681 833 1869 887 Falsus
1898 832 2042 888 enim

451 936 622 986 dictus
662 941 742 985 est
783 944 970 996 equus,
1007 942 1071 981 eo
1098 942 1169 997 qu
1195 927 1239 979 td
1268 927 1407 981 solet
1448 927 1500 980 in
1536 942 1593 980 se
1623 925 1812 978 fallere
1838 937 2043 992 praesu-

454 1042 573 1078 mon
584 1034 682 1078 tes.

529 1116 679 1169 Yers.
715 1116 799 1167 18.
835 1111 966 1165 Ecce
998 1112 1136 1164 oculi
1187 1109 1390 1162 Domini
1419 1125 1576 1175 super
1621 1107 1850 1160 timentes
1894 1121 2007 1160 eum
2029 1144 2044 1167 ,

454 1218 714 1273 sperantes
743 1206 793 1257 in
825 1204 1175 1256 misericordia
1220 1204 1351 1272 ejus.
1391 1201 1541 1254 Uculi
1591 1199 1800 1251 Domini
1842 1212 2046 1265 ponun-

457 1310 542 1352 tur
588 1298 749 1368 109
797 1312 893 1363 pro
944 1294 1221 1347 voluntate
1264 1291 1486 1345 divina:
1518 1290 1640 1358 quia
1684 1304 1821 1358 quos
1868 1295 2050 1356 gratos

457 1388 738 1454 habemus,
769 1386 914 1451 ipsos
945 1385 1061 1438 sine
1091 1382 1425 1436 dubitatione
1453 1380 1798 1445 reSpicimus;
1832 1390 2050 1431 econtra

455 1481 525 1535 ab
566 1480 673 1533 illis
725 1487 973 1547 aspectus
1016 1476 1339 1538 avertimus,
1392 1474 1479 1535 qui
1530 1476 1731 1525 nostris
1785 1472 2053 1523 mentibus

457 1573 805 1626 horruerunt.
861 1570 1002 1637 Ergo
1046 1567 1180 1620 oculi
1223 1565 1430 1618 Domini
1469 1574 1594 1617 sunt
1634 1580 1786 1633 super
1823 1564 2054 1615 timentes

459 1680 616 1718 eum:
648 1665 772 1732 quia
804 1663 974 1730 pietas
1006 1661 1173 1728 ipsius
1200 1673 1294 1713 eos
1325 1658 1586 1726 protegit,
1620 1672 1754 1724 quos
1780 1670 1838 1710 se
1868 1656 2055 1708 timere

2150 468 2345 529 cimus,
2391 483 2486 537 per
2532 468 2702 536 ipsam
2747 469 2887 521 beati
2921 467 2985 520 ad
3035 468 3293 522 emtorem
3339 480 3502 535 regna
3546 478 3739 532 perve-

2145 561 2332 621 niunt;
2365 561 2623 627 scriptum
2656 569 2736 614 est
2766 563 2908 613 enim
2937 576 2951 612 :
2988 557 3053 611 In
3083 559 3327 627 patientia
3367 569 3533 610 vestra
3577 555 3743 619 possi-

2143 651 2325 704 debitis
2358 652 2554 703 animas
2584 660 2771 704 vestras
2801 649 2947 718 (Luc.
2982 665 3066 703 xxt
3087 690 3101 714 ,
3132 650 3244 714 19).
3274 648 3569 714 Sequitur:
3601 645 3744 712 Quo-

2146 742 2287 794 niam
2314 743 2522 811 adjutor
2546 751 2593 794 et
2623 749 2879 810 protector
2909 749 3085 793 noster
3110 749 3203 794 est.
3236 740 3454 809 AdjntOr
3484 747 3583 793 est.
3618 737 3744 789 dum

2147 831 2213 885 ad
2246 847 2368 885 eum
2404 832 2571 899 ipsius
2598 832 2770 905 gratia
2804 829 3135 897 suffragante
3164 845 3422 883 conamur
3454 827 3743 891 accedere;

2150 931 2425 988 protector,
2458 921 2584 973 dum
2617 923 2921 975 resistimus
2966 920 3298 975 adversario.
3332 921 3570 975 Securus
3616 933 3747 986 ergo

2147 1015 2364 1067 sustinet
2398 1011 2589 1077 Deum,
2621 1014 2711 1082 qui
2745 1015 2835 1067 tali
2868 1013 3229 1082 promissione
3256 1012 3491 1066 fulcitur.
3523 1013 3589 1066 Et
3618 1026 3749 1065 coo-

2149 1103 2325 1156 sidera
2358 1103 2479 1169 quia
2515 1116 2560 1169 pr
2584 1111 2636 1156 st
2678 1102 2856 1154 omnia
2897 1112 3160 1171 praecepta
3208 1102 3518 1169 patientiam
3559 1102 3747 1169 pon't,

2151 1199 2211 1244 ut
2234 1193 2461 1245 viriliter
2488 1201 2679 1244 cuncta
2707 1193 3017 1255 toleremus,
3050 1195 3139 1261 qui
3168 1192 3235 1245 de
3261 1200 3367 1244 tam
3403 1191 3578 1261 magni
3611 1206 3744 1261 prae-

2157 1285 2250 1339 mii
2282 1284 2564 1351 largitione
2592 1283 2936 1337 confidimus.

2227 1374 2380 1429 Vers.
2411 1375 2502 1427 ‘21.
2538 1373 2604 1426 Et
2644 1376 2695 1425 in
2732 1375 2847 1441 ipso
2894 1373 3151 1428 laetabitur
3195 1391 3285 1427 cor
3324 1383 3580 1435 nostrum,
3614 1380 3657 1426 et
3701 1375 3750 1426 in

2156 1469 2361 1521 nomine
2385 1476 2559 1520 sancto
2588 1468 2699 1536 ejus
2728 1466 3063 1536 sperabimus.
3096 1465 3172 1519 Ne
3205 1465 3322 1534 quis
3353 1466 3429 1519 'de
3467 1465 3751 1531 prmdicata

2158 1560 2415 1627 patientia
2449 1560 2787 1620 mussitaret,
2829 1572 2896 1610 ne
2941 1557 3059 1625 quis
3106 1571 3165 1610 se
3208 1558 3428 1609 tzediosa
3474 1555 3751 1607 voluntate

2156 1651 2539 1713 confunderet,
2588 1650 2830 1714 sequitur
2879 1648 3218 1715 magnificum
3270 1654 3327 1701 et
3369 1647 3750 1703 suavissimum

458 1758 751 1827 cognoscit.
791 1756 892 1810 Sed
926 1754 1174 1822 quoniam
1207 1750 1343 1804 dixit
1383 1751 1450 1805 de
1485 1750 1818 1814 timentibus,
1853 1764 2050 1817 οιιῃίιό
2091 1739 2134 1797 Β
2163 1756 2387 1795 munus:
2416 1743 2538 1809 quia
2570 1739 2681 1807 ἰρςει
2712 1739 3048 1804 exspectatio
3075 1739 3235 1792 habet
3270 1736 3549 1804 praemium
3574 1750 3751 1799 suum,

427 1860 584 1923 .tune
623 1848 865 1915 sequitur
900 1846 967 1899 de
1016 1843 1339 1909 amantibus,
1377 1843 1498 1911 quia
1533 1851 1819 1907 utrumque
1850 1842 1900 1893 in
1945 1838 2048 1892 Do-

459 1943 588 1996 mini
618 1941 648 1992 d
679 1941 905 1993 lertione
932 1937 1276 2006 coniunctum
1308 1942 1423 1999 est”;
1457 1949 1578 1988 nam
1601 1934 1690 2003 qui
1723 1933 1888 1986 Deum
1915 1931 2049 1985 bene

458 2036 611 2087 timet
655 2040 710 2085 et
753 2039 918 2089 amat.
960 2030 1051 2097 qui
1105 2028 1239 2080 bene
1281 2032 1427 2079 amat
1473 2034 1527 2081 et
1570 2025 1743 2079 timet.
1787 2023 1897 2079 Res
1936 2024 2051 2077 ista:

460 2126 516 2179 iu
547 2123 743 2177 human
767 2138 793 2175 s
836 2121 1043 2174 actibus
1083 2118 1429 2182 dividuntur;
1471 2125 1725 2172 caeterum
1758 2116 1810 2169 in
1841 2116 2048 2169 ccelesti

459 2216 745 2270 devotione
787 2214 997 2266 sociata!
1044 2220 1191 2265 sunt.
1222 2210 1320 2276 Qui
1353 2211 1460 2263 sint
1502 2208 1644 2263 enim
1689 2210 1921 2263 timentes
1958 2223 2054 2261 ex-

461 2307 639 2373 ponit,
669 2305 718 2357 id
751 2310 860 2365 est,
889 2312 1148 2371 sperantes
1174 2302 1224 2353 in
1257 2301 1608 2355 misericordia
1637 2303 1771 2370 ejus.
1800 2302 1879 2366 Qu
1919 2301 1951 2354 d
1976 2318 2053 2355 ar-

461 2404 769 2464 gumentum
805 2394 1001 2447 dicitur
1028 2395 1095 2445 ab
1124 2390 1421 2462 adjunctis;
1455 2391 1764 2461 adjunctum
1798 2402 1881 2446 est
1905 2393 2050 2447 enim

465 2490 654 2543 timere
678 2486 956 2541 Dominum
975 2527 990 2550 ,
1018 2492 1075 2540 et
1099 2498 1318 2557 sperare
1342 2486 1393 2538 in
1417 2499 1514 2551 eo;
1543 2500 1661 2554 qua:
1685 2500 1771 2539 res
1798 2492 1978 2538 mutua
1999 2494 2054 2538 et

463 2580 733 2637 insolubili
760 2582 1020 2634 societate
1045 2580 1409 2633 connectitur.

538 2676 690 2730 Vers.
725 2675 809 2728 19.
843 2672 910 2727 Ut
937 2673 1117 2742 eripiat
1146 2688 1179 2725 a
1210 2681 1371 2725 morte
1399 2673 1601 2727 animas
1631 2688 1840 2737 eorum,
1870 2680 1923 2725 et
1949 2673 2055 2724 alat

462 2784 544 2820 eos
567 2768 617 2819 in
648 2767 800 2833 (nine.
831 2764 942 2817 Duo
972 2765 1071 2817 ista
1103 2772 1230 2817 sunt
1257 2775 1378 2818 vota
1411 2762 2052 2827 fide!issimiChri~tiani,

464 2866 521 2912 ut
553 2860 602 2911 in
650 2858 823 2911 futuro
862 2855 1062 2921 judicio
1104 2856 1349 2918 eripiatur
1387 2871 1419 2907 a
1464 2865 1629 2907 morte
1676 2863 1962 2922 perpetua,
2001 2862 2057 2908 et

446 2949 551 3023 'hic
578 2946 940 3018 spiritualibus
970 2946 1242 2999 alimouiis
1268 2946 1629 3014 transigatur.
1651 2942 1820 3013 Eripit
1849 2943 1991 2998 enim
2024 2961 2057 2997 a

464 3050 625 3095 morte
650 3040 850 3092 animas
876 3037 1172 3106 justorum,
1208 3050 1330 3090 cum
1362 3050 1455 3090 eas
1496 3035 1636 3090 tollit
1675 3033 1743 3088 de
1791 3042 2057 3102 potestate

2156 1834 2371 1903 quando
2422 1832 2534 1900 ipse
2587 1831 2859 1883 sustinens
2910 1828 3118 1881 lretatur
3172 1829 3225 1881 in
3287 1827 3525 1880 Domino.
3578 1825 3753 1880 Addi-

2157 1927 2270 1988 dit,
2331 1933 2378 1977 et
2420 1925 2471 1975 in
2512 1923 2716 1975 nomine
2750 1930 2925 1973 sancto
2965 1921 3079 1989 ejus
3121 1919 3453 1986 sperabimus,
3493 1917 3543 1971 id
3584 1926 3669 1971 est
3699 1917 3753 1972 in

2157 2017 2388 2079 Christo,
2420 2030 2578 2085 quem
2620 2015 2881 2080 patienter
2922 2012 3289 2065 sanctissimus
3334 2010 3593 2078 propheta
3628 2023 3752 2063 sus-

2158 2106 2343 2169 tinuit,
2394 2112 2450 2158 et
2497 2103 2777 2157 laetabatur
2807 2116 2927 2155 esse
2956 2108 3264 2154 venturum.
3295 2099 3626 2169 Sperabimus
3656 2114 3755 2152 au~

2159 2207 2265 2252 tem
2308 2198 2622 2251 continuum
2671 2204 2883 2263 tempus
2935 2193 3214 2248 ostendit:
3247 2195 3367 2260 quia
3412 2208 3516 2245 non
3546 2202 3629 2247 est
3673 2192 3754 2247 fas

2158 2290 2228 2344 ibi
2265 2288 2546 2352 desinere,
2594 2286 2735 2340 unde
2780 2299 2997 2355 semper
3046 2292 3221 2354 poteSt
3271 2284 3449 2337 anima
3493 2283 3628 2337 fessa
3664 2298 3755 2339 re-

2158 2381 2355 2437 creari.

2234 2472 2388 2527 Vers.
2430 2471 2518 2525 22.
2569 2468 2727 2537 Fiat,
2777 2467 3027 2534 Domine,
3076 2468 3427 2523 misericordia
3468 2478 3555 2519 tua
3600 2483 3756 2532 super

2159 2584 2275 2632 nos,
2305 2566 2436 2619 sicut
2465 2564 2780 2634 speravimus
2809 2562 2861 2615 in
2888 2572 2955 2616 te.
2993 2562 3083 2615 His
3128 2561 3303 2616 verbis
3330 2559 3754 2627 incarnationem

2163 2657 2373 2711 Domini
2406 2656 2751 2710 desiderabat
2784 2653 3034 2723 impleri,
3065 2668 3229 2723 quam
3272 2650 3514 2720 ﬂagranti
3547 2650 3754 2719 Spiritu

2161 2762 2486 2817 magnopere
2515 2746 2840 2801 sustinebat.
2881 2745 2985 2800 Sed
3020 2745 3239 2799 intende
3274 2758 3433 2813 quam
3474 2743 3753 2811 copiosum

2161 2855 2356 2894 munus
2400 2847 2518 2903 e~t,
2568 2838 2712 2905 quod
2766 2836 2961 2891 ditavit
3013 2849 3179 2905 genus
3233 2835 3557 2899 humanum,
3610 2836 3755 2903 quod

2161 2932 2473 3003 angelorum
2530 2933 2729 2985 choros
2784 2931 2985 2983 lmtitia:
3036 2927 3372 3000 jucunditate
3426 2928 3754 2997 complevit,

2161 3023 2301 3093 quod
2330 3024 2493 3078 etiam
2536 3023 2653 3089 ipsa
2697 3020 2903 3075 inferna
2937 3028 3245 3075 senserunt.
3293 3018 3432 3074 Petit
3470 3019 3615 3072 enim
3657 3019 3757 3073 de-

466 3136 695 3198 diaboli,
725 3150 845 3189 cum
893 3149 987 3200 per
1036 3130 1421 3200 indulgentiam
1453 3129 1619 3183 efficit
1668 3130 1888 3193 liberos,
1921 3144 2058 3199 quos
2087 3125 2134 3187 (ζ
2165 3113 2362 3167 sideria
2394 3127 2488 3165 sua
2517 3111 2714 3166 debere
2745 3112 2888 3173 fieri,
2919 3121 2977 3164 ut
3007 3111 3179 3189 possit
3216 3110 3635 3179 perfectissimus
3672 3110 3754 3163 in-

464 3229 666 3296 peccati
696 3225 967 3279 damnatio
1010 3223 1210 3276 fecerat
1239 3238 1361 3276 esse
1389 3221 1650 3288 captivos.
1684 3219 1749 3272 In
1789 3224 1923 3289 fame
1969 3236 2055 3273 au-

467 3330 571 3374 tem
612 3335 695 3371 eos
733 3318 859 3377 alit,
891 3314 1104 3385 quando
1147 3315 1200 3367 in
1250 3315 1351 3367 hoc
1399 3313 1618 3376 mundo,
1663 3313 1753 3366 ubi
1800 3313 2057 3367 bonarum

466 3425 644 3466 rerum
679 3409 965 3477 indigentia
996 3416 1109 3469 cst,
1141 3405 1409 3475 spirituali
1441 3406 1566 3460 cibo
1599 3405 1801 3459 nutrire
1830 3420 1934 3460 non
1966 3406 2061 3459 de-

461 3499 597 3552 sinit
640 3513 773 3567 quos
804 3497 1050 3551 redcm't.
1094 3497 1415 3550 Alimentum
1449 3496 1647 3564 quippe
1691 3495 1891 3547 dictum
1939 3504 2054 3561 cst,

463 3590 614 3660 quasi
646 3591 838 3643 tuentis
882 3588 1289 3657 nutrimentum.
1327 3584 1402 3638 -ln
1440 3589 1573 3653 fame
1613 3585 1755 3638 enim
1798 3594 1922 3638 sunt
1953 3600 2052 3654 po-

465 3680 585 3743 siti,
628 3679 717 3749 qui
755 3694 813 3732 se
849 3680 1150 3732 caelestium
1184 3691 1360 3730 rerum
1392 3673 1665 3728 desiderio
1705 3689 1918 3740 semper
1962 3690 2057 3727 ac-

467 3770 719 3825 cendunt.
747 3769 790 3824 Ο
817 3768 981 3822 fames
1009 3769 1095 3822 illa
1125 3768 1347 3821 multum
1374 3783 1429 3819 sa
1460 3780 1584 3831 ιιι-ει,
1616 3776 1667 3821 et
1691 3766 1808 3819 sine
1838 3767 2057 3834 penuria

466 3861 812 3933 pl'Jbabiliter
864 3875 1079 3928 semper
1124 3858 1318 3913 avida!
1372 3858 1630 3912 Esuriunt
1677 3858 1818 3911 enim
1875 3858 2054 3924 beati,

467 3969 572 4010 non
601 3952 720 4022 quia
748 3951 1015 4006 dominica
1054 3949 1190 4019 dape
1223 3948 1397 4019 jejuni
1436 3956 1592 4012 sunt,
1638 3948 1731 4001 sed
1761 3948 2055 4014 quaerendo

465 4044 657 4114 jugiter
688 4041 1061 4103 inardescunt,
1091 4040 1213 4109 quia
1261 4039 1471 4093 Domini
1520 4038 1851 4107 appetitione
1897 4039 2060 4104 profi-

466 4133 641 4197 ciunt;
678 4133 819 4187 sicut
857 4132 1181 4201 evangelista
1223 4130 1393 4184 dicit:
1431 4129 1573 4183 Beati
1611 4130 1698 4199 qui
1738 4131 1963 4183 esuriant
2009 4138 2059 4182 et

465 4227 641 4280 sitiunt
672 4227 959 4294 justitiam,
996 4225 1239 4296 quoniam
1278 4224 1375 4295 ipsi
1411 4225 1776 4277 saturabuntur
1817 4222 2054 4294 (HJ/1.

464 4329 528 4381 v,
556 4316 633 4385 6).

541 4406 693 4458 Vers.
717 4405 805 4459 20.
837 4406 1023 4458 Anima
1067 4412 1238 4458 autem
1277 4414 1450 4460 nostra
1488 4407 1698 4459 sustinet
1747 4404 2056 4473 Dominum,

465 4498 702 4566 quoniam
747 4496 958 4565 adjutor
984 4505 1031 4549 et
1067 4505 1321 4566 protector
1369 4507 1541 4558 noster
1582 4508 1675 4550 est.
1719 4497 1850 4551 Cum
1892 4497 2048 4559 dicit,
2084 4509 2135 4569 ι)
2162 4496 2462 4594 νοιηρίθιθε
2496 4496 2751 4591 H'd'he'c
2798 4527 2963 4596 magis

465 4588 705 4650 sustinet,
743 4588 1049 4656 patientiam
1095 4587 1362 4657 significat
1395 4587 1720 4653 Christiani,
1753 4596 1812 4641 ttt
1841 4587 2050 4642 invitati

465 4677 595 4750 justi
640 4678 828 4735 futuris
870 4680 1103 4748 prtemiis
1142 4679 1408 4733 constanti
1451 4678 1633 4734 animo
1681 4692 2048 4748 perseverent.

468 4770 571 4825 Sed
605 4772 961 4840 intelligamus
988 4772 1161 4841 qualis
1188 4772 1287 4826 ista
1320 4773 1488 4826 virtus
1511 4780 1613 4838 est,
1645 4786 1806 4842 quam
1834 4787 2053 4827 servare

468 4861 627 4915 totis
669 4877 1096 4917 commonemur.
1148 4863 1405 4917 Patientia
1454 4874 1539 4917 est
1585 4864 1887 4933 siquidem,
1934 4881 2055 4934 qua:

466 4951 724 5019 gloriosos
754 4963 1017 5023 martyres
1054 4952 1212 5018 facit,
1244 4969 1362 5023 qua:
1396 4953 1517 5008 fidei
1557 4963 1755 5009 nostra!
1794 4955 1929 5009 bona
1961 4972 2056 5011 cu-

468 5044 663 5109 stodit,
696 5062 813 5114 qua:
843 5046 1018 5099 omnia
1054 5047 1219 5100 vincit
1248 5049 1505 5111 adversa,
1550 5064 1653 5101 non
1689 5049 2054 5119 colluctando,

467 5135 561 5190 sed
584 5139 918 5199 sustinendo,
946 5155 1048 5192 non
1077 5142 1802 5211 murmurando,scdgratias
1825 5146 2053 5211 agendi.

473 5226 597 5281 llaec
635 5227 992 5295 deceptricem
1024 5229 1288 5284 luxuriam
1331 5233 1668 5301 cartipritnit,
1715 5234 1845 5286 iram
1896 5234 2057 5289 fervi-

468 5318 592 5373 dam
638 5320 830 5385 vincit,
885 5324 1223 5376 vastatricem
1277 5322 1492 5378 humani
1540 5327 1753 5393 generis
1804 5328 2054 5381 invidiam

472 5409 638 5473 tollit,
672 5421 979 5465 mansuetos
1011 5411 1203 5477 efficit,
1235 5412 1477 5483 benignis
1519 5425 1893 5483 competenter
1922 5421 2056 5473 arri-

470 5503 595 5567 det,
644 5510 1001 5571 purgatosque
1050 5504 1293 5557 homines
1342 5503 1408 5557 ad
1462 5505 1554 5560 illa
1604 5508 1825 5575 prinmia
1876 5509 2053 5565 futura

470 5594 758 5660 componit.
795 5594 905 5660 Ipsa
936 5601 1022 5649 est
1043 5609 1159 5661 quae
1183 5594 1366 5649 fa-cem
1399 5597 1564 5652 tctius
1611 5599 1900 5670 voluptatis
1930 5601 2056 5657 abs-

473 5688 658 5752 tergit,
704 5684 814 5752 ipsa
861 5693 943 5739 est
987 5698 1104 5755 qua:
1149 5683 1395 5757 limpidas
1455 5690 1662 5748 animas
1706 5693 1899 5750 rchit.
1958 5694 2059 5749 Per

2164 3205 2355 3259 veniri.
2385 3204 2638 3269 Addidit,
2667 3203 2721 3255 in
2754 3211 2828 3266 te,
2870 3213 2923 3255 ut
2955 3216 3145 3256 omnes
3174 3201 3604 3269 superstitiones,
3638 3217 3754 3254 0m-

2164 3310 2259 3349 nes
2294 3296 2582 3363 pravitates
2614 3293 2951 3359 excluderet,
2978 3304 3097 3347 cum
3130 3308 3261 3348 vero
3297 3293 3520 3347 Domino
3551 3294 3755 3361 suppli-

2162 3395 2332 3442 caret.

2691 3495 2846 3549 Cone!
2852 3513 2883 3548 ιι
2902 3496 2962 3549 .io
3005 3495 3207 3567 psalmi.

2232 3608 2398 3676 Quam
2448 3607 2716 3663 mellrﬂnm
2766 3623 2925 3663 voces
2973 3609 3170 3663 audita:
3201 3611 3357 3664 sunt!
3402 3624 3561 3680 quam
3608 3611 3757 3666 saluo

2161 3701 2328 3757 briter
2372 3700 2528 3755 nobis
2575 3701 2887 3766 psalterium
2928 3702 3150 3756 cmlcste
3192 3705 3459 3759 cantavit!
3488 3704 3645 3759 Tales
3674 3706 3759 3760 sic

2162 3792 2378 3860 quidem
2424 3789 2794 3844 mandatorum
2843 3791 3059 3844 chorda:
3101 3802 3428 3858 sonuerunt,
3472 3804 3528 3848 ut
3572 3796 3614 3848 si
3661 3811 3757 3848 eas

2164 3883 2389 3937 internis
2433 3882 2653 3935 auribus
2684 3881 3027 3950 recipiamus,
3060 3891 3117 3939 et
3150 3898 3247 3937 nos
3279 3885 3330 3938 in
3374 3886 3454 3938 eis
3484 3885 3758 3944 Davidicze

2166 3979 2293 4047 lyrae
2321 3976 2605 4030 curatione
2635 3976 3009 4045 purgabimur;
3043 3976 3237 4046 fietque
3265 3978 3418 4031 nobis
3454 3980 3632 4033 Saulis
3664 3982 3755 4033 Illa

2164 4068 2468 4131 mundatio,
2519 4079 2578 4121 ut
2628 4066 2825 4136 fugatis
2874 4068 3167 4122 immundis
3214 4070 3523 4136 Spiritibos,
3575 4071 3759 4125 abluta

2164 4172 2343 4214 mente
2377 4160 2605 4213 Domino
2651 4159 2973 4216 serviamus.
3008 4160 3216 4215 llalieot
3256 4164 3397 4216 enim
3448 4164 3589 4219 beati
3638 4181 3760 4218 mu-

2163 4253 2329 4305 sicam
2363 4267 2516 4306 suam
2539 4293 2554 4315 ,
2584 4267 2705 4321 qua:
2733 4252 2926 4307 anima:
2957 4253 3132 4307 ﬁdelis
3160 4254 3319 4309 intrat
3352 4257 3629 4322 auditum;
3660 4274 3757 4311 cu-

2159 4343 2248 4413 jus
2293 4360 2398 4397 non
2431 4344 2615 4399 deficit
2655 4359 2846 4409 sonus,
2874 4342 3028 4413 cujus
3071 4361 3174 4398 non
3225 4347 3455 4401 lassatur
3505 4349 3757 4404 intentio.

2167 4434 2471 4503 ltelinquite
2492 4450 2640 4504 ergo,
2673 4436 3105 4503 spectaculorum
3130 4448 3418 4502 amatores,
3449 4442 3763 4496 mortiferas

2991 4528 3180 4596 gaudia
3202 4568 3216 4591 ,
3248 4529 3313 4580 ad
3356 4531 3471 4585 lucc
3502 4533 3759 4602 mysteria

2160 4616 2468 4678 convenite,
2503 4615 2592 4669 ubi
2621 4616 2823 4669 cithara
2850 4626 2905 4671 et
2933 4632 3192 4686 organum
3226 4630 3450 4675 virtutes
3482 4626 3756 4689 est-itaut,

2161 4721 2267 4760 non
2297 4707 2557 4761 desiderii
2590 4722 2770 4774 prava:
2796 4709 3081 4776 voluptatis
3110 4710 3386 4779 instigant.

2400 4846 2757 4903 EXPOSleO
2796 4847 2861 4902 IN
2902 4849 3018 4903 PSA
3037 4848 3226 4904 LMUM
3271 4849 3512 4907 XXXIII.

2159 4958 2399 5015 Psalinus
2435 4954 2598 5013 David
2634 4978 2747 5015 cum
2779 4964 2987 5016 mutavit
3019 4963 3213 5015 vultum
3247 4980 3393 5015 suum
3425 4979 3596 5016 coram
3632 4965 3753 5018 Abi-

2488 5032 2710 5096 melech,
2741 5043 2788 5086 et
2816 5034 3021 5087 dimisit.
3036 5049 3147 5085 cum
3166 5076 3181 5098 ,
3211 5044 3255 5086 ct
3281 5036 3422 5086 abiit.

2230 5143 2363 5198 Cum
2395 5145 2611 5200 histarii
2656 5146 2795 5201 tituli
2829 5147 2980 5200 i~tius
3027 5147 3227 5217 Regum
3273 5148 3504 5202 lectione
3543 5149 3753 5216 panda-

2166 5243 2253 5288 tur
2285 5232 2338 5305 (1
2374 5234 2501 5307 Reg.
2535 5252 2654 5301 χχι,
2685 5235 2808 5306 13),
2842 5239 3169 5306 superfluum
3211 5246 3294 5292 est
3336 5238 3545 5306 copiam
3591 5238 3759 5296 fontis

2164 5327 2307 5380 illius
2334 5326 2384 5379 in
2416 5327 2515 5380 hac
2543 5329 2801 5385 brevitate
2830 5330 3074 5383 derivare
3098 5345 3111 5381 :
3144 5345 3209 5383 ne
3237 5329 3389 5384 nobis
3417 5338 3578 5383 tomtn
3607 5346 3753 5385 areo-

2167 5419 2265 5469 lam
2310 5420 2537 5487 pagin'c,
2572 5422 2727 5475 unius
2777 5422 2875 5475 loci
2922 5421 3090 5476 effusa
3140 5421 3327 5477 relatio
3374 5424 3646 5490 complere
3692 5440 3758 5479 ac

2166 5520 2346 5580 tegere
2377 5513 2647 5580 videatur;
2681 5516 2774 5570 sed
2810 5532 2918 5569 rem
2952 5531 3071 5570 cum
3106 5516 3408 5570 nominibus
3440 5518 3550 5572 suis
3577 5518 3758 5573 brevi-

2164 5612 2245 5656 ter
2268 5603 2593 5659 intimamus.
2626 5607 2755 5661 Cum
2789 5608 2911 5663 Saul
2949 5616 3364 5676 persequeretur
3397 5608 3594 5675 David,
3626 5624 3760 5664 cou-

2165 5692 2298 5764 fagit
2332 5696 2397 5751 ad
2430 5697 2591 5753 Achis
2622 5714 2801 5766 regem
2825 5740 2838 5765 ,
2888 5700 3063 5768 ibique
3092 5698 3218 5754 dum
3249 5710 3391 5755 esset
3438 5701 3636 5756 invidia
3674 5700 3757 5756 fa-
