4030 6172
271 312 367 343 ε’ἳῖ

274 330 374 367 ’ίῧο

1166 312 1521 370 EXPOSITIO
1564 310 1627 366 IN
1669 306 2126 366 PSALTERIUM.
2171 309 2361 364 PSAL.
2410 308 2646 364 XXXIII.

3435 312 3542 367 ἓω-

269 429 446 481 ciente
484 438 781 495 suspectus,
828 425 1150 479 industriose
1191 424 1399 478 mutavit
1430 424 1657 489 mltum,
1689 421 1763 475 ita
1793 428 1851 475 ut
1883 422 1927 478 A
1956 419 2101 473 sticae
2149 418 2328 472 saliva:
2374 427 2528 482 sunt,
2573 432 2704 487 quas
2737 416 2873 471 tituli
2920 416 3216 474 similitudo
3257 421 3537 488 prtedtxit:

269 518 452 571 salivis
489 532 582 571 era
627 517 947 585 compleret,
981 528 1243 586 quatenus
1286 529 1678 583 energumenus
1705 513 1850 567 testi-

271 618 472 672 matus,
529 607 874 661 miseratione
929 607 1155 662 faciente
1203 608 1563 661 dimitteretur
1614 605 1849 668 illaesos;

272 714 383 767 qua:
415 708 626 759 tamen,
673 698 813 752 sicut
852 706 907 752 et
942 698 1076 762 alia,
1125 713 1220 767 per
1266 699 1415 752 illum
1459 698 1630 751 virum
1679 698 1854 766 magni

271 790 592 840 sacramenti
620 788 877 856 qualitate
908 796 1121 855 peracta
1151 798 1298 843 sunt.
1330 787 1683 857 Signiﬁcabat
1710 788 1854 842 enim

271 881 484 942 salivas,
526 878 629 933 hoc
661 890 742 934 est
772 879 1076 948 Scripturas
1117 880 1347 946 divinas,
1377 881 1430 934 in
1460 881 1623 936 barba
1643 921 1656 945 ,
1691 880 1739 933 id
1774 888 1859 935 est

271 969 317 1023 in
348 969 669 1025 fortitudine
699 984 887 1039 magna
931 970 1240 1027 decurrere.
1287 972 1393 1028 Sed
1438 982 1654 1041 propter
1693 972 1858 1040 signi-

273 1058 515 1114 ﬁcantias
561 1075 740 1114 rerum
774 1075 871 1129 pro
901 1061 1083 1128 Achis,
1112 1063 1177 1115 ad
1208 1077 1363 1132 quem
1398 1062 1606 1134 fugerat
1656 1064 1819 1118 David
1839 1103 1855 1124 ,

272 1161 532 1205 mutatum
577 1168 771 1206 nomen
814 1163 895 1208 est
924 1154 1243 1219 Abimeleclt;
1275 1156 1414 1225 quod
1457 1156 1655 1225 indicat
1696 1156 1858 1224 patris

273 1247 370 1299 mei
413 1260 660 1313 regnum.
684 1246 807 1299 lloc
843 1245 909 1299 ad
942 1246 1222 1301 Dominum
1253 1220 1523 1301 Christum
1570 1220 1709 1302 bene
1734 1263 1858 1315 per-

275 1334 446 1388 tinere
491 1334 836 1389 manifestum
882 1345 1001 1400 est,
1048 1351 1144 1405 per
1186 1350 1342 1406 quem
1392 1338 1661 1407 gloriosus
1703 1337 1860 1391 Patt-r

274 1425 553 1479 servitium
580 1424 762 1479 mundi
790 1427 1127 1481 sanctissima
1154 1426 1439 1481 devotione
1469 1426 1722 1495 suscepit.
1754 1426 1858 1481 Sed

275 1530 393 1569 cum
426 1515 591 1579 dicit,
624 1515 819 1569 dimisit
846 1531 989 1580 eum,
1020 1531 1199 1585 regem
1233 1516 1493 1586 signiﬁcat
1526 1516 1857 1571 Ahimelcch.

280 1605 339 1657 Et
370 1606 529 1670 abiit,
566 1607 665 1659 hoc
708 1614 791 1660 est
830 1607 895 1659 ad
945 1607 1076 1660 alias
1123 1618 1302 1675 partes
1344 1621 1402 1661 se
1444 1608 1669 1661 cantulit
1695 1624 1707 1658 :
1738 1608 1858 1677 quia

276 1696 342 1751 ibi
390 1705 662 1765 coeperat,
708 1707 767 1751 ut
807 1697 1058 1761 diximus,
1099 1712 1219 1751 esse
1266 1707 1568 1764 suspectus.
1620 1697 1861 1751 Przcsens

1961 508 2073 563 haec
2100 510 2256 564 verba
2285 525 2404 578 quae
2433 512 2821 580 Scripturarum
2860 508 3155 565 divinarum
3189 512 3437 569 virtutem
3466 513 3545 568 vi-

1960 599 2219 654 debantur
2244 600 2562 669 exprimere.

2034 689 2185 744 Vers.
2209 691 2264 743 2.
2298 691 2465 745 Bern.
2497 693 2548 744 in
2591 689 2813 745 Domino
2843 693 3133 746 laudabitur
3171 694 3343 747 anima
3384 710 3498 749 mea
3528 713 3545 759 ,-

1960 781 2448 835 audiantmansueti
2490 792 2533 834 ct
2567 782 2820 835 (celentur.
2854 783 3219 839 Pulcltertitne
3254 799 3360 839 uno
3389 800 3542 840 com-

1961 879 2103 924 mate
2128 869 2344 925 dilectio
2377 870 2680 926 famulantis
2711 888 2963 941 expressa
2993 885 3104 941 est;
3136 889 3241 928 non
3270 876 3413 930 enim
3454 876 3543 930 vel

1961 961 2012 1017 in
2043 976 2102 1016 se
2130 963 2209 1016 vel
2239 962 2288 1016 in
2318 963 2536 1027 divitiis,
2582 964 2677 1019 sed
2711 966 2762 1017 in
2797 966 3015 1019 Domino
3043 982 3192 1021 suam
3219 970 3440 1024 animum
3466 969 3546 1024 di-

1961 1052 2032 1106 cit
2070 1068 2177 1105 esse
2206 1053 2538 1107 laudandam.
2566 1055 2714 1108 Tunc
2753 1057 2893 1109 enim
2922 1056 3178 1123 gloriatur
3217 1059 3390 1113 ﬁdelis
3426 1076 3547 1115 scr-

1961 1158 2076 1207 vus,
2110 1143 2321 1212 quando
2350 1145 2666 1201 laudabilem
2701 1147 2982 1202 Dominum
3033 1149 3229 1205 habere
3267 1152 3546 1219 cognosci-

1963 1243 2077 1297 tur;
2110 1236 2209 1287 scit
2247 1238 2385 1289 enim
2430 1236 2491 1289 ad
2533 1251 2592 1291 se
2631 1238 2817 1291 referri
2865 1239 3092 1305 bonum,
3135 1254 3255 1294 com
3286 1240 3545 1296 Dominus

1962 1323 2074 1391 ejus
2119 1324 2275 1378 fuerit
2322 1325 2606 1379 multorum
2654 1343 2747 1382 ore
2790 1329 3132 1396 prmdicatus.
3178 1329 3308 1383 Nam
3348 1330 3395 1384 si
3424 1331 3545 1400 quis

1966 1416 2120 1470 hodie
2151 1416 2375 1470 Dom’no
2404 1418 2671 1489 detrahat,
2707 1420 2929 1475 devotus
2976 1421 3200 1476 famulus
3230 1437 3334 1490 quo
3366 1422 3547 1478 furore

1962 1506 2321 1571 succenditur,
2353 1524 2453 1577 qua
2478 1509 2897 1565 stomachatione
2919 1512 3215 1567 cruciatur?
3245 1513 3437 1568 Datum
3460 1523 3547 1570 est

1964 1600 2102 1651 enim
2152 1600 2394 1654 ﬁdelibus
2441 1601 2610 1655 servis
2656 1610 2711 1655 ut
2761 1611 2853 1654 aut
2898 1603 2965 1658 de
3015 1603 3151 1657 fama
3213 1604 3551 1659 dominorum

1966 1689 2188 1743 adversa
2218 1690 2468 1754 smviant,
2513 1699 2603 1742 aut
2646 1689 2713 1742 de
2747 1706 2995 1759 prospera
3026 1692 3275 1759 Opinione
3313 1706 3549 1761 congau-

276 1796 455 1839 autem
490 1786 726 1855 psalmus
756 1786 943 1842 tertius
968 1796 1051 1841 est
1074 1802 1257 1841 eorum
1285 1788 1337 1840 in
1366 1788 1557 1856 quibus
1588 1802 1682 1855 per
1712 1797 1862 1843 actus
1895 1786 1941 1843 B
1967 1781 2147 1834 deant.
2190 1782 2458 1850 Sequitur,
2501 1782 2715 1834 audiant
2762 1785 3009 1836 mansueti
3050 1793 3097 1837 et
3146 1783 3403 1837 (celentur.
3435 1784 3551 1841 Non

278 1880 445 1933 David
509 1880 882 1950 sign'ﬁcantur
952 1881 1108 1950 110
1172 1880 1382 1933 Domini
1435 1878 1633 1934 Christi
1686 1878 1862 1933 futura

277 1976 532 2047 mysteria
552 2015 566 2041 ,
596 1974 845 2045 quamvis
873 1974 1277 2043 alpltabctorum
1314 1973 1581 2027 secundus
1613 1986 1732 2028 esse
1761 1988 1862 2026 no-

276 2074 476 2119 scatur.

861 2177 1052 2232 Divisio
1090 2177 1295 2247 psalmi.

340 2290 453 2344 Per
483 2298 655 2344 totum
688 2290 948 2359 psalmum
977 2291 1137 2345 verba
1169 2290 1445 2360 pr0pltctre
1490 2300 1644 2361 sunt,
1676 2292 1864 2361 alpha~

280 2380 380 2434 beti
434 2379 650 2434 llebrtei
696 2380 939 2446 litteras,
992 2391 1214 2450 excepta
1263 2391 1450 2448 sexta,
1503 2382 1556 2437 in
1602 2384 1867 2452 capitib‘rs

279 2486 533 2526 versuum
577 2486 673 2539 per
708 2472 954 2526 ordinem
985 2472 1248 2539 ponentis.
1284 2472 1340 2526 ln
1381 2472 1550 2542 prima
1582 2482 1731 2542 parte
1772 2474 1865 2529 be-

281 2558 535 2617 nedieere
557 2576 616 2617 se
643 2562 929 2617 Dominum
958 2564 1375 2634 compromittit,
1402 2564 1696 2619 admonens
1726 2580 1870 2619 man-

282 2664 467 2708 suetos
497 2663 556 2707 ut
583 2669 767 2708 secum
799 2654 851 2707 in
895 2654 1009 2722 ejus
1039 2654 1286 2709 laudibus
1323 2664 1693 2724 perseverent.
1727 2656 1871 2709 Prce—

282 2744 405 2797 dicti
438 2753 618 2797 autem
650 2744 917 2812 alphabcti
947 2744 1060 2799 haec
1088 2759 1209 2814 pars
1234 2745 1696 2814 quatuor'litteras
1724 2759 1871 2799 com-

282 2833 593 2900 prehendit.
624 2832 870 2887 Secunda
901 2832 965 2887 ad
995 2834 1401 2889 conversionem
1445 2834 1709 2901 fidelium,
1754 2849 1872 2904 quin

281 2927 390 2979 sint
422 2926 560 2979 bene
589 2928 902 2980 methorum
931 2928 1146 2995 prmmia
1173 2943 1275 2981 non
1303 2935 1569 2992 tacentur,
1599 2943 1716 2995 qua:
1742 2942 1872 2982 con-

282 3015 421 3068 tinet
452 3016 658 3069 litteras
685 3031 799 3069 sex.
840 3015 1023 3070 Tertia
1053 3016 1203 3084 quasi
1233 3018 1369 3072 ﬁlios
1398 3018 1654 3073 admonet
1684 3034 1713 3072 a
1756 3019 1873 3088 qui-

283 3108 385 3162 bus
419 3122 480 3162 se
509 3108 717 3163 delictis
744 3108 973 3163 debeant
1001 3110 1301 3176 abstinere;
1339 3110 1451 3164 hmc
1479 3111 1640 3167 habet
1667 3111 1872 3167 litteras

280 3208 540 3267 quatuor.
566 3201 763 3266 Quarta
791 3200 962 3269 justus
990 3200 1117 3255 dicit
1150 3201 1214 3255 de
1241 3202 1488 3257 omnibus
1526 3202 1874 3257 tribulationi-

284 3290 383 3344 bus
419 3290 711 3353 eruendos,
743 3300 795 3344 et
840 3290 1031 3359 impios
1059 3290 1265 3346 debitas
1310 3307 1498 3360 punias
1528 3306 1647 3347 esse
1690 3306 1879 3361 passu-

286 3398 397 3449 ros,
436 3399 507 3437 ne
539 3383 589 3436 in
622 3382 872 3449 periculis
916 3382 1029 3436 suis
1075 3382 1249 3451 aliqua
1279 3382 1550 3437 dubietate
1598 3384 1879 3440 mollesce-

288 3488 437 3537 rent;
468 3474 560 3528 hic
588 3474 749 3527 etiam
781 3473 1009 3527 residua:
1039 3481 1242 3541 septem
1271 3474 1461 3529 littera:
1492 3484 1877 3544 praenotantur.

292 3566 352 3618 Et
394 3576 698 3627 memento,
737 3563 875 3617 sicut
917 3564 967 3617 in
1009 3564 1268 3633 vigeimo
1307 3574 1496 3633 quarto
1539 3565 1745 3634 psalmo
1772 3564 1879 3633 jam

291 3660 491 3711 dictum
522 3667 603 3711 est
625 3699 640 3721 ,
676 3656 816 3708 hunc
836 3655 1171 3724 alphabetum
1203 3655 1570 3724 imperfectum
1596 3656 1716 3711 illos
1744 3656 1884 3710 indi-

293 3764 412 3803 mre
436 3751 530 3817 qui
560 3748 747 3799 Iaudes
778 3747 983 3800 Domini
1016 3755 1285 3816 nequeunt
1315 3746 1627 3815 plenissima
1660 3763 1881 3818 operum

296 3840 602 3908 integritate
634 3844 875 3889 cantare.

857 3944 1123 4015 Expositio
1154 3950 1359 4017 psalmi.

368 4062 526 4115 τετε.
561 4062 608 4114 I.
640 4062 840 4115 Ᾱιενιί.
870 4057 1173 4113 Benedicam
1204 4059 1479 4114 Dominum
1512 4061 1563 4113 in
1594 4062 1731 4115 omni
1766 4070 1891 4115 tem-

297 4171 441 4219 pore,
472 4168 675 4217 semper
704 4151 816 4203 laus
843 4150 953 4221 ejus
982 4152 1033 4202 in
1059 4166 1145 4202 ore
1175 4166 1304 4203 meo.
1337 4151 1558 4221 Tempus
1588 4152 1891 4209 hominibus

295 4246 550 4297 novimus
579 4257 703 4297 esse
733 4242 1033 4303 diversum,
1070 4241 1226 4295 modo
1269 4241 1695 4297 tribulationibus
1737 4258 1893 4312 aspe-

295 4354 449 4399 rum,
484 4336 649 4388 modo
684 4334 877 4403 gaudio
908 4331 1181 4386 blandum.
1226 4332 1365 4403 Ergo
1402 4334 1453 4387 in
1493 4335 1630 4387 omni
1669 4344 1891 4400 tempore

295 4428 702 4483 benedirendum
738 4425 1007 4479 Dominum
1039 4424 1292 4495 propheta
1332 4425 1637 4491 denuntiat,
1682 4428 1893 4497 quando

1968 1871 2127 1936 dixit,
2172 1872 2288 1940 lege
2332 1872 2509 1932 docti.
2559 1888 2663 1925 non
2714 1872 3042 1939 jejunantes,
3087 1888 3192 1927 non
3229 1874 3552 1943 psallentes,

1967 1961 2060 2015 sed
2092 1961 2343 2016 mansueti
2373 1962 2627 2027 (celentur,
2656 1962 2746 2031 qui
2772 1962 3031 2016 charitate
3059 1964 3323 2032 prmcipua
3355 1963 3554 2022 habere

1969 2067 2146 2107 rerum
2171 2053 2408 2107 omnium
2438 2053 2839 2122 temperantiam
2869 2064 3289 2112 consueverunt.

2040 2144 2191 2198 Vers.
2227 2144 2278 2198 3.
2311 2142 2504 2197 thsL.
2554 2143 2878 2215 Magni/ica'e
2924 2145 3204 2200 Dominum
3234 2164 3428 2203 mecum
3450 2190 3466 2216 ,
3505 2158 3555 2206 et

1969 2235 2248 2301 eagaltemus
2288 2249 2468 2287 nomen
2500 2237 2612 2305 ejus
2640 2235 2694 2287 in
2732 2234 2962 2289 invicem.
2997 2236 3207 2293 Utilitas
3241 2238 3343 2293 ista
3370 2255 3563 2296 carna-

1971 2326 2035 2380 lis
2064 2325 2404 2392 singulariter
2445 2324 2643 2394 perfrui
2686 2325 2986 2392 desiderat,
3021 2329 3162 2397 quod
3204 2328 3559 2390 delectatione

1971 2417 2125 2471 avida
2162 2402 2514 2485 concupiscit.
2556 2416 2857 2487 Spiritualis
2886 2431 3060 2475 autem
3093 2423 3262 2491 gratia
3292 2437 3400 2479 non
3443 2426 3559 2483 vult

1971 2508 2085 2563 sola
2115 2509 2287 2564 facere
2312 2508 2452 2578 quod
2483 2508 2663 2563 multis
2691 2509 2895 2579 proﬁcit
2925 2511 2990 2565 ad
3018 2513 3267 2581 salutem,
3304 2529 3371 2570 ne
3413 2515 3555 2570 inter

1972 2599 2148 2655 ofﬁcia
2172 2600 2467 2655 sanctitatis
2493 2601 2820 2656 detestabilis
2848 2603 3044 2657 invidia
3072 2605 3379 2671 misceatur,
3413 2605 3556 2677 quod

1974 2706 2116 2747 nunc
2143 2705 2327 2745 versus
2355 2690 2455 2746 iste
2498 2693 2765 2760 explanat.
2802 2691 2965 2748 Vocat
3001 2696 3141 2749 enim
3185 2695 3397 2760 fratres,
3429 2699 3559 2751 hor-

1973 2792 2119 2839 tatur
2148 2782 2368 2851 populos
2413 2781 2745 2847 obedientcs,
2778 2791 2835 2836 ut
2864 2799 3056 2838 nomen
3091 2786 3296 2840 Domini
3327 2789 3559 2856 gloriosa

1975 2874 2233 2928 societate
2264 2871 2606 2941 magniﬁcent.
2655 2870 2922 2940 Sequitur,
2962 2881 3010 2925 et
3052 2876 3332 2928 exaltemus
3377 2892 3561 2931 nomen

1975 2966 2088 3035 ejus
2129 2963 2183 3015 in
2226 2962 2457 3015 invicem.
2501 2960 2695 3015 Suavis
2734 2963 3098 3030 commonitio,
3139 2963 3431 3031 juStissima
3474 2982 3563 3022 rc-

1977 3055 2128 3125 gula,
2162 3062 2217 3108 ut
2246 3054 2312 3109 ab
2342 3053 2587 3108 omnibus
2618 3054 2669 3107 in
2703 3069 2863 3108 unum
2896 3054 3017 3119 ﬁat,
3046 3056 3186 3123 quod
3216 3066 3414 3112 sancta:
3444 3060 3562 3113 uni~

1900 3152 1946 3214 ο
1982 3146 2074 3200 tati
2099 3154 2309 3200 constat
2333 3143 2534 3199 oll'erri.
2564 3142 2630 3197 In
2658 3144 2870 3198 invicem
2901 3160 3028 3200 vero
3059 3146 3320 3215 signiﬁcat
3348 3163 3564 3219 compo-

1981 3240 2111 3293 sitos
2140 3239 2353 3303 choros,
2380 3236 2593 3307 quando
2635 3245 2691 3291 et
2722 3236 3069 3304 psalmodiam
3106 3238 3314 3292 Domini
3358 3239 3565 3295 alterna

1982 3330 2083 3385 sibi
2109 3329 2445 3384 successione
2470 3327 2815 3395 respondent.
2843 3328 2971 3395 Quae
3002 3328 3164 3399 figura
3193 3330 3385 3383 dicitur
3407 3344 3565 3385 ener-

1981 3421 2095 3490 gia,
2140 3420 2193 3474 id
2240 3429 2323 3475 est
2366 3420 2693 3490 imaginatio,
2736 3436 2859 3488 qua:
2901 3431 3073 3474 actum
3116 3423 3190 3476 rei
3240 3422 3570 3493 incorporei:

1983 3512 2152 3567 oculis
2186 3511 2574 3565 Sulmtinistrat.

2058 3602 2210 3657 Vers.
2243 3600 2296 3654 4.
2328 3600 2570 3656 Βιιιετη.
2603 3600 2852 3669 Inquisivi
2894 3601 3199 3665 Dominum,
3231 3613 3277 3656 et
3308 3606 3571 3659 exaudiuit

1988 3711 2087 3759 me,
2116 3705 2163 3747 et
2191 3710 2254 3748 ea:
2294 3694 2521 3747 omnibus
2548 3694 2961 3748 tsibulationibus
2991 3695 3111 3747 meis
3155 3696 3341 3765 eripuit
3371 3712 3472 3749 me.
3508 3696 3576 3751 Ut

1991 3784 2243 3839 invitatus
2274 3784 2498 3853 populus
2524 3784 2589 3838 ad
2631 3785 2978 3853 psalmodiam
3012 3786 3223 3840 Domini
3266 3786 3535 3843 festinaret
3556 3827 3576 3850 .

1992 3888 2136 3927 nunc
2162 3873 2289 3927 dicit
2323 3888 2442 3939 qure
2468 3873 2568 3929 sibi
2599 3875 2794 3928 exinde
2823 3875 2961 3929 bona
2994 3878 3355 3943 provenerint.
3391 3876 3576 3947 Inqui-

1993 3967 2106 4021 sivit
2136 3966 2442 4031 Dominum,
2475 3980 2579 4019 non
2606 3965 2778 4034 spatio
2810 3966 2967 4034 longo
2996 3974 3288 4029 terrarum,
3329 3980 3434 4021 non
3480 3983 3575 4035 per

1995 4058 2231 4112 locorum
2263 4055 2569 4110 latitudines
2600 4054 2735 4111 forte
2765 4057 3041 4123 distentas,
3072 4056 3165 4111 sed
3194 4057 3245 4110 in
3275 4056 3455 4122 corde,
3487 4058 3581 4114 ubi

1995 4150 2040 4203 si
2073 4149 2402 4215 majestatcm
2446 4148 2611 4217 ipsius
2649 4149 2963 4217 cogitamus,
2996 4149 3065 4205 ibi
3108 4163 3224 4203 eam
3258 4160 3575 4217 prmsentem

1997 4240 2169 4295 modis
2207 4241 2454 4294 omnibus
2495 4242 2815 4297 invenimus.
2866 4242 2929 4296 Et
2974 4242 3189 4297 intende
3228 4242 3350 4312 quid
3394 4244 3573 4300 dicat:

2000 4330 2247 4399 Inquisivi
2279 4329 2548 4385 Dominum
2567 4373 2580 4395 ,
2610 4342 2655 4384 ct
2691 4333 2949 4387 exaudivit
2980 4350 3056 4387 me
3080 4350 3099 4387 :
3127 4335 3373 4402 quoniam
3418 4335 3577 4390 intel-

1999 4424 2165 4479 lectus
2194 4422 2308 4491 ejus
2337 4422 2583 4477 universa
2633 4423 3022 4491 complectitur,
3068 4438 3166 4485 nec
3212 4425 3583 4491 corporalibus

296 4532 349 4573 et
393 4522 623 4574 adversa
657 4518 907 4585 patimur,
949 4526 1005 4573 et
1033 4519 1226 4583 collata
1270 4515 1522 4572 felicitate
1568 4515 1975 4596 gaudemusaD
2000 4514 2266 4579 sensibus,
2308 4512 2403 4568 sed
2444 4513 2814 4579 Spiritualibus
2849 4514 3451 4596 virtutibizs‘operatur.
3486 4514 3587 4571 Se-

298 4612 441 4663 sicut
483 4610 614 4679 justi
670 4608 943 4674 fecerunt,
991 4621 1149 4677 atque
1198 4607 1402 4662 faciunt
1449 4608 1656 4661 Domini
1708 4625 1894 4666 amore

298 4702 617 4771 ﬂagrantes.
647 4699 754 4752 Sed
780 4699 1021 4768 quamvis
1045 4698 1278 4752 debitum
1306 4707 1465 4767 atque
1501 4698 1795 4766 proﬁcuum
1827 4700 1896 4754 sit

301 4804 359 4844 ut
407 4802 661 4845 creatura
705 4802 858 4842 Suum
908 4803 1121 4856 semper
1158 4788 1338 4842 laudet
1382 4797 1683 4853 auctorem,
1715 4799 1892 4843 tamen

299 4890 525 4947 propter
555 4879 903 4932 humanitatis
928 4879 1171 4933 diversos
1200 4889 1369 4945 aetus,
1403 4894 1539 4946 pene
1568 4880 1893 4948 impossibile

300 4968 466 5020 nobis
494 4969 707 5021 videtur
739 4966 1042 5034 psalmodire
1086 4966 1267 5022 laudes
1298 4968 1523 5023 Domino
1549 4969 1745 5039 jugiter
1777 4986 1894 5036 per-

298 5076 532 5121 sonare;
563 5058 657 5112 ‘ed
693 5060 743 5110 in
776 5075 859 5111 ore
896 5058 1125 5113 hominis
1148 5057 1273 5127 justi
1302 5077 1495 5129 semper
1524 5062 1636 5114 laus
1666 5072 1738 5115 est
1769 5062 1890 5127 Dei,

297 5150 524 5216 quando
552 5150 676 5201 talia
707 5150 790 5201 vel
821 5150 1015 5216 Cogitat
1043 5152 1122 5203 vel
1157 5152 1408 5219 loquitur,
1442 5163 1495 5204 ut
1527 5153 1671 5205 nulla
1705 5154 1887 5207 redar.

296 5239 527 5308 gutione
573 5238 833 5305 culpetur.
885 5237 1145 5306 Quidquid
1196 5240 1335 5293 enim
1382 5255 1447 5294 ex
1494 5241 1780 5310 patientia,
1827 5258 1891 5295 ex

298 5330 599 5393 charitate,
632 5337 686 5382 et
713 5328 1068 5395 simplicitate,
1102 5328 1416 5397 exterisque
1452 5331 1766 5398 virtutibus,
1810 5333 1896 5387 vel

298 5417 606 5487 loquimur,
643 5416 718 5469 vel
747 5430 924 5470 mente
951 5425 1243 5484 gestamus,
1278 5417 1401 5488 jure
1429 5420 1622 5475 divinis
1656 5421 1899 5477 laudibus

296 5507 634 5574 applicatur.
680 5508 849 5571 Ipsius
896 5508 1036 5560 enim
1079 5509 1401 5575 prmeonium
1445 5522 1525 5565 est
1569 5512 1658 5581 qui
1703 5512 1895 5579 donat,

296 5616 401 5652 ore
453 5614 515 5651 ac
554 5598 719 5652 corde
763 5601 982 5653 honesta
1024 5602 1285 5657 meditari.
1319 5600 1456 5657 Laus
1501 5606 1642 5658 enim
1682 5619 1709 5657 a
1750 5606 1901 5660 lauro

297 5692 457 5746 dicta
504 5700 616 5747 est.
648 5705 765 5756 que
796 5691 1002 5744 solebat
1044 5706 1300 5751 coronare
1338 5695 1583 5752 victores.
1623 5695 1745 5752 llazc
1787 5712 1901 5768 my-

569 5783 840 5841 l’nnon.
886 5781 1084 5841 LXX.

2005 4608 2182 4674 quitur
2211 4612 2459 4672 quantum
2492 4604 2657 4658 Deum
2690 4605 2945 4672 quaesisse
2971 4592 3191 4672 profuit,
3222 4604 3433 4673 quando
3461 4620 3585 4661 eum

2008 4710 2071 4749 ex
2101 4694 2351 4748 omnibus
2379 4694 2624 4747 liberavit
2665 4694 2945 4762 angustiis.
2977 4694 3105 4760 Quis
3144 4694 3285 4747 enim
3317 4692 3590 4748 sufficeret

2008 4785 2360 4855 particulatim
2401 4792 2540 4838 tanta
2576 4794 2780 4851 petere,
2818 4795 3015 4854 quanta
3052 4787 3151 4839 iste
3193 4786 3349 4839 simul
3390 4786 3588 4840 meruit

2002 4878 2320 4946 impetrare?
2346 4874 2578 4929 Diceudo
2606 4878 2743 4929 cnim
2763 4919 2776 4941 ,
2807 4893 2868 4930 ex
2898 4876 3150 4943 omnibus,
3185 4875 3316 4929 nihil
3345 4875 3587 4930 relictum

2002 4976 2083 5022 est
2102 5009 2115 5030 ,
2144 4968 2283 5035 quod
2314 4967 2635 5021 remansisse
2658 4968 2947 5034 suspiceris
2969 4968 3271 5022 adversum.

2079 5058 2224 5112 Vers.
2260 5058 2311 5111 5.
2348 5057 2444 5110 τις.
2482 5057 2712 5110 Accedite
2744 5060 2809 5110 ad
2841 5075 2981 5119 cum,
3012 5069 3059 5112 et
3100 5059 3502 5123 illuminamini,
3543 5070 3592 5111 rt

2003 5149 2172 5202 rullus
2201 5149 2348 5203 rostri
2392 5164 2490 5201 non
2538 5149 2846 5203 crubcsrent.
2880 5150 3031 5202 Prius
3071 5149 3253 5204 laudes
3295 5150 3589 5218 praemisit,

2004 5244 2196 5296 choros
2224 5239 2516 5304 ordinavit;
2552 5255 2690 5293 nunc
2718 5240 2769 5294 in
2796 5240 3027 5295 secunda
3061 5249 3211 5309 parte
3240 5250 3293 5295 et
3323 5240 3388 5295 ad
3422 5241 3589 5309 ipsam

2005 5332 2538 5386 communicationem
2601 5332 2823 5400 populos
2893 5331 3135 5385 hortatur
3188 5331 3481 5395 accedere,
3534 5339 3595 5384 ut

2010 5423 2261 5477 Ecclesia:
2290 5422 2479 5491 futurae
2512 5423 2666 5477 ritum
2696 5423 2925 5477 monitor
2950 5423 3240 5491 spiritualis
3262 5421 3589 5478 infunderet.

2007 5514 2239 5566 Accedite
2261 5488 2364 5566 non
2402 5514 2594 5567 dicitur
2623 5513 2868 5582 ebriosis,
2904 5528 3008 5567 non
3048 5513 3328 5580 adulteris,
3363 5529 3468 5569 non
3498 5530 3592 5569 su-

2008 5604 2204 5674 perbis,
2240 5602 2334 5657 sed
2376 5604 2592 5669 sobriis,
2624 5605 2783 5658 castis
2812 5614 2971 5672 atque
3002 5604 3291 5662 humilibus
3329 5603 3590 5662 Christia-

2007 5698 2109 5763 nis,
2141 5695 2229 5766 qui
2265 5695 2545 5750 illuminari
2572 5695 2640 5752 do
2678 5709 2826 5750 sacra
2868 5698 3211 5770 perceptione
3252 5710 3587 5767 mereantur,
