4030 6172
450 331 548 359 Cf?!

451 348 549 384 2.).)

1676 322 1740 378 Μ.
1787 318 2062 377 AURELII
2101 318 2501 377 CASSIODORI

3610 321 3712 377 9.56

444 449 584 505 sicut
626 447 910 519 Apostolus
953 446 1019 501 de
1067 445 1178 514 ipsa
1226 438 1709 497 communicatione
1758 445 2023 493 testatur:
2054 437 2103 498 Α
2131 435 2522 491 sanctissimam
2550 434 3118 501 communicationem;
3149 448 3247 490 nec
3284 433 3481 490 desiuit
3526 437 3720 504 s'rpius

450 536 751 607 Quicunque
788 535 1162 589 manducauerit
1209 548 1427 603 pauent,
1466 542 1550 585 aut
1597 530 1773 584 biberit
1818 528 2027 581 calicem

454 626 656 685 Domini
692 626 920 697 indigne,
945 625 1199 697 judicium
1227 624 1324 679 sibi
1352 622 1626 676 manducat
1657 630 1704 675 et
1735 620 1883 687 bibit,
1921 635 2027 673 non

449 716 739 788 dijudicans
793 732 979 786 corpus
1048 714 1274 769 Domini.
1329 712 1511 768 Probet
1577 721 1746 765 autem
1809 710 2028 780 seipsum

451 810 622 874 homo,
653 816 696 860 et
725 807 800 860 sic
840 807 902 860 de
948 822 1078 876 pune
1108 803 1197 859 illo
1232 804 1378 867 edat,
1410 813 1456 857 et
1496 802 1559 856 de
1595 802 1754 855 calice
1798 800 1933 854 bibat
1973 798 2028 871 (1

450 900 567 956 Cor.
600 916 685 965 st,
713 899 824 970 27).
852 898 1181 955 Studendum
1209 906 1294 953 est
1320 910 1469 967 ergo,
1495 905 1552 950 ut
1580 894 1670 966 qui
1698 894 1768 948 ad
1799 909 1915 948 eum
1943 908 2029 947 ac-

450 994 610 1060 cedit,
643 993 713 1047 ita
742 1006 802 1048 se
843 990 1027 1046 humili
1064 990 1425 1046 satisfactione
1454 986 1780 1053 moderetur,
1811 994 1869 1041 ut
1908 984 2031 1040 illu-

450 1085 642 1139 minari
673 1085 845 1154 potius
885 1096 1045 1151 quam
1085 1080 1275 1136 caecari
1320 1094 1482 1151 posse
1528 1079 1787 1134 videatur.
1837 1074 2028 1131 Vultus

449 1186 659 1242 autem,
699 1174 837 1229 sicut
880 1188 1023 1242 saepe
1064 1171 1319 1237 diximus,
1360 1170 1623 1242 signiﬁcat
1651 1169 2024 1241 praesentiam,

451 1281 569 1336 qua:
615 1275 786 1334 potest
826 1273 1027 1319 mutato
1067 1266 1247 1319 colore
1291 1264 1657 1318 confusionem
1705 1261 1843 1330 pati,
1886 1259 1932 1314 si
1978 1257 2027 1314 ei

449 1358 683 1416 caelestia
714 1372 933 1412 munera
966 1357 1346 1411 subducantur.
1394 1355 1602 1410 Fideles
1631 1369 1756 1423 ergo
1786 1370 1886 1407 non
1915 1369 2031 1407 eru-

452 1451 686 1514 bescunt,
710 1449 958 1518 quoniam
986 1449 1288 1517 impetrant.
1320 1446 1627 1499 Erubescere
1653 1446 1793 1499 enim
1821 1443 2029 1512 decepti

449 1551 562 1607 est,
605 1541 689 1609 qui
729 1541 794 1595 ad
835 1554 930 1594 sua
972 1539 1237 1594 desideria
1269 1554 1373 1592 non
1405 1537 1542 1592 valet
1571 1537 1865 1606 pervenire.
1900 1536 2028 1602 Qui-

448 1631 573 1684 dam
614 1630 717 1686 boc
755 1632 830 1684 sic
858 1630 1123 1684 azstimant
1151 1627 1517 1694 sentiendum,
1552 1626 1806 1682 facientes
1840 1628 2030 1683 exinde

450 1736 556 1776 non
597 1716 870 1775 minimam
918 1720 1287 1789 qumstionem.
1320 1717 1450 1773 Nam
1481 1734 1599 1773 cum
1630 1720 1916 1787 Apostolus
1944 1719 2028 1773 di-

2131 526 2333 591 dicere,
2364 525 2505 580 unde
2531 526 2682 580 novit
2721 526 3038 581 mortalibus
3070 534 3336 596 perpetua:
3378 525 3503 581 vita:
3529 526 3719 597 gaudia

2131 616 2435 685 provenire.
2467 614 2681 671 Gustata
2710 629 2816 670 non
2843 614 3073 684 pertinet
3098 614 3163 668 ad
3192 614 3421 684 palatum
3443 656 3460 682 ,
3484 615 3577 669 sed
3607 615 3725 669 ani-

2132 722 2232 763 mte
2258 708 2638 763 suavissimum
2666 722 2908 777 sensum,
2936 709 3024 778 qui
3057 706 3235 762 divina
3263 707 3725 776 contemplatione

2129 797 2426 866 saginatur.
2456 794 2589 852 Nam
2622 804 2679 851 ut
2707 796 2880 866 ipsum
2905 805 3118 866 gustum
3157 795 3513 866 intelligeres,
3544 798 3722 865 sequi-

2131 894 2247 952 tur,
2277 886 2466 952 videte,
2490 885 2630 957 quod
2659 887 2842 957 utique
2870 900 2975 941 non
3027 886 3092 954 ad
3124 900 3188 941 os
3213 886 3447 956 pertinet
3466 926 3481 951 ,
3509 885 3605 940 sed
3654 886 3721 941 ad

2132 976 2484 1048 inspectivam
2516 978 2637 1035 sine
2664 978 2829 1034 dubio
2855 978 3197 1048 qualitatem;
3228 986 3287 1034 ut
3310 993 3433 1034 eum
3464 979 3571 1035 tale
3596 995 3722 1035 cor-

2132 1084 2230 1139 pus
2269 1069 2594 1140 accipimus,
2624 1070 2745 1126 vita:
2786 1070 2941 1126 nobis
2964 1070 3183 1126 concedi
3211 1071 3436 1142 gratiam
3478 1071 3722 1127 conﬁda-

2131 1168 2270 1209 mus.
2304 1155 2366 1209 Et
2400 1164 2458 1210 ut
2488 1154 2655 1225 ipsam
2694 1154 3236 1211 communicationem
3273 1171 3377 1210 non
3417 1156 3485 1211 ad
3526 1171 3723 1227 corpus

2130 1228 2413 1301 commutﬁa
2442 1246 2711 1313 traheres,
2750 1245 3026 1301 Dominum
3060 1244 3188 1303 dicit
3225 1263 3336 1302 esse
3359 1263 3597 1312 suavem,
3631 1249 3721 1318 qui

2132 1339 2184 1395 in
2229 1355 2290 1395 ea
2341 1341 2567 1396 salutem
2611 1340 2915 1397 hominibus
2953 1357 3050 1411 pro
3087 1357 3181 1397 sua
3229 1344 3423 1412 pietate
3451 1343 3718 1398 concedit.

2132 1433 2251 1486 Vita
2284 1434 2424 1487 enim
2456 1442 2668 1495 nostra,
2695 1449 2813 1503 qua:
2848 1448 3033 1487 revera
3069 1433 3208 1489 Deus
3237 1443 3352 1499 est,
3385 1435 3473 1502 qui
3503 1450 3720 1489 carnem

2133 1535 2401 1592 sumptam
2430 1539 2492 1579 es
2529 1524 2744 1589 Virgine
2773 1525 2936 1577 Maria
2976 1525 3075 1577 sibi
3118 1524 3315 1589 uuivit,
3339 1540 3562 1594 eamque
3594 1540 3722 1594 pro-

2132 1616 2300 1685 priam
2334 1615 2483 1679 fet-it,
2510 1615 2909 1669 viviﬁcatricem
2953 1630 3073 1670 eam
3122 1630 3242 1669 esse
3294 1616 3564 1684 professus
3607 1625 3720 1679 est;

2132 1708 2270 1761 sicut
2296 1708 2371 1760 ait
2398 1709 2446 1760 in
2485 1706 2777 1775 Evangelio
2810 1724 2821 1757 :
2856 1708 3042 1769 Amen,
3074 1722 3249 1773 amen,
3282 1708 3395 1760 dico
3426 1709 3590 1771 vobis,
3623 1709 3723 1760 nisi

449 1823 536 1868 cat
562 1832 575 1868 :
612 1814 709 1879 Qui
746 1813 882 1867 solus
912 1812 1056 1866 habet
1084 1815 1541 1878 immortalitatem,
1571 1821 1616 1866 et
1647 1814 1809 1866 lucem
1834 1813 2024 1867 habitat

2136 1800 2558 1853 ntanducureritis
2588 1815 2787 1852 carnem
2823 1798 2947 1852 Fi'ii
2976 1799 3215 1865 hominis,
3251 1808 3298 1853 et
3348 1801 3568 1854 biberitis
3600 1817 3721 1854 san-

450 1904 841 1958 inaccessibilem
877 1902 930 1975 (ι
966 1902 1098 1960 Tim.
1126 1920 1209 1970 vr,
1245 1903 1365 1974 16),
1398 1904 1483 1957 hic
1526 1905 1792 1972 quomodo
1840 1903 1985 1973 ponit
2016 1922 2028 1957 :

449 1997 681 2051 Accedite
710 1997 778 2050 ad
806 2013 945 2056 eum.
981 2008 1026 2051 et
1064 1997 1465 2050 illuminamini?
1494 1996 1599 2051 Sed
1638 1996 1740 2051 hac
1769 2011 2028 2066 compen-

448 2087 538 2143 dio
568 2088 735 2156 ipsius
759 2086 993 2141 veritatis
1035 2088 1346 2141 absolvitur.
1381 2086 1767 2141 lﬂﬂCCGrSiblliS
1795 2088 1910 2151 ejus
1943 2087 2032 2141 lux

447 2182 664 2248 dicitur,
698 2181 910 2251 quando
954 2180 1266 2235 substantiae
1306 2178 1472 2247 ipsius
1518 2180 1799 2245 singularis
1837 2189 1891 2234 et
1919 2195 2031 2234 om-

442 2272 700 2342 nipotens
740 2281 924 2324 natura
970 2270 1285 2324 declaratur.
1318 2266 1580 2322 Caeterum
1613 2284 1733 2322 cum
1767 2284 1823 2323 se
1860 2268 2029 2337 gratia

446 2370 648 2418 sanctae
687 2360 981 2416 Divinitatis
1022 2358 1278 2422 infundit,
1313 2368 1363 2411 et
1393 2356 1457 2412 ad
1490 2357 1945 2425 eum_acceditur,
1976 2367 2029 2413 et

434 2453 764 2507 ’illutninatio
791 2452 942 2505 beata
967 2457 1282 2519 pnestatur:
1312 2447 1450 2502 unde
1472 2448 1673 2502 dictum
1696 2457 1778 2501 est
1797 2458 1850 2503 et
1868 2448 2026 2504 alibi:

452 2547 557 2613 Qui
604 2547 858 2600 illuminat
915 2559 1111 2597 onmem
1165 2540 1418 2595 hominem
1470 2541 1744 2594 venientem
1792 2540 1845 2593 in
1896 2540 2031 2595 hunc

409 2639 692 2692 «mundum
720 2636 895 2706 (Joan.
923 2651 969 2703 t,
997 2636 1083 2706 9).

492 2726 835 2797 "111Vers.
852 2728 901 2778 (τ.
917 2725 1064 2779 Zstn.
1088 2722 1193 2777 Iste
1214 2737 1409 2792 pauper
1434 2720 1688 2787 clamavit,
1708 2732 1754 2775 et
1781 2721 2029 2777 Dominus

398 2844 419 2851 ιν
445 2820 703 2875 exaudivit
729 2833 842 2871 eum
863 2858 876 2882 ,
899 2824 946 2870 et
976 2832 1039 2870 ex
1068 2815 1294 2868 omnibus
1324 2814 1735 2867 tribulationibus
1764 2817 1873 2886 ejus
1906 2814 2028 2866 Iibe-

444 2912 572 2964 ravit
603 2926 736 2964 eum.
768 2908 999 2964 Dicendo
1026 2908 1146 2972 iste,
1188 2905 1518 2975 spiritualem
1568 2920 1855 2975 pauperem
1883 2906 2030 2961 desi-

444 3012 593 3071 gnat,
626 3002 713 3070 qui
743 3015 846 3054 non
872 3008 1074 3053 tantum
1104 2996 1386 3052 mundanis
1416 2995 1626 3065 opibus,
1656 2995 1748 3049 sed
1784 2996 2025 3050 vitiorum

448 3092 691 3146 ubertate
745 3100 1016 3146 vacuatur.
1056 3087 1163 3142 Iste
1215 3103 1407 3157 pauper
1461 3095 1573 3153 est,
1629 3086 1717 3156 qui
1768 3086 2027 3141 accedens

2135 1897 2339 1964 guinem
2389 1895 2532 1964 ejus,
2582 1908 2683 1944 non
2731 1890 2971 1945 habebitis
3021 1893 3070 1943 in
3116 1892 3254 1945 vobis
3301 1893 3451 1944 vitam
3482 1907 3722 1945 az'ernam

2135 1984 2312 2054 (Joan.
2346 1999 2418 2047 vt,
2453 1982 2568 2051 5i).
2600 1981 2729 2049 Qua:
2774 1981 2899 2035 licet
2938 1996 3001 2035 ex
3037 1982 3265 2035 humana
3298 1992 3484 2036 natura
3512 1992 3719 2052 sumpta

2134 2078 2232 2140 sit,
2262 2090 2365 2130 nOn
2400 2085 2575 2131 tamen
2609 2091 2727 2130 eam
2761 2082 2818 2129 ut
2845 2075 3001 2129 unius
3036 2075 3266 2129 heminis
3297 2090 3359 2129 ex
3394 2075 3548 2130 nobis
3576 2077 3723 2129 asti-

2133 2183 2281 2222 mare
2301 2167 2565 2231 debemus
2592 2166 2795 2236 peccati
2829 2164 3052 2233 alicujus
3082 2165 3400 2235 contagione
3433 2166 3722 2233 pollutam;

2133 2256 2227 2311 sed
2250 2256 2598 2321 adorabilem,
2619 2255 2968 2320 salutiferam,
2992 2254 3415 2320 viviticatricem,
3449 2270 3569 2323 qua:
3600 2271 3727 2323 pec-

2133 2358 2248 2402 cata
2280 2347 2496 2402 dimittit
2524 2356 2743 2417 propter
2779 2347 3007 2401 Verbum
3042 2347 3123 2401 cui
3172 2347 3402 2401 adunata
3433 2356 3547 2412 est,
3578 2349 3725 2402 sicut

2134 2437 2184 2490 iu
2219 2436 2509 2508 Evangelio
2535 2436 2651 2505 ipse
2678 2436 2936 2490 Dominus
2963 2435 3091 2489 dicit
3124 2455 3136 2488 :
3175 2435 3239 2491 Ut
3289 2437 3461 2490 sciatis
3486 2438 3601 2504 quia
3629 2454 3725 2505 p0-

2133 2534 2362 2578 testatem
2391 2524 2540 2578 habet
2565 2522 2733 2579 Filius
2774 2526 2992 2579 hominis
3020 2543 3170 2597 super
3200 2536 3388 2580 terram
3435 2528 3646 2581 dimitte:
3669 2528 3728 2579 di

2130 2626 2335 2687 peccata
2364 2615 2575 2687 (Matth.
2625 2632 2699 2678 ιχ,
2748 2615 2829 2683 6),
2876 2626 2929 2671 ct
2976 2617 3041 2670 ad
3078 2631 3346 2687 perpetuae
3395 2616 3516 2672 vita:
3556 2633 3727 2687 regna

2134 2708 2390 2775 perducit.
2418 2706 2699 2776 Subjungit
2725 2707 2901 2776 itaque
2922 2707 3216 2762 absolutam
3250 2710 3560 2777 ﬁrmuuque
3582 2725 3711 2762 seu-

2134 2797 2384 2863 lentiam,
2432 2797 2631 2850 beatum
2674 2812 2792 2853 esse
2829 2799 2993 2852 virum
3024 2800 3111 2869 qui
3141 2815 3347 2869 sperare
3376 2815 3481 2853 non
3512 2800 3730 2855 desistit

2130 2888 2184 2941 in
2210 2887 2447 2941 Domino.
2480 2888 2750 2957 Praecipua
2790 2905 2875 2944 res
2914 2906 3030 2959 quo
3076 2899 3180 2944 tam
3212 2891 3515 2961 frequenter
3560 2893 3730 2946 itera-

2134 2991 2239 3046 tur,
2256 2994 2311 3036 lll
2334 2998 2603 3052 nunquam
2632 2982 2762 3036 il'ud
2786 2983 3090 3038 desinamus
3107 2999 3172 3040 ex
3185 2994 3385 3054 petere,
3406 2985 3546 3055 quod
3572 2993 3725 3039 tanta

2132 3074 2474 3144 cognoscitur
2501 3074 2813 3129 assiduitate
2844 3074 3145 3141 praedicari.

445 3180 512 3234 ad
542 3181 704 3235 Deum
737 3179 1087 3243 illuminatur,
1112 3177 1211 3231 iste
1231 3177 1382 3242 cujus
1404 3175 1576 3229 vultus
1607 3190 1713 3229 non
1739 3176 2023 3243 erubescit,
2056 3175 2099 3238 C
2201 3173 2355 3227 V'ers.
2385 3173 2436 3229 9.
2469 3174 2586 3229 Jou.
2623 3174 2815 3227 Timete
2843 3173 3156 3243 Dominum,
3188 3192 3359 3230 euntes
3388 3177 3553 3231 sancti
3582 3178 3725 3245 ejus,

388 3300 391 3305 -
442 3269 535 3341 qui
567 3270 778 3340 quando
813 3269 1009 3323 clamat
1039 3268 1103 3323 ad
1137 3268 1446 3333 Domlnum,
1476 3265 1759 3321 salubriter
1794 3275 1849 3321 et
1882 3281 2024 3321 com-

446 3368 689 3430 petenter
720 3358 960 3425 auditur;
990 3368 1044 3413 et
1083 3366 1205 3412 tunc
1232 3357 1506 3427 provenit,
1540 3365 1597 3411 ut
1636 3356 1892 3412 liberetur
1917 3373 2023 3412 non

436 3456 513 3507 ab
539 3467 641 3505 una
674 3449 1165 3514 tribulatione,-sed
1200 3464 1264 3503 ex
1313 3448 1558 3503 omnibus
1606 3448 1887 3502 mundanis
1930 3464 2024 3502 an-

444 3542 646 3612 gustiis.
679 3540 829 3607 Quod
858 3538 1099 3594 accidere
1125 3538 1263 3592 solet
1285 3538 1444 3607 justis
1464 3579 1479 3605 ,
1510 3536 1724 3605 quando
1752 3537 1803 3589 in
1843 3546 2023 3589 sancta

436 3637 857 3692 conversatione
902 3636 1108 3689 animas
1158 3634 1421 3699 reddunt,
1459 3640 1512 3688 et
1550 3634 1617 3687 de
1661 3632 1841 3687 saeculi
1872 3631 2024 3687 istius

394 3754 401 3760 -
439 3727 594 3783 clade
632 3728 849 3781 contusa
880 3727 944 3780 ad
977 3725 1315 3781 securitatem
1349 3731 1659 3793 perpetuam
1691 3723 2021 3779 transierun-

432 3828 549 3871 tur.
591 3816 866 3886 Perpende
902 3816 1061 3870 etiam
1093 3815 1242 3884 quod
1277 3804 1364 3868 hic
1404 3813 1608 3867 llehrtei
1647 3813 1912 3884 alphabeti
1953 3814 2024 3870 sit

410 3906 616 3961 dittera
649 3905 939 3971 transilita;
974 3913 1256 3974 prosexta
1287 3903 1430 3958 enim
1459 3903 1682 3972 septima
1714 3904 1882 3973 posita
1909 3914 2019 3969 est;

433 4001 582 4071 quod
605 4002 670 4055 ad
702 4000 863 4068 illud,
895 4008 951 4054 ut
979 4010 1135 4068 puto,
1169 3996 1510 4053 referendum
1539 4006 1653 4065 est,
1679 3997 1817 4067 quod
1859 4012 2022 4068 supra
2063 4036 2072 4045 .

440 4092 759 4156 memoravi,
790 4090 931 4145 hunc
960 4090 1218 4159 psalmum
1247 4088 1549 4159 signiﬁcare
1574 4087 1790 4158 quidem
1807 4098 2022 4144 sanctos

439 4182 615 4245 viros,
657 4181 745 4250 qui
786 4190 961 4234 tamen
1003 4194 1106 4234 non
1137 4178 1261 4234 totis
1287 4178 1537 4250 operibus
1585 4180 1878 4249 probantur
1903 4195 2022 4237 esse

440 4270 679 4337 perfecti.
721 4269 833 4332 Ego
869 4270 1009 4323 enim
1040 4284 1143 4323 non
1172 4268 1349 4325 inveni
1394 4269 1612 4325 Patrum
1651 4271 1922 4327 deﬁnitam
1952 4274 2021 4330 de

442 4349 539 4413 hac
567 4367 714 4424 parte
738 4359 1075 4413 sententiam.

515 4449 663 4504 Vers.
684 4448 736 4501 7.
755 4448 930 4502 llsru.
949 4447 1192 4503 Imm'ttet
1206 4450 1442 4520 angelum
1463 4451 1710 4507 Dominus
1730 4456 1782 4508 in
1804 4457 2016 4511 circuitu

2130 3267 2370 3333 quoniam
2398 3266 2531 3319 nihil
2560 3267 2693 3319 deest
2723 3266 3012 3319 timentibus
3042 3282 3178 3322 eum.
3207 3266 3475 3321 Timorem
3508 3267 3728 3322 Domini

2129 3356 2375 3410 omnibus
2390 3357 2587 3411 sanctis
2609 3356 2855 3425 imperat,
2880 3372 2944 3411 ue
2962 3357 3101 3426 quis,
3126 3357 3367 3427 quamvis
3393 3356 3526 3412 bene
3553 3358 3729 3413 meri-

2130 3460 2233 3515 tus,
2266 3466 2293 3503 a
2325 3450 2673 3503 saluberrima
2706 3449 3004 3505 intentione
3026 3449 3283 3505 discedat.
3318 3450 3422 3506 Sed
3453 3450 3576 3520 quid
3611 3450 3731 3505 uti-

2128 3538 2291 3593 litatis
2320 3540 2479 3593 timor
2511 3539 2629 3607 cjus
2679 3539 2872 3594 habeat
2918 3549 3306 3609 consequenter
3354 3540 3584 3594 ostendit
3640 3541 3732 3595 di-

2126 3644 2252 3685 cens
2284 3646 2298 3683 :
2335 3630 2588 3697 Quoniam
2619 3630 2751 3683 nihil
2787 3630 2923 3684 deest
2970 3630 3258 3684 timentibus
3286 3646 3421 3683 eum.
3462 3630 3506 3685 0
3535 3632 3732 3688 brevis

2125 3722 2411 3789 sententia,
2426 3737 2456 3774 ο
2472 3722 2729 3777 immensa
2752 3721 3034 3789 promissio
3049 3722 3063 3775 !
3079 3723 3305 3777 Possunt
3319 3723 3513 3792 aliquid
3530 3739 3702 3794 egere
3714 3771 3729 3783 .

2124 3810 2318 3878 quibus
2347 3809 2543 3863 divitia:
2567 3850 2583 3874 ,
2613 3811 2806 3879 quibus
2850 3809 2995 3865 salus
3024 3809 3268 3879 corporis
3288 3851 3304 3876 ,
3334 3810 3524 3880 quibus
3552 3828 3730 3882 regna

2126 3901 2434 3956 tribuuntur
2464 3916 2479 3954 :
2509 3900 2658 3954 solus
2705 3899 2821 3970 ipse
2870 3900 3002 3955 nihil
3046 3900 3248 3971 indiget
3272 3902 3361 3971 qui
3392 3903 3582 3958 timore
3609 3903 3727 3958 Do-

2126 3991 2257 4045 mini
2287 3990 2490 4045 ditatus
2519 3998 2623 4046 est.

2197 4091 2467 4147 Veranio.
2500 4090 2666 4147 Cara.
2692 4089 2881 4146 Divites
2906 4099 3151 4161 eguerunt
3189 4100 3237 4145 et
3276 4093 3606 4159 esurierunt;
3634 4093 3731 4147 in-

2122 4184 2377 4253 quirentes
2402 4191 2569 4237 autem
2600 4182 2879 4237 Dominum
2906 4198 3009 4236 non
3037 4182 3271 4250 deﬁcient
3298 4182 3441 4237 omni
3468 4182 3621 4237 bona.
3658 4184 3729 4239 In

2122 4293 2230 4333 uno
2258 4292 2417 4333 versu
2443 4285 2704 4332 terrarum
2744 4275 2938 4331 divites
2974 4284 3030 4331 et
3056 4290 3318 4346 pauperes
3352 4275 3545 4331 Christi
3592 4291 3728 4329 ma-

2122 4368 2315 4441 gniﬁca
2366 4367 2752 4423 contrarietate
2790 4365 3058 4421 distinxit.
3112 4366 3199 4421 Ait
3251 4367 3395 4421 enim
3448 4383 3462 4418 :
3516 4365 3733 4422 Dicite:

2122 4467 2364 4531 eguerunt
2400 4470 2446 4514 et
2478 4460 2787 4513 esurierunt.
2816 4459 3038 4526 Quando
3074 4467 3216 4531 egent
3244 4458 3419 4513 divites
3440 4459 3467 4511 2
3494 4460 3733 4526 quando

440 4543 720 4595 timentium
749 4558 881 4627 eum,
905 4550 949 4593 et
977 4542 1154 4611 eripiet
1184 4558 1288 4598 eos.
1322 4541 1399 4598 Ne
1425 4545 1731 4600 crederetur
1764 4548 2015 4604 Dominus
2047 4543 2094 4601 D
2121 4550 2281 4606 ﬁdem
2314 4566 2417 4605 non
2452 4550 2647 4606 habent
2678 4559 2901 4606 rectam.
2931 4550 3155 4617 Quando
3191 4551 3459 4604 esuriant?
3490 4552 3733 4620 quando

441 4633 626 4688 ﬁdeles
674 4647 800 4685 suos
849 4646 1003 4700 posse
1049 4632 1346 4705 negligere,
1382 4636 1631 4704 praesenti
1667 4651 1759 4691 eos
1797 4642 2013 4696 oraculo

436 4724 764 4779 consulatur.
799 4723 863 4777 Et
888 4723 1090 4792 inspice
1118 4726 1433 4782 medicinale
1453 4728 1669 4783 verbum
1692 4731 1830 4798 quod
1858 4732 2008 4803 dicit,

438 4811 715 4879 Immittet;
746 4831 863 4869 nam
908 4825 1125 4884 propter
1164 4818 1500 4873 insolentiam
1532 4824 1773 4877 humana:
1812 4823 2008 4894 fragili-

438 4909 562 4961 tatis
606 4923 711 4961 non
762 4908 933 4975 palam
976 4908 1127 4973 facit,
1173 4909 1268 4963 sed
1323 4911 1545 4965 occultis
1596 4912 2013 4972 immissionibus

436 5010 715 5068 operatur;
750 5008 807 5051 ut
849 5008 899 5052 te
928 4999 1227 5065 nesciente,
1261 5016 1356 5070 pro
1384 5002 1553 5057 salute
1585 5012 1702 5070 tua,
1743 5008 1882 5074 quod
1915 5025 2012 5062 ex-

440 5090 626 5157 pedire
655 5087 848 5157 possit,
875 5090 1125 5156 accipias.
1157 5092 1381 5162 Angelus
1424 5102 1600 5147 autem
1648 5097 1889 5151 minister
1931 5109 2011 5153 est

440 5177 964 5238 voluntatisdivinm.
992 5178 1327 5248 Quapropter
1347 5181 1390 5234 si
1422 5181 1498 5235 vis
1522 5192 1572 5236 te
1597 5185 1841 5251 angelum
1874 5186 2009 5253 ﬁeri,

438 5269 520 5323 {ac
546 5269 684 5336 quod
733 5268 998 5337 praecipit,
1034 5278 1090 5323 ut
1115 5270 1309 5324 liberes
1360 5269 1764 5339 periclitantem,
1819 5278 2013 5333 subve-

434 5359 549 5412 nias
575 5357 753 5422 anxio,
784 5359 979 5427 eripias
1003 5359 1363 5423 innocentem,
1388 5370 1434 5411 ct
1464 5368 1655 5415 creti-ra
1687 5379 1805 5433 quae
1833 5367 2011 5422 divina

433 5448 583 5518 jubet
620 5451 926 5504 anetoritas.
968 5450 1116 5503 Tune
1153 5451 1294 5503 enim
1342 5451 1536 5518 spiritu
1583 5456 1755 5523 angeli
1805 5472 2009 5526 sumus,

437 5539 649 5608 quando
678 5541 902 5595 miuiStri
930 5553 1175 5607 supernae
1206 5540 1493 5597 voluntatis
1516 5543 1796 5601 efﬁcimur.

507 5627 663 5684 Vers.
697 5633 748 5684 8.
782 5630 951 5684 Tern.
979 5627 1193 5683 Gustata
1218 5638 1264 5682 et
1289 5629 1449 5685 videte
1479 5634 1716 5702 quoniam
1744 5638 1911 5689 suavis
1939 5648 2012 5691 est

446 5717 686 5772 Dominus
708 5733 728 5773 :
751 5719 919 5773 beatus
942 5720 1018 5773 vir
1041 5721 1123 5790 qui
1152 5728 1319 5790 sperat
1344 5721 1396 5776 in
1426 5736 1500 5776 eo.
1524 5722 1682 5779 Redit
1708 5724 1772 5777 ad
1802 5724 2007 5780 Domini

2122 4643 2341 4698 minime
2371 4642 2577 4697 Domini
2623 4656 2851 4711 corpore
2885 4643 3162 4695 satiantur.
3194 4640 3352 4696 Tales
3378 4655 3506 4710 ergo
3527 4642 3671 4695 divit.
3699 4661 3734 4695 κ

2119 4744 2292 4803 egent,
2316 4743 2368 4787 et
2385 4732 2603 4787 saturati
2626 4741 2833 4799 ventre,
2854 4733 3042 4801 spiritu
3069 4733 3547 4801 sempercsuriunt.
3566 4732 3731 4799 Quid

2118 4827 2259 4880 enim
2287 4826 2514 4880 habeant
2537 4826 2627 4895 qui
2656 4826 2817 4879 Deum
2842 4841 2946 4878 non
2973 4824 3205 4880 habent?
3228 4824 3598 4892 Subsequitur,
3628 4828 3733 4880 in-

2115 4917 2365 4985 quirente:
2382 4924 2549 4969 autent
2574 4915 2843 4968 Dominum
2864 4932 2967 4969 non
2988 4915 3221 4983 deﬁcient
3236 4917 3372 4969 omni
3401 4917 3556 4979 bono,
3582 4920 3733 4984 quia

2116 5008 2260 5062 nullo
2278 5009 2416 5063 bono
2437 5008 2689 5062 deﬁciunt
2704 5008 2790 5075 qui
2809 5006 3032 5076 spiritali
3049 5007 3314 5062 desiderio
3333 5007 3727 5074 perfruuntur.

2116 5097 2246 5151 Nam
2273 5114 2393 5153 cum
2420 5098 2686 5168 diligimus
2715 5098 3028 5165 Dominum,
3062 5098 3112 5151 in
3146 5099 3260 5167 ipso
3288 5098 3465 5151 omnia
3498 5101 3733 5167 reperi-

2117 5203 2257 5242 mus.
2294 5187 2438 5242 Unus
2466 5198 2548 5242 est
2573 5188 2661 5257 qui
2694 5188 2971 5256 qumritur,
3000 5187 3092 5242 sed
3120 5190 3170 5241 in
3199 5202 3303 5257 quo
3325 5188 3502 5241 omnia
3525 5192 3714 5243 conti-

2117 5280 2390 5333 nentttr.0
2411 5280 2612 5333 lucrum
2645 5279 2909 5346 mirabile,
2933 5295 2964 5334 ο
2985 5282 3358 5349 compendium
3390 5281 3678 5350 singulare
3706 5288 3724 5340 !

2115 5366 2221 5421 Cur
2244 5382 2342 5421 nos
2358 5382 2449 5436 per
2478 5368 2688 5423 diversa
2714 5367 3032 5437 fatigemus?
3063 5371 3141 5424 Ad
3168 5370 3339 5440 ipsum
3364 5386 3489 5441 ergo
3516 5377 3741 5428 unani-

2116 5459 2276 5512 miter
2289 5458 2618 5524 t'eStinemus,
2638 5470 2920 5530 postquem
2936 5473 3119 5515 cuncta
3136 5462 3271 5516 bona
3289 5463 3419 5515 ultra
3438 5477 3540 5515 non
3556 5480 3736 5532 qum-

2115 5550 2311 5612 rimus,
2340 5551 2432 5604 sed
2471 5560 2741 5617 tenemus,
2777 5555 2913 5607 sicut
2942 5555 3230 5623 Apostolus
3277 5555 3403 5609 dicit
3443 5571 3456 5606 :
3489 5555 3740 5615 Scimus

2111 5638 2349 5705 quoniam
2389 5641 2711 5711 diligentibus
2756 5642 2919 5696 Deum
2949 5645 3119 5697 omnia
3154 5656 3490 5710 cooyerantur
3520 5647 3570 5697 in
3603 5646 3741 5702 bo-

2113 5746 2233 5783 num
2263 5730 2436 5802 (llam.
2478 5748 2597 5802 vtu,
2643 5733 2758 5807 28).
2810 5734 2920 5793 llec
2970 5747 3339 5807 argumentum
3381 5738 3570 5794 dicitur
3622 5755 3733 5799 ex
