4030 6172
311 302 419 356 ’ὶῗιῗ

1217 302 1571 358 Ι·;ΧΡΟΞΙΤΙΟ
1611 301 1671 355 IN
1715 298 2166 356 l’SAIJ‘ERIUil.
2211 297 2403 353 PSAL.
2448 297 2686 354 XXXIII.

3499 308 3603 362 9.38

315 419 618 473 contrarii.
643 419 979 473 Contrarium
1018 432 1099 475 est
1132 420 1272 474 enim
1305 437 1449 490 cgere
1481 420 1689 481 divites,
1716 426 1768 471 et
1794 430 1913 485 pau-

2031 413 2235 476 bonum;
2279 412 2448 479 ipsum
2497 419 2580 465 est
2623 411 2886 481 siquidem
2916 413 3057 482 quod
3100 428 3197 468 nos
3226 414 3416 474 liberat
3442 428 3603 490 atque

314 527 477 580 peros
511 512 658 565 nullo
692 512 832 565 bono
871 512 1123 567 deﬁcere.
1166 510 1552 581 Argumentum
1588 520 1671 565 est
1715 522 1915 578 argutas

319 603 521 656 tuentis
569 603 824 656 iudicium
858 601 991 674 [ed.,
1020 602 1301 674 judicium]
1326 648 1338 668 ,
1379 603 1518 671 quod
1554 616 1647 670 per
1693 601 1914 670 indaga-

318 694 497 748 tioaes
525 694 833 762 probabiles
866 694 940 749 rei
970 694 1144 748 duh'te
1174 694 1380 763 perﬁcit
1412 695 1591 747 ﬁdem.

393 785 549 840 Vers.
591 787 676 840 Η.
710 786 916 840 Lauso.
957 785 1163 852 Venite,
1193 787 1320 854 lilii;
1352 787 1523 839 audite
1552 801 1645 849 me,
1682 785 1917 839 timorem

318 873 538 929 Domfni
576 876 769 931 docebo
794 894 897 931 ros.
934 878 1171 932 Peractis
1200 876 1529 932 solemnibus
1570 893 1687 947 qum
1725 877 1788 929 ad
1833 891 1919 929 sa-

316 978 601 1021 cramenta
630 968 883 1022 Ecclesiae
907 969 1262 1038 pertinebant,
1291 983 1431 1023 nunc
1452 969 1597 1021 venit
1617 968 1681 1022 ad
1706 968 1917 1022 tertiam

316 1066 556 1125 partem,
580 1057 669 1112 ubi
699 1057 816 1112 illos
837 1059 1127 1128 alloquitur
1144 1059 1233 1129 qui
1269 1060 1436 1128 prima
1464 1058 1585 1113 ﬁdei
1617 1058 1918 1113 rudimenta

319 1148 648 1217 percipiunt.
676 1148 910 1205 Dicendo
937 1152 1101 1219 enim,
1138 1151 1338 1215 Venite,
1371 1150 1634 1221 signiﬁcat
1660 1167 1753 1206 eos
1783 1152 1919 1205 intra

321 1239 633 1293 Ecclesiam
659 1255 766 1295 non
796 1242 993 1305 fuisse;
1027 1240 1167 1311 quod
1193 1241 1352 1296 etiam
1378 1240 1756 1296 conﬁtentibus
1780 1254 1921 1294 nunc

315 1330 553 1398 dicitur,
584 1330 798 1401 quando
829 1330 896 1386 ad
935 1332 1095 1386 ﬁdem
1127 1332 1346 1387 veniunt
1394 1332 1772 1388 Christianam.
1797 1330 1919 1385 -Vox

319 1433 547 1489 paterna
579 1430 763 1485 sonat,
791 1437 897 1475 vox
924 1422 1137 1492 pietatis
1162 1421 1446 1488 admonet,
1480 1429 1542 1475 ut
1568 1422 1709 1476 ultro
1738 1421 1923 1476 dicen-

320 1524 432 1568 tem
457 1513 762 1579 audiamus,
794 1531 951 1586 quem
975 1523 1237 1571 tacentem
1264 1515 1548 1585 exquirere
1577 1514 1919 1570 deberemus.

318 1605 427 1659 Sed
462 1621 625 1674 quam
654 1606 837 1659 suavis
861 1645 876 1670 ,
921 1621 1078 1673 quam
1136 1605 1279 1659 utilis
1326 1606 1489 1659 timor
1527 1611 1639 1668 est,
1671 1604 1732 1657 ad
1764 1618 1922 1671 quem

323 1700 467 1752 ﬁlius
508 1698 940 1754 invitatur!Cum
971 1697 1129 1765 dicit,
1179 1698 1367 1751 docebo
1409 1714 1522 1760 vos,
1564 1696 1817 1752 admonet
1856 1712 1925 1751 ne

2020 503 2380 558 commendat.
2429 503 2613 558 Sciens
2656 512 2833 559 autem
2885 506 3142 574 propheta
3190 508 3243 562 iu
3290 509 3391 566 hoc
3436 528 3606 583 agone

2019 593 2200 647 sazculi
2233 609 2353 648 cum
2385 610 2609 663 corpore
2641 610 2823 665 pacem
2850 594 3187 653 ﬁdelissimos
3218 616 3324 657 non
3370 604 3601 664 habere.

2019 692 2214 738 etcum
2239 684 2350 738 suis
2381 685 2523 739 vitiis
2546 684 2631 739 hic
2660 685 2766 739 illis
2800 686 3108 742 continuum
3144 704 3265 745 esse
3294 703 3563 751 certamen
3588 739 3602 765 ,

2022 774 2380 843 pulcherrime
2402 775 2552 837 dixit,
2573 776 2769 845 inquire
2790 795 3000 847 pacem;
3024 788 3080 833 ut
3100 785 3342 850 quamvis
3369 801 3485 841 eam
3518 789 3607 846 hic

2022 882 2126 920 non
2159 866 2407 929 habeant,
2440 873 2616 920 tamen
2640 882 2852 936 semper
2879 872 2944 923 ab
2970 870 3047 924 eis
3067 873 3456 933 studiosissime
3485 894 3608 948 per-

2020 957 2281 1025 quiratur.
2328 958 2397 1011 Et
2444 973 2547 1011 non
2578 959 2825 1027 promisit
2862 960 3002 1028 quod
3048 963 3132 1018 hic
3172 968 3337 1032 possit
3367 983 3607 1040 quoquo-

2021 1049 2181 1103 modo
2212 1051 2627 1118 comprehendi,
2662 1052 2756 1106 sed
2792 1053 3020 1122 imperat
3044 1071 3251 1126 sequere
3279 1076 3425 1124 eam,
3455 1066 3609 1131 quasi

2023 1144 2436 1208 prtecedentem.
2483 1142 2615 1195 Nam
2662 1158 2829 1212 quare
2876 1146 3145 1214 sequenda
3192 1158 3307 1215 est,
3341 1152 3442 1207 nisi
3482 1156 3604 1223 quia

2024 1231 2148 1285 hinc
2179 1231 2353 1301 fugit?
2390 1233 2445 1287 lu
2478 1232 2654 1289 futuro
2691 1243 2867 1289 autem
2897 1238 3157 1301 speranda
3199 1248 3320 1307 est,
3350 1246 3601 1312 quoniam

2024 1320 2094 1375 ibi
2128 1330 2379 1390 perpetua
2409 1324 2699 1381 stabilitate
2727 1327 2993 1383 consistit.
3022 1329 3330 1395 Quaeramus
3360 1348 3487 1403 ergo
3515 1350 3607 1392 se-

2025 1412 2136 1468 duli
2159 1453 2173 1478 ,
2204 1428 2493 1485 sequamur
2523 1419 2710 1472 intenti
2745 1436 2759 1473 :
2790 1422 2912 1489 quia
2943 1420 3051 1477 illic
3082 1440 3199 1478 eam
3232 1424 3470 1484 invenire
3498 1445 3608 1487 non

2025 1518 2329 1573 possumus,
2359 1507 2461 1562 nisi
2490 1508 2578 1564 hic
2605 1508 2909 1581 diligentius
2938 1513 3289 1585 inquiramus.
3321 1520 3452 1588 Quae
3482 1530 3609 1579 tunc

2025 1596 2404 1664 comprehendi
2445 1598 2694 1666 dabitur,
2749 1604 2963 1673 quando
3017 1606 3190 1676 ipsum
3245 1614 3609 1682 conspicimus

2026 1699 2178 1753 pacis
2199 1698 2496 1742 auctorem.

321 1803 716 1856 pavescamus,
748 1788 886 1858 quod
913 1789 1215 1843 audivimus
1245 1789 1493 1842 timorem.
1526 1788 1640 1843 Non
1673 1796 1753 1843 est
1778 1788 1919 1842 enim

2103 1774 2252 1829 Vers.
2286 1776 2371 1830 l5.
2408 1778 2529 1833 Am.
2563 1778 2713 1834 Oculi
2743 1780 2951 1837 Domini
2984 1802 3142 1854 super
3158 1793 3356 1860 justas,
3388 1802 3435 1848 et
3462 1812 3611 1851 aures

320 1879 477 1928 timor
506 1878 608 1932 iste
637 1878 725 1946 qui
772 1878 1121 1945 formidetur,
1163 1878 1257 1932 sed
1295 1879 1384 1946 qui
1429 1878 1702 1947 diligatur.
1750 1877 1924 1932 Timor

320 1966 599 2020 humanus
630 1968 1038 2022 amaritudinem
1073 1969 1262 2035 habet,
1294 1970 1395 2023 iste
1430 1969 1801 2035 dulcedinem;
1836 1969 1924 2024 ille

319 2058 388 2110 ad
417 2057 703 2111 servitium
734 2059 872 2129 cogit
893 2098 906 2120 .
937 2059 1038 2113 iste
1068 2058 1133 2112 ad
1163 2058 1463 2113 libertatem
1488 2059 1679 2125 trahit;
1713 2068 1922 2128 postre-

321 2163 413 2201 mo
445 2147 539 2202 ille
573 2150 804 2203 claustra
830 2152 1036 2213 metuit,
1064 2152 1149 2205 h‘:c
1171 2152 1429 2205 caelorum
1460 2167 1621 2219 regna
1648 2152 1918 2221 patefacit.

320 2238 519 2292 Merito
548 2255 677 2308 ergo
701 2241 933 2292 timorem
966 2242 1125 2295 istum
1156 2241 1235 2295 sic
1278 2241 1460 2296 utilem
1504 2241 1779 2312 professus
1808 2251 1918 2311 est,

318 2339 378 2381 ut
409 2331 570 2382 avida
600 2338 780 2384 mente
810 2332 1066 2385 dicatur.

395 2420 553 2473 Vers.
589 2420 678 2473 l2.
714 2422 854 2475 illum.
894 2424 1019 2489 Quis
1044 2432 1116 2476 est
1145 2423 1295 2477 homo
1320 2424 1537 2492 quivult
1569 2426 1743 2489 vitam,
1774 2432 1818 2478 et
1841 2440 1926 2477 cu-

322 2512 400 2580 pit
432 2513 605 2563 cidere
636 2512 744 2564 dies
774 2513 966 2566 bonos?
992 2512 1135 2567 Talis
1166 2513 1512 2583 interrogatio
1546 2517 1812 2585 proposita
1844 2526 1926 2572 est

319 2617 489 2671 quam
523 2604 766 2657 omnium
804 2614 1057 2672 sequatur
1087 2620 1363 2660 assensus.
1392 2606 1521 2674 Quis
1554 2617 1634 2660 est
1662 2608 1804 2662 enim
1833 2609 1922 2677 qui

319 2696 498 2763 possit
521 2694 735 2761 dicere,
769 2705 859 2749 aut
889 2697 1048 2749 vitam
1092 2697 1246 2762 nolo,
1279 2705 1371 2751 aut
1408 2698 1513 2751 dies
1558 2697 1715 2752 bonos
1757 2698 1927 2752 videre

318 2802 428 2838 non
460 2788 615 2853 cupio
639 2791 663 2837 1’
691 2786 795 2841 Sed
829 2788 1030 2841 utinam
1062 2788 1138 2842 sic
1165 2788 1327 2841 vitam
1356 2770 1672 2857 perpetuam
1706 2802 1919 2856 quaere-

322 2894 533 2942 remus,
558 2878 696 2933 sicut
717 2879 769 2932 in
801 2880 899 2932 ista
932 2880 1215 2950 temporali
1247 2879 1408 2937 corda
1428 2878 1726 2948 deﬁgimus.
1752 2876 1927 2931 Bonos

321 2982 509 3024 autem
551 2971 694 3038 dies,
725 2986 829 3024 non
860 2972 996 3027 istos
1027 2972 1156 3025 dicit
1194 2973 1244 3024 in
1291 2971 1484 3041 quibus
1525 2969 1742 3025 caducis
1779 2968 1926 3024 dele-

318 3061 654 3116 ctationibus
684 3077 1030 3131 occupamur,
1068 3062 1159 3117 sed
1196 3062 1316 3115 illos
1345 3060 1434 3131 qui
1466 3076 1591 3115 vere
1619 3061 1735 3115 boni
1764 3070 1920 3127 sunt,

319 3162 380 3207 et
410 3152 462 3205 in
490 3167 695 3206 summa
719 3155 1001 3208 sanctitate
1026 3161 1325 3207 versantur.

403 3244 559 3298 Vers.
596 3245 679 3300 l3.
708 3245 844 3299 Non.
864 3244 1049 3299 Cohibe
1070 3246 1294 3316 linguam
1326 3254 1464 3298 tuam
1491 3259 1523 3296 a
1541 3243 1696 3311 malo,
1720 3250 1768 3296 et
1792 3243 1926 3297 labia

318 3348 410 3390 tua
431 3355 499 3391 ne
522 3341 677 3407 112
700 3336 975 3406 loquantur
996 3338 1192 3391 dolum.
1218 3337 1331 3391 Hoc
1351 3345 1432 3391 est
1459 3336 1597 3390 velle
1619 3336 1800 3391 videre
1813 3335 1927 3390 dies

320 3430 499 3483 bonos
524 3470 537 3492 ,
568 3429 615 3482 si
643 3432 817 3499 lingua
848 3440 1027 3484 nostra
1059 3428 1260 3498 aliquid
1293 3443 1396 3482 non
1448 3428 1697 3498 loquatur
1727 3429 1928 3483 incom-

320 3531 542 3588 petens.
578 3517 778 3572 Malm:
806 3528 885 3574 est
923 3520 1066 3575 enim
1099 3534 1260 3573 omne
1291 3519 1657 3588 prohibitum;
1689 3528 1743 3572 et
1772 3517 1929 3586 quid—

321 3612 451 3679 quid
483 3612 702 3666 veritati
732 3622 1019 3682 repugnat,
1053 3614 1143 3667 tali
1182 3612 1541 3682 appellatione
1585 3611 1925 3667 discernitur.

324 3704 556 3758 Intende
590 3719 719 3757 veru
752 3705 1033 3772 subtilius,
1068 3706 1192 3774 quia
1224 3704 1371 3774 prius
1402 3703 1627 3757 cohiberi
1668 3702 1797 3757 dicit
1830 3704 1929 3756 lin-

322 3811 507 3862 guam,
534 3808 725 3862 quam,
750 3809 869 3847 cum
896 3794 1039 3863 loqui
1061 3795 1327 3860 volumus,
1358 3794 1596 3849 anterius
1626 3808 1930 3849 commove-

323 3899 466 3937 mus.
501 3883 744 3949 Addidit,
781 3882 917 3937 labia
947 3900 1008 3938 ne
1036 3884 1311 3954 loquantur
1340 3884 1514 3938 dolum
1533 3924 1549 3951 ,
1588 3901 1706 3954 qua:
1736 3885 1929 3955 lingua:

323 3982 534 4027 motum
564 3975 807 4041 protinus
836 3984 1255 4044 consequuntur,
1288 3983 1342 4029 et
1368 3976 1518 4045 quasi
1547 3975 1775 4044 quadam
1808 3976 1929 4030 bar-

324 4068 508 4120 mouia
540 4068 743 4122 sociata
764 4069 1041 4123 amborum
1062 4068 1423 4124 modulamine
1452 4071 1717 4124 humanus
1748 4083 1928 4125 sermo

324 4157 626 4227 peragitur.
662 4156 826 4211 Dolus
853 4169 934 4213 est
961 4166 1160 4228 autem,
1191 4160 1405 4230 quando
1432 4158 1668 4214 fallimus
1697 4160 1925 4215 audien-

325 4259 434 4303 tem
457 4290 475 4313 ,
504 4259 565 4301 ut
593 4249 735 4318 quod
766 4250 1005 4306 creditur
1034 4251 1099 4305 ad
1128 4253 1385 4307 auxilium
1411 4293 1426 4318 ,
1458 4252 1656 4308 inferre
1682 4253 1927 4308 videatur

324 4342 755 4397 incommodum.
794 4344 947 4411 Quod
990 4346 1185 4399 merito
1232 4345 1574 4414 prohibetur,
1607 4345 1730 4413 quia
1779 4360 1928 4415 purae

324 4438 677 4493 conscientiae
706 4448 915 4493 constat
943 4454 1158 4506 semper
1182 4440 1488 4495 adversum.

2028 1867 2138 1935 ejus
2167 1866 2218 1918 in
2248 1882 2421 1936 preces
2451 1884 2647 1923 eorum.
2682 1872 2839 1927 Venit
2869 1876 2934 1928 ad
2965 1888 3207 1946 quartam
3248 1892 3483 1951 partem,
3517 1887 3608 1941 ubi

2029 1969 2197 2026 usque
2223 1958 2288 2012 ad
2317 1958 2476 2015 ﬁnem
2516 1962 2713 2031 duplici
2756 1968 3008 2035 pupulum
3052 1971 3430 2036 praedicatione
3478 1990 3610 2030 con-

2028 2046 2206 2101 firmat
2254 2064 2269 2102 :
2315 2051 2475 2105 modo
2526 2051 2791 2122 iustorum
2835 2058 3109 2124 prazmium
3159 2074 3412 2128 narrans,
3447 2066 3610 2121 modo

2027 2135 2308 2225 impiorum
2358 2149 2574 2209 peccata
2627 2143 2929 2215 castigans,
2981 2155 3039 2200 ut
3080 2148 3151 2203 ab
3188 2157 3412 2220 utraque
3458 2162 3611 2223 parte

2028 2232 2385 2287 commonitus
2421 2237 2623 2291 servire
2663 2237 2832 2292 discat
2860 2238 3088 2295 Domino
3125 2245 3349 2313 populus
3380 2249 3612 2311 acquisi-

2030 2333 2132 2378 tus.
2165 2325 2317 2391 Quod
2341 2328 2555 2382 schema
2585 2328 2780 2384 dicitur
2808 2332 3139 2402 paradigma,
3175 2335 3606 2394 efﬁcacissimum

2028 2412 2186 2481 plane
2228 2414 2412 2484 ﬁgura:
2449 2430 2655 2486 genus,
2685 2420 2898 2487 quando
2936 2421 3135 2489 duplici
3166 2426 3389 2480 utilitate
3419 2430 3610 2495 praecl-

2029 2508 2172 2574 pitur
2200 2508 2340 2576 quod
2371 2523 2679 2578 sequamur.
2705 2510 2834 2566 Cum
2864 2514 3008 2569 enim
3038 2514 3186 2582 dicit,
3222 2514 3381 2571 Oculi.
3404 2519 3613 2574 Domini

2029 2611 2183 2663 super
2199 2599 2404 2668 justas.
2436 2600 2741 2655 continuam
2772 2604 2997 2671 gratiam
3027 2606 3326 2663 Divinitatis
3355 2613 3608 2675 ostendit,

2028 2696 2083 2741 ut
2114 2698 2360 2756 aspectus
2389 2688 2676 2746 immobilis
2711 2708 2872 2759 super
2894 2710 2985 2749 eos
3016 2711 3137 2752 este
3167 2699 3429 2757 videatur.
3462 2703 3604 2758 Sub-

2025 2781 2200 2850 jungit
2246 2797 2457 2852 quoque
2507 2785 2865 2841 etatiditionis
2918 2789 3307 2846 velocissimam
3362 2796 3614 2851 celerita-

2032 2880 2135 2925 tem
2161 2913 2173 2935 ,
2199 2871 2413 2941 quando
2454 2889 2606 2927 aures
2645 2875 2852 2929 Domini
2885 2888 3096 2946 paratas
3138 2881 3192 2934 in
3221 2898 3392 2936 rerum
3436 2902 3612 2953 procis

2029 2976 2152 3016 esse
2197 2973 2604 3017 commemorat.
2657 2964 2785 3030 Quae
2824 2966 2967 3022 enim
3019 2968 3125 3022 illis
3155 2970 3217 3022 ad
3259 2970 3607 3028 obtinendum

2030 3051 2123 3106 ﬁat
2148 3067 2317 3115 mora,
2341 3069 2461 3108 cum
2491 3055 2542 3107 in
2569 3054 2698 3123 ipsis
2719 3056 2807 3124 qui
2833 3056 3090 3112 exaudire
3118 3060 3286 3126 pOSSll
3314 3062 3403 3115 inh
3424 3062 3611 3117 ibitat?

2030 3140 2135 3200 Sed
2164 3142 2288 3197 licet
2315 3142 2622 3213 frequenter
2658 3146 2909 3200 exaudiat
2949 3157 3288 3216 peccatores,
3328 3152 3486 3220 juStis
3532 3162 3613 3207 ta»

2033 3250 2155 3289 men
2205 3234 2375 3290 multo
2415 3234 2642 3305 amplius
2688 3237 3031 3304 promittitur,
3084 3242 3298 3309 quando
3344 3242 3395 3295 in
3441 3259 3614 3311 preces

2031 3342 2205 3381 eorum
2235 3337 2447 3395 paratas
2473 3344 2619 3380 aures
2647 3326 2845 3382 habere
2874 3339 3218 3385 monStratur.

2106 3417 2258 3472 Vers.
2294 3416 2381 3474 16.
2415 3417 2546 3472 Pus.
2588 3417 2775 3471 Vultus
2801 3428 2974 3473 autem
3005 3421 3211 3475 Domini
3237 3438 3391 3491 super
3420 3422 3618 3495 facien-

2034 3516 2108 3561 tes
2137 3512 2294 3577 ma'a,
2329 3516 2384 3563 ut
2418 3510 2599 3575 perdat
2627 3510 2691 3563 de
2718 3517 2854 3563 terra
2880 3511 3177 3564 memoriam
3203 3527 3400 3565 eorum.
3430 3512 3614 3581 Expo-

2032 3601 2129 3655 sita
2157 3599 2423 3670 justorum
2455 3600 2646 3671 gratia,
2670 3615 2812 3655 nunc
2840 3600 3169 3657 convertitur
3195 3602 3259 3655 ad
3290 3617 3474 3671 pinnas
3503 3618 3615 3657 ma-

2034 3695 2229 3748 lorum.
2260 3693 2329 3748 Et
2359 3708 2427 3747 ne
2452 3693 2694 3748 dicereut
2724 3694 2977 3763 pessimi,
3013 3693 3186 3760 iustos
3235 3693 3483 3758 attendit,
3516 3710 3614 3750 nos

2030 3798 2207 3843 autem
2238 3801 2344 3843 non
2375 3786 2612 3857 respicit,
2644 3786 2820 3840 securi
2863 3784 2975 3855 jam
3024 3785 3245 3840 facimus
3289 3787 3377 3855 qui
3417 3787 3485 3841 ab
3522 3786 3618 3840 illo

2030 3881 2266 3948 conspici
2297 3894 2404 3933 non
2435 3893 2704 3933 meremur
2733 3894 2747 3932 :
2775 3878 3086 3946 pronuntiat
3126 3877 3322 3931 uultum
3368 3878 3581 3931 Domini
3598 3919 3614 3941 ,

2030 3971 2084 4025 id
2114 3981 2197 4025 est
2225 3970 2552 4025 intellectum
2574 3982 2697 4023 esse
2718 3982 2877 4036 supra
2902 3968 3092 4035 malos,
3117 3983 3250 4037 quos
3282 3967 3361 4021 sic
3388 3967 3617 4023 attendit

2030 4071 2088 4116 ut
2133 4078 2236 4116 non
2267 4061 2538 4131 respiciat,
2575 4060 2653 4114 sic
2698 4074 2806 4112 non
2854 4057 3072 4126 respicit
3110 4067 3168 4112 ut
3207 4069 3383 4112 tamen
3426 4072 3616 4112 eorum

2031 4155 2167 4209 facta
2199 4161 2509 4225 cognoscat.
2540 4151 2847 4208 Timeamus
2876 4164 3004 4219 ergo
3030 4148 3224 4202 malum
3251 4153 3439 4218 facere,
3469 4150 3615 4221 quod

2028 4249 2145 4317 ejus
2166 4245 2445 4301 scientiam
2470 4243 2718 4299 novimus
2739 4254 2844 4295 non
2869 4240 3056 4295 latere.
3092 4238 3158 4293 Et
3184 4238 3463 4293 considera
3492 4239 3616 4309 quia

2027 4350 2080 4394 et
2111 4339 2164 4393 iu
2199 4336 2315 4393 istis
2344 4335 2562 4401 dicitur,
2592 4350 2743 4400 super
2772 4332 3014 4402 facientes
3063 4329 3231 4395 mala,
3261 4337 3317 4383 ut
3352 4328 3463 4384 falli
3511 4345 3619 4384 non

2029 4431 2198 4500 possit
2224 4430 2506 4500 conjuncta
2536 4424 2806 4482 vicinitas.
2843 4423 3081 4494 Intelligo
3109 4435 3237 4478 vero
3266 4420 3409 4491 quod
3444 4429 3620 4476 utros-

398 4530 559 4587 Vers.
594 4532 678 4586 14.
713 4530 954 4586 Snecu.
991 4531 1243 4586 Divertea
1269 4532 1404 4585 man
1424 4540 1473 4585 et
1501 4531 1584 4600 fac
1609 4531 1817 4595 bonum,
1845 4532 1927 4585 in-
1959 4549 2007 4608 υ
2032 4537 2136 4592 que
2186 4521 2361 4588 videt,
2390 4520 2484 4575 sed
2516 4532 2610 4575 eos
2640 4526 2835 4573 eventu
2862 4515 3061 4608 dispari
3093 4520 3378 4569 contuetur
3406 4531 3419 4567 :
3444 4514 3620 4608 justas

325 4625 473 4692 quire
510 4640 689 4693 pacem
717 4634 765 4679 et
792 4642 999 4695 sequere
1040 4641 1174 4679 eam.
1220 4626 1296 4680 Ad
1327 4624 1587 4680 videndos
1615 4624 1730 4679 dies
1760 4625 1930 4680 bonos

331 4728 436 4768 non
492 4714 698 4769 sufficit
732 4722 936 4769 tantum
985 4731 1015 4770 a
1068 4717 1219 4770 malis
1248 4716 1455 4769 actibus
1485 4715 1756 4770 abstinere
1778 4757 1790 4778 ,
1824 4717 1927 4771 nisi

332 4823 428 4861 nos
458 4808 632 4875 pietas
665 4808 947 4877 compellat
982 4816 1037 4861 et
1080 4808 1215 4861 bona
1246 4822 1520 4877 peragere.
1555 4807 1686 4863 Nam
1724 4810 1928 4877 primus

330 4900 544 4952 virtutis
592 4897 789 4966 gradus
829 4908 914 4952 est
941 4898 1113 4952 aliena
1157 4913 1262 4952 non
1300 4912 1573 4967 quaerere,
1604 4898 1698 4952 sed
1733 4900 1921 4952 iterum

333 4990 584 5057 superior
614 4989 897 5057 egentibus
937 4989 1151 5058 pr0pria
1189 5003 1296 5042 non
1341 5003 1553 5057 negare.
1591 4989 1645 5042 lu
1693 4988 1785 5041 illo
1814 4989 1924 5042 cul-

336 5096 453 5145 pain
488 5079 823 5147 refugimus,
857 5079 907 5133 in
942 5080 1043 5133 isto
1072 5080 1298 5148 palmam
1342 5080 1554 5148 pietatis
1578 5080 1920 5147 acquirimus.

335 5171 461 5223 Nam
496 5171 699 5239 pupillo
728 5187 835 5224 non
860 5172 1107 5226 nocuisse
1128 5211 1141 5235 ,
1170 5180 1259 5224 aut
1290 5185 1574 5239 pauperem
1600 5186 1704 5224 non
1734 5185 1925 5239 exspo-

337 5261 515 5322 liasse,
569 5262 889 5316 abstinentia
931 5273 1035 5325 est,
1081 5277 1201 5331 qure
1239 5263 1304 5315 ad
1352 5262 1627 5329 prmmium
1664 5262 1776 5314 sola
1818 5275 1921 5315 non

336 5352 554 5405 sufﬁcit.
588 5352 642 5405 In
676 5352 761 5405 ila
788 5354 985 5421 quippe
1018 5351 1352 5421 judicatione
1384 5354 1481 5406 soli
1518 5351 1735 5406 audient
1766 5367 1779 5404 :
1817 5350 1923 5404 Ve-

337 5446 457 5505 nite,
491 5446 739 5498 benedicti
774 5444 942 5499 l’alris
972 5448 1091 5509 mei,
1125 5447 1363 5515 percipite
1389 5462 1597 5513 regnum
1622 5446 1760 5512 quod
1791 5444 1924 5497 vobis

338 5548 567 5601 paratum
594 5544 670 5587 est
694 5538 755 5587 ab
787 5537 932 5589 initio
962 5538 1139 5589 mundi
1166 5535 1375 5607 (Matth.
1403 5551 1524 5599 xxv,
1552 5535 1667 5604 3i),
1690 5536 1774 5604 qui
1807 5551 1927 5603 gra-

340 5628 464 5677 tiam
518 5627 770 5694 Domini,
829 5628 943 5695 ipso
998 5628 1330 5696 inspirante,
1383 5628 1592 5680 diversa
1646 5626 1927 5695 largitione

338 5720 558 5771 mercati
588 5726 731 5771 sunt.
764 5718 925 5773 Vides
965 5734 1093 5791 ergo
1123 5719 1423 5777 necessario
1452 5719 1725 5787 additum,
1757 5716 1820 5769 Et
1846 5716 1929 5787 {ac

2032 4624 2088 4667 ut
2117 4612 2325 4677 audiat,
2358 4623 2666 4679 peccatores
2695 4618 2750 4661 ut
2781 4607 2981 4677 perdat.
3016 4604 3092 4658 De
3133 4613 3268 4658 terra
3306 4619 3434 4659 vero
3458 4603 3618 4670 dicit,

2029 4704 2083 4758 id
2111 4711 2195 4759 est
2223 4703 2288 4758 de
2318 4701 2492 4756 futura
2525 4698 2691 4769 patria
2718 4738 2733 4763 ,
2764 4712 2921 4767 quam
2964 4695 3061 4750 soli
3090 4696 3199 4750 Deo
3243 4695 3420 4763 placiti
3448 4695 3621 4763 possi-

2027 4796 2249 4849 debunt.
2287 4792 2541 4847 Memoria
2586 4804 2770 4844 eorum
2802 4787 3029 4858 peribit,
3061 4786 3183 4855 quia
3216 4801 3320 4838 non
3370 4786 3473 4839 erit
3520 4786 3621 4838 ini-

2026 4899 2251 4953 quorum
2276 4884 2414 4937 inter
2437 4883 2612 4949 justos
2642 4880 2748 4933 ulla
2766 4877 3228 4933 commemoratio.
3245 4875 3369 4929 Illos
3388 4874 3531 4929 enim
3558 4875 3610 4928 in

2030 4979 2285 5035 memoria
2311 4992 2406 5031 nos
2425 4976 2622 5031 habere
2651 4973 2877 5029 dicimus
2895 5014 2911 5039 ,
2938 4972 3132 5042 quibus
3155 4971 3328 5041 aliqua
3361 4979 3619 5039 praestare

2028 5072 2416 5126 desideramus.
2448 5069 2581 5123 Nam
2612 5067 2702 5137 qui
2739 5067 2807 5122 de
2857 5065 3115 5121 memoria
3149 5064 3356 5119 Domini
3388 5073 3619 5127 exeunt,

2027 5164 2094 5219 ad
2122 5173 2323 5219 aeterna
2372 5160 2629 5230 supplicia
2668 5162 2786 5213 sine
2815 5156 3144 5213 dubitatione
3170 5158 3506 5226 perveniunt.

2104 5255 2255 5310 Vers.
2291 5254 2375 5308 I7.
2409 5252 2576 5306 'Iisoe.
2606 5250 2964 5305 Clantaverunt
2978 5250 3111 5321 justi
3133 5289 3147 5313 ,
3173 5257 3221 5302 et
3250 5246 3503 5300 Dominus
3528 5261 3618 5300 etr-

2031 5346 2223 5399 autlivit
2254 5361 2366 5409 eos,
2409 5353 2454 5397 et
2486 5342 2809 5397 ex'omnibus
2838 5340 3249 5393 tribulationibus
3277 5352 3451 5390 eorum
3481 5334 3612 5389 libe-

2032 5438 2165 5489 rauit
2194 5452 2299 5488 eos.
2327 5435 2522 5487 lterum
2554 5432 2690 5486 redit
2738 5431 2802 5483 ad
2851 5431 3059 5497 justos,
3106 5426 3175 5482 de
3220 5425 3412 5495 quibus
3459 5424 3618 5493 paulo

2037 5530 2193 5582 latius
2219 5527 2378 5590 dicit,
2415 5534 2471 5578 ut
2498 5524 2719 5592 populos
2742 5531 2987 5577 enarrata
3016 5520 3153 5571 dona
3182 5516 3422 5571 reﬁciant
3441 5557 3455 5577 ,
3481 5530 3617 5584 quos

2037 5621 2295 5674 malorum
2323 5632 2478 5685 pretia
2502 5625 2784 5670 terruerat.
2823 5613 3175 5668 Discutiamus
3201 5611 3325 5681 quid
3357 5608 3455 5663 sibi
3490 5609 3621 5663 velit

2041 5713 2143 5768 ista
2166 5708 2450 5767 sententia.
2481 5704 2660 5762 Justos
2692 5706 2936 5759 clamasse
2964 5702 3094 5759 dicit
3119 5702 3185 5758 ad
3223 5702 3523 5767 Dominum,
3564 5707 3621 5754 et
