4030 6172
368 288 493 345 ⁸939

1632 282 1700 335 Μ.
1745 277 2020 335 Αυῐιιῖιιι
2062 277 2460 333 CASSIODORI

3570 277 3675 331 210

390 421 605 477 semper
634 405 910 475 profitetur
939 401 1167 455 auditos.
1211 397 1347 464 Quid
1388 412 1516 466 ergo
1558 395 1625 451 de
1656 395 1977 466 martyribus
2009 396 2055 456 Α
2084 394 2302 447 oderunt
2320 396 2523 465 justum
2562 394 2878 465 delinquant.
2923 395 3139 449 Mortem
3172 405 3493 465 peccatorum
3529 395 3675 449 illam

394 498 643 560 dicimus,
678 510 812 565 quos
834 493 899 548 de
926 491 1202 560 suppliciis
1231 500 1576 561 tyrannorum
1601 488 1825 542 minime
1856 501 1986 540 con-

396 599 502 645 stat
525 606 632 645 esse
659 586 938 642 liberatos?
979 582 1203 636 Liberali
1248 591 1366 636 sunt
1419 581 1578 650 plane
1603 621 1619 645 ,
1668 578 1881 649 quando
1923 577 1989 632 ad

397 681 650 734 cmlorum
682 690 843 746 regna
874 673 1139 743 perducti,
1173 672 1401 725 omnibus
1429 670 1840 725 tribulationibus
1865 685 1989 739 pro-

400 772 591 825 tantur
619 769 784 821 exuti.
813 764 1029 819 Clamor
1062 763 1203 818 enim
1229 762 1498 832 justorum
1551 775 1657 815 non
1713 759 1887 814 solum
1925 760 1990 813 ad

403 856 791 926 temporalem,
844 855 940 909 sed
990 852 1221 908 maxime
1273 851 1339 905 ad
1398 859 1655 905 aeternam
1712 849 1992 904 utilitatem

403 963 614 1017 semper
635 946 869 1001 auditur.

480 1043 629 1096 Vers.
664 1042 749 1094 i8.
780 1038 945 1093 Corn.
973 1033 1135 1091 Juxta
1165 1043 1238 1091 est
1264 1034 1514 1088 Dominus
1537 1032 1615 1087 his
1639 1034 1725 1102 qui
1756 1030 1995 1084 tribulato

406 1145 520 1189 sunt
550 1134 730 1202 corde,
762 1142 810 1186 et
841 1129 1058 1184 humiles
1085 1130 1268 1199 spiritu
1293 1127 1526 1182 salvabit.
1572 1127 1635 1180 Et
1679 1126 1780 1180 iste
1808 1137 1996 1179 versus

411 1225 639 1294 pertinet
661 1223 727 1277 ad
756 1223 892 1277 bona
930 1221 1221 1292 justorum.
1264 1221 1377 1275 Mos
1412 1218 1626 1272 Domini
1665 1225 1721 1271 et
1763 1216 1997 1271 humana

408 1313 738 1372 consuetudo
771 1313 978 1367 diversa
1024 1318 1129 1367 est.
1159 1310 1291 1365 Nam
1334 1310 1423 1380 qui
1462 1308 1574 1362 vult
1603 1306 1885 1362 altioribus
1914 1307 1997 1361 vi-

410 1409 563 1463 cinus
613 1407 724 1461 fieri
766 1405 1016 1475 erigitur;
1062 1402 1295 1457 tenditur
1336 1411 1392 1456 ut
1421 1400 1591 1469 possit
1619 1398 1827 1469 fastigia
1855 1398 1997 1453 celsa

410 1501 742 1569 contingere.
772 1499 1030 1553 Dominus
1058 1495 1203 1552 enim
1234 1494 1530 1550 altissimus
1560 1494 1745 1563 attingi
1773 1508 1878 1548 non
1908 1507 2003 1562 po-

413 1599 536 1657 test,
570 1590 671 1643 nisi
702 1605 796 1659 per
821 1588 1149 1652 bumilitates
1173 1585 1426 1641 videlicet
1453 1585 1767 1652 inclinatas;
1811 1599 1909 1640 nec
1931 1583 2001 1639 ad

392 1679 589 1734 [dulcia
620 1678 736 1749 ejus
765 1678 955 1749 gaudia
988 1678 1091 1732 nisi
1131 1692 1230 1747 per
1264 1690 1476 1731 amaras
1519 1675 1783 1746 lacrymas
1812 1688 2003 1744 perve-

2092 486 2222 541 dicit
2246 502 2363 555 qua:
2404 486 2472 539 ab
2517 485 2733 541 homine
2766 504 2869 540 non
2903 496 3075 556 potest
3116 488 3306 541 intueri
3335 528 3348 551 ,
3378 503 3536 555 quam
3569 503 3673 541 nou

2092 580 2263 634 solum
2308 580 2504 633 malam
2531 621 2545 644 ,
2588 580 2681 634 sed
2723 582 2881 635 etiam
2914 580 3186 652 pessimam
3230 581 3512 650 profitetur
3534 596 3676 635 esse.

2094 675 2298 729 Revera
2331 675 2588 742 pessima,
2618 673 2868 744 quoniam
2898 692 3013 730 eam
3046 687 3243 728 aeterna
3267 688 3423 743 paena
3450 675 3681 728 comita-

2097 773 2201 820 tur.
2226 764 2356 819 Nam
2388 765 2432 818 si
2473 764 2539 818 ad
2582 765 2736 819 istam
2780 776 2989 819 mortem
3036 766 3289 834 reSpicias
3331 779 3451 833 quae
3481 764 3681 818 nostris

2094 856 2263 911 oculis
2294 864 2475 924 patet,
2516 857 2823 927 frequenter
2860 857 3064 911 invenis
3094 858 3306 911 divitem
3347 865 3682 925 peccatorum

2095 947 2371 1016 pomposis
2414 948 2757 1017 apparatibus
2789 948 3042 1003 decenter
3084 948 3284 1006 efferri.
3321 963 3475 1015 quem
3507 948 3583 1002 sic
3610 948 3685 1001 fa-

2097 1041 2240 1094 milia
2268 1040 2490 1109 plangit,
2517 1049 2571 1093 ut
2592 1040 2731 1108 pium
2759 1040 2921 1095 fuisse
2950 1041 3194 1094 humanis
3216 1041 3433 1093 auribus
3460 1038 3685 1093 mentia-

2099 1142 2205 1186 tur.
2249 1132 2422 1185 Amici
2452 1132 2611 1186 etiam
2646 1147 2766 1186 cum
2800 1132 3052 1202 impensis
3088 1132 3334 1202 lacrymis
3366 1146 3690 1201 prosequun-

2101 1234 2217 1291 tur;
2249 1234 2305 1279 ut
2337 1240 2522 1281 revera
2547 1234 2701 1294 putes
2734 1225 2994 1279 bonorum
3022 1225 3250 1293 aliquem
3284 1232 3528 1292 ereptum
3549 1264 3564 1289 ,
3596 1222 3687 1291 qui

2102 1334 2291 1389 magna
2338 1319 2677 1388 cognoscitur
2724 1317 3104 1371 lamentatione
3149 1315 3396 1372 deﬂetus.
3442 1316 3579 1381 Quid
3623 1315 3690 1369 de

2101 1410 2350 1481 pretiosis
2403 1410 2697 1465 referamus
2735 1409 3017 1475 odoribus,
3057 1407 3252 1479 quibus
3297 1415 3351 1463 et
3391 1417 3508 1475 post
3546 1421 3692 1458 mor-

2103 1512 2209 1559 tem
2233 1517 2420 1557 corum
2460 1514 2710 1555 mansura
2742 1515 2965 1568 corpOra
2995 1499 3347 1564 condiuntur,
3377 1496 3518 1568 quod
3544 1506 3692 1548 tanto

2103 1592 2302 1659 Studio,
2334 1600 2480 1648 tanto
2507 1599 2763 1661 apparatu
2795 1593 3094 1661 peragitur,
3127 1600 3183 1644 ut
3212 1590 3265 1644 in
3315 1588 3586 1644 funeribus
3615 1587 3694 1655 ip-

2105 1698 2289 1738 sorum
2356 1683 2700 1753 superstitum
2766 1681 2869 1737 vita
2920 1682 3229 1737 recreetur?
3279 1681 3380 1737 Ubi
3430 1688 3513 1735 est
3564 1694 3693 1747 ergo

414 1769 577 1825 nitur.
599 1770 740 1835 Sive,
762 1778 818 1823 ut
838 1769 927 1824 alii
949 1769 1221 1834 dixerunt,
1240 1768 1417 1839 juxta,
1441 1767 1703 1836 significat
1724 1782 1830 1821 non
1853 1767 1994 1830 loco,

2113 1783 2426 1845 peccatorum
2476 1790 2614 1828 mors
2666 1772 2923 1844 pessima?
2971 1772 3189 1828 Scilicet
3236 1773 3286 1825 in
3334 1771 3569 1835 inferno,
3604 1768 3691 1823 ubi

416 1862 510 1918 sed
540 1862 756 1917 auxilio.
789 1860 1181 1931 lnspiciendum
1209 1868 1293 1916 est
1323 1874 1539 1930 quoque
1558 1858 1701 1929 quod
1730 1858 1888 1921 dicit,
1913 1859 2001 1928 qui

410 1953 660 2009 tribulam
687 1960 805 2007 sunt
845 1951 1019 2007 corde.
1042 1950 1191 2007 Multi
1213 1951 1358 2007 enim
1406 1951 1739 2017 tribulantur,
1775 1948 1870 2005 sed
1895 1966 1999 2005 non

396 2060 483 2100 rex
511 2044 696 2110 corde,
726 2054 784 2098 ut
812 2042 1053 2112 queruli,
1086 2043 1245 2120 fatui,
1278 2043 1366 2113 qui
1398 2050 1616 2112 peccata
1645 2058 1749 2098 non
1781 2042 1998 2109 deﬂent,

415 2135 514 2191 sed
543 2134 809 2189 mundana
836 2148 931 2188 eos
958 2133 1150 2189 damna
1176 2134 1517 2188 contristant.
1553 2132 1632 2187 Illi
1682 2141 1861 2187 autem
1889 2148 2005 2186 cor-

400 2227 484 2282 de
504 2227 833 2293 tribulantur,
858 2225 948 2295 qui
975 2226 1143 2281 aliena
1169 2226 1306 2279 mala
1329 2241 1452 2281 suas
1476 2224 1674 2280 faciunt
1696 2238 1817 2280 esse
1843 2224 2005 2279 mise-

420 2319 561 2383 rias,
605 2318 694 2386 qui
752 2316 1009 2371 mundum
1061 2316 1304 2386 lugentes
1353 2316 1716 2386 generalitatis
1765 2315 2007 2370 cladibus

416 2410 743 2480 afﬂiguntur.
769 2410 917 2479 Ipsos
947 2423 1175 2478 namque
1202 2407 1451 2477 salvabit,
1479 2409 1570 2477 qui
1608 2423 1668 2465 se
1698 2407 2007 2464 humillimis

394 2500 924 2557 iconversationibus
969 2499 1339 2556 subdiderunt.
1380 2501 1443 2555 Et
1475 2499 1694 2557 intendo
1742 2498 1865 2569 quia
1901 2513 2005 2552 non

398 2594 553 2650 dicit
590 2595 766 2651 verbis
794 2592 1033 2662 humiles,
1062 2593 1199 2663 quod
1235 2594 1397 2649 habet
1430 2593 1746 2662 plerumque
1773 2591 2010 2660 nequitia

426 2694 787 2751 peccatorum,
817 2684 911 2739 sed
940 2684 1170 2753 spiritu;
1209 2684 1346 2740 sicut
1384 2683 1438 2738 in
1484 2683 1773 2753 Evangelio
1820 2682 1951 2737 dicit
1993 2698 2007 2736 :

424 2775 572 2831 Beati
619 2793 866 2848 pauperes
908 2777 1121 2847 spiritu,
1149 2777 1389 2846 quoniam
1427 2776 1655 2846 ipsorum
1683 2782 1755 2829 est
1797 2790 2011 2844 regnum

398 2902 402 2910 ι
425 2869 667 2922 caelorum
692 2866 908 2939 (Matth.
935 2883 987 2935 ν,
1019 2870 1100 2933 5).

504 2960 657 3015 Vers.
683 2960 769 3015 19.
800 2958 929 3014 Ras.
964 2959 1145 3015 Multa
1171 2960 1524 3015 tribulationes
1545 2961 1833 3030 justorum,
1862 2967 1907 3014 et
1950 2959 2017 3012 de

411 3051 508 3104 ~his
534 3051 765 3105 omnibus
787 3051 1015 3106 liberavit
1045 3067 1129 3106 eos
1153 3051 1422 3106 Dominus.
1458 3051 1525 3105 Et
1551 3052 1639 3107 hic
1660 3058 1715 3105 et
1736 3052 1871 3106 alter
1896 3065 2015 3107 ver-

2104 1863 2301 1933 recepti
2314 1877 2500 1934 pcenas
2523 1864 3056 1932 patiunturmternas.
3080 1862 3287 1931 Quanta
3310 1861 3450 1915 enim
3473 1874 3693 1930 pompa,

2105 1965 2162 2010 ut
2190 1956 2480 2020 credimus,
2502 1964 2823 2024 purpuratus
2849 1954 2940 2009 ille
2959 1952 3107 2008 dives
3130 1952 3194 2007 ad
3223 1952 3464 2020 sepulcra
3497 1951 3695 2019 perdu-

2104 2054 2223 2102 ctus
2250 2054 2354 2112 est,
2376 2045 2464 2114 qui
2487 2053 2690 2115 guttam
2720 2060 2873 2115 aquae
2898 2044 3102 2113 frigidm
3125 2044 3190 2099 ab
3219 2043 3419 2097 Lazaro
3463 2056 3695 2111 paupere

2104 2136 2394 2208 postulavit
2434 2136 2583 2207 (Luc.
2614 2152 2719 2202 XVI,
2749 2136 2877 2205 ξων
2905 2136 2969 2190 Et
3012 2144 3135 2189 nota
3165 2133 3304 2203 quod
3350 2134 3405 2188 in
3451 2134 3550 2188 isto
3599 2148 3695 2187 no-

2105 2230 2250 2285 mine
2299 2232 2559 2298 asper‘tas
2614 2227 2802 2283 mortis
2853 2226 3021 2296 ipsius
3070 2226 3410 2295 explanatur.
3462 2222 3695 2278 Pessima

2106 2323 2249 2377 enim
2289 2301 2429 2376 dicta
2470 2328 2588 2385 est,
2635 2319 2787 2389 quasi
2845 2318 3206 2388 pessumdata.
3243 2316 3526 2387 Subjunxit
3556 2331 3695 2385 quo-

2108 2425 2256 2480 que:
2303 2408 2371 2464 Et
2418 2410 2507 2479 qui
2554 2409 2766 2462 oderunt
2798 2409 2997 2479 justum
3046 2407 3368 2476 delinquant,
3406 2407 3454 2458 id
3495 2407 3696 2474 estqui

2110 2500 2394 2555 Dominum
2424 2499 2755 2554 Salvatorem
2796 2498 3029 2552 nefando
3060 2498 3184 2553 odio
3214 2498 3475 2552 habentes
3496 2537 3511 2560 ,
3544 2511 3695 2549 tuan-

2112 2589 2234 2644 data
2262 2589 2427 2658 ipsius
2450 2588 2724 2667 suscipere
2751 2588 3061 2652 noluerunt;
3088 2602 3208 2641 nam
3236 2597 3289 2641 et
3314 2587 3535 2641 istorum
3563 2602 3697 2639 mors

2112 2681 2333 2751 pessima
2383 2688 2502 2745 est,
2558 2678 2695 2734 sicut
2737 2687 2789 2732 ct
2833 2680 3044 2733 illorum
3092 2679 3158 2733 de
3200 2678 3393 2749 quibus
3445 2678 3694 2749 superius

2112 2771 2268 2827 dixit.

2186 2862 2337 2919 Vers.
2365 2861 2453 2914 2‘2.
2487 2859 2624 2917 Tw.
2657 2858 2890 2916 Redimet
2931 2858 3181 2915 Dominus
3213 2861 3412 2914 animas
3439 2874 3697 2913 servorum

2114 2970 2350 3017 suorum,
2380 2964 2425 3008 et
2456 2969 2557 3008 non
2586 2954 2899 3023 derelinquet
2939 2968 3109 3007 omnes
3136 2953 3222 3023 qui
3250 2961 3455 3022 sperant
3482 2952 3533 3004 in
3561 2967 3696 3004 eum.

2116 3046 2286 3114 Quam
2312 3045 2449 3101 bene
2479 3046 2529 3100 iu
2567 3060 2661 3115 spe
2692 3046 2950 3099 honorum
2984 3046 3218 3114 psalmus
3248 3045 3347 3099 iste
3379 3044 3556 3097 finitus
3583 3052 3695 3108 est,

426 3158 520 3197 sus
543 3143 716 3198 adhuc
732 3145 997 3213 justorum
1017 3145 1157 3199 bona
1177 3152 1617 3199 commemorat.
1643 3143 1837 3212 Aptum
1868 3143 2009 3198 enim
2040 3143 2086 3207 C
2118 3149 2172 3190 ut
2202 3138 2464 3191 malorum
2497 3135 2714 3204 collegia
2755 3136 3066 3192 deserentes
3086 3180 3101 3205 ,
3134 3135 3198 3190 ad
3230 3135 3364 3190 bona
3414 3137 3589 3205 potius
3618 3135 3699 3189 fu-

431 3234 528 3288 fuit
556 3235 672 3303 plus
696 3235 763 3288 de
791 3235 891 3289 ista
921 3243 1069 3304 parte
1101 3234 1269 3304 loqui,
1298 3250 1363 3289 ne
1388 3233 1589 3302 fragilia
1621 3235 1785 3289 corda
1817 3244 2015 3289 morta-

433 3324 560 3379 lium
603 3324 794 3380 itcrato
821 3326 1017 3394 stepius
1041 3326 1232 3380 timore
1254 3325 1685 3381 succumberent.
1718 3324 1901 3380 Multae
1928 3341 2018 3382 re-

433 3429 556 3470 vera
586 3415 934 3469 tribulationes
962 3425 1088 3471 sunt
1108 3417 1392 3486 justorum,
1425 3416 1549 3485 quia
1578 3430 1672 3471 eos
1695 3425 1749 3471 et
1775 3418 2016 3472 diabolus

404 3504 659 3560 ‘validius
712 3507 1030 3575 insequitur,
1075 3515 1130 3561 et
1168 3506 1412 3562 homines
1469 3522 1564 3576 per
1604 3506 1859 3564 invidiam
1912 3508 2017 3564 fre-

402 3635 404 3637 »
433 3611 657 3667 quenter
678 3599 936 3668 afﬂigunt.
972 3599 1173 3654 Deinde
1207 3599 1400 3667 impius
1444 3599 1685 3655 tribulari
1725 3606 1933 3668 potest,
1968 3600 2011 3654 si

404 3712 411 3722 -
435 3690 560 3759 quid
587 3689 868 3745 adversum
893 3691 1038 3745 solus
1060 3692 1172 3759 'pse
1195 3692 1427 3760 patiatur
1446 3708 1460 3756 ;
1478 3691 1651 3761 jusms
1671 3705 1800 3747 vero
1819 3699 1873 3746 et
1894 3706 2018 3761 pro-

437 3783 567 3849 priis
594 3782 928 3851 passionibus
953 3782 1235 3852 afﬂigitur,
1266 3791 1320 3837 et
1353 3782 1471 3840 aliis
1508 3783 1772 3839 charitate
1800 3797 2017 3851 compa-

435 3873 585 3927 titur.
618 3872 725 3929 Sed
755 3889 875 3927 cum
904 3873 1276 3944 subiungitur,
1308 3883 1354 3928 et
1390 3874 1455 3928 de
1482 3874 1713 3928 omnibus
1748 3875 1827 3928 his
1863 3874 2017 3945 113

418 3965 663 4019 liberauit
689 3983 776 4020 eos
810 3966 1078 4033 Dominus,
1114 3968 1347 4036 potentia
1379 3967 1648 4023 Creatoris
1676 3968 1973 4022 ostenditur
2001 3986 2014 4022 :

434 4056 554 4123 quia
597 4055 961 4111 liberationem
1011 4057 1127 4126 ejus
1168 4057 1567 4112 tribulationum
1611 4056 1869 4125 impedire
1911 4072 2018 4110 non

437 4153 611 4212 potest
629 4146 927 4202 multitudo.
954 4146 1107 4203 Unde
1131 4148 1396 4216 colligitur
1425 4162 1637 4205 omnem
1657 4147 1861 4217 justum
1885 4147 2020 4201 mul-

437 4238 505 4295 tis
542 4237 762 4305 quidem
805 4238 1233 4295 tribulationibus
1274 4241 1517 4306 onerari,
1554 4239 1647 4295 sed
1678 4240 1745 4296 de
1771 4239 2017 4295 omnibus

435 4326 797 4382 indubitanter
820 4329 967 4383 absul
978 4330 1049 4383 vi.

511 4415 661 4469 Vers.
692 4416 784 4469 20.
825 4417 1081 4473 Dominus
1126 4421 1345 4475 custodit
1392 4421 1563 4489 omnia
1611 4437 1727 4475 ossa
1777 4437 1952 4475 eorum
1998 4435 2016 4472 :

2119 3238 2234 3286 tura
2266 3228 2581 3284 tendamus!
2616 3226 2658 3280 Il
2692 3228 2843 3280 dimet
2880 3226 3148 3291 Dominus,
3198 3227 3402 3280 scilicet
3444 3226 3699 3295 sanguine

2116 3317 2357 3389 pretioso
2401 3333 2414 3369 :
2460 3316 2713 3386 quoniam
2763 3317 2852 3386 qui
2902 3318 2951 3369 in
2998 3316 3111 3383 ip:o
3148 3323 3292 3369 recte
3333 3314 3640 3380 crediderit,
3669 3329 3699 3368 a

2116 3417 2459 3482 peccatorum
2482 3408 2658 3463 debita
2691 3409 2997 3476 captivitate
3026 3408 3332 3462 redimetur.
3361 3409 3566 3461 Animas
3590 3407 3698 3463 fre-

2117 3511 2343 3575 quenter
2389 3500 2663 3570 Scriptura
2715 3500 2862 3569 ponit
2914 3514 3012 3569 pro
3061 3500 3403 3565 hominibus,
3456 3499 3593 3553 sicut
3645 3500 3698 3553 in

2122 3595 2311 3652 Exodo
2337 3595 2590 3662 scr?ptum
2618 3601 2701 3647 est
2733 3611 2745 3645 :
2778 3593 3175 3647 Descenderunt
3205 3592 3255 3647 in
3278 3591 3564 3663 AEgyptum
3588 3592 3703 3646 ani-

2120 3704 2220 3741 mae
2258 3690 2592 3758 septuaginta
2622 3687 2855 3756 quinque
2884 3685 3078 3757 (Exod.
3123 3701 3162 3751 ι,
3204 3685 3283 3754 5).
3315 3687 3356 3739 Δ
3385 3693 3531 3753 parte
3558 3686 3699 3739 enim

2119 3781 2343 3836 meliore
2382 3780 2517 3835 liene
2549 3786 2691 3832 totus
2730 3777 2890 3832 homo
2919 3777 3226 3847 suscipitur.
3268 3777 3371 3831 Sed
3416 3777 3533 3830 vide
3577 3776 3700 3846 quia

2119 3890 2377 3928 seruorum
2397 3888 2609 3927 suorum
2633 3871 2780 3936 dicit,
2800 3885 2903 3924 non
2932 3870 3111 3938 iniqua
3134 3871 3374 3924 libertate
3390 3869 3698 3923 viventium.

2120 3966 2336 4021 Addidit
2365 3979 2574 4035 quoque
2595 4006 2607 4030 ,
2632 3973 2681 4017 et
2710 3980 2808 4016 non
2838 3963 3182 4033 derelinquat,
3214 3962 3417 4017 scilicet
3448 3972 3699 4031 tanquam

2121 4056 2309 4111 Pastor
2338 4056 2509 4111 bonus
2534 4094 2549 4118 .
2581 4054 2669 4125 qui
2701 4069 2827 4109 0\‘CS
2857 4067 2980 4108 suas
3007 4053 3193 4107 sedula
3225 4054 3420 4122 pietate
3447 4052 3699 4108 custodit.

2119 4146 2222 4201 Sed
2266 4145 2554 4215 geminavit
2595 4144 2963 4214 promissionis
3003 4144 3223 4198 omnino
3269 4143 3553 4197 cautelam.
3586 4142 3701 4197 Non

2121 4236 2260 4293 enim
2289 4236 2421 4292 dicit
2446 4236 2645 4290 nullum
2676 4235 3007 4304 derelinqui,
3040 4235 3133 4289 sed
3174 4249 3345 4288 omnes
3377 4234 3461 4302 qui
3496 4242 3705 4301 sperant

2119 4331 2171 4383 in
2194 4344 2327 4383 eum.
2355 4328 2486 4382 Nam
2513 4326 2848 4396 derelinqnet
2876 4327 2996 4380 illos
3032 4326 3117 4394 qui
3150 4342 3300 4392 spem
3343 4340 3491 4378 suam
3533 4335 3621 4378 aut
3650 4326 3702 4379 in

2122 4418 2350 4488 propriis
2364 4417 2692 4481 viribus,aut
2714 4419 2766 4469 in
2789 4416 3011 4485 alicujus
3035 4414 3263 4469 hominis
3290 4417 3705 4485 praesumptione

437 4521 596 4559 unum
623 4522 686 4560 ex
710 4506 789 4560 his
814 4524 916 4561 non
943 4518 1246 4564 conteretur.
1274 4510 1404 4564 Ossa
1430 4512 1560 4565 dixit
1590 4512 1824 4566 fidelium
1854 4512 2015 4564 firmi-
2048 4510 2091 4565 D
2121 4509 2416 4577 posuerint.

439 4604 624 4663 tatem,
657 4597 706 4652 id
736 4607 817 4653 est
842 4600 1172 4667 patientiam,
1202 4602 1659 4657 n-ansuetudinem
1708 4611 1763 4656 et
1792 4613 2013 4656 catteras

440 4684 660 4740 virtutes
684 4726 699 4751 ,
739 4702 858 4757 qua:
888 4686 1061 4756 perire
1088 4689 1139 4744 in
1176 4690 1374 4748 sanctis
1414 4700 1721 4760 nequeunt,
1753 4692 1875 4760 quia
1907 4691 2012 4747 Do-

441 4778 584 4832 mino
608 4780 829 4836 custode
850 4790 1148 4836 servantur.
1179 4782 1296 4852 Ipsa
1326 4794 1448 4839 sunt
1475 4784 1617 4839 enim
1646 4798 1763 4853 qua:
1790 4783 2015 4838 commi-

434 4868 531 4921 nui
560 4883 667 4923 non
698 4880 949 4938 possunt,
980 4872 1222 4941 quamvis
1249 4888 1504 4943 corporea
1538 4889 1651 4928 ossa
1683 4874 2013 4944 frangantur.

438 4956 570 5011 Nam
598 4959 641 5012 si
681 4958 747 5012 ad
779 4959 1007 5016 litteram
1037 4963 1377 5028 consideres,
1410 4979 1516 5018 non
1548 4964 1763 5019 minima
1793 4966 2018 5033 quaestio

438 5048 651 5103 videtur
677 5051 878 5105 oboriri
910 5069 923 5105 :
954 5054 1223 5121 quomodo
1251 5054 1474 5108 latronis
1502 5055 1644 5109 illius
1673 5071 1789 5109 ossa
1811 5055 1895 5108 cui
1924 5055 2019 5106 Do-

438 5140 615 5195 minus
637 5139 846 5196 dixerat
876 5159 890 5196 :
930 5141 1100 5197 Hod‘e
1130 5161 1324 5198 mecum
1358 5146 1458 5199 eris
1492 5146 1544 5199 in
1585 5145 1825 5214 paradiso
1863 5143 2011 5215 (Luc.

439 5248 592 5299 χχιιι.
613 5233 729 5304 45),
760 5250 865 5289 non
895 5247 1019 5291 sunt
1048 5238 1299 5306 contrita,
1331 5254 1451 5308 qua:
1480 5254 1508 5293 a
1540 5239 1795 5294 militibus
1826 5240 2016 5310 lrgun-

442 5332 525 5377 tur
547 5339 666 5380 esse
691 5325 995 5392 confracta:
1023 5336 1077 5384 et
1108 5330 1395 5384 multorum
1426 5340 1718 5400 martyrum
1751 5330 2014 5399 corporali

439 5412 745 5470 conditione
766 5418 968 5485 reperis
982 5432 1102 5473 esse
1121 5418 1350 5472 violata?
1368 5419 1471 5474 Sed
1499 5420 1597 5473 hoc
1620 5433 1779 5474 omne
1806 5435 2014 5473 nrevum

439 5500 721 5559 dubietatis
759 5508 1026 5575 excludit,
1057 5510 1102 5564 si
1150 5524 1263 5563 ossa
1312 5511 1559 5563 virtutem
1590 5510 1712 5565 fidei
1759 5518 1814 5564 et
1855 5510 2018 5564 robur

442 5593 631 5649 animai
652 5598 963 5655 sentiamus.

518 5684 671 5741 Vers.
710 5687 799 5743 21.
843 5691 954 5749 Sta.
1003 5691 1146 5747 Mors
1185 5703 1505 5761 peccatorum
1544 5693 1792 5762 pessima;
1830 5701 1877 5748 et
1929 5693 2015 5761 qui

2661 4598 2935 4654 Conclusio
2964 4598 3166 4667 psalmi.

2195 4692 2409 4745 Peracta
2433 4697 2557 4745 sunt
2579 4689 2764 4759 psalmi
2789 4690 2943 4758 hujus
2966 4698 3300 4745 sacrosancta
3325 4689 3705 4760 mysteria,ubi

2121 4786 2201 4840 sic
2229 4785 2511 4839 missarum
2547 4782 2678 4836 ordo
2728 4782 3019 4847 completus
3051 4791 3164 4848 est,
3206 4792 3263 4837 ut
3302 4797 3422 4837 eum
3464 4784 3707 4837 conscri-

2125 4886 2268 4945 ptum
2296 4885 2444 4943 putes
2465 4874 2794 4942 temporibus
2816 4873 3151 4927 Christianis.
3176 4873 3271 4927 llic
3298 4874 3437 4927 enim
3468 4882 3520 4928 et
3548 4873 3707 4942 hym-

2122 4980 2309 5018 norum
2337 4963 2470 5017 ordo
2501 4962 2759 5017 decursus
2785 4974 2896 5023 est;
2933 4963 3017 5015 hic
3057 4962 3120 5016 ad
3152 4962 3578 5016 communionem
3609 4962 3707 5016 de»

2122 5065 2278 5109 votus
2322 5055 2547 5123 populus
2593 5055 2807 5122 jubetur
2853 5054 3137 5118 accedere;
3172 5054 3257 5108 hic
3294 5054 3583 5109 invitantur
3611 5070 3705 5108 ve-

2122 5149 2238 5203 nire
2276 5148 2365 5216 qui
2413 5148 2578 5213 prima
2622 5145 2741 5200 fidei
2790 5146 3088 5200 rudimenta
3121 5146 3447 5214 su~cipiunt,
3481 5157 3535 5197 ut
3566 5147 3704 5201 nihil

2123 5248 2281 5294 tante
2315 5241 2393 5294 rei
2429 5239 2617 5294 deesse
2647 5239 2877 5303 sentias,
2907 5253 3027 5293 cum
3057 5248 3233 5292 tamen
3274 5238 3475 5291 nullum
3511 5237 3702 5291 horum

2122 5338 2248 5383 tunc
2276 5331 2582 5397 provenisse
2626 5344 2937 5398 cognoscas.
2969 5329 3065 5383 llic
3104 5329 3266 5383 etiam
3310 5345 3473 5399 genus
3515 5328 3701 5383 huma-

2125 5437 2272 5488 num,
2304 5431 2355 5475 et
2395 5421 2654 5489 justorum
2699 5420 2852 5474 bonis
2900 5420 3174 5485 invitatur,
3220 5430 3273 5475 et
3319 5420 3576 5474 malorum
3622 5422 3701 5475 nl-

2125 5513 2267 5564 tione
2308 5520 2553 5564 terretur.
2587 5509 2697 5565 lloc
2740 5519 2821 5563 est
2860 5510 2998 5579 quod
3047 5511 3227 5564 titulus
3267 5511 3356 5564 ille
3389 5511 3699 5578 prmcinuit.

2125 5604 2326 5672 quando
2358 5600 2520 5653 David
2550 5611 2667 5653 ante
2719 5602 3002 5654 Abiutelcch
3061 5605 3257 5655 vultum
3288 5602 3531 5662 mutavit;
3565 5610 3620 5652 ut
3649 5611 3700 5653 et

2127 5708 2224 5749 nos
2251 5703 2484 5748 nostram
2509 5692 2829 5761 voluptatem
2854 5694 3053 5750 utiliter
3079 5703 3488 5757 commutantes,
3524 5693 3587 5747 ad
3621 5702 3701 5744 tu-
