4030 6172
293 390 396 443 2H

1164 389 1523 445 EXPOSITIO
1561 387 1626 444 ΙΝ
1667 385 2132 443 PSALTERIUM.
2177 386 2368 442 PSAL.
2416 385 2654 441 XXXIV.
3473 394 3576 446 ‘24::

297 506 564 558 tissimam
613 504 822 561 Domini
873 503 1170 568 Ecclesium
1229 502 1546 556 catholicam
1601 499 1892 570 confugere
1921 504 1965 558 Α
1997 512 2104 552 non
2143 497 2415 552 desinunt.
2452 495 2731 566 Expugnat
2769 503 2944 550 auten-1
2989 497 3278 566 Dominus,
3311 500 3400 570 qui
3431 503 3576 557 Stilus

294 598 613 650 debeamus.
662 597 758 651 Est
801 596 962 652 etiam
1011 596 1245 650 calculus
1291 596 1432 660 iste,
1481 610 1582 664 qua
1637 593 1892 647 Dominus

295 699 455 742 male
481 703 673 756 passus
701 699 784 743 est
805 728 819 753 ,
865 689 917 742 in
948 702 1049 758 qua
1079 697 1135 744 et
1169 703 1266 743 nos
1295 686 1526 742 lectione
1563 685 1778 739 Patrum
1811 698 1893 737 re-

295 795 522 848 surgere
565 779 858 834 credimur.
901 778 978 833 De
1020 794 1121 848 qua
1164 788 1314 848 pater
1347 777 1674 848 Augustinus
1705 776 1755 830 in
1789 774 1896 830 En-

294 871 563 925 chiridion
595 872 729 925 libro
756 887 854 927 suo
884 870 1034 942 (Cap.
1063 871 1133 925 84
1165 879 1214 924 et
1243 870 1374 942 seq.)
1409 869 1807 939 multipliciter,
1839 876 1896 922 ut

295 963 460 1026 solet,
513 964 902 1033 diligenterque
952 963 1235 1028 tractavit;
1279 971 1337 1015 ut
1373 957 1504 1015 nulli
1559 961 1628 1014 sit
1672 960 1891 1014 dubium

296 1055 568 1122 psalmum
614 1056 776 1108 tantis
826 1053 1108 1107 virtutibus
1154 1062 1564 1116 consecratum,
1625 1049 1898 1104 memoria:

295 1156 500 1198 nostra:
547 1145 775 1198 sacculis
807 1146 955 1199 velut
987 1145 1294 1200 thesaurum
1325 1145 1596 1201 t-(elestcm
1636 1142 1899 1210 frequenti

295 1233 656 1288 meditatione
684 1234 1051 1290 condendam.

543 1371 902 1428 EXPOSlTlO
937 1373 1006 1428 1N
1043 1372 1366 1429 PSALMUM
1409 1371 1653 1426 XXXIV.

938 1464 1054 1537 Ipsi
1080 1465 1270 1519 David.
1359 1497 1361 1500 -

372 1577 494 1634 Non
544 1589 730 1649 gravat
780 1577 1013 1633 breviter
1054 1577 1322 1632 interdum
1354 1577 1494 1654 dicta
1535 1587 1812 1645 repetere,
1845 1584 1899 1628 ul

301 1671 538 1739 legentis
563 1670 772 1724 animus
803 1669 869 1722 ad
903 1668 1176 1722 memoria:
1212 1667 1512 1722 necessaria
1537 1664 1707 1719 studia
1743 1680 1898 1720 revo-

299 1774 476 1817 cetur.
535 1760 701 1815 David
732 1803 746 1828 ,
795 1763 933 1815 sicut
980 1760 1251 1826 diximus,
1298 1759 1430 1812 duas
1480 1756 1902 1825 significationes

1995 588 2249 658 praevalet
2273 587 2494 656 implere
2517 601 2634 655 qua:
2653 584 2786 650 vult,
2811 584 2963 655 cujus
2983 596 3252 642 certamen
3278 588 3578 659 triumphus

1994 691 2099 747 est,
2131 693 2183 735 et
2207 683 2381 735 omnis
2400 693 2571 749 pugna
2600 677 2843 732 victoria.

2067 771 2223 827 Vers.
2249 771 2304 824 2.
2337 769 2671 841 Appre/tende
2697 784 2843 820 arma
2873 778 2920 821 et
2952 779 3179 835 scutum,
3213 780 3259 824 et
3283 788 3495 844 exsurge
3524 775 3576 826 in
3602 809 3604 812 τ

1998 865 2313 935 adjutorium
2355 859 2500 915 mihi.
2526 861 2680 913 Arma
2719 860 2784 912 ab
2822 860 3054 914 arcendo
3077 861 3217 915 dicta
3242 871 3365 916 sunt
3387 904 3405 929 ,
3436 864 3578 933 quod

2000 973 2096 1028 per
2125 972 2186 1011 ea
2223 955 2406 1009 hostes
2446 953 2859 1016 violentissirnos
2898 967 3192 1006 arceamus.
3231 953 3293 1007 Et
3327 955 3449 1008 ideo
3479 955 3581 1010 hoc

2004 1049 2232 1102 humana
2259 1043 2651 1099 consuetu’dine
2679 1043 2750 1096 dit
2769 1043 2893 1106 itur,
2918 1058 3036 1112 qua:
3065 1052 3232 1097 armat
3258 1061 3491 1110 manmn,
3525 1058 3581 1102 nt

2002 1138 2269 1206 opprimat
2315 1134 2607 1188 inimicum.
2657 1131 2920 1186 Ciceroni
2963 1150 3106 1186 arma
3137 1145 3184 1187 et
3224 1144 3422 1189 scutum
3466 1137 3597 1192 Sola.

2004 1230 2248 1285 voluntas
2275 1240 2358 1282 est
2385 1226 2591 1280 Domini
2614 1267 2628 1290 ,
2651 1241 2750 1295 qua
2793 1227 3025 1296 protegit
3063 1227 3446 1293 periclitantem
3472 1270 3487 1294 ,
3530 1239 3583 1285 et

2005 1330 2273 1392 expugnat
2308 1323 2616 1374 adversum.
2651 1319 2798 1372 lianc
2825 1319 2966 1372 enim
2995 1319 3342 1388 tropologiam
3372 1321 3497 1376 dicit
3529 1333 3584 1377 et

2003 1415 2290 1484 Apostolus
2317 1429 2329 1466 :
2355 1411 2572 1466 Scutum
2594 1411 2734 1479 ﬁdei,
2763 1419 2808 1464 et
2835 1410 3032 1480 galeam
3052 1410 3253 1476 salutis,
3280 1419 3325 1464 et
3353 1409 3582 1482 gladium

2003 1507 2212 1577 spiritus
2261 1501 2481 1575 (Ep/tes.
2523 1500 2725 1566 vr,16,
2770 1499 2879 1570 17).
2931 1500 3145 1556 Scutum
3197 1500 3341 1555 enim
3387 1502 3584 1557 dicuttn

2005 1605 2090 1649 est
2115 1593 2264 1662 quasi
2297 1593 2585 1661 scolptum,
2613 1591 2755 1660 quod
2800 1591 2854 1646 in
2899 1591 3016 1660 ipso
3059 1592 3259 1660 antiqui
3309 1609 3403 1647 sua
3446 1593 3583 1649 facta

2005 1687 2303 1758 signabant.
2335 1683 2464 1739 Nam
2515 1683 2657 1753 quod
2698 1682 2852 1750 dicit,
2893 1683 3247 1753 apprehende,
3288 1685 3521 1754 nunquid
3551 1700 3582 1740 a

2010 1781 2116 1836 Deo
2146 1780 2372 1834 sumitur
2405 1777 2470 1831 ad
2502 1786 2713 1846 tempus
2746 1775 3024 1845 peregrina
3052 1776 3327 1832 defensio?
3361 1777 3586 1845 Semper

300 1853 686 1922 amplectitur,
739 1868 898 1906 manu
942 1853 1134 1915 fortis,
1189 1860 1245 1907 et
1289 1850 1697 1913 desiderabilis,
1755 1849 1895 1917 quod

2014 1871 2080 1930 illi
2112 1879 2326 1939 paratus
2348 1878 2431 1924 est
2458 1869 2634 1922 exitus
2660 1881 2871 1933 rerum.
2905 1867 2990 1932 ίςιιῖ
3038 1865 3286 1934 ιπυιιτιιυτ
3335 1868 3584 1937 ⁴’¹“¹¹ίῖ’θ’

301 1956 595 2012 utrumque
637 1944 858 1998 Domino
903 1943 1166 1998 Salvatmi
1211 1952 1412 1996 certum
1463 1951 1544 1996 est
1587 1941 1891 1994 convenire.

299 2036 462 2090 Hann
521 2035 672 2089 fortis
718 2043 832 2099 est,
892 2032 1016 2104 quia
1057 2033 1244 2086 mortis
1294 2041 1490 2086 nostra:
1536 2031 1893 2101 captivitatem

299 2141 424 2180 cum
455 2125 621 2194 impio
650 2133 867 2179 auctore
893 2126 1212 2191 prostravit;
1245 2123 1610 2178 desiderabilis
1637 2132 1739 2185 est,
1763 2137 1896 2192 quo-

300 2217 449 2270 niam
478 2216 742 2270 adventus
772 2217 888 2281 ejus
918 2215 1073 2269 nobis
1103 2214 1241 2269 bona
1271 2213 1558 2269 ineffabilia
1591 2215 1891 2282 pollicetur.

299 2307 568 2362 Cantator
609 2321 738 2376 ergo
765 2308 1000 2377 psalmus
1028 2306 1126 2362 iste
1157 2321 1184 2360 a
1218 2321 1444 2376 persona
1479 2307 1682 2360 Domini
1711 2305 1897 2361 Salva-

300 2401 458 2467 loris,
489 2399 582 2468 qui
614 2413 673 2454 se
702 2401 833 2468 petit
863 2399 930 2453 ab
973 2399 1308 2455 inimicorum
1353 2401 1721 2470 persecutione
1766 2400 1898 2456 libe-

299 2493 432 2546 rari.
462 2489 582 2559 Ipsi
622 2491 764 2546 enim
807 2491 893 2546 ubi
929 2502 1384 2546 commemoratur
1430 2492 1482 2545 in
1541 2491 1712 2558 titulo,
1745 2489 1897 2546 Chri-

298 2593 445 2636 Stum
478 2591 789 2636 commonet
812 2582 1064 2652 intelligi,
1094 2583 1181 2653 qui
1211 2598 1447 2653 congrue
1477 2583 1640 2636 David
1669 2583 1895 2652 dieitttr,

299 2673 558 2739 quoniam
595 2672 732 2728 bene
762 2673 884 2728 huic
926 2682 1032 2728 tota
1065 2672 1326 2742 expositio
1363 2673 1519 2728 istius
1547 2674 1776 2729 nominis
1805 2690 1900 2744 ap-

301 2765 558 2833 plicatur.
1462 2779 1466 2784 ·

880 2833 1076 2888 Divisio
1107 2835 1312 2902 psalmi.

377 2944 485 3001 Per
540 2954 713 3000 totum
767 2946 909 3000 hunc
970 2946 1224 3017 hymnum
1279 2949 1441 3002 verba
1495 2957 1621 3002 sunt
1691 2949 1901 3004 Domini

303 3035 507 3089 Christi
531 3050 561 3088 a
588 3034 986 3105 dispensatione
1002 3053 1102 3106 qua
1133 3051 1320 3105 passus
1341 3048 1441 3092 est.
1460 3037 1637 3092 Primo
1659 3042 1900 3095 membro

306 3129 506 3196 psalmi
543 3128 980 3198 persecutoribus
1023 3130 1424 3185 retributionem
1453 3130 1683 3200 postulat
1708 3132 1902 3188 debere

305 3213 526 3268 restitui
561 3231 575 3266 :
608 3223 800 3282 optans
828 3214 929 3268 illis
959 3215 1254 3284 cootraria,
1289 3231 1409 3286 qua:
1451 3225 1627 3272 tamen
1671 3219 1735 3273 ad
1766 3234 1896 3274 con-
1927 3227 1972 3290 ρ

302 3308 620 3360 versionem
667 3321 854 3360 eorum
901 3310 1010 3362 s'nt
1058 3308 1404 3362 nihilominus
1452 3309 1748 3378 profutura.
1804 3312 1902 3368 Se-

303 3399 490 3453 cundo
536 3401 606 3453 de
652 3401 1046 3455 resurrectione
1088 3415 1182 3455 sua
1229 3401 1427 3470 gaudet
1466 3412 1566 3460 :et
1597 3403 1900 3460 Iudaeorum

307 3490 630 3560 iniquitates
655 3491 984 3560 exprobrans
1007 3531 1022 3556 ,
1053 3501 1228 3546 actum
1262 3494 1490 3562 propria:
1519 3496 1784 3564 passionis
1806 3513 1900 3552 ex-

311 3584 486 3650 ponit.
520 3581 710 3636 Tertio
738 3584 996 3652 promittit
1025 3599 1082 3639 se
1111 3600 1206 3655 per
1235 3588 1538 3642 universum
1569 3589 1753 3645 orbem
1799 3602 1904 3647 ter-

307 3695 494 3734 rarum
536 3679 592 3734 in
626 3679 882 3734 membris
918 3681 1030 3736 suis
1078 3690 1319 3750 paterna:
1361 3685 1609 3752 potentia:
1640 3682 1902 3748 confiteri,

307 3772 396 3838 qni
447 3786 576 3826 eum
628 3770 697 3825 ab
743 3771 972 3825 inimicis
1028 3773 1140 3827 suis
1183 3774 1594 3828 resurrectionis
1643 3775 1905 3829 beneficio

313 3861 570 3916 lberavit
613 3861 952 3930 :deprccans
1004 3870 1063 3917 ut
1100 3863 1490 3919 confundantur
1537 3877 1906 3934 persecutores

310 3952 441 4024 [ed.,
471 3952 831 4025 peccatoris],
857 3964 912 4011 et
930 3945 1195 4011 exsultent
1220 3957 1271 4012 in
1287 3971 1477 4028 magna
1503 3957 1669 4027 gloria
1698 3957 1907 4012 ﬁdeles.

867 4065 1132 4137 Expositio
1155 4069 1362 4140 psalmi.

392 4153 554 4226 114
577 4155 732 4211 Vera.
769 4155 816 4210 l.
841 4155 1050 4225 Judica,
1085 4158 1320 4228 Domine,
1351 4170 1583 4215 nocentes
1612 4177 1725 4226 me;
1751 4178 1910 4233 expu-

309 4261 419 4315 gna
446 4247 812 4318 impugnante;
840 4264 940 4304 me.
971 4251 1256 4320 Assumpta
1295 4266 1394 4321 pro
1422 4251 1575 4308 nobis
1600 4253 1798 4307 clamat
1827 4254 1908 4308 in-

313 4336 569 4402 firmitas,
599 4345 658 4393 ut
681 4337 1003 4395 damnentur
1029 4352 1285 4412 nocentes,
1315 4342 1366 4397 id
1392 4351 1494 4412 est,
1521 4343 1766 4400 diabolus
1787 4360 1906 4400 cum

312 4429 586 4484 ministris
611 4469 626 4494 ,
660 4429 800 4499 quod
829 4442 1049 4488 noverat
1085 4447 1204 4488 esse
1245 4442 1548 4489 venturum.
1579 4435 1740 4491 Malos
1767 4437 1908 4492 enim

310 4520 558 4589 judicare
584 4519 840 4577 damnare
867 4533 966 4590 est,
998 4524 1116 4593 quia
1143 4536 1411 4595 nequeunt
1441 4528 1493 4580 in
1521 4527 1909 4597 disceptatione

2003 1972 2148 2026 trn~;
2196 1975 2294 2014 nec
2342 1958 2489 2028 quasi
2537 1959 2604 2013 de
2632 1956 2810 2025 quiete
2856 1972 3122 2028 exsurgere
3165 1954 3438 2020 creditor,
3494 1959 3582 2025 qui

2002 2068 2273 2122 nunquam
2310 2051 2543 2118 jacuisse
2587 2049 2908 2103 declaratur.
2938 2049 3096 2101 Arma
3129 2047 3289 2118 igitur
3318 2048 3603 2118 pertinent.

1999 2148 2064 2201 ad
2095 2147 2401 2199 indumenta
2430 2142 2620 2205 ferrea,
2648 2155 2744 2210 per
2770 2154 2888 2208 qua:
2917 2139 3062 2192 salus
3090 2138 3317 2191 humana
3339 2135 3582 2192 defendi-

2002 2246 2114 2302 tur;
2141 2246 2339 2289 scutum
2375 2233 2440 2288 ad
2472 2230 2805 2302 repellendos
2832 2229 2968 2283 ictus
2997 2229 3222 2294 inimici,
3252 2238 3309 2281 ut
3337 2227 3587 2283 frustrata

2002 2328 2104 2384 tela
2143 2327 2374 2391 cadant,
2401 2340 2519 2395 qua:
2566 2322 2776 2377 fuerant
2806 2321 2859 2375 in
2889 2319 3109 2375 exitium
3159 2318 3390 2374 hominis
3430 2317 3596 2374 dt:le

2001 2430 2143 2474 nata.
2173 2419 2430 2474 Precatur
2467 2430 2595 2485 ergo
2627 2415 2883 2469 Dominus
2911 2411 3157 2466 Christus
3186 2426 3216 2464 a
3256 2421 3441 2465 natura
3489 2410 3590 2464 hu-

2004 2511 2272 2568 manitatis
2298 2525 2432 2575 sum,
2457 2518 2515 2563 ut
2540 2516 2594 2562 et
2616 2506 2761 2561 salus
2787 2503 2903 2575 ejus
2936 2502 3131 2557 muniri
3162 2501 3374 2568 debeat,
3403 2508 3458 2555 et
3484 2499 3586 2556 ini~

2006 2604 2131 2660 mici
2162 2602 2407 2657 voluntas
2437 2599 2546 2654 suis
2570 2597 2789 2652 ausibus
2818 2596 3089 2650 efferatur.

2075 2713 2229 2768 ἵετε.
2263 2714 2315 2766 5.
2347 2709 2574 2777 ΕΙῙιιηάε
2595 2709 2861 2780 frameam,
2889 2715 2936 2761 et
2964 2707 3209 2760 couclude
3235 2707 3475 2760 adversus
3503 2722 3604 2761 eos

2003 2804 2091 2875 qui
2116 2809 2483 2872 persequuntur
2510 2814 2590 2852 me
2619 2814 2638 2851 :
2670 2799 2752 2851 dic
2779 2799 2964 2851 animle
2992 2813 3114 2850 mea:
3141 2812 3161 2851 :
3190 2795 3345 2852 Salus
3376 2809 3465 2850 tua
3495 2813 3592 2869 ego

2003 2911 2136 2948 sum.
2166 2893 2223 2947 ιιι
2253 2890 2544 2960 Scriptoris
2571 2888 2786 2956 divinis,
2804 2891 2999 2957 framea
3027 2887 3217 2940 multas
3248 2887 3486 2941 coittinet
3513 2887 3589 2941 si-

2004 2983 2404 3055 gnificationi-5;
2430 2979 2742 3048 intelligitur
2762 2978 2904 3032 enim
2935 2986 2986 3030 et
3009 2963 3248 3046 gladios,
3268 2974 3588 3047 intelligitur

2007 3075 2158 3132 basta
2191 3074 2333 3145 regal
2357 3089 2406 3138 s,
2430 3071 2741 3141 intelligitur
2766 3079 2820 3125 et
2842 3069 3020 3132 dolus,
3053 3066 3363 3136 intelligitur
3386 3077 3440 3121 et
3466 3066 3587 3121 vin-

2007 3165 2175 3229 dicta;
2211 3163 2296 3219 hic
2321 3172 2496 3218 tamen
2532 3161 2642 3215 vult
2676 3159 2844 3228 accipi
2875 3160 3106 3212 animam
3136 3171 3317 3222 suam,
3347 3172 3466 3226 qua:
3500 3173 3586 3213 re-

2008 3271 2133 3311 vera
2165 3253 2489 3308 adversariis
2528 3252 2725 3321 framea
2763 3249 2878 3304 fuit.
2918 3249 3020 3303 Per
3060 3248 3228 3318 ipsam
3261 3248 3459 3318 quippe
3491 3264 3582 3318 gc-
3647 3262 3653 3268 ‘

2004 3358 2145 3402 Stum
2175 3356 2255 3400 est
2298 3354 2356 3400 ut
2386 3344 2647 3399 idolorum
2679 3341 2853 3396 cultus
2891 3341 3180 3410 sacrilegus
3229 3339 3499 3402 interiret,
3532 3350 3610 3394 nt»

2005 3437 2200 3492 diaboli
2233 3438 2535 3492 vinceretur
2563 3435 2830 3504 iniquitas,
2865 3443 2920 3486 ut
2949 3432 3136 3487 mortis
3163 3431 3326 3500 ip~ius
3350 3439 3589 3498 potestas

2007 3543 2257 3596 percussa
2303 3526 2561 3582 succumb
2597 3535 2716 3591 ret,
2765 3539 2884 3580 cum
2926 3533 3051 3578 ante
3103 3532 3215 3576 toto
3261 3523 3392 3576 orbe
3425 3522 3587 3575 libera

2008 3635 2076 3691 po
2099 3627 2269 3674 estate
2300 3627 2566 3688 regnaret.
2598 3616 2731 3671 Nam
2753 3618 2873 3673 etin
2902 3616 3006 3670 alio
3031 3615 3234 3685 psalmo
3257 3615 3365 3684 jam
3392 3613 3612 3669 lectum

2007 3721 2086 3764 cst
2127 3725 2142 3764 :
2190 3708 2342 3779 Eripe
2379 3709 2601 3761 animam
2646 3723 2809 3760 mean
2839 3707 2901 3758 ab
2946 3706 3122 3776 impio,
3163 3705 3408 3775 frameam
3447 3713 3589 3757 tuam

2007 3798 2179 3871 (Ptol.
2215 3814 2318 3864 tm,
2351 3798 2460 3867 l3).
2490 3797 2715 3864 Eﬂunde
2737 3811 2862 3866 ergo
2883 3795 3151 3865 frameam,
3179 3795 3229 3850 id
3249 3805 3331 3851 est
3358 3796 3592 3851 animant

2009 3906 2184 3945 meam
2216 3891 2376 3944 dilata
2405 3904 2628 3944 munere
2658 3899 2762 3944 tua:
2791 3888 3002 3958 pietatis
3038 3887 3264 3942 indulto.
3297 3885 3602 3956 (ΖοιιειιιιιιιἸ

2011 3982 2113 4036 hoc
2139 3992 2218 4036 est
2248 3984 2496 4052 passione
2534 3995 2650 4036 mea
2676 4019 2695 4048 ,
2729 3989 2781 4035 et
2821 3981 2935 4051 lege
2981 3987 3068 4032 tua
3104 3977 3398 4046 completa,
3430 3993 3589 4048 quam

2011 4072 2334 4142 praedixeras
2359 4087 2452 4140 per
2474 4070 2786 4141 prepbetas.
2832 4068 2976 4124 Petit
3008 4068 3168 4122 etiam
3199 4067 3393 4121 anima:
3425 4081 3539 4122 sua:
3558 4082 3588 4121 a

2013 4163 2242 4218 Domino
2273 4163 2376 4218 dici
2403 4181 2418 4216 :
2444 4163 2598 4216 Salus
2624 4170 2712 4214 tua
2740 4177 2832 4232 ego
2852 4175 2985 4229 sum,
3016 4158 3139 4229 quia
3161 4157 3324 4214 verba
3352 4158 3469 4232 ejus
3495 4175 3606 4216 ιω·-

2013 4253 2086 4309 vit
2105 4254 2221 4310 sine
2249 4254 2423 4322 aliqua
2446 4249 2754 4307 difficultate
2781 4249 3060 4320 compleri.

2085 4344 2236 4401 Vcrs.
2288 4344 2344 4398 4.
2395 4341 2790 4413 Confundantur
2831 4349 2879 4396 et
2917 4351 3237 4397 revereantur
3287 4342 3616 4415 inquirente:-

2009 4436 2233 4490 animam
2253 4450 2440 4488 meam.

2085 4537 2240 4591 Vers.
2261 4535 2313 4591 5.
2340 4535 2644 4590 Avertcnlur
2663 4545 2958 4600 retrorsum,
2976 4543 3023 4590 et
3041 4536 3332 4592 erubescant
3348 4538 3437 4610 qui
3463 4538 3598 4610 cogi-

321 4612 546 4666 liberari
575 4613 665 4681 qui
695 4627 908 4683 semper
939 4618 1115 4685 pravis
1145 4619 1444 4674 actionibus
1481 4620 1773 4688 probantur
1809 4623 1909 4677 im-
1935 4604 1986 4664 D
2016 4639 2124 4684 tant
2151 4630 2277 4682 mihi
2293 4632 2447 4682 mala.
2473 4628 2694 4697 lliejam
2719 4629 2806 4684 ubi
2834 4629 3054 4684 venitad
3079 4630 3463 4697 homines,non
3487 4649 3598 4688 ma—

317 4705 510 4773 pliciti.
538 4705 650 4761 Sed
673 4707 805 4771 hoc,
835 4718 891 4763 ut
916 4709 1114 4764 dictum
1138 4720 1250 4779 est,
1279 4711 1344 4766 ad
1375 4712 1646 4767 diabolum
1677 4713 1908 4783 pertinet

316 4809 443 4849 cum
471 4796 795 4866 sequacibus
828 4799 936 4853 suis
955 4840 969 4865 ,
1002 4815 1096 4868 per
1123 4816 1258 4868 quos
1285 4802 1529 4872 provenit
1556 4803 1788 4859 Judaica:
1816 4821 1909 4860 vo-

321 4887 545 4943 luntatis
571 4888 846 4959 iniquitas.
877 4891 1006 4946 Nam
1037 4908 1158 4947 cum
1189 4894 1302 4963 ipse
1330 4895 1603 4966 pra-cipiat
1634 4913 1648 4950 ε
1679 4895 1786 4951 Pro
1807 4897 1908 4952 iui-

319 4982 471 5035 micis
501 4981 678 5036 rastris
708 4992 846 5037 orate
870 4983 1084 5053 (Matth.
1111 5001 1163 5050 v,
1187 4983 1302 5054 ς34),
1335 4986 1639 5042 hominibus
1666 4987 1779 5043 haec
1808 5002 1915 5042 non

322 5084 505 5142 potest
544 5077 836 5132 convenire
880 5078 1164 5132 sententia.
1212 5077 1359 5147 Ipsos
1395 5093 1523 5148 ergo
1560 5080 1690 5149 petit
1717 5080 1916 5136 debere

319 5167 609 5235 damnari,
644 5182 778 5236 quos
809 5168 1006 5223 virtute
1038 5168 1384 5237 prmscicnliae
1405 5185 1517 5224 sua:
1546 5170 1694 5224 novit
1713 5169 1776 5223 ad
1803 5185 1917 5238 pm-

322 5257 589 5311 nitudinis
611 5257 844 5312 remedia
869 5274 972 5313 non
996 5259 1197 5315 venire.
1223 5259 1352 5314 Nam
1378 5262 1428 5314 in
1447 5261 1916 5332 Subsequentibus,

321 5349 418 5401 bi
468 5349 616 5404 venit
658 5351 723 5404 ad
755 5352 1030 5415 homines,
1065 5355 1303 5408 converti
1343 5367 1436 5408 eos
1484 5353 1774 5421 desiderat,
1807 5369 1912 5408 non

321 5439 526 5507 perire.
556 5442 762 5512 Adjecit
793 5445 952 5499 etiam
979 5463 992 5498 :
1020 5443 1277 5518 Expugna
1308 5447 1663 5516 impugnantes
1687 5464 1783 5501 me.
1813 5448 1914 5515 Qui

323 5537 600 5607 impugnat
620 5551 878 5607 superare
909 5541 1212 5606 contendit;
1237 5542 1330 5610 qui
1351 5551 1674 5612 expugnatur
1698 5541 1916 5595 omnino

315 5627 440 5695 jam
471 5627 642 5682 victus
670 5637 772 5683 est.
804 5629 992 5684 Merito
1030 5645 1157 5700 ergo
1187 5631 1407 5700 spiritus
1434 5631 1694 5684 immundi
1742 5631 1918 5702 impu-

321 5728 587 5786 gnatorcs
632 5720 922 5788 dicuntur,
975 5725 1096 5793 quia
1137 5725 1258 5780 licet
1299 5733 1515 5780 sanctos
1561 5725 1775 5778 vincere
1823 5739 1917 5779 ne-

323 5822 556 5882 queant,
585 5814 906 5871 contendere
929 5824 1240 5874 tamencum
1268 5818 1346 5875 eis
1368 5817 1612 5887 improba
1642 5817 1918 5873 voluntate

2017 4721 2233 4776 ledictio
2249 4719 2506 4785 funditur,
2523 4721 2614 4776 sed
2627 4722 2890 4776 correctio
2903 4722 3222 4791 postulatur.
3238 4723 3497 4793 Confundi
3515 4735 3597 4782 est

2019 4814 2154 4867 facta
2176 4827 2271 4867 sua
2293 4812 2627 4876 erubescere,
2647 4820 2701 4866 et
2729 4813 2781 4865 in
2806 4812 3077 4867 meliorem
3105 4815 3428 4868 sententiam
3451 4829 3599 4870 com-

2021 4911 2262 4967 mutare;
2287 4917 2406 4955 nam
2424 4901 2568 4956 etilli
2588 4901 2791 4957 confusi
2815 4901 3083 4967 dicuntur,
3099 4903 3188 4972 qui
3211 4903 3601 4957 convincuntur

2017 4993 2081 5047 ad
2105 5006 2338 5062 pmnam.
2359 4991 2461 5045 Sed
2491 5003 2543 5045 ut
2566 4992 2731 5060 magis
2757 4992 2855 5046 hoc
2877 4991 2942 5044 ad
2968 4992 3376 5046 conversionem
3405 4992 3599 5047 intelli.

2021 5101 2146 5154 gere
2163 5085 2459 5151 debuisses,
2477 5083 2708 5137 addidit:
2731 5083 3092 5149 Ret-creantur,
3126 5085 3172 5137 id
3202 5094 3302 5148 cst,
3334 5083 3598 5139 emendati

2021 5176 2385 5243 colant,quem
2409 5175 2830 5246 persequendum
2847 5190 2965 5230 esse
2979 5184 3307 5244 putaverant.
3328 5173 3600 5241 Inquiren-

2022 5277 2094 5320 tes
2114 5267 2336 5319 animam
2366 5281 2558 5328 meam,
2584 5266 2636 5318 in
2676 5265 2869 5318 malam
2903 5276 3105 5332 partem
3137 5264 3357 5327 dicitur;
3390 5263 3478 5332 qui
3522 5262 3600 5318 sic

2020 5367 2296 5428 quaerunt,
2327 5366 2518 5410 uteam
2550 5370 2654 5409 non
2683 5355 2924 5410 venerari
2955 5354 3153 5418 velint,
3185 5355 3278 5406 sed
3308 5366 3338 5404 a
3377 5366 3605 5421 corpore

2018 5463 2299 5520 Segreg'ire
2325 5446 2595 5500 festinent.
2629 5445 2758 5499 Nam
2782 5445 2946 5514 quaeri
2990 5444 3220 5496 animam
3244 5442 3436 5496 Christi
3467 5451 3521 5496 et
3550 5440 3603 5495 in

2021 5543 2213 5597 bonam
2247 5548 2448 5608 partem
2475 5538 2702 5605 positum
2730 5545 2832 5602 est,
2858 5536 2944 5590 ubi
2966 5535 3038 5588 ait
3063 5551 3075 5588 :
3106 5533 3264 5588 Periit
3286 5535 3414 5608 fuga
3439 5551 3470 5588 ιι
3501 5550 3604 5602 me,

2019 5647 2066 5689 et
2098 5650 2197 5687 non
2227 5641 2300 5686 est
2329 5633 2417 5700 qui
2445 5632 2669 5701 requirat
2701 5631 2926 5684 animam
2955 5647 3115 5684 meam
3147 5630 3312 5700 (Psal.
3344 5645 3488 5696 cxu,
3519 5631 3603 5702 5).

2023 5723 2194 5777 Averti
2221 5731 2395 5775 autem
2427 5729 2703 5775 retrorsum
2733 5735 2836 5774 non
2868 5720 3083 5785 dicitur,
3113 5720 3213 5777 nisi
3246 5722 3347 5777 illis
3378 5723 3463 5791 qui
3485 5737 3606 5776 cor»

2025 5814 2231 5886 rigendi
2277 5812 2600 5884 iudicantur.
2653 5811 2783 5869 Nam
2827 5823 2882 5871 et
2917 5813 3074 5873 Petro
3115 5818 3378 5886 apostolo,
3413 5816 3604 5887 quisa—
