4030 6172
426 393 532 452 245

434 509 600 565 lutem
655 509 851 563 Christi
903 508 1208 562 humanitus
1247 507 1592 573 vindiealat,
1639 508 1771 562 dixit
1821 525 1833 559 :

428 615 566 656 retro
613 618 710 664 nte,
757 601 980 656 Satanas
1027 600 1219 672 (Marc.
1251 616 1364 666 vnt,
1397 601 1520 669 55),
1551 615 1656 654 non
1701 611 1756 654 ut
1796 601 2016 668 periret,

431 693 528 748 sed
575 700 635 746 ut
681 692 888 746 Domini
936 694 1264 747 voluntatem
1323 691 1463 747 felici
1505 691 1880 747 emendatione
1933 707 2020 747 se-

430 793 706 850 queretur.
765 783 904 852 Ergo
955 797 1088 853 quos
1145 793 1438 838 retrorsum
1488 782 1662 838 redire.
1705 783 1852 850 vult,
1912 799 2018 836 non

429 871 553 925 illos
582 880 730 940 optat
750 871 1096 926 intentionem
1128 873 1416 941 pessimam
1450 886 1560 926 suae
1584 872 1870 926 voluntatis
1897 871 2016 926 elfi-

426 977 552 1018 cere
577 980 591 1015 :
620 963 712 1018 sed
747 963 923 1033 p0tius
951 978 1009 1018 se
1036 965 1206 1032 sequi,
1239 963 1328 1018 ubi
1361 963 1789 1035 non‘prohantur
1813 978 2012 1018 errare.

431 1056 534 1120 Qui
559 1056 777 1126 cogitant
800 1056 924 1110 mihi
950 1058 1109 1122 mala,
1139 1058 1252 1111 sive
1278 1056 1343 1111 de
1365 1056 1583 1120 ludatis,
1611 1057 1727 1111 sive
1752 1056 1816 1111 de
1846 1056 2017 1111 haere-

425 1147 567 1212 ticis,
590 1147 702 1203 sive
730 1157 901 1217 potest
923 1148 1095 1217 accipi
1123 1148 1190 1202 de
1221 1150 1460 1219 paganis.
1488 1149 1687 1203 Omnes
1715 1150 1856 1204 enim
1880 1151 2017 1203 mala

422 1237 652 1308 cogitant
690 1239 778 1306 qui
817 1251 1010 1308 praeter
1051 1239 1361 1308 religionem
1406 1239 1725 1294 catholicam
1771 1254 2016 1294 asserere

427 1328 604 1397 aliqua
635 1343 793 1397 prava
817 1330 1114 1384 intentione
1145 1329 1415 1384 fe5tinant.

497 1416 652 1475 Vcrs.
685 1419 739 1474 6.
778 1419 936 1474 Fiant
983 1430 1225 1490 tanquam
1268 1421 1432 1490 pulvis
1479 1429 1598 1475 ante
1625 1420 1807 1489 faciem
1842 1422 2012 1488 venti,

425 1519 476 1565 et
509 1511 720 1583 angelus
751 1509 963 1565 Domini
1003 1512 1226 1582 afﬂigens
1264 1527 1368 1566 eos.
1420 1509 1597 1565 Pulvis
1646 1521 1858 1567 terrena
1905 1513 2017 1582 qui-

427 1603 572 1670 dem,
600 1604 694 1658 sed
736 1605 895 1659 nimis
932 1605 1080 1658 arida
1109 1604 1390 1672 tenuisque
1427 1603 1720 1658 subStautia
1761 1613 1865 1669 est,
1896 1619 2016 1674 quae

421 1709 586 1755 vento
612 1699 775 1754 flante
807 1701 858 1753 in
900 1712 994 1752 sua
1033 1699 1162 1754 sede
1192 1713 1410 1754 manere
1441 1712 1547 1752 non
1584 1698 1808 1766 sinitur,
1837 1699 1931 1753 sed
1962 1700 2012 1753 in

419 1809 582 1849 auras
619 1793 846 1864 liquidas
891 1792 1148 1848 elevatur.
1201 1792 1274 1846 lta
1315 1791 1616 1847 voluntates
1646 1802 2009 1860 peccatorum,

1615 393 1682 446 Μ.
1727 395 1765 445 Α
1779 392 2003 448 υηειιι
2045 390 2446 448 CASSlODOli'i

1889 505 2019 561 Redi
2049 510 2096 568 Α
2129 522 2274 571 xxvi,
2305 505 2430 576 6f);
2461 520 2581 559 cum
2611 507 2701 562 ille
2739 508 2931 564 dixerit
2961 524 2974 563 :
3017 509 3268 564 Desii-uite
3307 511 3547 574 templum
3591 511 3702 578 hoc,

3599 396 3704 449 (ΞΗ

2120 608 2166 652 et
2193 601 2248 652 in
2279 601 2505 653 triduuin
2532 601 2796 667 aediﬁcabo
2813 601 2944 655 illud
2965 600 3143 674 (Joan.
3175 619 3231 669 ιι,
3263 603 3370 672 19).
3401 604 3533 668 Quid
3561 605 3703 658 enim

2123 692 2240 760 plus
2271 707 2463 745 vanum
2494 707 2651 760 quam
2695 693 2824 748 illud
2855 695 2920 748 ad
2965 695 3174 762 culpam
3207 696 3479 763 pravitatis
3528 698 3706 750 studio

2121 783 2258 837 velle
2289 793 2637 848 convertere,
2667 785 2805 853 quod
2831 784 3221 853 praedicabatur
3251 786 3497 840 omnibus
3524 785 3589 839 ad
3618 801 3708 840 sa—

2121 874 2284 929 lutem
2307 877 2330 930 ?

2192 967 2346 1023 Vers.
2377 969 2430 1023 9.
2470 968 2653 1024 Veniat
2695 970 2800 1023 illis
2830 970 3038 1036 laqueus
3066 987 3210 1039 quem
3255 972 3511 1040 ignorant,
3540 981 3589 1024 et
3618 987 3707 1023 ra-

2119 1063 2224 1130 ptio
2239 1077 2390 1129 quant
2412 1063 2788 1116 occultaverunt
2811 1064 3160 1134 apprehendat
3181 1080 3294 1126 eos;
3319 1077 3364 1116 et
3388 1065 3440 1117 in
3466 1064 3704 1134 laqueum

2121 1155 2349 1207 incidant
2376 1155 2430 1208 in
2454 1155 2698 1225 idipsum.
2725 1157 2816 1211 Pia
2839 1157 3139 1221 retributio,
3166 1157 3399 1210 vindicta
3423 1157 3702 1222 salutaris;

2121 1252 2178 1298 ut
2196 1244 2320 1314 (ﬁlia
2345 1244 2419 1298 illi
2448 1245 2693 1312 laqueum
2729 1257 3066 1315 paraverant,
3091 1248 3181 1315 qui
3209 1247 3528 1301 credebatur
3551 1261 3710 1315 posse

2121 1335 2349 1404 nesciri,
2391 1334 2443 1390 in
2481 1334 2626 1390 illam
2657 1337 2980 1392 tendiculam
3025 1338 3264 1393 incidant
3306 1354 3466 1407 quam
3515 1353 3706 1393 sensus

2119 1425 2416 1494 peccatoris
2467 1427 2714 1495 ignorat;
2763 1426 2969 1482 scilicet
3016 1442 3154 1482 nexu
3209 1429 3450 1482 veritatis
3498 1429 3702 1482 astricti

2120 1512 2410 1566 reddantur
2445 1512 2620 1581 potius
2654 1513 2906 1567 absoluti.
2938 1514 3220 1582 Sequitur,
3260 1523 3307 1567 et
3347 1515 3514 1586 captio
3549 1530 3706 1585 quam

2117 1605 2493 1658 occultaverunt
2531 1604 2882 1675 apprehendat
2920 1622 3027 1659 eos.
3066 1606 3196 1671 ρυω
3240 1613 3322 1660 est
3368 1605 3452 1660 iila
3493 1607 3706 1674 captio,

2118 1698 2217 1751 nisi
2249 1712 2392 1751 mors
2423 1698 2628 1751 Domini
2652 1697 2969 1762 Salvatoris,
3002 1713 3121 1768 qua:
3144 1697 3369 1753 occultis
3396 1699 3706 1754 machinata

2117 1789 2374 1860 probatur
2410 1788 2655 1843 insidiis?
2693 1789 3056 1858 Apprehendat
3103 1806 3218 1852 eos.
3253 1790 3406 1859 quasi
3437 1790 3704 1860 fugientes

421 1901 543 1939 cum
568 1884 810 1939 veritatis
839 1883 1034 1939 fuerint
1064 1884 1412 1953 inspiratione
1443 1883 1816 1942 commonitio.
1844 1898 1874 1936 a
1900 1893 2007 1938 ter-
2045 1884 2086 1940 Β
2117 1880 2359 1948 protinus
2388 1891 2770 1950 consequatur,
2797 1892 2850 1938 et
2876 1882 3002 1936 illud
3036 1891 3203 1936 totum
3231 1883 3466 1948 efficiat,
3502 1898 3568 1936 ne
3599 1882 3702 1936 dc-

421 1979 566 2035 renis
613 1979 755 2033 vitiis
801 1979 1184 2044 sub'evantur,
1231 1986 1285 2032 et
1334 1977 1398 2031 ad
1445 1978 1666 2032 virtutes
1711 1975 2009 2041 aethereos,

423 2081 709 2141 praestante
742 2072 997 2135 Domino,
1031 2071 1413 2138 perducuntur.
1448 2070 1536 2123 Sic
1565 2084 1693 2138 ergo
1729 2068 1885 2122 malis
1915 2082 2010 2137 op-

422 2172 564 2216 tatur
594 2171 650 2217 ut
680 2163 746 2216 ad
775 2163 935 2216 vitam
982 2162 1260 2215 crelestcm
1294 2161 1431 2215 felici
1465 2159 1839 2215 emendatione
1889 2173 2010 2226 per-

420 2255 659 2308 veniant.
681 2255 932 2324 Angelum
965 2253 1192 2307 dicimus
1219 2267 1463 2323 supernae
1485 2254 1695 2307 virtutis
1727 2253 1968 2307 nuntium
1990 2292 2003 2313 .

420 2361 518 2414 per
546 2361 703 2416 quem
737 2345 915 2400 divina
944 2346 1090 2414 jussa
1123 2345 1482 2414 complentur.
1517 2346 1621 2399 lste
1650 2359 1778 2414 ergo
1798 2345 2008 2414 angelus

422 2453 718 2494 conversos
741 2438 946 2509 affligit,
978 2449 1033 2492 ut
1061 2438 1112 2492 in
1140 2438 1286 2492 illam
1313 2439 1532 2506 patriam
1561 2437 1766 2492 felicem
1795 2436 2008 2490 humili-

419 2529 546 2584 tatis
577 2545 799 2585 munere
828 2530 1206 2598 perducantur.
1248 2528 1352 2584 Sed
1406 2528 1624 2583 afflictio
1669 2529 1764 2582 ista
1815 2527 2009 2582 benefi-

417 2619 560 2674 cium
587 2628 688 2686 est,
721 2621 935 2691 quando
971 2623 1021 2675 in
1050 2621 1225 2679 locum
1257 2621 1434 2690 magni
1463 2621 1718 2687 muneris,
1751 2628 1809 2674 ut
1831 2635 2003 2675 cmer-

416 2720 528 2780 gat,
552 2719 784 2778 optatur.

488 2799 644 2856 Vers.
679 2801 730 2855 7.
767 2800 886 2856 Fiat
909 2803 990 2856 via
1020 2819 1189 2856 eorum
1220 2803 1436 2858 tenebrat
1464 2814 1511 2858 et
1537 2802 1803 2870 lubricum,
1838 2815 1881 2856 et
1907 2821 2002 2858 an-

413 2891 557 2962 gelus
608 2891 818 2948 Domini
865 2909 1170 2964 persequens
1217 2910 1321 2950 eos.
1374 2896 1428 2948 ln
1489 2895 1815 2948 Contrarium
1870 2896 2002 2950 verti

414 2984 786 3051 peccatoribus
823 2985 1000 3040 omnia
1047 2987 1370 3056 postulavit,
1420 2995 1477 3040 ut
1519 2988 1599 3040 via
1642 2987 1857 3056 propria
1884 3004 2003 3057 qua:

413 3071 523 3127 illis
550 3073 758 3129 videtur
789 3073 959 3130 lucida
991 3077 1071 3130 vel
1105 3078 1229 3142 lixa,
1261 3093 1380 3132 cum
1412 3079 1464 3133 in
1492 3082 1678 3135 eadem
1709 3081 1996 3137 delectabi-

412 3164 964 3232 litercommorantur,
983 3166 1072 3233 ﬁat
1097 3166 1200 3220 illis
1223 3169 1525 3236 tenebrosa,
1542 3185 1696 3240 quam
1723 3174 1996 3239 horreant,

2116 1971 2286 2049 relicti
2315 1972 2426 2026 suis
2457 1973 2759 2028 sceleribus
2785 1974 3100 2028 obruantur.
3132 1973 3194 2026 Et
3224 1982 3346 2027 nota
3375 1973 3513 2042 quod
3537 1972 3624 2028 hic
3648 1974 3702 2027 in

2113 2062 2308 2117 bonam
2355 2074 2562 2133 partem
2596 2064 2745 2134 ponit
2781 2065 3055 2132 laqueum;
3087 2075 3144 2118 ut
3185 2065 3450 2119 mandatis
3489 2065 3702 2120 Domini

2111 2157 2272 2224 capti,
2302 2158 2352 2210 in
2385 2157 2611 2228 iclipsum
2643 2158 2847 2212 caelesti
2871 2158 3041 2228 gratia
3077 2168 3442 2225 perseverent.
3466 2158 3552 2213 Sic
3583 2168 3705 2212 orat

2113 2249 2196 2300 cui
2226 2248 2392 2316 gratis
2423 2249 2630 2317 laqueus
2655 2249 3026 2303 occultabatur
3051 2249 3218 2308 exitii,
3254 2248 3342 2317 qui
3377 2249 3572 2302 malum
3602 2263 3702 2318 pro

2113 2341 2252 2391 malo
2275 2354 2378 2393 non
2412 2340 2663 2405 reddidit,
2697 2341 2790 2394 sed
2818 2341 2870 2394 in
2903 2354 3062 2394 cruce
3094 2342 3298 2408 positus
3322 2355 3417 2409 pro
3439 2341 3550 2394 suis
3581 2356 3703 2409 per-

2110 2429 2448 2484 secmoribns
2481 2429 2742 2483 exor..vit.

2182 2519 2338 2574 Vers.
2378 2522 2461 2574 10.
2494 2523 2678 2575 Anima
2707 2533 2873 2576 autem
2898 2539 3009 2578 utea
3038 2524 3317 2579 exsultabit
3348 2525 3401 2578 in
3437 2523 3660 2577 Domino
3681 2542 3701 2579 :

2109 2619 2157 2665 et
2178 2612 2509 2666 delectabitur
2528 2629 2683 2682 super
2703 2615 2927 2667 salutare
2948 2616 3079 2684 ejus.
3105 2615 3387 2684 Postquam
3411 2617 3478 2668 de
3497 2614 3707 2683 Spiriti-

2111 2702 2210 2756 bus
2233 2703 2544 2772 immundis,
2570 2719 2689 2773 quise
2714 2706 2817 2758 illis
2839 2717 2993 2760 erant
3015 2722 3311 2772 emersura,
3331 2718 3701 2777 competenter

2110 2793 2292 2860 edixit,
2329 2804 2381 2850 et
2413 2810 2510 2863 pro
2539 2797 2911 2863 peccatoribus
2939 2813 3089 2854 more
3118 2813 3226 2852 suae
3259 2797 3474 2868 pietatis
3497 2801 3692 2864 oravit,

2106 2889 2254 2942 venit
2284 2888 2349 2942 ad
2383 2889 2676 2942 secundum
2710 2889 3040 2954 membrum,
3079 2892 3168 2945 ubi
3207 2903 3258 2944 et
3289 2891 3529 2944 lcetiliam
3568 2907 3699 2958 pro-

2110 2978 2237 3047 priae
2265 2979 2458 3032 mentis
2482 2979 2718 3048 exponit,
2740 2990 2793 3035 et
2817 2981 3078 3048 passionis
3103 2982 3341 3035 ordinem
3367 2982 3696 3036 lucidissima

2106 3070 2334 3124 veritate
2369 3073 2629 3125 narravit.
2664 3070 2836 3124 Prima
2875 3071 3072 3140 quippe
3113 3083 3314 3126 snnctre
3344 3072 3537 3125 anima:
3570 3071 3698 3125 bea-

2106 3161 2278 3215 titudo
2319 3160 2401 3216 est
2428 3206 2441 3230 ,
2497 3162 2748 3216 exsultare
2801 3162 2854 3216 in
2895 3162 3113 3216 Domino
3144 3179 3163 3217 :
3205 3163 3328 3232 quia
3370 3172 3535 3217 tottun
3583 3165 3697 3218 illic

415 3267 463 3310 et
494 3257 712 3323 lubrica,
742 3267 799 3312 ut
841 3259 894 3312 in
949 3259 1137 3314 eadem
1180 3259 1376 3316 diutius
1419 3269 1564 3318 stare
1611 3278 1716 3317 non
1759 3265 1996 3332 possint;
2029 3255 2073 3313 C
2107 3259 2458 3328 conquiritur,
2489 3275 2608 3314 cum
2633 3275 2786 3315 mens
2810 3259 2879 3314 ibi
2910 3261 3191 3330 purissima
3216 3260 3532 3314 destinatur.
3559 3261 3697 3315 Nam

411 3349 552 3402 sicut
580 3358 634 3404 et
661 3348 921 3405 .leremias
951 3352 1210 3420 propheta
1237 3352 1368 3407 dicit
1394 3371 1405 3404 :
1439 3353 1503 3407 Et
1527 3363 1734 3422 propter
1755 3359 1850 3408 hoc
1867 3355 2004 3426 facta

411 3449 483 3494 est
503 3443 585 3494 via
606 3457 778 3494 eorum
804 3443 1063 3510 lapsfnosa
1089 3445 1140 3497 in
1165 3445 1399 3508 tenebris,
1430 3455 1479 3498 et
1505 3445 2000 3514 supplantabuntrr,

411 3540 460 3584 et
482 3533 662 3586 cadent
690 3534 741 3587 in
767 3551 824 3587 ea
853 3533 984 3602 (Jtr.
1010 3551 1096 3588 xxi
1124 3550 1161 3602 ι,
1190 3534 1299 3606 1‘2).
1325 3536 1473 3602 Quod
1497 3537 1539 3589 si
1568 3536 1742 3590 adhuc
1769 3537 1819 3590 in
1851 3537 2005 3590 malis

413 3624 527 3677 suis
553 3623 888 3680 decreverint
931 3626 1232 3691 immorari,
1263 3629 1433 3681 virtus
1475 3626 1688 3681 Domini
1723 3643 2006 3697 persequa-

409 3724 528 3781 tur;
557 3723 815 3784 quatenus
847 3733 940 3772 eos
983 3719 1033 3771 in
1071 3717 1369 3772 sceleribus
1401 3717 1513 3772 suis
1545 3717 1753 3773 haerere
1791 3734 1895 3773 non
1928 3719 2001 3774 la-

408 3805 537 3871 ciat,
570 3807 658 3876 qui
686 3808 750 3861 ad
785 3809 1033 3863 interitus
1063 3809 1142 3863 sui
1176 3819 1295 3863 vota
1329 3808 1602 3863 festinant.
1636 3809 1680 3864 Ο
1715 3811 2002 3864 multarum

410 3899 851 3955 contrarietatum
899 3916 1088 3973 magna
1143 3899 1410 3956 felicitas!
1454 3900 1677 3968 Quantis
1729 3903 1866 3957 Votis
1919 3901 2003 3956 hic

408 3990 632 4058 petitur,
665 3998 720 4044 ut
749 3988 1042 4045 adversitas
1075 3991 1430 4060 prosperrima
1454 3992 1783 4062 praebeatur!

482 4079 638 4137 Vers.
674 4081 727 4136 8.
765 4081 1019 4146 Quoniam
1049 4085 1208 4152 gratis
1245 4082 1624 4136 absconderant
1671 4084 1797 4136 mihi
1835 4084 2002 4137 interi-

409 4183 519 4228 tum
568 4173 737 4244 laquei
774 4175 877 4245 sui,
902 4191 1025 4230 rane
1067 4175 1497 4245 exprobrauerunt
1538 4176 1766 4229 animam
1815 4193 1999 4231 meant.

409 4264 585 4321 Gratis
615 4281 800 4322 revera
819 4305 836 4332 ,
865 4267 1059 4335 quibus
1097 4267 1232 4321 nihil
1263 4267 1389 4322 mali
1429 4267 1650 4323 fecerat.
1674 4267 1805 4334 Quae
1833 4268 1999 4338 ﬁgura

406 4357 607 4412 dicitur
622 4356 898 4427 syncrisis,
918 4371 1037 4412 cum
1054 4357 1456 4426 comparatione
1475 4360 1699 4429 quadam
1715 4359 2000 4431 iustiorem

407 4461 628 4502 causam
672 4454 908 4501 nostram
935 4485 950 4513 ,
1000 4461 1158 4516 quam
1205 4447 1499 4502 adversarii
1541 4448 1998 4506 demonstrantus.

408 4538 545 4594 Illud
569 4538 712 4593 enim
745 4538 1036 4608 gratuitum
1064 4537 1220 4611 115
1246 4538 1496 4604 dicimus,
1521 4540 1663 4609 quod
1694 4556 1799 4594 non
1828 4541 1997 4597 alicu-

2109 3354 2196 3424 qni
2231 3353 2442 3407 ltetatur
2475 3353 2526 3406 in
2564 3354 2821 3419 Domino,
2853 3368 2951 3408 nec
2979 3355 3229 3424 gaudium
3258 3355 3376 3424 ejus
3407 3355 3698 3424 aliquando

2108 3444 2316 3510 deficit,
2348 3459 2445 3498 nec
2477 3444 2697 3498 suavius
2720 3445 3011 3515 quidquam
3040 3446 3181 3516 quod
3207 3463 3388 3501 amare
3412 3447 3582 3517 pos.~it
3614 3447 3701 3500 in-

2107 3537 2306 3590 veniet.
2337 3535 2472 3601 Quid
2506 3550 2634 3604 ergo
2657 3537 2899 3603 sequitur
2927 3537 3080 3590 istam
3110 3536 3559 3592 exsultatimiem?
3585 3542 3700 3591 sci-

2109 3627 2232 3681 lii'et
2255 3626 2506 3694 quoniam
2529 3626 2865 3679 delectabitur
2887 3642 3040 3694 super
3062 3628 3286 3681 salutare
3301 3629 3431 3696 ejus.
3449 3625 3700 3682 Salutare

2107 3728 2284 3774 autem
2315 3729 2394 3774 est
2427 3719 2637 3773 Domini
2671 3719 2924 3788 majestas
2960 3719 3149 3784 Verbi,
3187 3720 3329 3774 unde
3358 3722 3506 3774 salus
3537 3735 3701 3788 egre-

2105 3810 2271 3877 ditur,
2315 3821 2367 3866 et
2401 3811 2508 3865 vita
2541 3794 3002 3878 prtestaturft'ens
3037 3811 3452 3878 misericordize,
3485 3811 3697 3881 suppli-

2106 3907 2341 3961 cantinm
2375 3904 2707 3968 remedium,
2741 3905 2987 3959 remissio
3015 3915 3373 3972 peccatorum.

2178 3995 2332 4052 Vers.
2368 3997 2452 4049 Η.
2487 3995 2670 4048 Omnia
2692 4011 2808 4048 ossa
2836 4011 2946 4048 mea
2968 3995 3135 4048 dicent
3159 4011 3178 4048 :
3203 3993 3444 4056 Domine,
3472 3994 3584 4061 quis
3613 3995 3694 4048 si-

2106 4084 2241 4141 milis
2265 4087 2392 4140 tibi?
2417 4087 2546 4140 Ossa
2577 4100 2675 4139 nec
2701 4100 2916 4140 sensum
2949 4102 3048 4141 nec
3077 4101 3259 4142 vocem
3296 4087 3490 4140 habere
3513 4086 3696 4138 mani-

2106 4179 2297 4234 fi-Stum
2329 4190 2435 4244 est,
2468 4179 2560 4234 sed
2595 4179 2765 4250 (sicut
2797 4179 3106 4248 frequenter
3132 4180 3399 4244 diximus)
3429 4177 3695 4231 fortitudo

2103 4268 2270 4323 animi
2290 4277 2344 4323 et
2369 4267 2668 4322 constantia
2695 4268 2888 4322 mentis
2915 4267 3115 4323 debent
3146 4268 3392 4336 intelligi.
3425 4268 3553 4334 Quae
3577 4281 3698 4320 me-

2104 4361 2212 4415 rito
2235 4361 2434 4414 ossibus
2461 4371 2866 4430 comparantur,
2899 4361 3024 4429 quia
3053 4361 3192 4415 sicut
3221 4360 3310 4413 illa
3338 4374 3536 4428 corpus
3562 4372 3703 4413 con-

2105 4453 2307 4519 tinent,
2340 4453 2412 4507 ita
2437 4463 2492 4507 et
2521 4452 2638 4506 hare
2662 4462 2878 4507 sanctas
2901 4451 3216 4507 corroborat
3244 4449 3568 4504 voluntates.
3601 4448 3703 4502 Di-

2103 4551 2227 4597 cant
2265 4557 2395 4613 ergo
2436 4542 2539 4598 hoc
2577 4552 2975 4598 sacramentum
3005 4558 3142 4607 ossa,
3171 4557 3276 4596 non
3313 4555 3475 4602 caro.
3517 4540 3568 4593 id
3609 4551 3705 4595 est

402 4627 496 4699 jus
527 4630 601 4684 rei
630 4643 858 4698 compen
889 4629 1070 4684 atione
1099 4629 1372 4684 tribuitur.
1413 4629 1799 4685 Absconderunt
1840 4631 1996 4701 mihi,
2033 4621 2082 4681 D
2110 4632 2354 4700 firmitas,
2387 4649 2492 4687 non
2517 4633 2804 4688 remissio:
2830 4633 2954 4702 quia
2991 4633 3150 4687 talem
3184 4632 3438 4702 hymnum
3463 4645 3570 4684 non
3598 4646 3707 4699 po-

399 4730 474 4784 ,ιιι
502 4721 582 4777 illi
611 4721 894 4790 putabant,
927 4722 1018 4791 qui
1046 4721 1344 4776 divinitatis
1385 4721 1502 4789 ejus
1556 4723 1848 4793 petentiam
1891 4739 2000 4778 non

415 4817 726 4874 credebant.
746 4817 878 4872 Nam
902 4818 1029 4886 quid
1055 4826 1231 4888 potest
1258 4817 1522 4884 abscondi,
1547 4818 1630 4872 cui
1663 4818 1791 4872 nihil
1821 4818 1998 4873 occul-

411 4918 526 4963 tum
552 4907 669 4964 est?
694 4908 787 4964 Ille
815 4910 959 4962 enim
989 4917 1044 4963 et
1072 4907 1400 4977 proditorem
1431 4922 1584 4962 suum
1622 4908 1674 4962 in
1713 4923 1864 4963 creua
1905 4908 1998 4964 de-

410 5004 661 5072 signavit,
678 5011 730 5056 et
749 5000 1074 5071 passionem,
1093 5011 1376 5069 antequam
1403 5004 1728 5069 proven’ri-t,
1752 5003 1991 5066 edocuit;

409 5111 512 5151 nec
538 5094 826 5164 quidquam
861 5094 954 5147 fuit
978 5093 1117 5162 quod
1147 5094 1196 5145 ei
1227 5093 1634 5156 absconderetur,
1668 5093 1788 5162 quia
1818 5094 1995 5148 omnia

407 5201 521 5243 sua:
547 5185 832 5240 voluntatis
861 5184 1261 5252 dispensatione
1293 5183 1608 5250 patiebatur.
1646 5184 1784 5238 Bene
1815 5193 1994 5238 autem

407 5277 609 5332 dictum
643 5287 744 5342 est,
769 5275 1027 5328 interitum
1057 5275 1221 5343 laquei
1249 5275 1350 5337 sui,
1382 5275 1502 5342 quia
1537 5276 1624 5329 ille
1654 5276 1859 5342 laqueus
1886 5291 1991 5329 non
2040 5301 2047 5310 ·

406 5369 688 5422 morientis
717 5377 834 5420 erat
857 5405 870 5427 ,
898 5366 991 5418 sed
1027 5367 1296 5431 peccantis
1345 5367 1514 5433 magis
1554 5365 1818 5418 interitus.
1859 5365 1990 5419 Nam

405 5459 549 5525 quod
580 5461 838 5526 sequitur,
861 5473 987 5511 vane
1013 5457 1440 5524 exprobrauerunt
1463 5459 1686 5510 animam
1714 5475 1897 5523 meam,
1921 5458 1994 5514 si-

408 5553 626 5623 gnificat
654 5551 785 5606 false
813 5560 1221 5616 accusaverunt,
1251 5551 1462 5621 quando
1489 5550 1740 5605 Judaicus
1769 5553 1992 5619 populus

409 5641 637 5694 Domino
665 5643 927 5696 Salvatori
957 5643 1096 5695 dicta
1126 5643 1334 5695 veracia
1367 5642 1512 5707 quasi
1545 5643 1746 5694 crimen
1775 5641 1990 5709 aliquod

409 5730 761 5798 imputabant.
817 5731 1129 5787 Clamabam
1175 5735 1316 5787 enim
1364 5734 1547 5787 vesani
1591 5733 1922 5786 mendaciter
1975 5749 1987 5784 :

411 5818 516 5878 Ilia
558 5826 626 5874 est
671 5820 756 5889 qui
798 5820 1024 5891 dicebat,
1069 5823 1329 5878 destruant
1379 5822 1617 5894 templum
1653 5825 1749 5876 hoc
1777 5821 1986 5895 (Matth.

2103 4736 2208 4783 test
2229 4727 2330 4781 nisi
2362 4725 2477 4781 sola
2509 4726 2702 4781 mentis
2723 4727 2903 4781 dicere
2926 4725 3201 4781 fortitudo.
3231 4724 3356 4792 Quis
3382 4722 3701 4793 negativum

2104 4825 2187 4872 est
2219 4833 2234 4871 :
2270 4816 2396 4884 quia
2439 4831 2596 4870 nemo
2628 4824 2800 4886 potest
2835 4830 2954 4871 esse
2995 4816 3209 4883 similis,
3242 4829 3361 4869 cum
3399 4814 3468 4866 sit
3503 4819 3705 4866 saneta

2105 4910 2338 4966 Trinitas
2375 4909 2684 4978 singularis.
2728 4909 2952 4963 Multum
3005 4910 3202 4978 quippe
3242 4916 3324 4962 est
3363 4913 3609 4959 creatura
3663 4919 3708 4959 ει

2104 5001 2362 5057 Creatore
2380 5001 2652 5056 dissimilis
2669 5019 2681 5052 :
2697 5002 2783 5056 illa
2803 5001 3032 5070 denique
3049 5004 3233 5066 servit,
3249 4999 3345 5054 iste
3356 4997 3706 5053 dominatur.

2181 5093 2332 5149 Vers.
2367 5094 2456 5148 12.
2500 5089 2736 5162 Eripiens
2779 5094 2980 5164 inopem
3019 5092 3082 5146 de
3111 5107 3265 5145 manu
3293 5088 3520 5156 fortioris
3542 5087 3710 5159 [ed.,

2105 5184 2395 5258 fortiorum]
2419 5189 2548 5258 ejus,
2566 5203 2776 5258 egenum
2801 5199 2846 5241 et
2868 5201 3140 5254 pauperem
3160 5202 3192 5237 a
3213 5183 3526 5249 rapientibus
3548 5197 3707 5238 eum.

2106 5279 2160 5333 In
2201 5280 2303 5332 isto
2334 5294 2491 5331 versu
2530 5280 2778 5348 exposuit
2809 5278 2945 5346 quod
2979 5276 3224 5344 superius
3260 5275 3429 5329 dixit:
3468 5273 3590 5337 Quis
3616 5273 3717 5323 si—

2103 5368 2240 5421 milis
2267 5369 2396 5421 tibi?
2423 5367 2554 5421 Nam
2580 5384 2700 5422 cum
2734 5368 2978 5422 diabolus
3004 5382 3163 5420 manu
3195 5381 3290 5420 sua
3321 5373 3521 5418 teneret
3551 5378 3717 5429 pulte

2103 5468 2270 5513 totum
2308 5473 2476 5529 genus
2507 5461 2831 5526 humanum,
2871 5460 2938 5515 de
2976 5460 3057 5513 illa
3088 5466 3351 5528 potestate
3386 5469 3488 5524 qua
3530 5463 3717 5508 tene-

2099 5552 2255 5605 liatur
2294 5553 2617 5615 obnoxium,
2663 5562 2873 5607 constat
2915 5552 3280 5606 incarnatione
3309 5549 3469 5604 Verbi
3513 5545 3715 5602 fuisse

2100 5642 2406 5696 liberatum.
2449 5644 2667 5698 Addidit
2694 5659 2906 5712 quoque
2943 5661 3156 5714 egenum
3195 5652 3242 5696 et
3277 5657 3584 5712 pauperem,
3630 5656 3714 5698 ut

2099 5731 2213 5785 haec
2245 5732 2342 5786 tria
2375 5736 2427 5786 in
2469 5749 2629 5788 unum
2666 5735 2887 5789 culicem
2923 5735 3284 5789 conditionem
3321 5735 3535 5802 generis
3571 5734 3715 5785 hu-

2099 5823 2241 5897 mani
2273 5838 2516 5894 pressam
2558 5825 2949 5883 calamitatibus
2985 5824 3308 5881 indicarent.
3347 5821 3512 5892 Inops
3549 5835 3714 5891 ergo
