4030 6172
371 258 492 311 213

1279 257 1635 314 EXPOSITIO
1676 258 1737 313 IN
1778 256 2236 315 PSALTERIUM.
2282 262 2360 318 PS
2380 260 2471 319 χιι.
2517 262 2753 317 XXXIV.

3556 266 3667 319 246

368 375 609 433 dicitur,
656 370 779 443 quia
806 372 1045 425 mortalis
1084 371 1303 427 elfectus
1340 382 1453 437 est;
1488 390 1708 443 egenus,
1746 373 1871 441 quia
1913 373 1964 426 in
1997 376 2042 433 A
2074 374 2204 429 Nam
2241 377 2284 430 si
2316 376 2572 432 historice
2600 379 2861 447 accipias,
2890 394 3155 448 nunquam
3189 396 3310 435 eum
3342 381 3472 451 legis
3504 393 3659 437 usuin

371 464 659 516 laboribus
680 472 732 516 et
756 463 1042 517 sudoribus
1068 478 1255 531 panem
1281 465 1562 533 quaesivit;
1595 482 1809 532 pauper,
1836 480 1965 533 quo—

372 554 525 606 niam
551 554 620 607 de
650 554 736 606 illa
765 555 1029 621 sapientia
1061 565 1115 607 et
1149 555 1375 623 puritate
1400 555 1662 624 dejectus,
1689 556 1856 608 solam
1892 566 1968 609 te-

370 659 541 697 nuem
557 653 612 697 et
632 643 972 697 umbratilem
993 645 1343 698 ratiunculam
1364 645 1826 713 possidebat.Num
1850 647 1968 716 quis

366 735 523 786 dicat
553 749 648 787 eos
676 749 803 788 vere
831 734 1094 801 snpuisse,
1121 737 1210 801 qui
1234 738 1467 789 auctoris
1491 737 1570 790 sui
1608 738 1968 805 probabantur

365 826 661 879 scientiam
696 842 799 879 non
833 826 1064 880 habere?
1091 828 1193 881 Sed
1226 830 1365 882 hunc
1395 828 1552 882 taletn
1586 844 1681 897 per
1712 831 1960 885 incarna-

366 919 579 968 tionem
631 932 780 970 suam
830 915 1120 985 liberasse,
1174 935 1331 986 quam
1364 920 1639 984 mirabile,
1681 936 1840 989 quam
1887 930 1968 975 est

365 1009 705 1063 omnimodis
750 1010 1055 1078 singulare,
1103 1023 1158 1064 ut
1200 1013 1392 1066 merito
1434 1013 1681 1067 dicatur:
1716 1015 1963 1080 Domine,

364 1100 484 1167 quis
520 1100 709 1154 simil's
750 1101 877 1153 tibi?
911 1101 977 1153 Et
1010 1112 1278 1156 tuemento
1317 1103 1456 1171 quod
1490 1117 1682 1171 supra,
1716 1108 1779 1157 de
1814 1122 1966 1159 manu

364 1190 639 1259 fortioris,
674 1191 945 1244 diabolqu
981 1192 1274 1261 signiﬁcat,
1307 1194 1397 1262 qui
1428 1195 1500 1249 uti
1527 1210 1611 1262 (ue
1653 1197 1843 1249 fortine
1866 1198 1969 1251 ho-

366 1282 615 1334 minibus
641 1293 780 1335 erat.
809 1282 1035 1337 Inferius
1057 1301 1087 1335 a
1116 1285 1426 1351 rapientibus
1460 1302 1593 1353 eum,
1624 1288 1841 1355 spiritus
1866 1290 1967 1341 im-

366 1372 611 1427 mundos
627 1373 851 1444 intelligi
876 1375 1015 1440 vult,
1041 1376 1128 1445 qui
1155 1378 1407 1444 potestati
1435 1380 1712 1435 diabohcm
1738 1382 1962 1435 nefanda

366 1463 665 1519 devotione
692 1466 1067 1521 commilitaut.

443 1554 607 1611 Vers.
646 1556 733 1611 i3.
766 1555 1111 1628 Exsurgentes
1138 1567 1291 1614 testes
1319 1560 1482 1630 iniqui
1508 1578 1622 1631 qua:
1662 1564 1963 1634 ignorabam

363 1644 763 1716 interrogabant
790 1663 887 1700 me.
915 1647 1202 1717 Postquam
1234 1649 1371 1704 dixit
1397 1650 1721 1721 multiplices
1743 1653 1961 1706 calami-

2075 463 2238 517 l‘uisse
2268 466 2455 519 cilicio.
2491 467 2632 537 Ergo
2655 468 2779 521 dum
2810 467 2977 521 .ludiei
3002 484 3095 538 per
3126 472 3477 525 contumelias
3500 482 3553 526 et
3576 474 3656 525 in-

2071 556 2235 608 silias
2263 566 2427 609 essent
2457 558 2675 624 molesti,
2709 559 2798 613 ille
2820 557 3153 614 divinitatem
3185 574 3335 614 suam
3367 562 3542 615 carnis
3565 578 3654 616 ve-

2072 646 2265 701 lamine
2291 650 2586 702 tenebrosis
2612 649 2881 704 mentibus
2912 649 3190 703 occulebat
3212 692 3224 714 ,
3251 651 3373 718 quia
3401 668 3505 705 non
3539 668 3651 707 me-

2071 739 2330 794 rebantur
2367 756 2658 810 agnoscere
2687 758 2843 811 quem
2884 745 2972 798 tali
3019 746 3290 814 impietate
3331 744 3649 799 tractabant.

2072 830 2181 883 lloc
2210 831 2426 885 schema
2470 834 2830 895 metriasmos,
2865 834 2913 888 id
2947 846 3027 889 est
3058 836 3648 903 mediocritasdicitur,

2069 924 2278 991 quoties
2320 938 2430 978 rem
2468 939 2713 994 magnam
2746 924 2934 979 hnnIili
2977 938 3100 979 voto
3140 928 3440 995 dejicimus.
3475 929 3647 996 Quam

2071 1014 2288 1081 figurant
2317 1023 2371 1068 et
2399 1016 2450 1068 in
2482 1016 2611 1078 hoc,
2646 1024 2697 1068 et
2729 1016 2779 1068 in
2813 1017 3267 1085 subsequentibus
3299 1020 3539 1073 versibus
3569 1020 3651 1073 di-

2069 1104 2237 1171 ligens
2270 1105 2436 1159 lector
2464 1121 2745 1174 agnosces.
2784 1107 2846 1159 Et
2884 1108 3167 1161 considera
3230 1110 3447 1163 verbum
3487 1111 3651 1165 cmle-

2066 1198 2165 1251 stis
2191 1199 2486 1265 patientim;
2515 1214 2619 1252 non
2644 1197 2793 1263 dicit,
2815 1180 2934 1253 cum
2957 1216 3041 1252 me
3065 1211 3529 1269 persequerentur,
3555 1202 3647 1255 sed

2066 1303 2185 1340 cum
2214 1288 2339 1341 mihi
2366 1288 2565 1342 molesi
2595 1298 2787 1353 essnt;
2834 1290 2976 1359 quod
3009 1292 3247 1345 solemus
3275 1292 3456 1344 dicere
3488 1290 3538 1344 in
3572 1293 3644 1346 le-

2067 1380 2219 1434 vibus
2257 1380 2463 1446 causis,
2508 1381 2595 1434 ubi
2629 1382 2829 1450 aliquid
2870 1383 3171 1451 importune
3210 1393 3519 1452 suggestum
3556 1395 3649 1437 tte-

2066 1470 2213 1525 diosa
2244 1472 2515 1527 voluntate
2541 1474 2885 1541 suscipimus.

2140 1564 2293 1618 V'ers.
2326 1564 2413 1619 16.
2444 1562 2510 1616 Ει
2538 1564 2868 1617 hurniliabam
2894 1566 2947 1618 in
2978 1566 3176 1635 jejunio
3202 1567 3428 1623 auinam
3464 1582 3645 1632 meam,

2066 1667 2111 1710 et
2156 1658 2318 1710 oratio
2357 1672 2471 1709 mea
2517 1658 2570 1710 in
2612 1656 2726 1710 sinu
2773 1674 2882 1710 meo
2932 1659 3332 1715 convertebatur.
3379 1658 3646 1731 Jejunium

362 1744 508 1791 tates
563 1737 759 1805 quibus
807 1739 1151 1807 premebatur
1211 1740 1550 1809 humanitas,
1594 1757 1652 1797 ut
1690 1758 1751 1797 se
1789 1743 1858 1797 ab
1894 1759 1957 1798 ea
1990 1746 2037 1805 Β
2070 1749 2273 1802 Domini
2316 1747 2454 1812 fuit,
2494 1747 2707 1817 quando
2754 1748 2982 1802 nefanda
3026 1750 3390 1805 obstinatione
3426 1752 3646 1805 duratos

362 1842 474 1882 non
497 1828 755 1883 redderet
776 1830 1036 1895 alienum,
1064 1846 1224 1900 quam
1253 1847 1352 1903 pro
1379 1833 1532 1888 nobis
1554 1849 1834 1890 assumere
1860 1851 1956 1891 sua

362 1926 573 1995 pfetate
617 1924 867 1995 dignatus
907 1934 1020 1994 est,
1067 1942 1207 1982 nunc
1256 1928 1525 1998 propriam
1576 1939 1961 1985 commemorat

359 2019 701 2087 passionem.
735 2017 903 2073 Testes
933 2018 1126 2088 igitur,
1159 2020 1249 2089 qui
1272 2021 1450 2075 subito
1478 2022 1680 2091 impetu
1720 2021 1960 2077 belluino

360 2117 739 2179 consurgunt,
778 2125 876 2164 nec
916 2110 1194 2166 moderate
1230 2111 1567 2167 adducuntur
1606 2114 1659 2167 in
1700 2114 1959 2180 medium,

361 2209 491 2255 sunt
524 2201 646 2255 sine
675 2201 1009 2256 dubitatione
1036 2201 1330 2270 falsissimi,
1359 2218 1492 2273 quos
1522 2218 1630 2258 uno
1660 2205 1828 2259 verbo
1855 2219 1951 2272 po-

363 2299 546 2345 tenter
581 2292 828 2362 designat
864 2292 1047 2347 dicens
1086 2310 1099 2346 :
1143 2292 1337 2363 Iniqui.
1384 2293 1585 2349 Revera
1628 2297 1827 2366 iniqui,
1867 2298 1959 2367 qui

360 2395 523 2437 erant
545 2394 733 2437 contra
765 2386 1045 2440 veritatem
1065 2385 1437 2457 justitiamque
1469 2387 1716 2443 locuturi.
1741 2389 1956 2458 Jungit:

362 2478 499 2539 Qum
528 2478 863 2547 ignorabam,
900 2478 949 2530 id
989 2488 1071 2531 est
1111 2494 1227 2545 qnze
1266 2494 1351 2533 me
1389 2478 1589 2534 dixisse
1633 2481 1961 2536 omnimodis

364 2567 699 2620 nesciebam.
732 2568 824 2621 Sic
864 2566 1007 2621 enim
1039 2566 1108 2621 de
1139 2567 1241 2621 illis
1274 2567 1500 2622 dicimus
1532 2571 1620 2637 qui
1655 2584 1715 2625 se
1746 2570 1957 2626 Domini

365 2655 639 2708 beneﬁcio
697 2664 844 2709 recta
896 2656 1305 2711 conversatione
1364 2657 1674 2720 custodiunt
1718 2674 1732 2711 :
1788 2660 1962 2715 nescit

365 2746 624 2808 mentiri,
660 2746 830 2799 nescit
869 2760 1092 2813 rapere,
1124 2746 1297 2800 nescit
1324 2746 1648 2815 opprimere.
1682 2747 1961 2817 lgnorabat

366 2840 515 2891 enim
550 2837 809 2891 Dominus
838 2838 1230 2905 blasphemare,
1258 2839 1398 2905 quod
1429 2840 1475 2893 ei
1503 2839 1752 2908 princeps
1780 2854 1960 2894 sacer-

366 2932 557 2984 dotum
587 2932 774 2984 sciss‘s
804 2931 1043 2984 ve-tibus
1076 2929 1377 2999 imputavit,
1409 2930 1623 3000 quando
1650 2932 1783 2985 dixit
1810 2950 1822 2985 :
1869 2932 1957 2985 l’i-

369 3023 556 3075 debitis
596 3020 789 3075 Filiunl
824 3022 1044 3074 hominis
1083 3022 1341 3075 sedentem
1376 3022 1445 3074 ad
1483 3022 1743 3074 dexteram
1782 3020 1960 3076 Patris

2062 1855 2168 1893 non
2200 1837 2505 1894 inveniebat
2529 1879 2543 1903 ,
2589 1853 2725 1908 quos
2757 1837 2812 1892 in
2842 1839 3027 1908 epulas
3067 1840 3375 1908 apiritualcs
3404 1854 3647 1895 assume-

2062 1940 2162 1986 ret.
2190 1930 2316 1985 llzee
2361 1930 2505 1985 enim
2535 1930 2631 1983 fuit
2673 1930 2935 1985 sterilitas
2964 1931 3159 1985 animus
3191 1931 3387 2001 ipsius,
3417 1932 3647 2000 quodet

2051 2022 2329 2095 jejunium.
2356 2021 2622 2091 Jejunium
2657 2022 2801 2076 enim
2842 2023 3041 2076 dictum
3086 2032 3171 2075 est
3201 2023 3351 2091 quasi
3383 2021 3639 2085 inedium,

2060 2113 2202 2183 quod
2233 2114 2565 2169 abstinentes
2588 2113 2791 2168 diutius
2818 2114 2885 2167 ad
2909 2114 3139 2168 inediam
3166 2129 3337 2183 usque
3364 2113 3641 2183 perducat.

2061 2204 2326 2274 Jejunavit
2356 2219 2483 2275 ergo
2526 2203 2816 2270 Dominus,
2851 2204 2972 2273 quia
3000 2220 3060 2258 se
3090 2205 3135 2259 ci
3167 2204 3443 2259 incredula
3487 2205 3642 2258 turba

2063 2296 2422 2350 subtraxerat.
2457 2294 2640 2349 Potest
2669 2295 2828 2350 etiam
2857 2305 2910 2349 et
2933 2294 3197 2364 jejunium
3225 2294 3501 2360 corporale
3536 2296 3638 2350 Do»

2063 2386 2205 2440 mino
2228 2386 2540 2452 convenire,
2572 2385 2822 2455 quoniam
2846 2386 3196 2455 quadraginta
3228 2385 3414 2440 diebus
3450 2397 3504 2440 et
3548 2401 3642 2439 no.

2062 2477 2516 2547 (tibnsjejunavit
2546 2479 2599 2532 in
2646 2486 2829 2532 monte
2868 2476 3079 2547 (Matth.
3130 2492 3201 2542 Iv,
3250 2477 3349 2546 2);
3399 2476 3493 2531 sed
3548 2477 3642 2531 illo

2064 2569 2300 2639 perfecto
2320 2568 2526 2637 jejunio
2555 2570 2622 2623 de
2647 2584 2753 2637 quo
2786 2568 2945 2622 Isaizts
2984 2568 3114 2621 dixit
3140 2584 3151 2619 :
3186 2566 3338 2621 Solve
3357 2582 3505 2619 anne
3534 2568 3643 2618 vin-

2063 2660 2233 2713 culum
2283 2659 2601 2728 iniquitatis,
2650 2658 2865 2711 dissolve
2910 2657 3241 2727 obligationns
3282 2655 3649 2708 vehementiam

2064 2751 2533 2811 commutationum,
2566 2751 2763 2803 dimitte
2786 2750 2998 2819 afﬂictos
3025 2750 3077 2802 in
3121 2749 3434 2812 remissione,
3464 2758 3511 2801 et
3537 2764 3646 2800 om-

2066 2857 2175 2893 nem
2203 2840 2580 2893 rctributimem
2612 2840 2838 2908 iniquam
2876 2840 3169 2907 disrumpe;
3202 2840 3380 2908 frange
3407 2838 3647 2891 esurienti

2065 2947 2247 3003 panem
2286 2941 2431 2984 tuum
2452 2970 2467 2995 ,
2507 2939 2553 2984 et
2596 2946 2841 3000 pauperes
2868 2931 2975 2983 sine
2998 2939 3124 2982 tecto
3168 2930 3323 2981 induc
3352 2930 3405 2981 in
3435 2928 3644 2981 domum

2067 3033 2225 3075 tuam.
2248 3022 2308 3077 Si
2328 3021 2511 3074 videris
2542 3021 2756 3083 nudum,
2784 3020 3006 3084 cooperi,
3038 3028 3084 3072 et
3113 3018 3411 3071 domesticos
3438 3017 3643 3071 seminis

376 3113 597 3181 (Matth.
623 3128 769 3177 xva,
798 3113 919 3181 64);
948 3121 1002 3167 et
1030 3114 1449 3168 subsecutusest
1477 3114 1722 3182 princeps
1748 3113 1961 3169 Iudaeo.
1989 3103 2034 3165 C
2067 3115 2140 3167 tui
2189 3130 2291 3167 non
2334 3112 2598 3182 despicies.
2650 3109 2793 3163 Tunc
2839 3118 3066 3177 erumpet
3114 3109 3416 3162 matutinum
3468 3110 3641 3163 lumen

371 3219 490 3258 rum
521 3222 534 3256 :
566 3202 983 3271 Blaspltemavit;
1012 3203 1134 3271 quid
1158 3204 1327 3257 adhuc
1356 3221 1558 3275 egemus
1581 3204 1829 3259 testibus?
1856 3205 1960 3262 Sed

369 3299 536 3367 quale
578 3298 941 3352 testimonium
987 3298 1175 3361 fuerit,
1219 3297 1562 3367 subscquenti
1597 3298 1757 3352 verbo
1784 3298 1959 3353 decla-

376 3391 547 3453 ravit;
580 3397 639 3441 ut
660 3403 754 3441 eos
774 3404 879 3441 non
900 3388 1101 3441 diceret
1124 3388 1441 3452 convicisse,
1465 3388 1556 3441 sed
1583 3388 1958 3457 interrogasse,

368 3481 526 3549 quasi
561 3495 669 3534 non
700 3479 767 3534 de
796 3495 890 3533 sua
923 3478 1227 3547 integritate
1260 3477 1531 3543 conlisus,
1565 3478 1659 3532 sed
1694 3480 1760 3532 de
1786 3479 1957 3532 aliena

368 3589 507 3627 voce
535 3572 823 3626 sollicitus.
848 3572 924 3627 De
950 3586 1055 3640 quo
1081 3571 1199 3625 loco
1225 3569 1506 3624 Matuta-us
1530 3571 1854 3641 evangelista
1880 3573 1959 3625 sic

368 3672 441 3720 ait
482 3685 498 3721 :
551 3666 844 3720 Novissime
882 3676 1052 3718 autent
1088 3675 1330 3719 venerunt
1372 3666 1476 3718 duo
1527 3666 1649 3735 falsi
1694 3676 1871 3731 testes,
1912 3674 1959 3717 et

369 3762 615 3813 dixerunt
645 3774 664 3812 :
702 3758 999 3811 Audiuimus
1027 3758 1160 3810 [tunc
1189 3756 1378 3809 dixisse
1407 3768 1426 3810 :
1460 3755 1676 3809 Possum
1706 3756 1962 3808 destruere

373 3851 617 3920 templum
645 3853 741 3901 hoc
765 3848 1009 3919 (Ibidem,
1035 3846 1148 3916 (Ο),
1183 3857 1286 3901 etc.

448 3945 601 3996 Vers.
635 3940 721 3996 Η.
761 3938 1119 3992 Ιίεινὶὺηεὸαηι
1150 3938 1276 3991 milii
1307 3940 1445 3991 mala
1475 3955 1567 4008 pro
1607 3938 1750 3990 bonis
1770 3978 1782 4002 ,
1811 3939 1959 3991 steri-

373 4038 567 4088 litafem
604 4035 794 4087 animo?
824 4048 966 4087 metr.
1008 4032 1121 4085 Non
1153 4032 1323 4098 potuit
1361 4031 1559 4099 aliquid
1601 4046 1699 4084 nec
1739 4031 1958 4085 brevius

372 4142 469 4179 nec
499 4126 797 4193 elegantius
834 4124 959 4177 dici.
997 4122 1260 4177 Beneﬁcia
1301 4122 1509 4175 Domini
1559 4131 1817 4191 actusque
1858 4122 1955 4175 Ju-

370 4219 611 4269 dmorum
660 4216 883 4283 singulis
923 4224 1048 4268 sunt
1087 4213 1424 4267 sermonibus
1453 4213 1746 4282 explicata,
1787 4213 1838 4267 id
1877 4224 1957 4267 est

370 4309 507 4358 inata
528 4321 623 4371 pro
640 4306 818 4368 bonis;
845 4305 1051 4359 scilicet
1076 4304 1198 4373 quia
1231 4305 1354 4358 dum
1381 4304 1469 4357 ille
1498 4308 1659 4356 vitam
1691 4303 1957 4357 credenti-

371 4396 471 4450 bus
509 4396 868 4459 contulisset,
925 4394 1012 4448 isti
1063 4403 1291 4448 mortem
1342 4392 1568 4447 reddere
1616 4393 1951 4456 maluerunt;
1982 4384 1991 4389 ⁷’

2063 3213 2234 3270 tuum,
2267 3214 2312 3258 et
2337 3203 2532 3256 sanitas
2566 3211 2651 3255 tua
2689 3201 2791 3254 cito
2820 3202 3027 3255 orietur.
3062 3198 3127 3252 Et
3154 3201 3400 3270 prwcedct
3440 3212 3559 3254 ante
3599 3216 3647 3255 te

2055 3296 2258 3367 justitia
2281 3306 2387 3358 tua,
2414 3303 2460 3349 et
2484 3297 2723 3366 majestas
2752 3293 2954 3347 Domini
2980 3292 3317 3347 circumdabit
3340 3305 3403 3347 te.
3433 3292 3496 3346 Et
3528 3302 3645 3348 tunc

2064 3387 2328 3444 clamabis.
2358 3395 2405 3441 et
2433 3387 2566 3439 Deus
2591 3386 2824 3439 exaudiet
2851 3395 2917 3450 te,
2950 3385 3116 3438 adhuc
3142 3393 3190 3437 te
3216 3386 3451 3454 loquente
3472 3386 3600 3439 dicet
3625 3402 3645 3439 :

2064 3479 2196 3535 Ecce
2232 3480 2413 3533 adsum
2448 3477 2615 3547 (lsai.
2648 3492 2799 3542 LVIII,
2828 3476 2881 3541 6,
2912 3478 2964 3543 7,
2992 3476 3045 3543 8,
3081 3476 3163 3545 9),
3192 3485 3245 3530 et
3269 3487 3493 3543 cratera,
3526 3491 3644 3544 qua:

2065 3581 2240 3626 textus
2279 3570 2367 3623 ille
2400 3568 2661 3623 mirabilis
2708 3568 2912 3623 coe'esti
2961 3581 3182 3621 tonuere
3224 3566 3523 3634 pollicetur.
3569 3567 3679 3620 ita,

2064 3665 2313 3734 Magister
2342 3664 2533 3727 bonus,
2578 3662 2718 3731 qttod
2772 3661 3151 3730 prophetarum
3205 3658 3532 3728 praedixerat
3581 3658 3645 3711 li-

2065 3759 2202 3824 bris,
2252 3757 2555 3811 humanitus
2600 3754 2935 3809 evidentibus
2987 3752 3310 3808 monstravit
3358 3751 3639 3819 exemplis.

2063 3848 2280 3903 Addidit
2302 3862 2513 3916 quoque
2544 3844 2890 3900 seen-liorem
2923 3858 3138 3897 causam
3163 3856 3282 3911 quin
3314 3841 3449 3895 bene
3475 3855 3642 3894 cvan-

2061 3938 2227 4007 gelica
2274 3934 2621 3989 similitudine
2670 3941 2957 3987 reseratur.
3014 3931 3150 3984 Dicit
3195 3930 3338 3984 enim
3384 3928 3639 3984 Dominus

2061 4027 2333 4097 discipulis
2373 4027 2481 4080 suis
2513 4043 2524 4076 :
2571 4023 2831 4077 latrantes
2871 4033 3037 4075 autent
3083 4023 3135 4075 in
3178 4022 3386 4072 domum
3426 4020 3643 4073 saluta'e

2062 4134 2171 4173 eam
2196 4118 2416 4170 dicentes
2441 4132 2458 4167 .'
2484 4114 2600 4169 Pax
2629 4114 2745 4167 huic
2769 4114 2961 4165 domui.
2987 4112 3047 4163 Et
3070 4113 3112 4164 si
3142 4111 3353 4180 quidem
3372 4112 3525 4179 fuerit
3549 4112 3641 4163 do-

2061 4223 2173 4259 mus
2196 4205 2284 4257 illa
2313 4204 2491 4273 digna,
2514 4203 2672 4256 veniet
2699 4218 2801 4272 pax
2820 4210 2983 4254 vestra
3020 4215 3167 4270 super
3187 4215 3299 4253 eain
3324 4215 3341 4263 ;
3373 4202 3643 4253 sinantrm

2060 4326 2159 4362 non
2191 4308 2340 4369 fuerit
2370 4308 2545 4376 digna,
2589 4320 2689 4373 par:
2716 4312 2877 4358 vestra
2904 4302 2971 4354 ad
3006 4317 3090 4354 vos
3118 4306 3392 4353 revertetur
3425 4297 3638 4369 (Matth.

2060 4416 2119 4463 x,
2158 4400 2244 4463 1:2,
2279 4398 2391 4465 15).
2422 4395 2568 4450 Talis
2598 4403 2678 4450 est
2705 4403 2759 4448 et
2790 4394 2889 4447 ista
2921 4392 3093 4445 oratio
3120 4405 3237 4459 qua:
3268 4388 3585 4443 fundebatur
3611 4407 3638 4441 a

370 4485 513 4552 quod
546 4484 918 4538 retributionis
944 4498 1115 4552 genus
1140 4484 1400 4539 malorum
1428 4483 1665 4538 omnium
1696 4483 1953 4551 probatur
1982 4482 2034 4541 D
2062 4489 2307 4543 Domino.
2341 4488 2472 4541 Nam
2503 4486 2628 4540 dum
2669 4499 2786 4540 eam
2828 4482 3174 4537 detestabiles
3204 4480 3372 4533 Judaéi
3421 4482 3641 4535 minime

368 4585 695 4629 extremum.
729 4572 992 4628 Sterilitas
1014 4588 1229 4643 quoque
1252 4575 1439 4627 animo:
1461 4573 1581 4638 fuit,
1610 4573 1824 4643 quando
1845 4573 1953 4627 Ma-

370 4666 539 4736 gister
570 4666 746 4721 bonus
774 4667 826 4721 in
859 4666 988 4735 ipsis
1022 4665 1247 4722 fructum
1282 4666 1402 4722 ﬁdei
1430 4667 1667 4735 reperire
1704 4681 1809 4722 non
1852 4682 1950 4737 po-

372 4761 503 4823 tuit;
539 4772 641 4813 nec
671 4767 889 4827 pectora
917 4771 1104 4813 eorum
1134 4756 1468 4813 credulitatis
1493 4756 1737 4828 germina
1767 4757 1950 4813 reddi-

372 4848 595 4915 derunt,
616 4861 738 4918 qua
758 4860 921 4903 saxeo
942 4856 1161 4918 stupore
1180 4847 1369 4902 durata
1389 4855 1534 4902 sunt.
1558 4846 1663 4903 Sed
1688 4861 1755 4902 ne
1781 4846 1951 4903 ιιιόωί

372 4954 433 4995 se
459 4939 651 4996 leviter
676 4939 945 4994 animant
970 4939 1213 4995 addictos
1242 4938 1366 4994 huic
1392 4937 1658 4995 sterilitati
1675 4978 1693 5005 ,
1723 4948 1779 4995 et
1807 4940 1861 4994 in
1888 4941 1952 4995 ti-

374 5034 564 5088 culaea
591 5033 682 5087 illa
706 5032 1021 5102 (Evangelia
1041 5032 1199 5103 teste)
1222 5031 1521 5100 maledixit,
1549 5032 1603 5088 in
1627 5048 1729 5103 qua
1748 5030 1951 5088 fructus

375 5126 593 5180 ornnino
622 5139 728 5179 non
756 5124 953 5192 reperit
976 5122 1168 5196 (Herc.
1193 5139 1267 5190 xI,
1292 5123 1402 5194 £3).

447 5217 601 5272 Vera.
621 5215 707 5271 i5.
729 5214 841 5286 Ego
859 5225 1047 5281 autem,
1061 5231 1180 5269 cum
1198 5215 1325 5271 mihi
1342 5217 1544 5271 molesti
1561 5225 1747 5283 essent,
1768 5216 1950 5271 indue-

379 5310 487 5363 bam
516 5326 598 5364 me
625 5310 812 5363 cilicio.
840 5307 1077 5363 Ciliciam
1115 5309 1174 5363 tit
1208 5323 1274 5364 ex
1307 5307 1475 5364 haedis
1506 5323 1755 5379 asperum
1788 5310 1949 5383 116

378 5404 773 5471 setigerumque
814 5410 1210 5469 tegumentum:
1251 5401 1340 5469 qui
1372 5400 1436 5454 ad
1477 5401 1666 5458 delicta
1701 5402 1826 5470 jure
1867 5417 1951 5456 re-

379 5491 637 5556 feruntur,
664 5491 913 5560 quoniam
946 5500 1001 5545 et
1035 5493 1087 5545 in
1122 5490 1326 5560 judicio
1365 5491 1570 5545 Domini
1605 5492 1661 5546 in
1702 5501 1953 5561 peccato-

381 5599 492 5637 rum
532 5595 682 5652 parte
713 5593 837 5637 sunt
866 5584 1043 5652 positi.
1078 5585 1216 5652 Ergo
1248 5584 1537 5648 Dominus,
1567 5585 1687 5655 quia
1729 5601 1947 5642 carnem

382 5678 575 5741 peccati
606 5678 916 5747 assumpsit,
948 5675 1169 5729 cilicium
1200 5691 1254 5729 se
1281 5675 1505 5731 induisse
1540 5686 1948 5733 commemorat.

2059 4580 2338 4648 suscipere
2366 4585 2725 4642 mererentur,
2760 4575 2811 4626 in
2844 4574 2959 4626 sinu
2990 4572 3126 4640 ejus,
3159 4572 3207 4623 id
3236 4582 3313 4624 est
3352 4572 3402 4623 in
3434 4579 3642 4625 secreto

2059 4670 2313 4741 pecteris,
2343 4655 2494 4723 unde
2517 4666 2687 4721 fuerat
2716 4678 2962 4734 egressa,
2996 4662 3287 4717 remeabat.
3321 4663 3373 4715 Si
3414 4662 3637 4715 enim-in

2058 4758 2365 4830 pectoribus
2393 4758 2581 4812 luisset
2608 4764 2851 4826 operata,
2885 4769 2991 4809 non
3022 4767 3280 4808 conversa
3311 4752 3513 4822 utique,
3543 4754 3636 4807 sed

2058 4851 2327 4907 diceretur
2354 4849 2550 4904 etl‘usa.

2132 4942 2288 4998 Vere.
2329 4941 2420 4998 17.
2464 4938 2610 4995 Sicut
2647 4938 2960 5007 proximum,
2989 4936 3118 4990 sicut
3161 4938 3370 5005 fratrem
3410 4947 3640 4989 nostrum

2058 5032 2133 5088 ita
2153 5030 2549 5102 complacebam,
2568 5038 2813 5097 tanquam
2833 5029 3012 5099 lugens
3032 5037 3078 5080 et
3098 5028 3430 5081 contristatae
3453 5028 3525 5080 sic
3544 5027 3640 5079 Itu-

2058 5124 2315 5179 miliabar.
2343 5124 2613 5190 Quantum
2638 5120 2704 5175 ad
2726 5120 3086 5191 eloquentiam
3114 5119 3359 5174 Latinam
3388 5119 3634 5189 proximo

2057 5228 2109 5272 et
2130 5215 2282 5272 fratri
2311 5214 2705 5285 complacuisse
2734 5224 2831 5267 nos
2851 5210 3080 5265 dicimus
3104 5227 3117 5264 :
3150 5210 3243 5265 sed
3277 5209 3364 5263 hic
3394 5217 3630 5265 mutatus

2054 5316 2138 5363 est
2159 5306 2433 5361 nominum
2452 5318 2646 5369 casus;
2679 5317 2776 5372 pro
2802 5301 2995 5357 dativis
3015 5299 3158 5356 enim
3184 5298 3474 5356 accusativi
3500 5308 3636 5356 sunt-

2056 5400 2234 5469 positi.
2261 5397 2390 5468 Quae
2420 5396 2586 5466 ﬁgura
2629 5393 2824 5450 dicitur
2859 5392 3174 5462 antiptosis,
3223 5390 3437 5461 quando
3476 5405 3633 5447 casus

2056 5507 2153 5561 pro
2174 5504 2301 5545 casu
2320 5489 2553 5558 ponitur.
2572 5487 2710 5542 Dicit
2731 5487 2873 5542 enim
2895 5486 3023 5539 sicut
3043 5484 3111 5539 de
3135 5485 3392 5555 proximo,
3415 5486 3546 5538 sicut
3566 5485 3634 5540 de

2054 5585 2215 5653 fratre
2235 5590 2431 5645 nostro,
2461 5580 2531 5633 ita
2558 5578 2687 5643 mihi
2719 5575 3128 5647 complacebam;
3158 5576 3212 5631 id
3236 5586 3317 5631 est
3346 5576 3413 5631 de
3444 5591 3631 5633 eorum

2055 5672 2314 5729 afﬁnitate
2335 5669 2765 5743 gaudebam,_qui
2791 5683 2876 5725 mc
2900 5668 3167 5726 hostiliter
3192 5670 3627 5744 insequebantur.
