4030 6172
367 257 464 309 247

1549 265 1615 316 Μ.
1659 262 1933 318 AURELII
1971 262 2362 318 CASSIODORI

3412 326 3417 329 .
3478 272 3579 327 2.18

370 372 484 438 Ipsa
522 379 603 425 est
642 372 783 424 enim
826 371 1050 438 perfecta
1104 373 1406 435 retributio,
1439 374 1481 426 si
1516 388 1610 442 pro
1642 375 1764 428 odio
1802 388 1922 442 gra-
1950 376 2001 433 Ἀ
2027 372 2125 428 hoc
2152 385 2263 442 est,
2299 389 2489 444 przesm
2518 392 2791 447 resurgere
2818 398 2848 432 α
2879 383 3155 451 malefactis
3186 399 3205 436 :
3236 382 3353 452 quia
3386 385 3580 455 injuste

371 460 463 523 tia,
488 460 531 513 si
556 460 867 514 beneﬁcium
896 474 988 524 pro
1014 460 1230 515 la'sione
1254 472 1550 529 praestetur.
1572 462 1922 532 Complaccbat

368 551 509 603 enim
541 550 594 602 in
624 549 728 603 illis
762 548 1037 612 Dominus,
1065 552 1277 617 quando
1307 567 1397 607 eos
1422 552 1643 606 docebat
1667 568 1734 609 ne
1758 553 1923 606 delin-

373 648 618 706 querent,
650 638 860 708 quando
890 653 986 706 pro
1010 639 1137 707 ipsis
1162 640 1300 694 [’atri
1324 641 1374 694 in
1402 656 1560 695 cruce
1581 643 1781 709 positus
1801 658 1921 709 sup-

374 728 622 797 plicabat.
656 729 937 795 Sequitur,
970 740 1207 797 (aliquam
1235 734 1411 799 lugens
1438 740 1483 784 et
1508 734 1827 784 contristalus
1853 735 1923 785 sic

370 816 693 870 humiliabar.
724 816 810 869 Illa
845 817 1048 871 Domini
1077 820 1328 873 sanctitas
1361 831 1412 874 et
1435 822 1670 888 impensa
1693 822 1921 876 Charitas

369 919 521 972 quam
553 905 805 971 docebat,
833 907 1075 973 quamvis
1105 908 1237 961 sicut
1268 908 1456 962 fratres
1486 917 1539 962 et
1571 912 1833 977 proximos
1865 926 1922 965 :e

367 993 577 1048 Judaeos
626 994 874 1049 dilexisse
924 1004 1174 1059 testetur,
1225 999 1570 1051 contristatum
1636 1015 1695 1054 se
1744 1008 1918 1053 tamen

362 1083 504 1152 juste
546 1096 944 1150 commemorat,
993 1087 1114 1153 quia
1156 1086 1207 1139 in
1248 1090 1448 1141 cunctis
1490 1089 1645 1143 ﬁdem
1686 1091 1921 1144 invenire

369 1187 471 1224 non
504 1173 687 1239 putuit,
720 1187 875 1239 quam
908 1188 1228 1242 magnOpere
1250 1177 1537 1243 quaerebat.
1568 1177 1620 1231 Si
1646 1179 1760 1245 quis
1777 1179 1917 1231 enim

368 1261 520 1313 nobis
545 1260 680 1314 bene
710 1263 853 1326 velit,
886 1278 1104 1317 necesse
1129 1275 1212 1318 est
1242 1273 1296 1317 ut
1324 1267 1683 1334 contristetur,
1708 1272 1920 1337 quando

370 1347 421 1400 in
452 1348 603 1401 nobis
633 1365 735 1402 non
769 1359 939 1417 potest
970 1355 1201 1420 reperire
1227 1357 1365 1423 quod
1397 1358 1602 1424 qurerit.

437 1436 590 1491 Vers.
629 1439 710 1492 18.
751 1436 816 1490 Ει
847 1442 1106 1492 adversum
1149 1458 1226 1494 me
1265 1443 1419 1495 laetati
1453 1455 1564 1496 sunt
1600 1455 1647 1496 ct
1684 1463 1920 1499 convene-

368 1537 486 1583 runt
513 1543 532 1582 :
562 1539 863 1598 congregata
889 1539 1001 1582 sunt
1030 1546 1179 1599 super
1208 1548 1285 1584 me
1321 1532 1552 1601 ﬂagella,
1585 1547 1628 1586 et
1657 1536 1916 1605 ignorave-

368 1624 508 1669 runt.
528 1614 657 1669 Cum
675 1617 917 1671 Christus
943 1620 1191 1672 Dominus
1216 1621 1297 1687 pic
1318 1623 1738 1685 contristaretur,
1755 1625 1917 1679 Judaei

2026 467 2279 533 probatur
2324 468 2552 522 occisus.
2605 472 2647 522 Α
2689 472 2909 524 leonibus
2940 474 3118 539 enim,
3159 490 3188 527 a
3231 478 3578 543 potestatibus

2022 556 2255 609 cruentis
2277 567 2433 625 atque
2458 559 2758 613 crudelibus
2787 562 3066 629 signiﬁcat.
3102 562 3333 625 Unicum,
3364 567 3575 633 quidam

2021 659 2235 698 carnem
2280 646 2481 700 Domini
2513 647 2793 702 advertere
2831 650 3142 716 voluerunt,
3190 668 3306 720 quze
3347 654 3470 708 licet
3507 657 3578 708 sit

2021 733 2118 787 ista
2151 736 2477 802 communis,
2514 738 2661 789 unica
2701 745 2872 792 tamen
2906 739 3038 792 facta
3067 751 3146 793 est
3167 783 3181 804 ,
3218 743 3337 810 quia
3366 744 3430 797 de
3461 744 3576 798 Vir-

2020 824 2161 889 gine,
2186 824 2306 891 quia
2335 826 2448 878 sine
2480 835 2729 892 peccato,
2759 828 2877 895 quia
2909 830 3107 882 sociata
3130 840 3212 884 est
3237 831 3441 899 Verbo,
3474 832 3573 888 hnc

2020 922 2101 965 est
2128 913 2216 965 Dei
2249 913 2398 967 Filio.
2431 914 2555 969 Slve
2582 915 2803 982 unicam,
2837 919 3145 971 catholicam
3174 919 3463 974 Ecelesiam
3490 923 3570 973 in-

2022 1001 2333 1068 telligamus,
2371 1004 2521 1072 117
2553 1019 2668 1071 quae
2697 1005 2749 1057 in
2775 1014 2884 1059 toto
2927 1008 3126 1060 mundo
3151 1024 3252 1062 una
3283 1019 3383 1077 est,
3413 1022 3466 1064 et
3496 1013 3575 1065 di-

2021 1094 2244 1148 lectione
2265 1108 2472 1163 magna,
2494 1098 2640 1148 unica
2663 1108 3012 1167 nuncupatur,
3036 1116 3062 1153 a
3082 1117 3179 1169 qua
3205 1101 3571 1158 haereticorum

2019 1184 2381 1237 conventicula
2412 1186 2728 1240 omnimodis
2758 1189 3123 1243 excluduntur.
3150 1193 3275 1244 Nam
3302 1203 3357 1245 ut
3381 1198 3571 1261 probes

2022 1271 2189 1337 ipsam
2229 1272 2333 1325 dici
2374 1274 2607 1339 unicam,
2636 1291 2864 1344 sequens
2895 1293 3077 1333 versus
3107 1282 3359 1345 ostendit,
3392 1282 3479 1350 qui
3506 1284 3573 1335 de

2022 1361 2256 1414 Ecclesfa
2284 1361 2552 1417 locuturus
2572 1374 2671 1418 est.
2693 1366 2970 1435 Etrespiee
2987 1384 3159 1421 rerum
3188 1369 3426 1423 ordinent
3456 1374 3572 1438 pul-

2019 1452 2279 1505 cherrime
2314 1452 2473 1506 fuisse
2504 1466 2763 1509 servatum
2799 1475 2812 1509 :
2857 1458 2999 1524 prius
3050 1474 3143 1527 pro
3184 1462 3572 1515 resurreCtione

2020 1554 2110 1593 sua
2144 1540 2455 1608 deprecatus
2493 1551 2606 1607 est,
2645 1559 2762 1611 quas
2792 1560 2975 1599 revera
3011 1546 3117 1612 jam
3160 1548 3379 1616 contigft
3409 1565 3422 1601 :
3455 1559 3573 1616 post

2021 1629 2190 1682 oravit
2222 1630 2287 1684 de
2319 1630 2574 1684 Ecclesia:
2602 1631 2946 1696 liberatione,
2980 1650 3093 1701 quze
3125 1646 3361 1703 tempore
3387 1636 3572 1704 judlzii

370 1704 531 1771 impia
566 1704 805 1758 libertate
847 1706 1174 1760 lmtabantur.
1208 1707 1311 1761 Sed
1340 1709 1547 1763 diversa
1578 1712 1679 1763 erit
1708 1712 1803 1765 ista
1838 1729 1918 1766 re-
1953 1709 1993 1766 Β
2025 1718 2087 1771 ab
2118 1718 2258 1770 omni
2291 1720 2391 1771 erit
2420 1719 2782 1787 inquietudine
2805 1724 3107 1779 munienda.

370 1802 392 1846 t
423 1793 582 1848 ibutio
608 1809 623 1848 :
649 1793 888 1848 Christus
912 1796 1157 1862 gaudebit
1184 1796 1249 1851 de
1274 1798 1481 1852 tristitia
1510 1816 1621 1863 sua,
1652 1801 1816 1856 Juda-i
1850 1804 1916 1858 de

371 1880 581 1948 propria
608 1892 761 1935 erunt
788 1884 1137 1938 exsultatione
1157 1887 1462 1952 cruciandi;
1488 1903 1607 1941 nam
1638 1891 1773 1944 beati
1797 1901 1918 1946 sunt

367 1972 455 2039 qui
488 1980 703 2040 propter
725 1973 985 2041 justitiam
1014 1975 1197 2044 lugent
1224 1976 1436 2045 (Matth.
1467 1994 1517 2047 v,
1542 1979 1618 2050 5),
1657 1990 1710 2035 et
1741 1984 1915 2037 miseri

366 2064 457 2130 qui
505 2063 678 2131 inepta
724 2064 1072 2133 gratulatione
1115 2069 1444 2135 superbiant.
1489 2072 1715 2139 Exponit
1759 2074 1916 2127 etiam

366 2166 545 2206 casum
580 2156 821 2221 pessima:
864 2156 1115 2210 caecitatis
1145 2176 1156 2208 :
1192 2159 1312 2226 quia
1360 2158 1414 2212 in
1456 2161 1733 2215 Dominum
1764 2178 1916 2217 suum

370 2252 627 2298 tormenta
669 2246 1063 2313 prteparabant,
1098 2262 1213 2316 quae
1242 2250 1294 2303 in
1338 2252 1479 2319 ipsos
1509 2264 1660 2307 erant
1700 2255 1917 2322 iustitiae

367 2334 794 2399 compensatione
836 2335 1086 2387 reditura.
1136 2336 1245 2391 Hoc
1274 2348 1355 2392 est
1394 2340 1533 2394 enim
1576 2343 1716 2411 quod
1746 2345 1913 2401 dicit:

370 2417 435 2469 Et
458 2419 845 2487 ignorarerunt:
887 2423 1004 2489 quia
1051 2424 1102 2476 in
1132 2439 1224 2478 eos
1267 2425 1449 2482 habuit
1484 2431 1745 2499 converti,
1776 2437 1914 2501 quod

367 2509 714 2575 corporaliter
745 2511 1005 2565 innocenti
1036 2513 1345 2569 videbantur
1374 2517 1632 2586 ingerere.

435 2595 587 2650 Vers.
622 2595 704 2652 19.
738 2597 980 2653 Dissoluti
1000 2612 1132 2666 sunt,
1161 2620 1248 2657 nec
1273 2610 1555 2674 compuncti
1576 2621 1726 2675 sunt;
1754 2622 1915 2665 tenta-

366 2693 537 2736 uerunt
562 2702 639 2739 me
663 2697 711 2740 et
741 2688 1020 2743 deriserunt
1045 2694 1252 2759 derisu;
1281 2698 1555 2751 striderunt
1583 2702 1633 2753 in
1654 2719 1731 2755 me
1755 2705 1915 2758 denti-

366 2774 455 2827 bus
484 2776 607 2829 suis.
633 2777 755 2831 Post
784 2778 957 2847 impite
984 2784 1298 2840 temeritatis
1322 2801 1617 2857 excessum,
1642 2793 1769 2847 dicit
1796 2811 1913 2863 quae

365 2864 561 2919 ludatis
590 2866 907 2933 acciderint;
938 2885 1033 2925 nec
1064 2880 1235 2927 tamen
1280 2876 1685 2935 obstinationem
1729 2896 1912 2938 eorum

365 2964 743 3009 commemorat
764 2958 997 3024 potuisse
1022 2965 1271 3016 converti.
1304 2965 1550 3020 Dissoluti
1569 2978 1682 3023 sunt
1711 2973 1907 3042 utique,

363 3056 482 3097 cum
530 3046 774 3113 passione
815 3047 1022 3104 Domini
1068 3052 1146 3105 sol
1194 3056 1437 3111 tenebras
1483 3060 1719 3128 accepit,
1769 3072 1907 3118 terra
1940 3058 1983 3121 C
2012 3046 2153 3154 Ξγπε
2188 3046 2373 3154 populi,
2400 3046 2639 3137 [ξιξιάξιιυᾷ-

364 3137 701 3205 contremuit,
746 3139 919 3191 velum
968 3142 1146 3209 templi
1184 3146 1404 3198 scissum
1449 3158 1530 3201 est
1558 3150 1718 3217 (Luc.
1755 3167 1907 3218 xxm,

366 3223 489 3291 45);
521 3235 575 3278 et
594 3241 712 3280 eum
738 3228 849 3282 haec
871 3236 1012 3284 tanta
1044 3230 1235 3286 fuerint
1265 3243 1476 3290 ostensa
1508 3240 1780 3304 miracula,
1806 3260 1908 3298 non

362 3320 483 3365 sunt
534 3322 704 3368 tamen
751 3322 990 3373 conversi
1043 3321 1269 3378 faciente
1316 3325 1526 3382 duritia.
1581 3329 1908 3387 Tentaverunt

360 3416 486 3457 vero
523 3404 734 3471 quando
777 3406 1015 3463 dixerunt
1048 3427 1058 3460 :
1104 3409 1201 3463 Dic
1238 3414 1378 3467 nobis
1420 3418 1463 3469 si
1502 3424 1554 3469 tu
1590 3435 1642 3472 es
1682 3419 1908 3477 Christus

360 3489 507 3561 (Luc.
542 3508 679 3560 nu,
711 3495 835 3565 66)?
868 3496 1179 3566 Deriserunt,
1210 3505 1417 3572 quando
1454 3510 1705 3565 cruciﬁxo
1737 3512 1907 3581 impu-

359 3582 570 3646 labant,
601 3585 739 3638 sicut
767 3582 1040 3642 Matthaeus
1067 3593 1384 3660 evangelista
1418 3604 1640 3652 testatur
1667 3615 1679 3650 :
1710 3601 1904 3654 Simili-

358 3681 431 3724 ter
457 3681 504 3725 et
531 3675 780 3742 principes
805 3680 1116 3731 sacerdotum
1143 3681 1423 3736 deridentes
1452 3702 1561 3738 eum
1590 3701 1702 3740 cum
1731 3691 1907 3743 scribis

356 3770 403 3815 et
421 3761 691 3817 Pharisteis
710 3765 965 3820 dicebant:
987 3768 1126 3821 Alios
1146 3769 1304 3824 salvos
1326 3773 1461 3840 fecit,
1481 3777 1701 3843 seipsum
1713 3779 1906 3833 salvum

358 3852 525 3921 facere
547 3869 645 3907 non
666 3863 823 3922 potest
850 3856 1058 3925 (Matth.
1083 3874 1246 3926 xxvii,
1272 3860 1361 3928 41,
1392 3863 1501 3932 4Ξ).
1531 3866 1708 3922 Genus
1728 3878 1902 3924 autem

358 3941 491 3995 illud
517 3942 797 3998 locutionis
844 3954 969 3999 tunc
1008 3948 1309 4015 adhibetur,
1356 3955 1566 4021 quando
1608 3971 1695 4012 res
1733 3960 1905 4028 aliqua

359 4032 722 4100 copiosissime
768 4035 1092 4102 signiﬁcatur
1145 4039 1394 4107 impleta;
1444 4052 1535 4111 ut,
1580 4045 1906 4103 Benedicens

357 4121 667 4176 benedicam
704 4133 783 4190 te,
814 4126 1129 4182 maledicens
1176 4130 1485 4185 maledicam
1519 4143 1596 4196 te,
1639 4136 1905 4191 tediﬁcans

357 4209 628 4265 aediﬁcabo
658 4221 728 4277 te,
764 4222 815 4267 et
844 4214 925 4268 his
946 4215 1160 4271 similia.
1193 4220 1343 4285 Quod
1374 4232 1745 4291 argumentum
1777 4227 1906 4280 diei-

358 4306 445 4351 tur
470 4300 690 4365 notatio,
714 4315 830 4355 cutn
853 4317 916 4355 ex
939 4305 1083 4358 verbi
1106 4309 1365 4373 positione
1386 4311 1591 4364 elicitur
1616 4315 1904 4370 similitudo

2052 1884 2055 1885 ,
2091 1828 2240 1882 Vers.
2274 1826 2361 1880 21.
2402 1828 2683 1896 Conﬁtebor
2706 1832 2811 1896 tibi,
2858 1828 3089 1897 Domine,
3124 1836 3173 1885 in
3210 1831 3437 1886 Ecclesia
3460 1849 3571 1884 ma-

2018 1934 2117 1987 gna
2146 1934 2163 1973 :
2189 1918 2239 1969 in
2283 1918 2464 1987 populo
2490 1920 2627 1988 gravi
2657 1920 2871 1973 laudabo
2928 1932 2994 1975 te.
3044 1922 3198 1976 Venit
3244 1923 3308 1975 ad
3362 1925 3568 1976 tertium

2021 2007 2337 2074 membrum,
2381 2010 2465 2062 ubi
2494 2008 2598 2078 jam
2627 2023 2876 2080 percepto
2905 2027 3121 2066 munere
3149 2014 3567 2078 resurrectionis,

2020 2099 2291 2166 proﬁtetur
2315 2098 2449 2151 sein
2496 2107 2605 2152 toto
2664 2100 2792 2153 orbe
2852 2100 3071 2153 Domino
3116 2102 3373 2156 conﬁteri.
3433 2102 3570 2157 Duas

2018 2188 2247 2243 diximus
2294 2203 2411 2243 esse
2461 2190 2842 2255 confessiones,
2899 2207 2929 2244 u
2970 2206 3053 2244 am
3100 2192 3286 2256 laudis,
3352 2194 3567 2247 alteram

2020 2279 2358 2348 pmnitentiae.
2406 2278 2509 2333 Sed
2542 2281 2626 2332 hie
2672 2290 2726 2333 ut
2769 2282 3131 2348 prarconialem
3162 2282 3436 2335 debuisses
3478 2284 3571 2336 ad-

2019 2380 2245 2435 vertere,
2287 2370 2441 2440 paulo
2466 2378 2582 2438 post
2607 2374 2862 2439 sequitur,
2896 2372 3114 2424 laudabo
3134 2382 3198 2424 te.
3230 2370 3421 2441 Magna
3446 2388 3569 2426 vero

2018 2459 2245 2513 Ecclesia
2283 2467 2357 2513 est
2388 2459 2611 2527 p0pulus
2638 2458 2985 2523 Christianus,
3024 2469 3181 2513 recte
3224 2461 3341 2513 fidei
3391 2472 3564 2527 tenax,

2014 2551 2100 2616 qui
2128 2550 2465 2616 amplitudine
2492 2551 2570 2603 sui
2599 2550 2757 2603 totius
2787 2550 2966 2602 mundi
3001 2550 3166 2616 Spatia
3211 2551 3564 2617 comprehen-

2012 2642 2109 2694 dit.
2152 2643 2421 2709 Sequltur,
2454 2644 2504 2694 in
2535 2642 2721 2711 populo
2756 2643 2915 2711 gravi,
2960 2643 3134 2711 utique
3165 2642 3445 2707 fruetuoso,
3476 2642 3563 2710 qui

2014 2748 2116 2784 non
2166 2733 2216 2784 in
2264 2733 2464 2786 levibus
2510 2734 2693 2799 paleis,
2724 2730 2815 2785 sed
2862 2732 2912 2784 in
2957 2731 3357 2785 l’rumentalibas
3387 2732 3563 2799 granis

2012 2820 2247 2871 noscitur
2267 2820 2598 2872 constitutus.
2632 2819 2796 2884 Quem
2825 2819 3044 2872 veniens
3090 2834 3216 2871 aura
3262 2819 3561 2871 lentatiouis

2011 2907 2076 2960 de
2102 2920 2222 2960 area
2252 2906 2445 2959 Christi
2486 2921 2587 2960 non
2631 2905 2829 2974 abjicit,
2860 2906 2951 2959 sed
2980 2907 3409 2960 ventilationibus
3436 2923 3561 2975 pur-

2012 3004 2165 3062 gatur
2194 2996 2365 3062 potius
2408 3010 2562 3061 quam
2612 2996 2763 3062 longe
2806 2996 3097 3063 projicitur.
3144 2997 3475 3064 Quapropter
3512 2998 3560 3048 in

2686 3082 2964 3146 Dominus;
3004 3100 3036 3138 a
3081 3076 3280 3140 levibus
3307 3096 3479 3139 autem
3508 3093 3562 3140 et

2015 3171 2118 3227 ﬁde
2140 3174 2316 3228 vat-uis
2352 3175 2529 3241 utique
2554 3174 2969 3238 blasphematur.

2083 3292 2233 3347 Vers.
2267 3292 2356 3346 2‘2.
2399 3290 2517 3345 Non
2539 3293 2773 3347 insultent
2802 3295 2853 3346 in
2888 3312 2965 3348 me
2985 3296 3069 3364 qui
3091 3296 3416 3349 adversantur
3437 3296 3559 3350 milii

2008 3386 2199 3454 inique,
2224 3386 2308 3453 qui
2328 3386 2537 3439 oderunt
2558 3403 2631 3438 me
2647 3389 2800 3455 gratis
2821 3397 2868 3441 et
2889 3401 3162 3441 annuentes
3184 3390 3333 3461 [mss.
3360 3392 3445 3457 A.,
3472 3390 3554 3454 Β..

2011 3474 2069 3528 F.
2126 3492 2265 3528 annu
2302 3473 2376 3546 nt]
2416 3478 2595 3533 oculis.
2644 3476 2783 3531 Ordo
2829 3480 3108 3533 verborum
3150 3481 3267 3534 talis
3294 3491 3372 3534 est
3400 3499 3414 3533 :
3443 3481 3556 3535 Non

2010 3564 2263 3617 insultent
2288 3566 2337 3617 in
2360 3580 2443 3618 me
2466 3566 2552 3633 qui
2580 3564 2923 3619 adversantur
2946 3568 3070 3620 mihi
3099 3567 3293 3636 inique,
3324 3583 3558 3621 annuen-

2012 3665 2087 3709 tes
2116 3655 2305 3720 oculis,
2329 3655 2419 3724 qui
2446 3656 2670 3710 oderunt
2699 3672 2781 3710 me
2808 3658 2989 3726 gratis.
3016 3656 3267 3711 Insultant
3299 3659 3553 3723 haeretici,

2009 3744 2216 3811 quando
2246 3745 2447 3814 aliquos
2493 3745 2561 3799 de
2609 3761 2830 3801 numero
2875 3747 3105 3801 ﬁdelium
3158 3759 3335 3802 sancta
3386 3750 3559 3817 perdit

2010 3832 2275 3899 Ecclesia;
2303 3834 2627 3887 adversantur
2664 3836 2848 3904 inique,
2878 3838 3084 3904 quando
3116 3838 3182 3892 de
3226 3841 3557 3907 pereuntium

2007 3936 2187 3977 errore
2213 3923 2473 3977 laetantur.
2508 3924 2616 3978 Hoc
2637 3939 2702 3978 ne
2726 3924 2813 3978 ﬁat
2837 3928 2917 3994 pia
2946 3928 3151 3981 Domini
3181 3929 3558 3986 intercessione

2007 4014 2328 4082 deposcitur.
2359 4016 2623 4084 Sequitur,
2653 4018 2739 4088 qui
2777 4021 2987 4072 oderunt
3030 4037 3107 4073 me
3139 4023 3325 4091 gratis;
3354 4024 3452 4077 hoc
3476 4032 3559 4078 est

2007 4103 2194 4171 quibus
2224 4104 2357 4159 nihil
2386 4107 2559 4161 nocui.
2584 4107 2812 4160 lnaniter
2842 4108 3098 4176 siquidem
3118 4120 3441 4176 exsecratur,
3473 4112 3557 4166 cui

2008 4193 2237 4247 laesionis
2260 4208 2416 4247 causa
2451 4196 2595 4249 nulla
2648 4198 2996 4265 prmmittitur.
3049 4201 3335 4254 Annuentes
3381 4211 3556 4256 autem

2008 4284 2166 4336 oculis
2203 4283 2362 4348 dixit,
2394 4286 2531 4352 quod
2563 4287 2694 4340 solet
2726 4285 2836 4341 ﬁeri
2860 4288 3067 4357 quando
3096 4292 3416 4346 voluntatem
3463 4309 3559 4348 no-

358 4386 635 4438 sermonis.
668 4386 946 4455 Sequitur,
988 4394 1259 4447 striderunt
1294 4396 1348 4448 in
1387 4412 1464 4449 me
1504 4400 1732 4455 dentibus
1774 4404 1899 4470 suis,
1930 4407 1982 4467 D
2007 4381 2168 4470 sitam
2200 4375 2355 4429 mena
2378 4386 2445 4470 ei
2476 4376 2654 4470 doiosa
2687 4379 3071 4446 signiﬁcatione
3099 4382 3460 4449 dedammus;
3501 4394 3557 4439 et

360 4473 499 4541 quod
513 4474 569 4527 lit
586 4489 615 4528 a
636 4477 789 4530 szcvis
813 4477 1128 4548 hominibus,
1145 4485 1354 4551 quando
1374 4488 1579 4543 ratione
1603 4492 1899 4547 vincuntur.

358 4562 490 4619 Nam
511 4579 627 4619 cum
656 4567 733 4620 eis
762 4580 857 4635 pro
881 4571 1099 4625 veritate
1123 4572 1282 4627 verba
1308 4573 1622 4643 defecerint,
1655 4588 1775 4634 tunc
1804 4583 1902 4634 im-

357 4652 614 4723 patienter
654 4654 899 4712 dentibus
935 4658 1196 4729 fremunt,
1228 4676 1455 4734 suasque
1484 4670 1778 4725 voluntates
1823 4680 1901 4727 ta-

360 4741 466 4795 cita
494 4742 923 4801 interminatione
962 4747 1289 4804 denuntiant.
1337 4754 1441 4808 Sed
1485 4755 1586 4810 hoe
1626 4767 1792 4813 totum
1831 4761 1897 4815 ad

360 4846 600 4900 magnam
629 4835 840 4889 humani
869 4840 1079 4904 generis
1108 4842 1508 4899 :rdilieationem
1540 4848 1766 4903 refertur
1790 4868 1803 4902 :
1833 4867 1900 4906 ne

361 4919 596 4974 membra
624 4922 724 4976 sibi
750 4923 1052 4980 existiment
1082 4944 1361 4985 onerosum
1402 4937 1539 5001 pati,
1579 4938 1716 5006 quod
1748 4951 1902 5009 caput

360 5023 511 5063 suum
541 5012 851 5069 sustinuisse
878 5029 1217 5085 cognoscunt.

436 5100 582 5154 Vere.
608 5100 699 5155 20.
729 5102 964 5170 Domine,
996 5110 1199 5172 quando
1237 5113 1514 5177 respicies?
1551 5117 1755 5169 restitue
1790 5122 1903 5172 ani-

360 5204 492 5241 mam
533 5204 693 5244 meam
729 5208 760 5244 a
800 5195 1076 5263 malefactis
1117 5213 1319 5263 eorum,
1362 5217 1395 5253 α
1441 5202 1663 5257 leonibus
1705 5209 1903 5261 unicam

356 5294 537 5333 meam.
565 5281 779 5348 Quando
805 5286 1076 5352 respicies?
1106 5303 1198 5354 pro
1223 5293 1603 5347 consuetudine
1628 5295 1903 5349 inlirmita-

357 5365 427 5418 tis
456 5366 693 5424 humanm
730 5370 947 5435 dicitur,
977 5374 1058 5426 cui
1096 5390 1361 5430 morosum
1392 5379 1599 5434 videtur
1633 5384 1903 5451 quodcun-

356 5467 458 5520 que
485 5458 709 5513 futurum
736 5472 836 5528 est,
871 5478 986 5530 qua:
1019 5479 1141 5519 mox
1176 5474 1231 5517 ut
1260 5467 1403 5534 cupit
1431 5470 1623 5537 aliquid
1648 5512 1660 5535 ,
1697 5472 1904 5528 festinat

359 5542 598 5614 implere.
640 5552 860 5617 Restitue
894 5570 1014 5609 vero
1061 5556 1217 5624 dixit,
1250 5559 1394 5627 quasi
1429 5570 1661 5628 ereptam
1694 5563 1854 5619 redde
1884 5582 1897 5629 ;
1937 5602 1947 5615 .

2005 4463 2093 4517 ubi
2129 4478 2256 4517 voce
2300 4466 2449 4532 prodi
2480 4467 2744 4534 nolumus,
2783 4470 3051 4522 oculorum
3082 4473 3378 4539 quempiam
3417 4473 3555 4527 nuti-

2002 4552 2100 4606 bus
2127 4552 2489 4608 admonemus.

2072 4670 2224 4726 Vers.
2246 4671 2335 4727 95.
2381 4673 2627 4740 Quoniam
2667 4676 2790 4728 mihi
2820 4676 3019 4745 quidem
3050 4678 3259 4745 paci/ioc
3289 4681 3555 4747 loqueban-

1998 4766 2099 4826 tur,
2124 4771 2167 4812 et
2192 4776 2339 4827 super
2357 4761 2481 4812 iram
2507 4762 2675 4816 dolose
2693 4765 2993 4833 cogitabant.
3020 4766 3323 4824 Prtedicitur
3339 4770 3551 4823 Judzeo-

1999 4864 2117 4902 rum
2149 4850 2366 4902 nelanda
2398 4849 2669 4916 dolositas,
2701 4868 2815 4921 qua:
2848 4870 2949 4908 non
2977 4857 3191 4924 nostris,
3244 4858 3334 4911 sed
3379 4859 3552 4913 verbis

2000 4942 2315 5009 evangelicis
2338 4942 2601 4997 indicitur.
2625 4944 2841 5011 Paci/ica
2863 4950 2997 5018 loqui
3014 4948 3324 5005 videbantur
3345 4953 3551 5021 quando

2002 5028 2243 5083 dicebant
2270 5048 2279 5081 :
2316 5032 2580 5101 Magister,
2608 5035 2791 5088 sciurus
2815 5039 2930 5105 quia
2951 5055 3101 5092 verax
3120 5057 3193 5108 es,
3221 5053 3267 5093 et
3301 5043 3427 5094 viam
3459 5042 3550 5095 Dei

2001 5117 2054 5168 in
2075 5118 2275 5171 veritate
2310 5121 2454 5172 doces
2480 5136 2497 5171 :
2537 5120 2646 5174 licet
2681 5124 2922 5178 tributum
2951 5126 3071 5179 dare
3107 5127 3316 5194 Caesari,
3350 5146 3414 5182 an
3453 5146 3550 5182 non

2008 5207 2216 5275 (.ilatth.
2257 5224 2392 5274 χχιι,
2426 5209 2549 5279 16)⁶ἒ
2594 5211 2694 5267 Sed
2728 5224 2896 5283 pOlest
2924 5218 3101 5270 dolum
3140 5220 3371 5287 cogitare
3396 5221 3548 5273 etiam

2002 5298 2089 5365 qui
2116 5314 2217 5352 non
2245 5299 2474 5367 disponit
2498 5303 2759 5368 occidere,
2803 5316 2857 5358 ut
2889 5306 2933 5360 si
2978 5310 3094 5375 quis
3145 5313 3418 5376 pecuniam
3461 5319 3551 5364 aut

2002 5389 2391 5455 possessionem
2422 5390 2660 5458 proximo
2700 5397 3023 5451 machinetur
3060 5398 3287 5453 auferre.
3323 5400 3425 5455 Sed
3454 5401 3549 5455 ad-

2006 5476 2137 5529 didit
2169 5477 2315 5542 iram,
2342 5494 2396 5531 Ut
2418 5479 2568 5533 dolus
2593 5496 2772 5536 eorum
2795 5487 3020 5539 exitialis
3047 5487 3208 5543 fuisse
3228 5489 3551 5545 declaretur.

2006 5568 2113 5622 Hoc
2143 5567 2205 5623 ad
2243 5569 2369 5623 illud
2418 5574 2665 5645 refertur,
2699 5580 2907 5643 quando
2946 5581 3179 5635 dolosam
3212 5583 3557 5637 machinatio-
