4030 6172
214 311 327 363 εις)

1153 309 1520 368 ΕΧΡΟΒΙἸΊΟ
1557 307 1624 363 ΙΝ
1663 306 2127 365 PSALTERIUM.
2168 305 2364 364 PSAL.
2404 307 2642 364 XXXIV.

3409 317 3517 371 250

217 437 350 474 nell]
403 420 758 474 tractabant:
812 418 1020 491 Oportet
1070 437 1226 475 unum
1280 438 1372 490 pro
1415 419 1648 475 omnibus
1691 419 2182 488 moriAnequitia,
2229 418 2283 472 id
2331 426 2414 474 est
2469 419 2763 488 potuimus,
2822 419 3082 491 fecimus,
3126 423 3365 494 egimus;
3417 430 3512 482 sed

219 511 410 567 \Joan.
447 527 502 566 ιι
519 554 534 575 ,
567 510 681 578 50).

295 602 464 656 Vers.
502 603 598 657 ει.
642 603 996 658 υἱιαιαιεεηιηι
1026 605 1076 658 in
1116 621 1196 659 me
1233 623 1289 660 os
1321 621 1507 671 suum;
1542 605 1824 659 dixerunt:

221 693 395 764 Euge,
431 710 583 764 euge,
617 696 854 748 viderunt
902 698 1038 750 oculi
1089 699 1268 750 nostri.
1318 697 1667 749 Dilataverunt
1715 694 1820 748 uti-

218 799 328 851 que
359 799 416 837 os
463 802 617 838 suum
647 787 862 853 quando
893 787 1194 840 clamabant
1222 805 1233 839 :
1266 785 1540 857 Cruciﬁge,
1583 787 1823 858 cruci/iga

217 874 377 942 {Lua
409 891 546 928 χχιιι
566 915 580 939 ,
610 877 744 946 2i);
771 877 880 944 jam
913 893 1021 930 non
1054 887 1352 931 annuentes
1376 876 1568 942 oculis,
1599 892 1703 930 non
1727 875 1824 930 do-

213 964 332 1019 lose
361 967 686 1034 cogitantes.
717 968 810 1020 sed
843 979 1026 1034 aperta
1057 978 1112 1022 et
1139 968 1305 1023 libera
1328 983 1458 1022 voce
1480 967 1814 1021 damnantes.

211 1055 257 1110 0
283 1060 587 1112 scelestum
632 1058 866 1113 facinus!
899 1059 1121 1128 Negavit
1149 1059 1307 1128 judex
1341 1059 1453 1113 licri
1482 1058 1622 1127 quod
1655 1073 1819 1128 popu-

213 1150 297 1202 lrrs
329 1150 612 1203 clamabat
637 1151 866 1219 impleri.
899 1153 1210 1220 Sequuntur
1239 1152 1400 1206 verba
1433 1151 1705 1207 lethaliter
1733 1150 1822 1204 la:-

212 1239 449 1291 tantium
481 1237 824 1306 Judzrorum;
865 1256 928 1294 ac
960 1242 1002 1294 si
1033 1242 1312 1315 dicerent:
1364 1242 1526 1307 bene,
1576 1243 1712 1296 bene
1740 1241 1820 1295 νὶ-

208 1328 412 1382 demus
443 1328 516 1384 de
547 1343 599 1384 te
619 1331 760 1399 quod
785 1319 1156 1386 desideramus
1183 1332 1426 1399 efﬁcere;
1461 1343 1518 1387 ut
1545 1333 1819 1386 dissuasor

209 1417 390 1483 plebis
419 1433 547 1472 cunt
581 1421 878 1474 latronibus
927 1422 978 1474 in
1023 1437 1181 1476 cruce
1214 1425 1499 1490 penderes.
1555 1424 1631 1476 En
1681 1421 1814 1476 mira

209 1507 502 1575 patientia,
538 1509 594 1562 in
635 1527 739 1577 quo
765 1521 881 1565 erat
911 1527 1114 1566 summa
1144 1522 1401 1581 potestas.
1433 1513 1679 1582 Nunquid
1711 1527 1818 1567 non

209 1601 386 1654 valuit
425 1602 497 1654 ad
548 1603 958 1658 conl'undendos
1003 1605 1248 1659 inimicos
1296 1607 1458 1670 vivus,
1490 1605 1816 1661 descendere

207 1688 280 1744 de
308 1689 496 1744 crucis
527 1691 786 1759 patibulo,
819 1693 908 1761 qui
940 1706 1179 1748 mortuus
1216 1694 1302 1748 die
1343 1695 1497 1749 tertia
1531 1711 1814 1764 resurgere

1929 520 2175 579 precatur
2212 519 2268 565 ut
2298 511 2436 565 mala
2485 526 2579 564 sua
2627 513 2802 581 potius
2849 514 3162 571 salutariter
3210 518 3393 574 triStes
3421 519 3515 574 de-

1926 600 2108 666 ﬂeant,
2140 615 2298 669 quam
2324 615 2382 654 se
2423 601 2708 656 exitialiter
2738 602 2987 670 implesse
3015 606 3403 674 congaudeant.

1999 690 2150 746 Vers.
2183 691 2274 745 28.
2319 690 2441 744 Non
2472 692 2645 745 dicunt
2677 694 2726 745 in
2753 695 2987 747 cordibus
3016 697 3122 749 suis
3151 712 3170 751 :
3195 696 3358 768 Euge,
3384 715 3513 770 euge

1923 785 2106 837 anima:
2134 792 2349 847 nostrte;
2374 801 2462 837 nec
2483 785 2690 839 dicant:
2719 785 3081 839 Absorbuimus
3105 804 3241 842 eum.
3273 789 3508 858 Expres-

1927 873 1999 926 sit
2025 873 2431 927 insultationem
2456 889 2612 942 quarn
2644 875 2892 943 superius
2919 874 3119 931 iecerat
3145 879 3502 934 sentiendum.

1923 964 2046 1018 Non
2089 965 2306 1017 dicant:
2340 962 2500 1034 Euge,
2536 982 2678 1034 euge,
2731 965 2780 1019 id
2811 975 2912 1029 est,
2953 967 3108 1031 bene,
3141 967 3296 1023 bene.
3332 970 3508 1027 Verba

1921 1063 2048 1110 sunt
2096 1055 2238 1110 enim
2289 1055 2388 1109 ista
2443 1057 2705 1110 seeleata
2768 1066 2947 1112 tuente
3006 1058 3336 1126 lattautium,
3393 1077 3511 1130 qua:

1916 1147 2027 1216 jam
2054 1148 2232 1202 dicere
2262 1163 2367 1202 non
2399 1156 2640 1216 possunt,
2675 1148 2800 1202 dum
2837 1151 3345 1218 compunctionibus
3373 1153 3513 1206 al'lli-

1919 1246 2134 1306 guntur.
2167 1238 2432 1292 Damnent
2479 1253 2607 1308 ergo
2658 1239 2852 1293 malam
2901 1241 3285 1296 conscientiam
3333 1257 3508 1308 suam,

1920 1342 1987 1382 ne
2017 1327 2220 1397 possint
2248 1329 2510 1396 poenalem
2559 1327 2742 1382 subire
2771 1331 3114 1384 sententiam.
3153 1329 3197 1385 Ο
3240 1332 3426 1401 ingens
3451 1343 3510 1387 et

1919 1418 2176 1472 immensa
2229 1419 2396 1487 pietas
2445 1419 2753 1474 Creatoris!
2805 1435 2911 1472 non
2967 1421 3165 1490 patitur
3206 1437 3300 1477 eos
3351 1423 3506 1478 laetos

1922 1509 2289 1576 temporaliter
2320 1509 2568 1578 relinqui,
2606 1525 2671 1562 ne
2711 1509 2940 1563 debeant
2981 1519 3178 1564 mterna
3209 1512 3512 1568 calamitate

1919 1598 2158 1668 percelli.
2191 1598 2468 1651 Absorbere
2494 1608 2573 1652 est
2616 1609 2794 1654 autem
2835 1599 2890 1652 in
2921 1615 3115 1668 corpus
3156 1601 3375 1656 alterius
3417 1618 3510 1657 su-

1918 1688 2025 1743 bita
2050 1689 2323 1744 celeritate
2355 1690 2675 1752 transmitti;
2715 1689 2855 1758 quod
2899 1690 3092 1744 accidit
3134 1693 3240 1746 illis
3272 1693 3361 1762 qui
3407 1693 3504 1748 ali-

208 1783 388 1849 potuit
418 1785 492 1837 de
520 1785 809 1852 sepulcro?
837 1787 941 1841 Sed
974 1803 1076 1841 non
1101 1790 1450 1844 conveniebat
1481 1791 1673 1844 divirue
1705 1793 1814 1844 vir-
1851 1787 1893 1846 Β
1922 1787 2111 1855 quibus
2152 1786 2620 1852 superstitionibus
2671 1785 2936 1853 degluliﬁ.
2973 1801 3002 1838 τι
3034 1801 3173 1840 verm
3207 1787 3327 1840 ﬁdei
3358 1789 3508 1841 viva-

211 1875 315 1926 tnti
364 1874 436 1927 ad
471 1875 638 1928 verba
675 1877 1040 1932 insultantium
1090 1880 1438 1946 commoveri,
1488 1891 1547 1935 ut
1588 1883 1817 1950 amplus

213 1963 646 2030 erubescerent,
699 1965 822 2018 dum
856 1967 1035 2021 omnia
1067 1969 1317 2037 praedicta
1349 1981 1680 2025 constarent.
1712 1973 1816 2027 Sed

206 2055 474 2117 quamvis
523 2054 740 2107 Juda'os
790 2053 960 2126 Euge,
1008 2075 1132 2128 euge
1180 2059 1384 2114 dixisse
1430 2062 1480 2115 in
1529 2061 1818 2132 Evangelia

214 2162 330 2200 non
373 2146 613 2215 legatur,
654 2149 847 2202 similia
892 2160 1068 2206 tamen
1112 2152 1510 2208 insultationntn
1550 2156 1710 2209 verba
1743 2157 1820 2210 lo-

209 2238 507 2300 cutisuut,
541 2249 595 2291 ut
625 2254 727 2292 una
766 2255 854 2293 res
896 2256 986 2311 per
1014 2258 1319 2297 sermonum
1351 2246 1636 2301 varietates
1663 2262 1817 2300 vera-

207 2329 350 2382 citer
379 2329 644 2395 probetur
673 2345 795 2384 esse
840 2343 1074 2386 narrata.
1113 2333 1274 2405 Euge,
1301 2352 1424 2405 euge
1463 2353 1556 2404 per
1599 2338 1816 2406 ligurum

209 2421 426 2475 dictum
460 2431 546 2476 cst
590 2425 884 2492 epizeuxis,
931 2428 1142 2496 quando
1170 2429 1285 2483 sine
1314 2430 1490 2499 aliqua
1536 2430 1819 2500 interposi-

223 2514 376 2568 tione
410 2514 469 2568 in
503 2530 610 2568 uno
641 2531 795 2568 versu
830 2518 989 2571 verba
1027 2519 1386 2588 geminantur.

279 2607 454 2661 Veis.
493 2607 586 2659 ‘25.
643 2607 848 2677 Vidisti,
896 2611 1130 2676 Domine,
1163 2631 1225 2666 ne
1254 2614 1402 2667 sileas
1433 2631 1451 2678 ;
1479 2613 1713 2681 Domine,
1756 2633 1820 2670 ne

211 2700 468 2751 diccdas
511 2715 543 2748 η
593 2715 692 2753 me.
744 2701 826 2755 Ad
862 2701 974 2756 ba'c
1003 2715 1055 2757 et
1101 2705 1195 2756 ista
1232 2705 1329 2757 tria
1365 2706 1522 2759 verba
1542 2706 1818 2777 pertinent

207 2806 334 2858 qua:
385 2792 638 2860 superius
686 2792 1069 2858 diguoscuntur
1123 2811 1244 2850 esse
1311 2807 1544 2850 narrata.
1601 2797 1812 2861 Vidisti,

211 2885 322 2936 hoc
363 2893 457 2936 est
487 2884 722 2952 probasti
755 2885 1038 2951 completa,
1075 2902 1195 2952 quae
1219 2895 1404 2940 contra
1445 2903 1530 2941 me
1564 2887 1818 2953 praevide-

217 2990 314 3027 ras
354 2989 487 3028 esse
515 2974 816 3042 cogitanda.
869 2975 961 3030 Sic
1005 2976 1149 3030 enim
1181 2977 1427 3043 dicimus,
1473 2979 1684 3046 quando
1722 2978 1818 3030 ali-

204 3064 341 3132 quid
398 3065 462 3116 in
510 3065 819 3118 memoriam
871 3080 1125 3120 revocare
1173 3067 1578 3121 desideramus:
1627 3068 1818 3122 Vidisti

1921 1879 2078 1930 citate
2104 1877 2404 1930 discedunt.
2443 1876 2546 1930 Sed
2579 1875 2678 1930 hoc
2707 1876 2832 1944 petit
2866 1874 2931 1928 ad
2966 1875 3331 1930 informandus
3374 1879 3510 1932 lide-

1923 1967 2021 2020 lez.
2050 1965 2312 2019 Caeterum
2346 1963 2600 2020 iuell'abili
2632 1964 2770 2034 ejus,
2797 1965 2955 2034 113
2989 1965 3198 2033 puritati
3242 1967 3368 2020 talia
3399 1981 3506 2021 non

1923 2075 1990 2127 po
2017 2067 2168 2111 erant
2194 2058 2437 2112 evenire.

1994 2158 2142 2212 Vers.
2171 2157 2264 2210 ‘29.
2309 2155 2624 2210 Erubescant
2654 2165 2698 2210 et
2727 2166 3047 2210 reseruantur
3067 2156 3248 2219 simul,
3275 2156 3362 2227 qui
3390 2173 3512 2226 gra-

1922 2246 2154 2302 tulantur
2186 2247 2333 2300 malis
2377 2248 2521 2300 meis.

1997 2347 2148 2401 Vcrs.
2206 2346 2295 2402 ὅθ.
2363 2345 2658 2399 lnduantur
2707 2345 2904 2415 pudore
2953 2357 3000 2400 ct
3069 2347 3367 2414 reverentia,
3423 2347 3514 2414 qui

1920 2439 2148 2508 maligna
2170 2439 2450 2508 loquuntur
2485 2437 2752 2490 adversum
2780 2453 2878 2489 inc.
2914 2437 3081 2506 Digna
3108 2436 3362 2499 vindicta,
3394 2449 3508 2503 p03-

1922 2546 1987 2583 na
2015 2530 2307 2584 sufficiens.
2352 2529 2482 2582 Nam
2510 2529 2597 2596 qui
2629 2529 2898 2582 erubescit
2934 2537 3083 2581 actus
3114 2543 3263 2591 suos,
3296 2527 3510 2596 propria

1921 2623 2273 2675 arsdmatione
2303 2621 2583 2674 damnatus
2624 2631 2728 2685 est,
2788 2632 2842 2674 et
2888 2634 2946 2673 se
3001 2620 3175 2674 ultore
3208 2628 3506 2688 torquetur,

1921 2716 2008 2781 qui
2033 2713 2242 2767 vinculo
2267 2713 2595 2766 confusionis
2627 2712 2935 2766 involvitur.
2982 2713 3161 2766 Potest
3207 2721 3382 2766 tamen
3408 2712 3507 2763 ali-

1921 2805 2036 2873 quis
2064 2805 2378 2869 erubescere,
2409 2813 2462 2856 et
2492 2802 2848 2857 reverentiam
2901 2818 3006 2856 non
3034 2803 3254 2856 habere.
3289 2803 3382 2856 llic
3409 2816 3506 2854 au-

1922 2905 2024 2949 tem
2055 2893 2278 2957 addidit,
2300 2902 2350 2947 et
2380 2901 2700 2947 revereantur
2722 2893 2894 2959 simul,
2930 2900 2989 2945 ut
3017 2892 3385 2946 conversionis
3407 2907 3500 2945 eo-

1919 3001 2035 3038 rum
2070 2984 2262 3039 indicia
2294 2984 2611 3038 declararet.
2662 2982 2961 3036 Reverentia
2994 2992 3078 3036 est
3103 2983 3247 3037 etiim
3287 2983 3498 3036 Domini

1921 3079 2081 3131 timor
2102 3092 2222 3131 cum
2251 3091 2433 3129 amore
2466 3074 2754 3143 permixtus
2782 3091 2795 3138 ;
2832 3075 2974 3142 quod
3005 3075 3111 3129 illis
3143 3075 3381 3140 provenit
3405 3075 3494 3142 qui

207 3170 390 3223 (μιηηι
433 3155 661 3208 crudelis
684 3156 891 3209 exstitit
933 3156 1091 3222 mihi;
1121 3158 1291 3210 vidisti
1322 3168 1517 3227 quanta
1542 3159 1594 3212 in
1629 3174 1711 3214 ire
1739 3158 1815 3214 fe-
1841 3156 1886 3218 C
1918 3169 2196 3222 voluntate
2244 3168 2606 3222 sincerissima
2653 3169 3006 3224 confessionis
3046 3184 3270 3223 munera
3311 3183 3502 3222 conse-

199 3248 346 3300 cerit
368 3246 600 3301 latronis
628 3248 855 3313 improbi
882 3264 958 3302 as.
997 3248 1078 3302 Ne
1091 3251 1263 3311 sileas,
1289 3250 1342 3305 id
1367 3261 1448 3306 est
1472 3267 1576 3305 non
1599 3251 1815 3308 differas

208 3344 347 3396 dare
400 3342 751 3402 sententiam,
783 3343 924 3410 quod
978 3345 1162 3413 utique
1217 3345 1441 3399 tacendo
1487 3363 1590 3399 non
1636 3357 1814 3415 potest

206 3433 356 3496 ﬁeri,
422 3431 514 3485 sed
546 3432 834 3501 loquendo.
869 3433 1000 3486 Nam
1031 3435 1171 3504 quod
1216 3436 1383 3501 dicit,
1413 3453 1475 3490 ne
1516 3437 1748 3492 discedas
1785 3455 1815 3491 a

214 3540 314 3587 me,
351 3538 386 3574 a
431 3530 579 3588 parte
601 3524 966 3592 accipiendum
990 3536 1073 3580 est
1099 3526 1464 3594 humanitatis,
1490 3544 1606 3597 qua:
1637 3529 1818 3598 subjo-

209 3614 321 3666 cuit
351 3613 622 3680 pessimi.

284 3723 459 3778 νει-ε.
516 3723 607 3778 ‘26.
673 3724 930 3797 Exsurge,
997 3727 1232 3795 Domine,
1285 3739 1334 3783 et
1375 3731 1578 3785 intende
1614 3731 1820 3801 judicio

215 3831 326 3867 meo
364 3831 388 3867 :
417 3813 554 3866 Deus
591 3832 746 3874 meus.
791 3828 838 3870 et
870 3817 1115 3872 Dominus
1138 3836 1296 3884 meus,
1323 3821 1376 3873 in
1405 3837 1611 3876 cattsam
1633 3839 1815 3875 nteant.

213 3904 380 3959 Sicut
426 3917 570 3971 δεῖρε
593 3905 787 3960 dictum
819 3918 900 3961 est
926 3909 992 3960 ab
1020 3909 1246 3965 humana
1283 3913 1691 3977 consuetudine,
1719 3913 1821 3967 Es-

212 4011 379 4068 snrge
427 3995 626 4050 dicitur
648 3997 720 4050 illi
741 3997 832 4066 qui
872 4013 1084 4069 semper
1112 4001 1309 4070 vigilat,
1341 4016 1556 4071 semper
1585 4001 1818 4060 intentus

211 4099 333 4152 est;
361 4098 422 4142 et
451 4103 572 4142 cum
596 4089 792 4158 jugitcr
821 4093 996 4146 omnia
1022 4093 1289 4160 respiciat,
1315 4105 1439 4148 tunc
1471 4105 1646 4149 tamen
1671 4106 1819 4164 puta-

215 4188 300 4232 tur
323 4180 615 4232 intendisse
637 4180 760 4232 dum
793 4183 1046 4236 vindicat.
1075 4181 1283 4236 Judicio
1310 4201 1440 4250 meo,
1463 4185 1605 4254 quod
1635 4195 1819 4254 pertu-

215 4269 275 4323 lit
298 4288 326 4320 a
345 4269 581 4333 Judzcis,
598 4271 855 4337 judicium
873 4274 992 4326 sine
1009 4274 1149 4339 jure,
1174 4285 1434 4327 tormenta
1452 4276 1567 4330 sine
1589 4276 1814 4340 scelere,

218 4372 463 4416 mortem
515 4363 630 4415 sine
660 4375 894 4431 peccato.
949 4366 1090 4418 Bene
1121 4377 1297 4420 autem
1325 4366 1456 4420 dixit
1496 4383 1628 4435 meo,
1673 4367 1813 4437 quod

219 4467 420 4507 revera
480 4453 788 4519 pertulerat.
822 4455 1049 4509 Pulchre
1093 4457 1358 4525 siquidem
1403 4457 1556 4525 dixit,
1606 4459 1658 4511 in
1704 4475 1818 4511 cau-

1921 3268 2174 3328 quuntur.
2227 3258 2498 3328 Sequitur,
2543 3259 2822 3312 induantur
2864 3263 3056 3330 pudore
3104 3269 3153 3313 et
3205 3260 3506 3314 reverentia.

1921 3351 2080 3416 Quasi
2108 3351 2336 3420 quodam
2380 3351 2556 3406 cilicio
2588 3353 2938 3420 paenitentiae,
2981 3352 3133 3420 quasi
3160 3361 3309 3406 veste
3353 3351 3509 3420 lugu—

1919 3442 2021 3496 bri.
2056 3440 2316 3496 Pudorem
2345 3451 2528 3496 contra
2577 3443 2855 3498 audaciam
2906 3444 3076 3512 ponit,
3107 3459 3262 3512 quam
3298 3443 3502 3496 habue-

1920 3541 2045 3587 runt
2070 3532 2338 3598 furentes;
2370 3534 2703 3586 reverentiam
2738 3544 2926 3587 contra
2955 3533 3338 3602 impudentiam
3365 3532 3510 3586 [alsi-

1922 3624 2066 3688 tatis,
2090 3631 2149 3677 ut
2173 3623 2382 3677 duabus
2413 3623 2699 3677 virtutibus
2721 3635 2931 3688 curent,
2954 3623 3093 3692 quod
3117 3622 3327 3677 duobus
3353 3637 3502 3676 com-

1921 3715 2118 3770 misere
2140 3715 2472 3769 criminibus.
2510 3714 2707 3785 Magna
2735 3713 2878 3768 enim
2905 3715 3038 3768 dixit
3081 3715 3300 3780 locutos,
3343 3713 3393 3766 id
3425 3723 3508 3768 est

1921 3805 2147 3875 superba
2177 3806 2391 3860 modum
2424 3806 2706 3874 probitatis
2751 3804 3085 3866 excedentia,
3131 3805 3272 3858 sicut
3317 3804 3503 3858 beatus

1921 3897 2155 3952 Joannes
2177 3896 2229 3950 in
2258 3897 2576 3966 Apocalypsi
2591 3904 2979 3951 commemorat
3009 3913 3021 3947 :
3065 3894 3183 3948 Vidi
3211 3911 3267 3948 os
3292 3897 3504 3964 loquens

1923 4002 2108 4055 magna
2136 3986 2376 4039 adversus
2410 3984 2572 4038 Deum
2598 3986 2780 4054 (Apoc.
2811 3999 2935 4047 stu,
2968 3984 3047 4048 5).

1994 4087 2145 4142 Vers.
2181 4087 2270 4141 51.
2312 4086 2582 4140 Exsultent
2607 4093 2654 4138 et
2683 4085 2920 4138 [tutentur
2941 4084 3029 4152 qui
3055 4083 3227 4136 volunt
3246 4083 3508 4152 justitiam

1924 4196 2118 4245 meam;
2147 4190 2193 4233 et
2223 4179 2394 4232 dicant
2424 4193 2641 4245 semper,
2692 4175 3055 4244 Magni/icetur
3099 4174 3374 4240 Dominus,
3424 4175 3512 4240 qui

1925 4270 2095 4324 volunt
2125 4286 2300 4341 pacem
2326 4269 2458 4322 servi
2490 4269 2621 4337 ejus.
2664 4267 2949 4335 Postquam
2979 4265 3046 4319 de
3077 4265 3510 4333 persecutoribus

1924 4360 2252 4415 sufficienter
2283 4359 2511 4413 edictum
2543 4365 2645 4421 est,
2692 4355 2922 4410 venitad
2974 4366 3178 4424 partem
3225 4355 3459 4409 ﬁdelium
3493 4372 3508 4409 :

1925 4451 2045 4505 illos
2073 4460 2264 4519 optans
2285 4447 2490 4504 salubri
2519 4448 2848 4517 paenitudine
2877 4447 3125 4510 cruciari,
3153 4447 3283 4501 istos
3302 4461 3508 4500 summa

218 4561 333 4595 sum
381 4561 553 4597 meam
595 4546 820 4615 respice,
856 4562 960 4600 non
992 4547 1043 4600 in
1082 4523 1322 4614 prunam;
1354 4565 1508 4618 pmua
1534 4523 1673 4603 enim
1701 4564 1818 4603 sce-
1851 4523 1895 4580 ί)
1923 4543 2264 4598 beatitudinis
2293 4543 2648 4598 exsultatione
2678 4539 2958 4608 compleri.
2997 4539 3065 4593 Et
3110 4539 3239 4593 illud
3275 4540 3504 4608 respice,

225 4634 420 4688 letalis
471 4636 751 4689 videbatur
799 4651 917 4691 esse
966 4638 1292 4703 consimilis;
1335 4655 1489 4692 causa
1540 4654 1669 4693 vero
1699 4639 1817 4695 talis

222 4741 347 4778 cum
382 4727 537 4780 nullo
567 4738 777 4794 poterat
804 4743 924 4782 esse
951 4730 1272 4784 communis.
1313 4730 1419 4785 Sed
1447 4746 1564 4798 qua:
1593 4739 1676 4786 est
1715 4731 1813 4786 ista

224 4833 386 4871 causa
407 4859 423 4885 ,
454 4831 574 4885 qua:
603 4833 633 4869 a
665 4818 774 4873 Deo
801 4820 1076 4887 petebatur
1122 4822 1314 4874 intendi
1339 4823 1362 4875 ?
1398 4824 1603 4878 scilicet
1629 4832 1688 4878 ut
1726 4826 1813 4894 qul

226 4911 362 4961 dare
391 4919 616 4962 venerat
657 4911 882 4964 salutem
917 4913 1148 4966 humano
1181 4913 1385 4982 generi,
1421 4914 1489 4968 ab
1530 4915 1731 4970 insanis
1767 4924 1820 4969 et

231 4998 462 5065 perﬁdis
491 5000 808 5066 probaretur
843 5003 1040 5059 occidi.

307 5089 468 5144 Vere.
515 5091 605 5146 9.7.
645 5091 836 5145 Judica
881 5110 981 5158 me,
1028 5092 1264 5158 Domine,
1305 5096 1585 5149 secundum
1623 5096 1823 5150 miseri-

228 5183 466 5232 rardianr
497 5189 658 5247 tuam,
701 5181 840 5235 Deus
868 5200 1039 5248 meus;
1062 5191 1109 5237 et
1148 5200 1249 5238 non
1278 5185 1520 5238 insultent
1543 5187 1593 5238 in
1617 5202 1696 5240 me
1722 5186 1822 5238 ini-

229 5271 354 5322 ’ἱτὶ
385 5270 505 5324 uici.
538 5273 792 5336 Quamvis
818 5272 1039 5328 haberet
1065 5277 1322 5343 Optimam
1349 5289 1564 5330 causam
1591 5277 1679 5344 qui
1704 5291 1824 5344 pec-

225 5373 354 5416 cata
385 5376 491 5414 non
516 5362 737 5427 iecerat,
767 5374 942 5419 tamen
971 5379 1030 5420 se
1069 5366 1199 5432 petit
1232 5367 1508 5421 secundum
1534 5368 1824 5422 misericor-

227 5453 378 5503 diam
399 5452 653 5521 judicari,
695 5463 752 5506 ut
776 5453 928 5508 nobis
963 5455 1271 5510 ostenderet
1298 5457 1620 5525 precationis
1642 5473 1825 5511 exem—

231 5547 409 5612 plum,
439 5546 532 5611 qui
562 5545 669 5598 tale
699 5559 804 5600 non
837 5556 1138 5616 poteramus
1166 5547 1364 5604 habere
1391 5550 1683 5620 negotium.
1723 5549 1824 5604 Se-

229 5638 420 5704 quitur
447 5653 660 5707 quoque
685 5657 698 5691 :
732 5637 799 5692 Et
826 5656 927 5694 non
973 5640 1218 5696 insultarat
1248 5643 1302 5696 in
1345 5658 1423 5696 me
1450 5642 1644 5696 inimici
1675 5644 1773 5696 mei
1800 5660 1819 5699 :

230 5728 443 5785 scilicet
475 5747 542 5785 ne
580 5730 761 5790 dicant
805 5731 944 5803 quod
987 5732 1350 5792 insultantium
1393 5744 1566 5806 poteSt
1620 5734 1817 5794 habere

1223 5861 1256 5875 η

1923 4632 2064 4702 quod
2103 4635 2292 4688 merita
2339 4648 2523 4687 eorum
2553 4630 2668 4700 ipsa
2706 4644 2917 4699 quoque
2946 4631 3108 4684 verba
3150 4630 3506 4698 distinguunt.

1923 4723 2296 4780 Persecutores
2325 4724 2466 4776 enim
2498 4723 2670 4775 solent
2697 4719 2897 4784 dicere,
2935 4719 3100 4790 Euge,
3132 4735 3278 4788 euge,
3318 4720 3506 4770 anima:

1923 4824 2130 4879 nostrae,
2173 4811 2309 4882 quod
2361 4811 2655 4880 temporale
2695 4810 2944 4880 gaudium
2977 4817 3030 4863 et
3077 4808 3293 4877 fugitiva
3327 4808 3509 4862 laetitia

1923 4916 2024 4962 est.
2060 4907 2200 4960 Beati
2224 4919 2352 4959 vero
2374 4905 2548 4957 dicunt
2573 4919 2592 4957 :
2620 4886 2834 4970 Semper
2853 4902 3210 4971 magni/iretur
3229 4898 3497 4962 Dominus,

1924 5001 2061 5070 quod
2076 5009 2330 5053 aeternum
2346 5003 2400 5051 at
2419 5011 2501 5064 pie
2521 5006 2830 5066 perpetuum
2856 5004 2958 5051 est.
2981 4996 3060 5049 Illi
3084 4995 3364 5048 animabus
3395 4995 3505 5047 suis

1925 5092 2219 5146 mundanas
2262 5091 2545 5146 conferunt
2590 5089 2914 5158 voluptates;
2976 5089 3061 5141 isti
3104 5087 3168 5140 ad
3224 5087 3502 5139 Dominum

1925 5183 2134 5254 propria
2167 5193 2286 5238 vota
2317 5191 2656 5246 convertunt,
2684 5191 2740 5237 et
2768 5181 3179 5236 exsultationem
3226 5195 3373 5234 suam
3401 5196 3504 5232 non

1925 5277 1977 5330 in
2021 5290 2102 5343 se,
2135 5275 2228 5330 sed
2262 5276 2312 5329 in
2339 5273 2454 5344 ejus
2482 5275 2725 5328 laudibus
2757 5281 2982 5341 ponunt.
3010 5273 3161 5339 Quod
3205 5281 3384 5325 autem
3427 5270 3508 5323 di-

1928 5370 2026 5433 xit,
2061 5369 2192 5423 servi
2219 5371 2353 5440 ejus,
2381 5367 2446 5421 ad
2495 5365 2809 5420 humilitatis
2839 5365 3058 5433 respicit
3089 5365 3311 5417 formam
3341 5379 3356 5416 :
3386 5361 3506 5426 quia

1923 5460 1976 5514 in
2005 5467 2274 5526 assumpta
2318 5471 2478 5512 carne
2508 5456 2783 5510 humilitas
2812 5463 2918 5516 est,
2967 5455 3019 5508 in
3054 5451 3332 5520 majestate
3376 5464 3508 5504 vero

1925 5551 2184 5621 potentia.
2216 5549 2305 5604 Sic
2334 5557 2617 5616 utrumque
2640 5547 2935 5617 perfectum
2966 5553 3124 5611 atque
3145 5536 3503 5600 verissimum,

1923 5659 2057 5699 unus
2083 5651 2168 5698 est.
2193 5641 2447 5695 Dominus
2489 5638 2754 5694 Christus.
2790 5637 2892 5704 Qui
2938 5651 3067 5706 ergo
3108 5635 3282 5688 volunt
3324 5650 3502 5705 paceni

1924 5737 2050 5794 servi
2096 5734 2245 5806 ejus?
2287 5732 2502 5790 Scilicet
2526 5731 2615 5804 qui
2662 5746 2690 5785 a
2720 5729 2866 5786 vitiis
2895 5729 3189 5789 redduntur
3218 5730 3403 5798 alieni,
3452 5735 3510 5784 ct
