4030 6172
489 344 585 399 251
1694 320 1766 376 Μ.
1810 310 2088 373 ΑΕΒΕΙᾸΙ

2210 307 2525 366 ,SSlODORl
3654 299 3775 355 2‘»?

493 471 546 521 ςη
575 456 915 519 continentia:
942 454 1102 516 bono,
1131 446 1316 502 divino
1354 452 1575 497 munere
1620 437 1783 490 animi
1816 429 2078 504 tranqnii-
2110 425 2161 485 Α
2186 434 2288 489 tur,
2308 429 2552 493 aggravat
2597 422 2839 484 animam,
2890 427 2934 471 et
2966 416 3197 486 deprimit
3240 423 3435 469 terrena
3462 413 3768 467 inltabitatio

2182 532 2383 571 sensum
2415 514 2574 567 multa
2605 514 2906 584 cogitantem
2950 511 3105 580 (Sep.
3158 525 3240 574 Ix,
3293 506 3403 575 15).
3444 506 3602 560 Aliud
3636 521 3777 561 vero

2181 618 2262 664 est
2292 610 2492 673 audax,
2519 608 2880 677 desperatum,
2913 604 3308 672 hlasphemum,
3341 601 3481 670 quod
3513 600 3611 654 sibi
3645 615 3770 668 pro-

2182 702 2333 773 ponit
2363 703 2526 756 libera
2561 683 2846 755 voluntate
2877 698 3187 766 delinquere
3213 712 3225 747 :
3270 704 3624 748 contemnens
3653 707 3771 746 om-

2186 794 2292 859 nia,
2342 793 2553 861 sibique
2603 803 2942 844 murmurans
2986 788 3149 841 Deum
3221 795 3369 853 putat
3420 799 3524 837 non
3578 795 3772 836 curare

2186 882 2813 950 mor:alia.Quapr0ptcr
2844 880 2972 932 dixit
3025 878 3123 932 iste
3175 877 3299 929 talis
3344 875 3480 943 apud
3537 888 3594 926 se
3655 890 3767 925 rem

2186 975 2487 1039 scelestam,
2520 988 2677 1041 quam
2713 970 2921 1040 publice
2950 984 3053 1023 non
3094 982 3257 1021 ausus
3285 976 3367 1019 est
3409 963 3671 1035 profiteri.
3711 963 3775 1015 Et

2188 1066 2308 1120 ideo
2338 1066 2439 1119 ista
2477 1063 2704 1133 cogitat,
2734 1070 2791 1116 ut
2824 1061 2924 1115 sibi
2964 1060 3078 1127 ipse
3108 1058 3379 1113 licentiam
3411 1056 3655 1109 videatur
3682 1054 3777 1106 tri-

2186 1157 2355 1212 buere
2383 1164 2749 1225 peccatorum;
2783 1162 3045 1221 quatenus
3076 1150 3174 1204 sub
3212 1147 3574 1202 imtnensitate
3606 1144 3777 1198 delin-

2188 1258 2310 1318 quat
2350 1247 2437 1317 qui
2471 1254 2669 1300 metum
2703 1244 2901 1313 judicis
2943 1241 3302 1311 abjiciendum
3353 1255 3473 1294 esse
3513 1239 3774 1293 decrevit.

2192 1336 2465 1407 Sequitur,
2499 1335 2619 1389 Non
2656 1343 2731 1388 est
2758 1336 2909 1387 timor
2937 1332 3031 1386 Dei
3058 1342 3175 1385 ante
3201 1331 3374 1383 oculos
3403 1332 3533 1400 ejus.
3562 1328 3778 1398 Cogita-

2192 1429 2393 1485 tionem
2424 1426 2555 1482 d‘cit
2581 1426 2907 1495 iniquorum,
2941 1423 3029 1492 qui
3063 1432 3246 1491 putant
3275 1422 3515 1475 timorem
3546 1419 3638 1471 Dei
3675 1434 3778 1470 non

2194 1534 2314 1574 esse
2342 1521 2394 1572 in
2423 1524 2712 1586 conspectu
2739 1515 2884 1585 ejus;
2918 1514 2969 1568 id
3005 1524 3109 1577 est,
3142 1528 3244 1567 non
3277 1526 3465 1568 curare
3498 1513 3691 1575 Deum,
3727 1518 3782 1563 ut

2196 1609 2439 1664 homines
2471 1623 2593 1664 eum
2634 1607 2867 1662 debeant
2914 1604 3239 1669 formidare;
3290 1602 3407 1667 sed,
3453 1611 3509 1656 ut
3560 1604 3781 1673 quidam

2196 1707 2437 1756 errantes
2487 1698 2555 1768 ph
2579 1698 2786 1767 losoplti
2818 1696 3088 1760 dixerunt,
3137 1694 3390 1749 mundum
3445 1695 3623 1764 potius
3668 1710 3788 1749 cre-

2128 1805 2175 1864 B
2200 1793 2334 1847 dunt
2355 1791 2568 1847 casibus
2595 1789 2728 1861 regi,
2762 1803 2923 1857 quam
2951 1787 3200 1857 supernis
3221 1786 3778 1842 administrationibus

2200 1882 2460 1938 ordinari.
2487 1882 2614 1937 Sive
2646 1880 2714 1935 de
2742 1880 2933 1950 injuste
2973 1878 3189 1943 dicitur,
3236 1894 3338 1932 non
3390 1894 3495 1933 esse
3552 1879 3788 1933 timerent

2200 1974 2299 2028 Dei
2324 1984 2440 2028 ante
2478 1974 2635 2044 119
2672 1971 2844 2025 oculos
2865 1971 2999 2041 ejus,
3031 1970 3119 2041 qui
3148 1969 3275 2024 talia
3316 1970 3495 2027 dicere
3524 1971 3787 2041 sacrilega

2201 2068 2472 2122 voluntate
2503 2063 2796 2135 praesumit.
2827 2062 3062 2132 Denique
3090 2062 3332 2131 sequitur
3362 2080 3376 2116 :
3696 2045 3701 2049 ’

2277 2158 2432 2212 V'ers.
2460 2155 2516 2211 2.
2554 2155 2809 2222 Quoniam
2837 2153 3013 2207 dolose
3038 2153 3136 2227 egit
3168 2153 3218 2205 in
3247 2161 3521 2222 conspectu
3557 2152 3693 2223 ejus,
3734 2161 3792 2205 ut

2201 2252 2442 2306 inveniret
2472 2249 2789 2318 iniquitatem
2834 2257 3052 2301 suamet
3087 2244 3220 2318 [ed.,
3250 2243 3341 2316 ad]
3370 2245 3561 2297 odium.
3605 2244 3796 2300 Scele-

2204 2351 2353 2397 ratus
2381 2343 2483 2395 istc
2512 2340 2577 2394 de
2604 2354 2711 2409 quo
2740 2338 2941 2393 dictum
2971 2347 3053 2392 est
3080 2356 3091 2390 :
3122 2336 3243 2391 Non
3271 2345 3343 2391 est
3374 2337 3524 2389 timor
3554 2335 3646 2390 Dei
3672 2348 3801 2391 ante

2206 2435 2380 2488 oculos
2410 2435 2544 2504 ejus,
2572 2432 2812 2503 neglexit
2837 2447 3055 2502 operam
3085 2430 3188 2501 legi
3213 2430 3362 2496 dare,
3394 2440 3450 2484 ut
3472 2431 3796 2501 intelligeret

2206 2525 2604 2595 persuasionem
2649 2537 2800 2577 suam
2845 2537 2964 2577 esse
2995 2520 3375 2582 falsissimam;
3415 2521 3509 2575 sed
3547 2530 3798 2575 co:.tcm-

2206 2632 2339 2672 nens
2382 2617 2524 2672 dicta
2577 2617 2863 2680 salutaria,
2908 2615 3184 2669 veritatem
3227 2613 3427 2667 studuit
3468 2614 3799 2668 omnimodis

2207 2707 2474 2777 ignorare.
2529 2706 2576 2760 ls
2625 2721 2753 2774 ergo
2797 2704 2972 2758 dolose
3018 2710 3119 2774 egit
3166 2705 3218 2756 in
3255 2713 3523 2772 conspectu
3568 2702 3688 2766 Dei,
3737 2712 3801 2757 ut

2206 2814 2354 2853 suam
2398 2798 2719 2867 iniquitatem
2764 2806 2810 2850 et
2848 2796 3025 2849 od'unt
3062 2794 3329 2862 refugeret
3374 2795 3597 2847 invenire
3622 2809 3642 2847 :
3672 2808 3803 2847 cre-

2206 2891 2339 2946 dens
2386 2906 2482 2960 per
2522 2889 2874 2959 ignorantiam
2932 2888 3184 2956 praecepti
3238 2902 3297 2941 se
3340 2901 3496 2955 posse
3548 2885 3798 2939 defendi.

518 2993 814 3048 Salvatore.
845 2992 972 3045 Nam
998 2998 1052 3044 ct
1076 2991 1125 3043 in
1148 2992 1301 3058 ﬁnem
1342 2990 1516 3059 ipsum
1545 2987 1831 3058 signiﬁcat.
1865 2987 1936 3042 Et
1961 3004 2104 3042 servo
2207 2982 2437 3037 Pulchre
2467 2989 2643 3034 autem
2672 2978 2947 3033 definitum
2989 2986 3073 3031 est
3102 2985 3312 3045 peccata
3344 2985 3520 3028 nostra
3548 2989 3670 3028 esse
3698 2976 3806 3026 ini-

524 3084 731 3137 Domini
770 3083 835 3137 de
883 3084 1000 3150 ipso
1031 3081 1224 3135 dicitur
1254 3082 1342 3148 qui
1375 3084 1597 3148 formam
1645 3080 1775 3133 servi
1820 3080 2097 3148 accipiens,
2205 3072 2444 3142 quitatem
2475 3080 2519 3123 et
2551 3070 2746 3131 odium,
2778 3069 3028 3137 quoniam
3057 3067 3143 3120 illa
3182 3066 3359 3120 odisse
3398 3067 3655 3120 debemus
3688 3080 3798 3134 per

522 3181 687 3244 factus
714 3184 787 3228 est
815 3174 1049 3227 obcdieus
1090 3189 1248 3240 usque
1283 3171 1352 3224 ad
1397 3180 1609 3225 mortem
1640 3170 1864 3241 (Philip.
1896 3187 1961 3239 ιι,
2010 3173 2102 3239 7);
2134 3171 2178 3231 C
2209 3178 2327 3233 qius
2357 3162 2422 3215 ad
2451 3170 2646 3215 acterna
2681 3159 2943 3228 supplicia
2975 3158 3335 3228 pervenimus.

521 3268 657 3321 sicut
706 3267 867 3320 Isaias
911 3265 1168 3334 propheta
1223 3264 1290 3319 de
1347 3264 1463 3333 ipso
1505 3264 1679 3317 dicit:
1748 3262 1882 3317 Ecce
1936 3281 2107 3318 servus
2281 3256 2431 3309 Vers.
2460 3253 2512 3309 3.
2554 3253 2717 3307 Verba
2759 3255 2860 3307 oris
2907 3253 3017 3323 ejus
3049 3252 3291 3320 iniquitas
3334 3261 3381 3303 et
3411 3251 3592 3314 dolus;
3625 3250 3811 3305 noluit

523 3374 687 3422 meus,
710 3358 980 3426 suscipiant
1021 3372 1129 3408 cum
1160 3353 1315 3423 (lsai.
1350 3371 1483 3422 XLII,
1518 3356 1591 3425 l).
1626 3353 1870 3408 Psalmus
1896 3372 2023 3409 vero
2055 3365 2109 3409 et
2210 3347 2488 3418 intelligere
2510 3354 2559 3399 ut
2584 3345 2707 3399 bene
2735 3352 2924 3414 ageret.
2950 3343 3300 3398 Sermonibus
3328 3342 3631 3411 iniquorum
3660 3358 3808 3396 con-

524 3447 691 3501 David
716 3447 971 3517 frequenti
996 3446 1335 3514 expositione
1358 3446 1467 3515 jam
1497 3454 1623 3500 nota
1651 3455 1808 3510 sunt;
1835 3461 1952 3513 quae
1987 3446 2107 3501 ideo
2211 3440 2485 3493 venienter
2522 3438 2643 3492 data
2676 3448 2758 3491 cst
2782 3435 3053 3491 definitiva
3095 3436 3415 3503 complexio.
3458 3432 3623 3487 Verba
3650 3437 3808 3488 enim

524 3541 591 3594 ad
624 3556 899 3609 personam
936 3538 1144 3592 Domini
1189 3540 1457 3608 pertinere
1505 3546 1820 3601 noscuntur,
1852 3538 2106 3606 quoniam
2212 3546 2396 3584 eorum
2428 3537 2552 3582 sunt
2596 3529 2840 3597 iniquitas
2868 3537 2915 3580 et
2948 3527 3114 3580 dolus.
3146 3527 3326 3593 Itaque
3363 3540 3479 3593 quae
3508 3541 3812 3582 numerare

526 3634 574 3687 ei
603 3633 887 3686 convenire
916 3632 1151 3700 ipsorum
1187 3631 1457 3683 nominum
1484 3628 1748 3698 expositio
1777 3627 2032 3682 declarat.
2215 3636 2319 3675 non
2350 3628 2578 3689 poterat,
2611 3619 2818 3673 duobus
2848 3626 2974 3672 sunt
2995 3618 3333 3671 sermonibus
3358 3617 3649 3684 explicata.
3682 3616 3813 3670 lni—

2211 3713 2377 3782 quitas
2407 3712 2635 3780 pertinet
2674 3708 2739 3763 ad
2769 3708 3185 3776 blasphemiam,
3218 3708 3368 3761 dolus
3396 3707 3459 3760 ad
3494 3708 3811 3775 proximum

2215 3803 2605 3871 decipiendum.
2638 3801 2743 3856 Sed
2785 3800 2934 3870 quid,
2968 3815 3121 3869 rogo,
3154 3799 3255 3853 sibi
3302 3799 3576 3854 residuum
3615 3800 3809 3867 faciat,

2215 3895 2303 3965 qui
2330 3909 2549 3963 peccare
2579 3894 2630 3946 in
2658 3893 2824 3947 Deum
2858 3900 2911 3945 et
2935 3890 3235 3959 proximum
3266 3905 3371 3943 non
3400 3890 3643 3943 recusat?
3671 3891 3813 3944 Cum

2220 4004 2344 4042 vero
2373 3988 2521 4052 dicit,
2544 3985 2711 4040 noluit
2734 3986 3019 4057 intelligere
3044 3994 3095 4036 ut
3122 3985 3244 4037 bene
3270 3991 3460 4054 ageret,
3489 3982 3609 4035 illos
3637 3981 3816 4051 signi-

2220 4083 2341 4136 ficat
2369 4081 2459 4151 qui
2487 4096 2549 4135 ex
2581 4080 2756 4149 aliqua
2790 4089 2941 4148 parte
2979 4077 3261 4146 sapientia:
3300 4076 3588 4147 igniculum
3621 4091 3819 4145 peree-

2219 4184 2436 4242 perunt,
2485 4184 2540 4227 et
2586 4188 2617 4227 a
2662 4187 2792 4228 vero
2832 4172 3105 4226 intellectu
3155 4185 3253 4225 suo
3282 4171 3412 4223 vitio
3451 4168 3818 4238 declinantes,

2221 4265 2494 4333 perversis
2519 4279 2579 4318 se
2606 4263 2880 4318 erroribus
2908 4262 3231 4331 polluerunt.
3264 4261 3373 4315 lloc
3402 4270 3457 4314 et
3483 4260 3550 4313 ad
3578 4259 3825 4314 demeno

2223 4354 2488 4408 tissimum
2539 4353 2793 4423 pupulum
2823 4350 3104 4407 Judaicum
3146 4357 3519 4419 competenter
3563 4358 3821 4418 aptatur.

2222 4444 2296 4513 ad,
2315 4459 2477 4514 quem
2508 4443 2765 4498 Dominus
2790 4450 3031 4507 venerat,
3074 4450 3128 4495 et
3166 4440 3257 4494 ille
3296 4440 3475 4495 sanari
3505 4439 3827 4496 detestabili

2145 4550 2197 4608 Ι)
2224 4537 2601 4592 obstinatione
2626 4534 2973 4605 contempsit.
3004 4532 3136 4587 Nam
3177 4531 3547 4603 imprudentia:
3577 4531 3829 4600 plerum-

2224 4650 2330 4706 que
2354 4634 2509 4691 vcnia
2540 4633 2720 4699 datur,
2742 4630 3047 4688 voluntario
3074 4645 3201 4686 vero
3231 4628 3493 4685 maleficio
3515 4626 3649 4682 ultio
3672 4642 3832 4685 sem-

2224 4741 2320 4796 per
2340 4724 2487 4795 iusta
2528 4724 2786 4781 succedit.
2812 4722 2967 4792 Quod
2997 4730 3373 4793 argumentum
3405 4720 3600 4775 dicitur
3634 4719 3709 4775 ab
3744 4720 3835 4777 in-

2222 4814 2402 4883 genio,
2444 4812 2659 4883 quando
2700 4826 2807 4867 non
2845 4825 2943 4881 per
2980 4810 3361 4880 ignorantiam,
3403 4806 3500 4865 sed
3544 4807 3834 4865 malitiosa

2229 4903 2503 4960 voluntate
2531 4914 2800 4972 peccatur.

2301 4993 2456 5050 Vers.
2501 4994 2557 5048 4.
2606 4991 2942 5064 Iniquitatem
2986 4991 3262 5048 meditatus
3306 4999 3383 5045 est
3431 4990 3485 5045 in
3513 4990 3673 5045 cubili
3701 5009 3833 5059 suo,

2230 5086 2392 5140 astitit
2421 5085 2560 5139 omni
2589 5086 2684 5140 vite
2708 5100 2809 5140 non
2837 5085 3015 5149 bonis;
3039 5082 3291 5137 malitiam
3317 5091 3487 5137 autem
3508 5096 3611 5136 non
3636 5084 3836 5139 adivit.

2230 5176 2289 5231 ιιι
2336 5175 2658 5247 exponendo
2695 5175 2872 5231 adhuc
2918 5173 3037 5230 viro
3083 5174 3325 5244 pessimo
3361 5182 3697 5245 perseverat.
3737 5174 3843 5230 Ait

2231 5271 2376 5326 enim
2422 5286 2438 5325 :
2475 5268 2812 5341 Iniquitatem
2856 5268 3130 5323 meditatus
3169 5278 3263 5333 est,
3319 5267 3371 5322 id
3418 5275 3518 5331 est,
3576 5281 3841 5322 errorem

2236 5361 2393 5431 longa
2440 5361 2788 5417 meditatione
2828 5360 3094 5423 tractavit,
3127 5359 3293 5413 libros
3333 5358 3535 5414 scilicet
3571 5356 3842 5413 faciendo

2236 5466 2547 5522 perversos;
2581 5461 2636 5506 ut
2685 5468 2792 5507 non
2823 5461 3029 5506 tantum
3079 5451 3193 5520 ipse
3228 5450 3586 5517 delinqueret.
3635 5463 3840 5505 verum

2236 5546 2395 5597 etiam
2440 5543 2724 5612 posteritas
2769 5543 2959 5597 eodem
3000 5549 3217 5595 auctore
3265 5546 3530 5607 pecearet.
3564 5536 3631 5590 In
3662 5540 3842 5591 cubili

2237 5650 2350 5693 suo,
2384 5632 2433 5686 id
2462 5644 2543 5687 est
2571 5634 2622 5687 in
2655 5631 2816 5689 corde
2846 5629 3081 5700 proprio.
3115 5628 3289 5684 Cubile
3319 5630 3459 5682 enim
3510 5645 3537 5682 a
3570 5629 3841 5684 cubando

2240 5725 2436 5779 dictum
2478 5734 2578 5791 cst,
2615 5725 2699 5777 ubi
2743 5723 2952 5777 animus
2994 5730 3175 5776 noster
3215 5721 3354 5774 intus
3387 5720 3689 5776 inhabitans
3731 5721 3839 5777 b9-

495 556 644 608 litate
670 554 970 604 versantur.

565 644 718 698 Vers.
748 640 835 692 52.
882 636 944 689 Et
969 635 1141 701 lingua
1166 645 1275 709 mea
1302 624 1625 681 meditabitur
1643 620 1897 688 iustitiam
1916 629 2075 684 tuam,

496 744 600 789 tota
621 734 703 786 die
731 728 936 784 laudent
960 735 1122 777 tuam.
1150 722 1349 789 Lingua
1375 717 1539 785 ipsius
1562 713 1808 767 meditata
1833 718 1905 764 est
1922 710 2081 780 justi-

496 826 640 886 tiam,
673 818 883 889 quando
906 816 1111 869 Novum
1140 810 1540 864 Testamentum
1578 801 1783 871 populis
1818 798 2077 868 prmdica-

498 917 589 968 vit.
618 913 747 966 Tota
788 912 886 973 die,
913 907 1050 960 sicut
1078 916 1220 970 saepe
1245 899 1445 954 dictum
1487 903 1590 959 est,
1623 892 1930 945 universum
1958 889 2081 942 vita:

499 1014 709 1072 tempus
738 996 991 1054 ostendit.
1014 992 1118 1049 Sed
1149 992 1271 1061 quia
1302 984 1621 1043 humanitati
1645 979 1971 1052 impossibile
1999 978 2080 1030 vi-

499 1071 655 1148 detur
687 1092 851 1144 Deum
882 1084 1192 1140 continuata
1218 1093 1350 1133 voce
1389 1075 1625 1139 laudare,
1655 1072 1719 1125 ad
1748 1071 2082 1125 intel'ectnm

502 1197 599 1238 nos
642 1183 904 1236 bonorum
958 1183 1174 1230 actuum
1223 1167 1659 1225 transferamus:
1706 1162 1826 1230 quia
1871 1173 2089 1227 semper

504 1274 668 1328 Deum
698 1269 878 1325 laudat
901 1267 991 1339 qui
1034 1265 1087 1320 in
1115 1262 1261 1318 omni
1293 1260 1573 1315 voluntate
1609 1270 1701 1310 sua
1732 1252 1909 1308 divina
1936 1250 2087 1321 jussa

504 1363 830 1420 considerat.
1352 1398 1360 1404 .

1042 1443 1313 1501 Conclusio
1352 1439 1556 1510 psalmi.

576 1561 989 1620 Consideremus
1014 1555 1289 1612 Christum
1317 1552 1602 1608 Dominum
1629 1564 1724 1618 per
1752 1556 1924 1604 totum
1957 1547 2094 1618 psal-

506 1668 652 1711 mum
682 1660 879 1723 qnanta
906 1648 1059 1703 nobis
1086 1644 1488 1715 dispensatione
1520 1642 1664 1712 loqui
1705 1642 1951 1712 dignatus
1984 1647 2090 1695 est.

508 1746 659 1802 Fecit
693 1744 836 1799 enim
880 1741 950 1796 ab
985 1739 1227 1795 oratione
1256 1736 1597 1807 principium,
1645 1735 1786 1790 sicut
1811 1742 1865 1789 et
1892 1734 1945 1788 in
1973 1732 2093 1787 aliis

509 1836 770 1892 similibus
792 1832 1029 1904 psalmis.
1063 1827 1265 1885 Deinde
1301 1826 1565 1898 passionis
1599 1834 1655 1881 et
1686 1825 2097 1881 resurrectionis

509 1941 623 1982 sua:
658 1933 881 1980 ventura
912 1920 1168 1978 narravit.
1212 1918 1491 1973 Postremo
1536 1914 1654 1970 linit
1681 1915 1734 1969 in
1776 1928 1875 1985 spe
1900 1928 2091 1985 magna

511 2017 777 2083 fidelium,
799 2025 859 2072 ut
878 2016 1097 2072 dubium
1138 2024 1244 2067 non
1270 2010 1341 2066 sit
1365 2017 1420 2065 et
1457 2009 1598 2064 hunc
1642 2008 1904 2079 psalmum
1954 2025 2093 2077 prte-

512 2108 619 2163 fata
647 2109 830 2177 regula
851 2106 1015 2162 fuisse
1041 2104 1372 2162 conclusum.
1396 2101 1733 2172 Quapropter
1761 2100 2095 2171 gaudeamus

512 2199 569 2253 in
599 2196 860 2261 cladibus,
895 2196 1223 2251 exsultemus
1246 2193 1301 2248 in
1330 2191 1602 2262 periculis.
1636 2191 1768 2246 Nam
1791 2206 1888 2247 cur
1916 2207 1947 2246 a
1976 2192 2101 2247 fide-

515 2288 655 2345 libus
697 2290 858 2344 debet
896 2287 1098 2357 refugi,
1146 2286 1289 2356 quod
1344 2284 1436 2340 ille
1485 2299 1665 2339 rerum
1721 2284 1976 2339 Dominus
2004 2299 2101 2354 pro

517 2386 758 2439 omnium
784 2384 955 2439 salute
979 2380 1271 2438 sustinuit?
1303 2378 1602 2434 Notandum
1628 2387 1889 2448 praeterea
1919 2393 2104 2433 secun-

519 2476 645 2529 dum
676 2476 814 2528 hunc
835 2487 955 2528 esse
987 2473 1248 2541 psalmum
1274 2485 1460 2525 eorum
1492 2469 1582 2539 qui
1611 2469 1915 2539 passionem
1938 2477 1994 2524 et
2015 2484 2101 2523 re~

517 2568 904 2623 surrectionem
934 2563 1142 2619 Domini
1172 2563 1330 2617 latius
1356 2563 1605 2617 intimare
1640 2570 1954 2616 noscuntur.

769 2678 1128 2735 EXPOSITIO
1169 2676 1233 2731 IN
1278 2675 1599 2732 PSAL‘llUM
1640 2675 1856 2730 XXXV.

759 2790 824 2845 In
846 2792 997 2861 finem
1015 2807 1155 2845 servo
1189 2790 1395 2843 Domini
1423 2790 1650 2860 psalmus
1675 2788 1860 2843 Darid.

589 2904 717 2957 llaec
742 2904 917 2957 omnia
949 2901 1160 2956 nomina
1204 2901 1339 2955 bene
1369 2900 1736 2970 intelliguntur
1759 2898 1827 2954 de
1879 2898 2103 2953 Domino

1096 3739 1287 3794 Divisio
1328 3742 1535 3809 psalmi.

598 3854 764 3909 Totus
812 3854 1045 3921 psalmus
1094 3868 1124 3906 a
1179 3867 1403 3920 persona
1454 3855 1731 3921 prophetat
1785 3852 2000 3906 dicitur.
2055 3852 2111 3906 In

528 3945 700 4015 primo
728 3946 968 3999 membro
994 3953 1393 4005 contemptores
1426 3945 1553 4013 legis
1585 3945 1932 3999 vehementer
1956 3960 2111 3999 accu-

530 4048 633 4102 sat,
657 4051 853 4105 eosque
880 4036 1010 4089 dicit
1038 4049 1143 4089 non
1177 4034 1416 4089 habitare
1446 4050 1567 4088 cum
1603 4035 1849 4101 Domino,
1872 4050 2113 4089 comme-

530 4143 745 4182 morans
772 4142 957 4181 eorum
988 4126 1176 4195 impias
1204 4127 1528 4181 voluntates.
1571 4126 1683 4181 Nec
1735 4135 1947 4181 moveat
1975 4128 2116 4195 quod

530 4227 652 4289 post
681 4219 834 4285 tituli,
876 4219 984 4273 tale
1033 4218 1350 4288 principium
1400 4218 1468 4271 ab
1516 4216 1895 4286 insipientibus
1942 4218 2116 4272 facere

530 4308 747 4377 delegit,
780 4309 1011 4362 initium.
1052 4306 1406 4362 Commendat
1433 4309 1574 4362 enim
1607 4309 1974 4363 vehementius
2025 4310 2118 4364 ho-

532 4411 720 4452 norum
754 4407 978 4465 partem,
1016 4398 1230 4467 quando
1269 4398 1416 4466 prius
1443 4399 1786 4467 prmmittitur
1829 4400 1970 4470 quod
1996 4416 2120 4471 gra-

530 4489 670 4543 viter
713 4488 1014 4543 horreatur.
1052 4488 1300 4544 Secundo
1345 4489 1444 4543 sub
1473 4488 1629 4545 laude
1662 4490 1875 4545 Domini
1920 4493 2115 4546 collata

532 4582 810 4640 beatorum
852 4582 1067 4654 praemia
1104 4583 1502 4650 describuntur,
1534 4599 1735 4656 eosque
1768 4586 1895 4641 dicit
1925 4587 2115 4644 domus

533 4672 741 4730 Domini
773 4674 1017 4730 ubertate
1045 4674 1322 4745 compleri.
1358 4674 1709 4746 Breviterque
1747 4675 1801 4731 in
1830 4679 1981 4734 ruina
2004 4694 2116 4734 ma-

533 4768 709 4823 lorum
736 4768 972 4838 psalmus
1002 4770 1101 4824 iste
1126 4766 1487 4833 concluditur,
1516 4784 1584 4826 ne
1611 4769 1730 4839 quis
1762 4780 1971 4840 putaret
2004 4772 2115 4827 for-

534 4868 680 4914 tasse
709 4858 1020 4914 tentandum
1043 4858 1184 4929 quod
1213 4867 1358 4914 tanta
1383 4861 1757 4916 exsecratione
1787 4870 2009 4916 noverat
2028 4876 2117 4918 ac-

535 4960 802 5007 cusatum.
826 4950 1161 5021 Quapmpter
1186 4951 1540 5008 subtilitatem
1569 4951 1686 5022 ejus
1714 4954 1871 5022 paulo
1892 4953 2122 5023 diligen-

536 5044 642 5097 tius
686 5052 1111 5110 perscrutemur;
1161 5051 1245 5099 est
1295 5043 1439 5099 enim
1493 5043 1751 5099 nonnulla
1808 5043 2124 5101 difﬁcultate

535 5143 837 5191 CODICXIDS.

1074 5246 1340 5315 Expositio
1379 5247 1583 5315 psalmi.

611 5362 766 5417 Vers.
800 5363 848 5415 l.
893 5360 1034 5414 Dixit
1076 5360 1300 5433 injustas
1346 5369 1401 5413 ut
1431 5359 1692 5430 delinquat
1725 5360 1778 5413 in
1809 5360 2078 5431 semetipso

541 5453 663 5539 Non
688 5463 761 5508 est
800 5455 949 5507 timor
988 5451 1081 5504 Dei
1122 5460 1237 5506 ante
1268 5452 1439 5504 oculos
1464 5452 1593 5518 ejus.
1629 5451 1743 5505 Duo
1773 5461 1897 5504 sunt
1920 5466 2119 5520 genera

539 5546 871 5612 peccan'inm
902 5563 912 5596 :
948 5559 1112 5597 unum
1155 5542 1295 5612 quod
1328 5542 1553 5596 credens
1586 5542 1685 5611 legi
1717 5558 1813 5610 per
1839 5541 2123 5595 infirmita-

542 5645 648 5690 tem
680 5638 853 5690 carnis
893 5653 997 5691 non
1033 5637 1170 5692 valet
1210 5651 1329 5705 qua:
1375 5646 1499 5689 sunt
1527 5635 1674 5703 jnssa
1712 5634 2009 5703 complere,
2060 5633 2126 5687 de

541 5727 735 5797 quibus
778 5727 901 5782 dicit
932 5728 1183 5784 Salomon
1219 5746 1229 5781 :
1282 5726 1479 5798 Corpus
1508 5728 1639 5781 enim
1670 5728 1803 5796 quod
1837 5730 2125 5798 corrumpi-
