4030 6172
248 340 283 373 Ζ
290 340 365 373 )0

1180 309 1540 367 EXi‘OSlTlJ
1579 311 1640 365 IN
1685 308 2140 369 PSALTERiL‘M.
2185 315 2379 372 PSAL.
2424 318 2639 372 XXXV.

3442 318 3547 375 εει

248 446 391 485 lium
438 427 747 495 malumque
804 425 1112 481 meditatur.
1163 427 1333 479 Astiiit
1383 442 1509 479 vero
1552 426 1681 479 dicit
1721 426 1855 477 enini
1884 432 1934 486 Α
1962 426 2138 482 dinata
2173 408 2462 486 voluntate.
2487 430 2859 496 tractantibus,
2904 432 3161 488 beneficia
3193 449 3301 488 sua:
3341 433 3547 503 pietatis

246 524 352 573 ιὶιε
392 534 494 571 non
540 518 708 579 bomr,
750 517 801 569 id
841 526 923 570 est
966 517 1148 571 saeculi
1197 517 1349 571 istius
1393 516 1534 580 vitae,
1563 532 1719 584 quam
1754 531 1857 569 non

250 609 537 668 transiiit,
588 617 647 659 ut
676 607 864 674 reliqui
912 607 1246 671 confitentes,
1279 607 1371 661 sed
1402 607 1451 660 iu
1491 607 1676 661 eadem
1715 622 1861 659 com-

254 711 512 753 moratus
540 708 703 766 atque
740 698 952 750 defixus
982 709 1083 752 est.
1120 698 1201 751 Ad
1231 700 1500 752 cumulum
1531 714 1740 767 quoque
1782 701 1861 751 in-

254 791 386 842 tulit
417 800 791 857 peccazornm,
823 789 1073 840 malitiam
1100 798 1266 842 autem
1288 806 1389 842 non
1420 790 1590 843 adivit.
1626 789 1721 842 llic
1749 805 1859 841 ma-

254 882 433 935 litiam
466 882 582 934 vult
614 880 837 948 intelligi
872 889 1188 933 cunctorum
1218 880 1497 934 criminum
1533 890 1777 941 matrem,
1806 880 1857 933 in

253 988 367 1025 una
399 972 571 1025 verbo
601 971 928 1025 concludens
951 970 1090 1039 quod
1116 971 1273 1025 latius
1306 971 1578 1024 videbatur
1603 970 1855 1025 effusum.

253 1061 412 1116 lianc
442 1062 610 1129 igilur
644 1062 898 1116 affectare
932 1062 1197 1130 piaculum
1228 1073 1328 1130 est,
1361 1078 1518 1132 quam
1550 1077 1652 1115 non
1681 1064 1856 1115 solum

253 1154 437 1208 vitare
470 1153 835 1222 praecipimur,
882 1152 976 1205 sed
1002 1152 1193 1205 merito
1228 1168 1344 1206 eam
1385 1152 1561 1207 odisse
1591 1153 1861 1219 compelli-

252 1260 412 1308 mur;
436 1252 710 1314 quatenus
738 1252 941 1298 tantum
966 1244 1175 1298 facinus
1203 1254 1453 1313 perpetua
1488 1246 1858 1299 exsecratione

252 1337 612 1392 damnemus.
662 1338 931 1391 Memento
969 1351 1145 1391 au'em
1193 1337 1335 1406 quod
1376 1353 1406 1391 a
1447 1338 1620 1406 rapite
1663 1338 1855 1407 psalmi

253 1427 426 1495 hujus
446 1442 555 1496 per
586 1435 818 1496 quatuor
843 1440 1031 1481 versus
1061 1428 1282 1496 figuram
1331 1428 1512 1496 posuit
1549 1429 1854 1497 syuatltrui-

253 1531 435 1583 smus,
481 1531 605 1584 qua:
636 1529 742 1571 uno
770 1524 941 1570 tractu
983 1526 1144 1585 atque
1178 1516 1407 1571 circuitu
1434 1517 1663 1572 crimina
1691 1518 1856 1572 multa

248 1607 567 1661 concludit.

332 1699 497 1753 \‘ers.
529 1698 586 1753 ii.
619 1698 855 1763 Domine,
884 1698 936 1752 in
964 1698 1088 1752 caelo
1124 1698 1476 1752 misericordia
1513 1708 1601 1751 tua
1627 1707 1676 1751 ct
1727 1699 1854 1751 veri-

1966 517 2221 585 indulget.
2268 520 2376 573 lloc
2403 530 2581 575 autem
2617 536 2737 590 quae
2779 536 2949 589 mens,
2981 538 3099 591 qua:
3141 523 3276 577 ratio
3304 538 3546 591 compre-

1966 608 2166 662 hendat
2193 610 2636 677 supplicationem
2662 613 3038 681 pmuitentium
3055 612 3117 666 ad
3140 614 3355 681 praemia
3378 626 3548 667 trans-

1965 702 2042 756 ire
2076 702 2376 769 justorum?
2411 703 2573 757 Vides
2611 719 2738 771 ergo
2776 688 2984 759 Domini
3025 706 3228 776 judicia
3270 704 3547 775 profundis

1963 793 2157 862 abyssis
2193 793 2468 861 aptissime
2500 804 2828 861 comparata.

2038 885 2189 939 Vcrs.
2218 887 2267 938 7.
2309 886 2750 950 Quemadmodum
2792 885 3144 952 multiplicasti
3173 886 3547 940 misericordias

1963 985 2097 1039 tuas,
2132 974 2313 1028 Deus!
2342 976 2437 1042 ﬁlii
2467 986 2635 1028 autem
2676 974 2940 1028 hominum
2996 976 3048 1028 in
3093 977 3396 1042 protectione
3435 978 3567 1029 ala-‘

1961 1083 2073 1118 rum
2102 1076 2305 1119 tuarum
2330 1068 2626 1136 sperabunt.
2654 1068 2802 1120 Nunc
2828 1067 2982 1121 latius
3016 1083 3107 1134 per
3131 1069 3301 1121 varias
3327 1083 3546 1123 enume—

1962 1158 2195 1213 rationes
2219 1160 2435 1226 exponit
2459 1160 2598 1230 quod
2631 1162 2876 1228 superius
2905 1160 3136 1214 breviter
3158 1160 3315 1227 dixit,
3340 1160 3546 1214 Iudicia

1961 1258 2048 1302 tua
2079 1250 2286 1318 abyssus
2316 1252 2493 1304 multa.
2537 1250 2979 1315 Quemadmodum
3018 1251 3329 1305 admirantis
3358 1251 3547 1308 adver-

1961 1340 2105 1395 bium
2146 1350 2248 1407 est,
2290 1342 2339 1395 id
2380 1352 2484 1407 est,
2525 1359 2682 1412 quam
2731 1342 3050 1408 sublimiter,
3103 1359 3261 1413 quam
3305 1354 3579 1412 potenter

1960 1432 2338 1485 misericordias
2367 1441 2480 1486 tuas
2522 1432 2766 1502 largitate
2810 1433 3037 1488 mirabili
3076 1434 3372 1501 contulisti,
3401 1444 3456 1489 ut
3494 1445 3549 1490 et

1963 1534 2273 1591 peccatores
2308 1523 2375 1578 ad
2408 1523 2623 1591 prtemia
2656 1528 2841 1580 venire
2882 1524 3111 1591 faceres,
3141 1535 3195 1580 et
3224 1524 3400 1595 justos
3425 1539 3547 1588 θρε-

1960 1630 2082 1669 rare
2114 1617 2376 1684 promissa
2408 1615 2550 1669 dona
2580 1614 2847 1671 sancires!
2886 1618 2951 1671 Et
2976 1626 3100 1671 nota
3130 1616 3272 1686 quod
3299 1618 3547 1686 superius

1960 1705 2205 1760 homines
2244 1706 2463 1769 dixerit,
2499 1720 2638 1760 nunc
2678 1716 2856 1761 autem
2896 1708 3031 1774 ﬁlios
3074 1708 3337 1761 hominum
3374 1710 3545 1778 ponit.

252 1798 333 1842 tas
378 1801 477 1842 tua
506 1806 666 1859 usque
703 1792 769 1842 ad
809 1790 989 1843 nubes.
1044 1789 1402 1845 Dinumeratis
1443 1789 1856 1858 cogitationibus
1890 1794 1931 1853 Β
1962 1794 2215 1849 llomines
2246 1795 2558 1864 plerumque
2586 1796 2858 1862 dicuntur,
2888 1798 2975 1865 qui
3003 1796 3235 1852 necdum
3265 1798 3422 1866 primi
3446 1798 3543 1851 lto-

253 1881 547 1934 hominum
585 1882 962 1949 pessimorum,
996 1880 1235 1935 secundo
1278 1881 1519 1934 membro
1544 1879 1611 1933 ad
1644 1879 1854 1933 laudem

254 1973 479 2026 Domini
528 1974 810 2026 transitum
843 1973 986 2026 facit.
1027 1972 1155 2024 Nam
1184 1973 1432 2039 quamvis
1465 1980 1520 2024 et
1548 1973 1599 2024 in
1631 1980 1774 2025 terra
1802 1982 1854 2023 et

254 2066 307 2117 in
348 2063 495 2116 mari
544 2071 600 2116 et
630 2063 826 2131 ubique
863 2063 935 2117 sit
974 2062 1322 2116 misericordia
1363 2062 1500 2130 ejus,
1551 2063 1635 2115 hic
1676 2070 1853 2115 tamen

258 2156 581 2221 specialiter
609 2155 662 2206 in
692 2154 815 2206 caelo
849 2153 997 2215 dicit,
1028 2152 1077 2206 id
1110 2161 1194 2206 est
1221 2153 1273 2206 in
1309 2151 1619 2206 caelestibus
1645 2164 1855 2206 crettu-

257 2246 331 2299 ris
364 2254 424 2297 ει
464 2243 671 2297 s-nctis
702 2242 1024 2306 hominibus,
1074 2240 1162 2294 ubi
1199 2241 1467 2309 copiosius
1513 2241 1651 2294 dona
1682 2256 1856 2295 mana-

255 2346 482 2392 veruut.
531 2337 805 2389 Veritatem
835 2337 994 2389 etiam
1021 2333 1709 2401 conmietnoratjustorum,
1734 2349 1856 2403 quae

256 2437 307 2490 in
343 2435 509 2489 istius
541 2434 722 2489 surculi
774 2446 945 2502 agone
973 2441 1272 2485 versantur.
1318 2431 1556 2484 Diximus
1584 2430 1725 2483 enim
1766 2448 1859 2483 sit-

258 2532 451 2593 perlus
491 2525 656 2577 nubes
704 2524 1084 2592 prophetarum
1126 2521 1599 2590 praedicationibus
1635 2535 1854 2589 compa-

259 2628 411 2670 ratas
445 2636 458 2668 :
491 2618 617 2684 quia
670 2617 807 2669 sicut
859 2615 963 2666 illa:
1017 2615 1174 2667 terris
1232 2613 1487 2666 vicluales
1539 2627 1706 2681 aquas
1760 2614 1854 2665 de-

259 2712 483 2780 pluuut,
518 2710 592 2762 ita
620 2715 675 2761 et
703 2708 789 2760 ἱειὶ
821 2706 1065 2760 fidelibus
1092 2705 1370 2758 animabus
1404 2704 1629 2757 imbrem
1670 2702 1856 2756 salutis

255 2804 545 2864 emittunt,
575 2811 632 2853 ut
659 2800 887 2852 fructum
917 2798 1045 2851 dent
1082 2797 1228 2859 ﬁdei,
1258 2812 1376 2866 qua:
1408 2796 1619 2851 Steriles
1648 2794 1857 2848 fuerant

258 2892 519 2946 ariditate
550 2890 784 2961 peccati;
812 2899 870 2943 ut
895 2890 1068 2958 ipsum
1096 2903 1280 2942 revera
1310 2886 1669 2952 intelligamus
1690 2886 1857 2954 cccle-

259 2986 445 3038 stibus
490 2983 777 3037 virtutibus
824 2980 1247 3035 misericordiam
1303 2979 1510 3042 facere,
1561 2993 1715 3045 quem
1764 2991 1860 3045 per

258 3076 554 3145 apostolos
574 3082 627 3129 et
655 3072 945 3142 prophetas
976 3071 1211 3125 humano
1238 3071 1421 3137 generi
1456 3069 1733 3121 veritatem
1763 3080 1857 3119 co-

1959 1886 2117 1940 minis
2160 1894 2426 1940 vetustate
2466 1888 2731 1955 deposita,
2767 1887 2820 1940 in
2864 1886 3143 1958 originalis
3191 1888 3393 1956 peccati
3431 1889 3540 1942 cri—

1960 1978 2103 2031 mine
2135 1986 2495 2045 perseverant.
2537 1977 2669 2031 Nam
2698 1988 2751 2031 et
2788 1977 2902 2046 ipse
2945 1976 3115 2031 Adam
3147 1978 3395 2046 quoniam
3430 1979 3544 2047 pri-

1960 2082 2079 2121 mus
2104 2076 2205 2129 est,
2253 2066 2413 2122 homo
2443 2069 2659 2135 dicitur,
2703 2083 2808 2121 non
2838 2067 2977 2122 filius
3014 2068 3265 2123 hominis.
3300 2066 3423 2121 Filii
3446 2083 3544 2121 au-

1958 2166 2064 2211 tem
2110 2156 2373 2210 hominum
2413 2167 2535 2211 sunt
2565 2158 2657 2227 qui
2700 2158 2925 2227 gratiam
2980 2157 3309 2224 baptismatis
3346 2172 3536 2211 conse—

1959 2249 2104 2311 cuti,
2166 2249 2219 2301 in
2276 2263 2465 2301 novam
2506 2252 2867 2317 progeniem,
2931 2259 3219 2313 praestante
3275 2247 3539 2312 Dunino,

1965 2348 2338 2393 renascuntur.
2383 2338 2514 2392 Nam
2567 2349 2619 2392 et
2658 2339 2772 2406 ipse
2812 2338 3055 2391 Christus
3107 2336 3275 2389 Filius
3315 2335 3545 2388 hominis

1963 2433 2134 2487 dictus
2156 2442 2258 2499 est,
2295 2441 2351 2486 ut
2377 2447 2563 2486 revera
2588 2431 2739 2500 cujus
2764 2431 2979 2499 praemia
3013 2429 3328 2498 suscipiunt,
3357 2436 3472 2497 ejus
3494 2438 3547 2483 et

1963 2526 2182 2578 nomine
2220 2523 2562 2578 decorentur.
2599 2523 2707 2576 Ala:
2737 2537 2862 2576 vero
2888 2532 3009 2576 sunt
3043 2522 3248 2574 Damini
3284 2531 3545 2590 prmcepta

1960 2615 2091 2669 Novi
2131 2625 2184 2669 et
2233 2615 2442 2669 Veteris
2472 2614 2827 2676 Testamenti,
2866 2615 2916 2667 in
2954 2628 3178 2682 quorum
3213 2612 3545 2681 protectione

1957 2707 2132 2777 justus
2183 2708 2340 2777 120
2392 2707 2565 2762 omnis
2618 2722 2837 2775 sperare
2880 2707 3241 2776 cognoscitur,
3292 2706 3419 2759 dum
3471 2704 3548 2758 eis

1963 2798 2185 2852 obedre
2236 2807 2585 2851 monstratur.
2621 2798 2743 2850 llazc
2774 2798 3067 2851 similitudo
3099 2808 3264 2850 tracta
3297 2806 3380 2851 est
3402 2811 3549 2851 com-

1965 2897 2209 2956 petenter
2234 2888 2300 2940 ab
2338 2887 2547 2952 avibus,
2586 2902 2810 2957 quarum
2843 2888 2971 2955 pulli
3014 2888 3179 2941 teucri
3213 2903 3362 2955 spem
3392 2902 3545 2941 suam

1963 2980 2014 3033 in
2058 2988 2418 3033 maternarum
2460 2980 2664 3033 alarum
2705 2980 3039 3048 protectioue
3077 2995 3273 3045 ponere
3315 2993 3543 3034 consue-

1964 3080 2107 3124 runt.
2139 3072 2256 3137 Quo
2296 3071 2547 3140 exemplo
2572 3081 2627 3125 et
2657 3071 2968 3140 simplicitas
3010 3073 3279 3139 sperantis
3311 3054 3548 3126 ostendi-

259 3167 586 3234 gnoscimus
618 3163 950 3232 pI'II'SlillSSC.
999 3163 1065 3215 Et
1099 3162 1305 3215 intuere
1336 3159 1541 3212 laudem
1572 3159 1705 3211 hanc
1736 3172 1858 3210 σου·
1885 3161 1930 3224 C
1963 3171 2067 3227 tur,
2097 3173 2147 3216 et
2173 3162 2508 3216 blandissitni
2538 3162 2780 3217 beneﬁcii
2813 3163 3018 3217 cautela
3049 3163 3370 3217 declaratur.
3402 3188 3409 3199 ι

266 3267 344 3312 tra
399 3256 692 3325 impiorum
738 3254 1180 3323 vituperationem
1231 3252 1587 3306 communiter
1624 3250 1860 3304 introdu-

266 3361 435 3413 c1am,
459 3356 521 3401 ut
549 3346 1029 3400 demonstrativum
1055 3360 1222 3414 genus
1249 3345 1488 3413 utrisque
1513 3343 1750 3412 partibus
1773 3358 1860 3396 ex-

274 3440 489 3510 plicatis
520 3438 824 3492 eiidentius
852 3445 1157 3505 appareret.

337 3534 497 3586 νει-ς.
531 3532 584 3584 6.
619 3528 830 3582 Justitia
858 3538 947 3582 tua
975 3529 1103 3581 sicut
1136 3535 1353 3592 montes,
1388 3524 1859 3595 Domine;judicia

267 3634 352 3677 tua
378 3625 599 3692 abyssus
628 3620 784 3673 multa
812 3637 833 3675 :
860 3621 1087 3673 homines
1128 3629 1173 3671 et
1204 3620 1440 3689 jumenta
1482 3618 1648 3670 salvos
1677 3617 1855 3686 facies,

270 3714 510 3766 Domine.
554 3712 809 3776 Quamvis
860 3725 987 3765 usos
1042 3712 1232 3763 habeat
1280 3727 1291 3762 :
1331 3709 1546 3762 Justitia
1590 3718 1677 3761 tua
1730 3711 1859 3763 sicut

270 3817 464 3857 montes
510 3802 630 3867 Dei,
682 3802 850 3856 multo
879 3812 1053 3854 tamen
1101 3782 1395 3853 absolutior
1424 3809 1506 3852 est
1548 3799 1856 3866 Hieronymi

274 3898 379 3950 fida
410 3895 719 3959 translatio,
750 3909 870 3963 quae
907 3892 1126 3946 Domine
1153 3893 1321 3961 magis
1342 3906 1507 3960 quam
1540 3892 1629 3944 Dei
1660 3892 1853 3958 posuit.

271 3988 487 4043 Jastitia
526 3998 619 4042 tua
646 3988 832 4042 beatos
863 3986 991 4039 dicit
1039 3986 1331 4054 apostolos,
1362 3985 1451 4052 qtti
1498 3997 1721 4052 capaces
1756 3983 1861 4035 Do-

272 4081 399 4132 mini
430 4079 652 4146 iustitite
676 4076 886 4132 devotis
912 4075 1157 4129 sensibus
1194 4076 1543 4139 exstiterunt;
1574 4087 1709 4142 quos
1748 4089 1861 4127 me-

271 4173 372 4225 tito
404 4170 663 4223 montibus
690 4169 1040 4237 comparavit,
1070 4168 1319 4235 quoniam
1363 4181 1585 4221 summie
1614 4166 1856 4220 veritatis

273 4262 457 4317 lumen
504 4262 558 4315 iu
590 4262 719 4329 ipsis
748 4260 1051 4331 primordiis
1080 4259 1408 4324 haurientes,
1447 4259 1739 4314 humilibus
1765 4274 1861 4329 po-

274 4357 421 4425 pulis
448 4357 653 4410 sanctis
680 4352 1153 4430 praedicationibus
1181 4352 1509 4408 infuderunt.
1542 4351 1691 4406 Sicut
1715 4368 1863 4406 mon-
1908 4368 1911 4370 ·

273 4458 343 4502 tes
370 4447 467 4516 qui
497 4446 616 4503 sole
651 4456 771 4500 orto
796 4444 976 4500 radios
1024 4459 1177 4498 novae
1214 4445 1348 4499 locis
1382 4444 1676 4513 excipiunt,
1712 4452 1768 4498 et
1791 4443 1857 4498 ad

2034 3251 2189 3306 Vers.
2234 3251 2283 3303 8.
2319 3249 2722 3305 Inebriabuntur
2761 3252 2824 3304 ab
2871 3254 3100 3307 ubertate
3142 3254 3323 3305 domus
3355 3262 3473 3318 luat,
3504 3261 3550 3305 ct

1962 3353 2183 3397 torrente
2227 3344 2499 3411 voluptatis
2541 3352 2640 3397 tua:
2698 3344 2896 3411 potabis
2953 3360 3055 3397 eos.
3116 3343 3546 3407 Inebriabuntttr,

1961 3448 2139 3489 sermo
2186 3444 2389 3488 tractus
2429 3443 2509 3487 est
2554 3448 2583 3486 a
2640 3442 2791 3502 parte
2838 3436 3123 3499 bonorum,
3164 3433 3232 3487 de
3272 3433 3546 3487 hominum

1960 3528 2349 3581 consuetudine
2376 3526 2588 3591 vitiosa,
2618 3526 2704 3595 qui
2734 3525 2858 3580 vino
2898 3527 3060 3579 nimio
3091 3524 3362 3594 gurgitati,
3397 3528 3547 3579 ineu-

1964 3620 2032 3674 lis
2058 3618 2409 3689 oppressione
2429 3628 2756 3686 torpescunt.
2791 3618 2881 3672 S‘c
2912 3618 3013 3681 ista
3044 3617 3285 3673 cmleStis
3313 3617 3546 3671 ebrietas

1962 3710 2274 3764 memoriam
2304 3709 2572 3778 intercipit
2603 3709 2941 3763 saacularium
2978 3726 3181 3776 rerum,
3225 3718 3280 3764 et
3309 3709 3547 3763 carnalia

1962 3800 2033 3853 ita
2066 3799 2192 3853 facit
2229 3814 2259 3852 a
2311 3810 2490 3854 mente
2518 3791 2815 3864 discedere,
2858 3810 3104 3870 tanquam
3151 3801 3257 3855 viui
3301 3801 3547 3869 crapula,

1961 3906 2081 3960 qua:
2101 3892 2360 3944 humanos
2381 3901 2531 3945 actus
2555 3906 2581 3944 a
2611 3894 2808 3946 nostris
2835 3893 3082 3946 sensibus
3108 3893 3323 3945 alienat.
3350 3891 3545 3960 Sequi-

1968 3993 2054 4038 tur
2076 3985 2239 4039 etiam
2269 3985 2410 4038 unde
2439 3984 2559 4038 talis
2601 3986 2882 4053 provenire
2911 3985 3081 4055 possit
3119 3984 3371 4047 ebrietas,
3405 3984 3549 4037 scili-

1962 4088 2049 4133 cet
2075 4080 2138 4131 ab
2168 4080 2396 4133 ubertate
2423 4080 2604 4131 domus
2636 4086 2757 4142 tum,
2802 4078 2849 4131 id
2880 4087 2964 4132 est
3000 4079 3066 4130 ab
3107 4078 3350 4131 enthecis
3378 4078 3543 4145 spiri-

1965 4169 2196 4224 tualibus
2241 4179 2441 4223 sanctze
2481 4168 2667 4222 matris
2698 4168 2971 4222 Ecclesiae.
3013 4167 3128 4234 Ipsa
3173 4176 3255 4220 est
3285 4165 3426 4234 eumn
3455 4166 3551 4219 do-

1965 4182 2196 4224 tuattous
2241 4182 2441 4223 sanctae
2481 4182 2667 4222 matris
2698 4182 2971 4222 tscctesue.
3014 4182 3128 4234 Ipsa
3173 4182 3255 4220 est
3285 4182 3331 4220 ei
3393 4182 3426 4218 n
3455 4182 3550 4219 ao-

1962 4278 2076 4316 mus
2104 4277 2223 4332 qua:
2250 4262 2463 4317 condita
2498 4277 2593 4316 sua
2623 4260 2851 4315 inaniter
2884 4260 3052 4314 nescit
3075 4182 3410 4327 expenderg,
3430 4273 3550 4326 que

1962 4353 2040 4409 sic
2072 4354 2323 4408 universo
2352 4353 2553 4408 mundo
2586 4352 2801 4419 sufficit,
2834 4361 2895 4407 ut
2916 4353 3069 4430 plena
3104 4367 3319 4419 semper
3348 4351 3551 4406 exube-

1962 4458 2069 4502 ret.
2100 4447 2344 4503 Ebrietas
2372 4446 2575 4512 sobria,
2608 4445 2904 4502 vinolentia
2940 4445 3194 4517 gloriosa,
3226 4444 3279 4499 in
3322 4458 3423 4512 qua
3456 4458 3554 4515 po-

273 4539 557 4593 convalfes
609 4549 872 4593 terrarum
938 4536 1116 4591 refusa
1171 4536 1416 4591 claritate
1465 4534 1859 4590 transmittunt.
1891 4533 1943 4594 D
1968 4546 2107 4592 tator
2128 4544 2335 4608 peccat,
2364 4535 2409 4592 si
2442 4550 2561 4590 eam
2591 4536 2769 4606 potius
2791 4535 2995 4590 ambire
3014 4534 3299 4605 despiciat.
3328 4533 3554 4589 Torren—

275 4631 507 4700 Abyuus
552 4628 639 4683 hic
668 4629 720 4683 in
749 4630 890 4683 bono
929 4628 1129 4697 posuit,
1157 4626 1546 4697 profunditates
1570 4626 1687 4696 ejus
1724 4626 1861 4681 divi-

278 4722 356 4774 nis
381 4720 607 4792 judiriis
636 4720 1019 4789 comparando.
1048 4718 1274 4790 Abyssus
1297 4727 1381 4774 est
1409 4718 1554 4773 enim
1583 4717 1863 4787 profundi-

278 4822 356 4865 tas
382 4826 667 4881 aquarum,
707 4825 868 4881 quam
913 4825 1012 4865 nec
1056 4809 1253 4872 metiri,
1296 4824 1396 4864 nec
1435 4808 1761 4862 intrinsecus
1788 4821 1856 4861 ex

279 4919 388 4963 toto
416 4910 604 4965 sidere
632 4911 1005 4978 prmvalemus.
1034 4908 1165 4976 Quis
1190 4906 1333 4961 enim
1365 4906 1541 4977 magni
1570 4905 1741 4976 pelagi
1769 4913 1861 4958 aut

279 5000 487 5052 interna
516 5000 837 5069 conspiciat,
885 5009 974 5052 aut
1005 4998 1177 5068 spatia
1206 4996 1465 5051 latissima
1500 4996 1858 5066 comprehen-

281 5090 400 5142 dat?
428 5089 523 5143 Sic
554 5088 732 5142 divina
754 5090 958 5160 judicia
1003 5104 1101 5143 nec
1150 5096 1327 5141 mente
1361 5087 1640 5155 complecti
1680 5101 1860 5156 possu-

282 5194 420 5243 mus,
457 5194 557 5233 nec
595 5182 804 5233 ratione
832 5180 1007 5253 aliqua
1042 5177 1269 5233 delinire
1307 5177 1688 5246 pmvalemus;
1719 5177 1859 5232 sicut

282 5270 572 5335 Apostolus
597 5269 759 5321 dicit:
788 5269 954 5336 Quam
977 5268 1503 5337 incomprehensibilia
1525 5279 1640 5321 sunt
1653 5269 1858 5339 judicia

282 5361 410 5429 ejus,
447 5370 492 5413 et
533 5360 904 5429 investigabiles
952 5361 1045 5413 via:
1088 5362 1250 5428 ipsius
1279 5359 1456 5427 (llam.
1497 5376 1567 5423 XI,
1612 5360 1731 5430 35)!
1766 5362 1859 5415 His

284 5462 458 5504 tamen
489 5453 743 5505 omnibus
770 5468 931 5505 unum
980 5468 1170 5507 nomen
1215 5453 1516 5521 appositum
1557 5463 1658 5512 est,
1692 5454 1858 5523 Abys-

282 5560 391 5605 sus,
435 5544 482 5596 id
533 5554 612 5598 cst
662 5543 993 5613 profunditas
1042 5560 1160 5613 qua)
1191 5561 1293 5597 non
1340 5546 1481 5599 valet
1507 5546 1858 5613 apprehendi.

288 5635 514 5699 Exponit
551 5634 710 5687 etiam
741 5650 905 5703 quare
932 5636 1136 5705 judicia
1185 5635 1301 5702 ejus
1347 5634 1586 5703 abyssum
1618 5635 1855 5690 dixerit:

288 5726 501 5790 merito,
535 5723 748 5793 quando
802 5725 1185 5794 peccatoribus,
1215 5726 1581 5796 jumentorum
1619 5740 1677 5780 se
1712 5726 1861 5781 inor-

1967 4638 2067 4685 tem
2096 4642 2221 4686 vero
2250 4628 2485 4683 diximus
2524 4642 2645 4682 esse
2670 4626 2890 4683 ﬂuvium
2920 4626 3182 4692 velocem,
3222 4626 3310 4696 qui
3344 4625 3555 4695 pluvia-

1969 4736 2088 4776 rum
2118 4720 2292 4775 subita
2323 4718 2672 4774 inundatione
2699 4716 2990 4773 descendit.
3031 4715 3127 4770 Cui
3162 4716 3297 4769 bene
3328 4729 3551 4784 compa-

1968 4818 2118 4864 ratur
2141 4809 2400 4877 sapientia
2422 4806 2645 4875 Christi,
2676 4807 2797 4877 quia
2821 4806 2996 4862 subita
3019 4816 3121 4873 est,
3153 4815 3208 4861 et
3231 4805 3301 4860 ita
3334 4805 3543 4873 rapida,

1968 4910 2025 4973 ut
2075 4902 2143 4955 ad
2194 4902 2353 4957 finem
2393 4915 2549 4971 quem
2601 4900 2715 4954 vult
2768 4899 3101 4969 sinealiqua
3147 4896 3396 4953 tarditate
3428 4912 3553 4967 per-

1968 4992 2170 5048 veniat.
3254 4988 3268 5006 '

2041 5084 2195 5139 Vers.
2243 5085 2299 5142 9.
2335 5084 2587 5151 Quoniam
2634 5084 2775 5152 apud
2804 5094 2851 5138 te
2893 5091 2967 5139 est
2995 5083 3110 5154 fons
3137 5083 3268 5146 vitat,
3312 5090 3357 5135 et
3391 5080 3443 5133 in
3471 5082 3554 5133 lu-

1965 5176 2100 5228 mine
2140 5185 2226 5228 tuo
2264 5176 2542 5229 videbimus
2570 5174 2762 5227 lumen.
2792 5174 2959 5240 Quam
3010 5174 3318 5227 salutariter
3352 5169 3549 5240 aperit,

1966 5282 2125 5335 quam
2161 5274 2408 5334 potenter
2442 5264 2669 5334 exponit
2692 5264 2819 5335 quid
2860 5264 2929 5318 sit
2952 5263 3091 5318 istud
3120 5261 3260 5332 quod
3304 5260 3553 5330 superius

1968 5360 2061 5422 ait,
2110 5358 2518 5410 inebriabuntur.
2558 5352 2789 5410 ﬁltristo
2821 5354 3045 5408 Domino
3095 5354 3262 5407 dicit:
3295 5350 3551 5416 Quoniam

1966 5451 2105 5519 apud
2135 5460 2182 5501 te
2222 5458 2295 5502 est
2326 5451 2443 5519 fons
2472 5449 2607 5510 vitm,
2641 5448 2691 5502 id
2729 5457 2811 5502 est
2848 5448 3051 5501 initium
3084 5445 3343 5529 omnium.
3373 5444 3550 5497 bono-

1967 5559 2086 5597 rum
2130 5552 2183 5595 et
2212 5542 2361 5609 origo
2397 5542 2674 5607 virtutum,
2706 5540 2847 5594 unde
2890 5539 3282 5607 perfectissime
3311 5539 3555 5606 comple-

1968 5647 2106 5695 mur,
2134 5631 2347 5699 quando
2375 5630 2587 5699 aliquod
2627 5644 2818 5684 munus
2847 5630 2914 5684 ab
2946 5628 3062 5698 ejus
3098 5628 3294 5697 pietate
3318 5628 3551 5696 suscipi-

1970 5739 2107 5779 mus.
2135 5722 2350 5778 Debriat
2398 5722 2594 5778 ctenim
2636 5736 2737 5778 nos
2776 5722 2882 5779 vita
2924 5721 3192 5794 potabilis,
3230 5738 3353 5778 cum
3399 5722 3553 5778 bona:
