  <div class='ocr_page' id='page_1' title='image "/cluster/home/n/w/nwhite01/storage/ocr_20150623/70/hvd.32044054758735/133.png"; bbox 0 0 4030 6172; ppageno 0'>
   <div class='ocr_carea' id='block_1_1' title="bbox 459 278 560 333">
    <p class='ocr_par' dir='ltr' id='par_1_1' title="bbox 459 278 560 333">
     <span class='ocr_line' id='line_1_1' title="bbox 459 278 560 333; baseline 0.02 -2"><span class='ocrx_word' id='word_1_1' title='bbox 459 278 560 333; x_wconf 66' lang='grc' dir='ltr'><strong>Ξῦὕ</strong></span> 
     </span>
    </p>
   </div>
   <div class='ocr_carea' id='block_1_2' title="bbox 1671 282 2493 344">
    <p class='ocr_par' dir='ltr' id='par_1_2' title="bbox 1671 282 2493 344">
     <span class='ocr_line' id='line_1_2' title="bbox 1671 282 2493 344; baseline -0.004 -2"><span class='ocrx_word' id='word_1_2' title='bbox 1671 288 1739 342; x_wconf 75' lang='grc' dir='ltr'><strong>Μ.</strong></span> <span class='ocrx_word' id='word_1_3' title='bbox 1782 284 2057 344; x_wconf 74' lang='lat' dir='ltr'><strong>AURELII</strong></span> <span class='ocrx_word' id='word_1_4' title='bbox 2096 282 2493 341; x_wconf 75' lang='lat' dir='ltr'><strong>CASSIODORI</strong></span> 
     </span>
    </p>
   </div>
   <div class='ocr_carea' id='block_1_3' title="bbox 3625 279 3728 331">
    <p class='ocr_par' dir='ltr' id='par_1_3' title="bbox 3625 279 3728 331">
     <span class='ocr_line' id='line_1_3' title="bbox 3625 279 3728 331; baseline 0 0"><span class='ocrx_word' id='word_1_5' title='bbox 3625 279 3728 331; x_wconf 54' lang='lat'><strong>216</strong></span> 
     </span>
    </p>
   </div>
   <div class='ocr_carea' id='block_1_4' title="bbox 464 391 3726 469">
    <p class='ocr_par' dir='ltr' id='par_1_4' title="bbox 464 391 3726 469">
     <span class='ocr_line' id='line_1_4' title="bbox 464 391 3726 469; baseline -0.004 -14"><span class='ocrx_word' id='word_1_6' title='bbox 464 408 885 462; x_wconf 66' lang='lat' dir='ltr'><strong>conversationis</strong></span> <span class='ocrx_word' id='word_1_7' title='bbox 929 404 1163 459; x_wconf 83' lang='lat' dir='ltr'><strong>studium</strong></span> <span class='ocrx_word' id='word_1_8' title='bbox 1216 401 1283 456; x_wconf 89' lang='lat' dir='ltr'><strong>de</strong></span> <span class='ocrx_word' id='word_1_9' title='bbox 1332 399 1504 456; x_wconf 89' lang='lat' dir='ltr'><strong>sacris</strong></span> <span class='ocrx_word' id='word_1_10' title='bbox 1560 396 2031 469; x_wconf 72' lang='lat' dir='ltr'><strong>prtcdieationibus</strong></span> <span class='ocrx_word' id='word_1_11' title='bbox 2061 401 2113 457; x_wconf 75' lang='grc' dir='ltr'><strong>Α</strong></span> <span class='ocrx_word' id='word_1_12' title='bbox 2209 393 2367 448; x_wconf 76' lang='lat' dir='ltr'><strong>Vers.</strong></span> <span class='ocrx_word' id='word_1_13' title='bbox 2399 394 2487 448; x_wconf 65' lang='grc' dir='ltr'><strong>ιε.</strong></span> <span class='ocrx_word' id='word_1_14' title='bbox 2513 392 2596 446; x_wconf 81' lang='lat' dir='ltr'><strong>lbi</strong></span> <span class='ocrx_word' id='word_1_15' title='bbox 2616 393 2904 447; x_wconf 84' lang='lat' dir='ltr'><strong>ceciderunt</strong></span> <span class='ocrx_word' id='word_1_16' title='bbox 2930 408 3102 449; x_wconf 82' lang='lat' dir='ltr'><strong>omnes</strong></span> <span class='ocrx_word' id='word_1_17' title='bbox 3122 394 3208 463; x_wconf 87' lang='lat' dir='ltr'><strong>qui</strong></span> <span class='ocrx_word' id='word_1_18' title='bbox 3236 401 3514 461; x_wconf 81' lang='lat' dir='ltr'><strong>operantur</strong></span> <span class='ocrx_word' id='word_1_19' title='bbox 3539 391 3726 457; x_wconf 63' lang='lat' dir='ltr'><strong>iniqui-</strong></span> 
     </span>
    </p>
   </div>
   <div class='ocr_carea' id='block_1_5' title="bbox 466 486 2035 560">
    <p class='ocr_par' dir='ltr' id='par_1_5' title="bbox 466 486 2035 560">
     <span class='ocr_line' id='line_1_5' title="bbox 466 486 2035 560; baseline -0.003 -15"><span class='ocrx_word' id='word_1_20' title='bbox 466 492 823 560; x_wconf 87' lang='lat' dir='ltr'><strong>lauserimus;</strong></span> <span class='ocrx_word' id='word_1_21' title='bbox 868 498 1004 548; x_wconf 91' lang='lat' dir='ltr'><strong>sicut</strong></span> <span class='ocrx_word' id='word_1_22' title='bbox 1047 493 1211 547; x_wconf 86' lang='lat' dir='ltr'><strong>Isaias</strong></span> <span class='ocrx_word' id='word_1_23' title='bbox 1252 491 1420 546; x_wconf 83' lang='lat' dir='ltr'><strong>dicit:</strong></span> <span class='ocrx_word' id='word_1_24' title='bbox 1457 489 1725 543; x_wconf 85' lang='lat' dir='ltr'><strong>Haurietis</strong></span> <span class='ocrx_word' id='word_1_25' title='bbox 1769 504 1927 557; x_wconf 86' lang='lat' dir='ltr'><strong>aquas</strong></span> <span class='ocrx_word' id='word_1_26' title='bbox 1970 486 2035 541; x_wconf 81' lang='lat' dir='ltr'><strong>de</strong></span> 
     </span>
    </p>
   </div>
   <div class='ocr_carea' id='block_1_6' title="bbox 460 578 2035 655">
    <p class='ocr_par' dir='ltr' id='par_1_6' title="bbox 460 578 2035 655">
     <span class='ocr_line' id='line_1_6' title="bbox 460 578 2035 655; baseline -0.006 -17"><span class='ocrx_word' id='word_1_27' title='bbox 460 587 680 655; x_wconf 78' lang='lat' dir='ltr'><strong>fontibus</strong></span> <span class='ocrx_word' id='word_1_28' title='bbox 707 583 988 639; x_wconf 73' lang='lat' dir='ltr'><strong>Saluatoris</strong></span> <span class='ocrx_word' id='word_1_29' title='bbox 1017 582 1061 652; x_wconf 92' lang='lat' dir='ltr'><strong>(l</strong></span> <span class='ocrx_word' id='word_1_30' title='bbox 1072 583 1167 635; x_wconf 82' lang='lat' dir='ltr'><strong>sai.</strong></span> <span class='ocrx_word' id='word_1_31' title='bbox 1203 596 1299 647; x_wconf 81' lang='lat' dir='ltr'><strong>xu,</strong></span> <span class='ocrx_word' id='word_1_32' title='bbox 1331 581 1411 648; x_wconf 81' lang='lat'><strong>5).</strong></span> <span class='ocrx_word' id='word_1_33' title='bbox 1442 579 1637 634; x_wconf 85' lang='lat' dir='ltr'><strong>Verum</strong></span> <span class='ocrx_word' id='word_1_34' title='bbox 1667 578 1719 631; x_wconf 92' lang='lat' dir='ltr'><strong>in</strong></span> <span class='ocrx_word' id='word_1_35' title='bbox 1742 586 2035 632; x_wconf 89' lang='lat' dir='ltr'><strong>consuetu-</strong></span> 
     </span>
    </p>
   </div>
   <div class='ocr_carea' id='block_1_7' title="bbox 462 668 2035 738">
    <p class='ocr_par' dir='ltr' id='par_1_7' title="bbox 462 668 2035 738">
     <span class='ocr_line' id='line_1_7' title="bbox 462 668 2035 738; baseline -0.006 -9"><span class='ocrx_word' id='word_1_36' title='bbox 462 676 588 730; x_wconf 83' lang='lat' dir='ltr'><strong>dine</strong></span> <span class='ocrx_word' id='word_1_37' title='bbox 636 674 962 737; x_wconf 82' lang='lat' dir='ltr'><strong>mortalium.</strong></span> <span class='ocrx_word' id='word_1_38' title='bbox 1005 673 1147 727; x_wconf 64' lang='lat' dir='ltr'><strong>aliuzl</strong></span> <span class='ocrx_word' id='word_1_39' title='bbox 1201 682 1285 728; x_wconf 89' lang='lat' dir='ltr'><strong>est</strong></span> <span class='ocrx_word' id='word_1_40' title='bbox 1320 672 1515 737; x_wconf 83' lang='lat' dir='ltr'><strong>lumen,</strong></span> <span class='ocrx_word' id='word_1_41' title='bbox 1561 669 1709 724; x_wconf 86' lang='lat' dir='ltr'><strong>aliud</strong></span> <span class='ocrx_word' id='word_1_42' title='bbox 1753 676 1835 723; x_wconf 86' lang='lat' dir='ltr'><strong>est</strong></span> <span class='ocrx_word' id='word_1_43' title='bbox 1881 668 2035 738; x_wconf 77' lang='lat' dir='ltr'><strong>fons:</strong></span> 
     </span>
    </p>
   </div>
   <div class='ocr_carea' id='block_1_8' title="bbox 462 759 2040 833">
    <p class='ocr_par' dir='ltr' id='par_1_8' title="bbox 462 759 2040 833">
     <span class='ocr_line' id='line_1_8' title="bbox 462 759 2040 833; baseline -0.006 -12"><span class='ocrx_word' id='word_1_44' title='bbox 462 767 571 821; x_wconf 90' lang='lat' dir='ltr'><strong>imo</strong></span> <span class='ocrx_word' id='word_1_45' title='bbox 608 777 661 820; x_wconf 76' lang='lat' dir='ltr'><strong>et</strong></span> <span class='ocrx_word' id='word_1_46' title='bbox 690 766 956 820; x_wconf 91' lang='lat' dir='ltr'><strong>contraria</strong></span> <span class='ocrx_word' id='word_1_47' title='bbox 997 765 1098 819; x_wconf 91' lang='lat' dir='ltr'><strong>sibi</strong></span> <span class='ocrx_word' id='word_1_48' title='bbox 1144 772 1292 829; x_wconf 91' lang='lat' dir='ltr'><strong>sunt,</strong></span> <span class='ocrx_word' id='word_1_49' title='bbox 1318 764 1443 833; x_wconf 84' lang='lat' dir='ltr'><strong>quia</strong></span> <span class='ocrx_word' id='word_1_50' title='bbox 1470 762 1588 817; x_wconf 87' lang='lat' dir='ltr'><strong>lons</strong></span> <span class='ocrx_word' id='word_1_51' title='bbox 1618 775 1769 830; x_wconf 72' lang='lat' dir='ltr'><strong>aqua:</strong></span> <span class='ocrx_word' id='word_1_52' title='bbox 1805 759 2040 813; x_wconf 81' lang='lat' dir='ltr'><strong>flamma-</strong></span> 
     </span>
    </p>
   </div>
   <div class='ocr_carea' id='block_1_9' title="bbox 462 855 2035 925">
    <p class='ocr_par' dir='ltr' id='par_1_9' title="bbox 462 855 2035 925">
     <span class='ocr_line' id='line_1_9' title="bbox 462 855 2035 925; baseline -0.005 -15"><span class='ocrx_word' id='word_1_53' title='bbox 462 872 581 910; x_wconf 88' lang='lat' dir='ltr'><strong>rmn</strong></span> <span class='ocrx_word' id='word_1_54' title='bbox 616 858 792 911; x_wconf 87' lang='lat' dir='ltr'><strong>lumen</strong></span> <span class='ocrx_word' id='word_1_55' title='bbox 820 857 1127 925; x_wconf 57' lang='lat' dir='ltr'><strong>exstinguit.</strong></span> <span class='ocrx_word' id='word_1_56' title='bbox 1182 855 1333 925; x_wconf 84' lang='lat' dir='ltr'><strong>Apud</strong></span> <span class='ocrx_word' id='word_1_57' title='bbox 1372 856 1535 909; x_wconf 86' lang='lat' dir='ltr'><strong>Deum</strong></span> <span class='ocrx_word' id='word_1_58' title='bbox 1581 866 1708 907; x_wconf 84' lang='lat' dir='ltr'><strong>vero</strong></span> <span class='ocrx_word' id='word_1_59' title='bbox 1742 866 1904 905; x_wconf 89' lang='lat' dir='ltr'><strong>unum</strong></span> <span class='ocrx_word' id='word_1_60' title='bbox 1934 860 2035 914; x_wconf 87' lang='lat' dir='ltr'><strong>est,</strong></span> 
     </span>
    </p>
   </div>
   <div class='ocr_carea' id='block_1_10' title="bbox 463 943 2040 1018">
    <p class='ocr_par' dir='ltr' id='par_1_10' title="bbox 463 943 2040 1018">
     <span class='ocr_line' id='line_1_10' title="bbox 463 943 2040 1018; baseline -0.004 -17"><span class='ocrx_word' id='word_1_61' title='bbox 463 950 585 1017; x_wconf 87' lang='lat' dir='ltr'><strong>quia</strong></span> <span class='ocrx_word' id='word_1_62' title='bbox 614 949 869 1018; x_wconf 84' lang='lat' dir='ltr'><strong>quidquid</strong></span> <span class='ocrx_word' id='word_1_63' title='bbox 905 948 1107 1002; x_wconf 71' lang='lat' dir='ltr'><strong>dixeris</strong></span> <span class='ocrx_word' id='word_1_64' title='bbox 1143 956 1196 1001; x_wconf 90' lang='lat' dir='ltr'><strong>et</strong></span> <span class='ocrx_word' id='word_1_65' title='bbox 1227 962 1411 1002; x_wconf 74' lang='lat' dir='ltr'><strong>verum</strong></span> <span class='ocrx_word' id='word_1_66' title='bbox 1451 955 1555 1012; x_wconf 83' lang='lat' dir='ltr'><strong>est,</strong></span> <span class='ocrx_word' id='word_1_67' title='bbox 1581 954 1635 999; x_wconf 91' lang='lat' dir='ltr'><strong>et</strong></span> <span class='ocrx_word' id='word_1_68' title='bbox 1657 943 1832 997; x_wconf 87' lang='lat' dir='ltr'><strong>adhuc</strong></span> <span class='ocrx_word' id='word_1_69' title='bbox 1865 943 2040 997; x_wconf 87' lang='lat' dir='ltr'><strong>minus</strong></span> 
     </span>
    </p>
   </div>
   <div class='ocr_carea' id='block_1_11' title="bbox 463 1034 2040 1106">
    <p class='ocr_par' dir='ltr' id='par_1_11' title="bbox 463 1034 2040 1106">
     <span class='ocr_line' id='line_1_11' title="bbox 463 1034 2040 1106; baseline -0.004 -14"><span class='ocrx_word' id='word_1_70' title='bbox 463 1051 563 1093; x_wconf 80' lang='lat' dir='ltr'><strong>cSl.</strong></span> <span class='ocrx_word' id='word_1_71' title='bbox 597 1040 834 1093; x_wconf 72' lang='lat' dir='ltr'><strong>Dicimus</strong></span> <span class='ocrx_word' id='word_1_72' title='bbox 855 1041 995 1093; x_wconf 85' lang='lat' dir='ltr'><strong>enim</strong></span> <span class='ocrx_word' id='word_1_73' title='bbox 1023 1042 1184 1092; x_wconf 74' lang='lat' dir='ltr'><strong>Deum</strong></span> <span class='ocrx_word' id='word_1_74' title='bbox 1212 1039 1403 1102; x_wconf 85' lang='lat' dir='ltr'><strong>lumen,</strong></span> <span class='ocrx_word' id='word_1_75' title='bbox 1424 1038 1546 1106; x_wconf 85' lang='lat' dir='ltr'><strong>quia</strong></span> <span class='ocrx_word' id='word_1_76' title='bbox 1575 1052 1769 1088; x_wconf 89' lang='lat' dir='ltr'><strong>omnem</strong></span> <span class='ocrx_word' id='word_1_77' title='bbox 1788 1034 2040 1088; x_wconf 81' lang='lat' dir='ltr'><strong>hominem</strong></span> 
     </span>
    </p>
   </div>
   <div class='ocr_carea' id='block_1_12' title="bbox 462 1122 2037 1196">
    <p class='ocr_par' dir='ltr' id='par_1_12' title="bbox 462 1122 2037 1196">
     <span class='ocr_line' id='line_1_12' title="bbox 462 1122 2037 1196; baseline -0.004 -12"><span class='ocrx_word' id='word_1_78' title='bbox 462 1132 739 1184; x_wconf 74' lang='lat' dir='ltr'><strong>venientem</strong></span> <span class='ocrx_word' id='word_1_79' title='bbox 785 1132 839 1185; x_wconf 81' lang='lat' dir='ltr'><strong>in</strong></span> <span class='ocrx_word' id='word_1_80' title='bbox 877 1132 1010 1184; x_wconf 81' lang='lat' dir='ltr'><strong>hunc</strong></span> <span class='ocrx_word' id='word_1_81' title='bbox 1056 1130 1306 1182; x_wconf 82' lang='lat' dir='ltr'><strong>mundum</strong></span> <span class='ocrx_word' id='word_1_82' title='bbox 1360 1129 1615 1182; x_wconf 76' lang='lat' dir='ltr'><strong>illuminat</strong></span> <span class='ocrx_word' id='word_1_83' title='bbox 1659 1126 1840 1196; x_wconf 79' lang='lat' dir='ltr'><strong>(Joan.</strong></span> <span class='ocrx_word' id='word_1_84' title='bbox 1880 1140 1918 1188; x_wconf 87' lang='grc' dir='ltr'><strong>ι,</strong></span> <span class='ocrx_word' id='word_1_85' title='bbox 1957 1122 2037 1193; x_wconf 84' lang='grc'><strong>9).</strong></span> 
     </span>
    </p>
   </div>
   <div class='ocr_carea' id='block_1_13' title="bbox 468 1217 2039 1289">
    <p class='ocr_par' dir='ltr' id='par_1_13' title="bbox 468 1217 2039 1289">
     <span class='ocr_line' id='line_1_13' title="bbox 468 1217 2039 1289; baseline -0.003 -17"><span class='ocrx_word' id='word_1_86' title='bbox 468 1218 705 1287; x_wconf 79' lang='lat' dir='ltr'><strong>Famem,</strong></span> <span class='ocrx_word' id='word_1_87' title='bbox 738 1222 863 1289; x_wconf 85' lang='lat' dir='ltr'><strong>quia</strong></span> <span class='ocrx_word' id='word_1_88' title='bbox 912 1220 1179 1274; x_wconf 76' lang='lat' dir='ltr'><strong>sitientem</strong></span> <span class='ocrx_word' id='word_1_89' title='bbox 1218 1229 1273 1273; x_wconf 92' lang='lat' dir='ltr'><strong>et</strong></span> <span class='ocrx_word' id='word_1_90' title='bbox 1302 1219 1513 1272; x_wconf 90' lang='lat' dir='ltr'><strong>inanem</strong></span> <span class='ocrx_word' id='word_1_91' title='bbox 1559 1217 1746 1280; x_wconf 89' lang='lat' dir='ltr'><strong>satiat;</strong></span> <span class='ocrx_word' id='word_1_92' title='bbox 1781 1224 2039 1279; x_wconf 88' lang='lat' dir='ltr'><strong>montem,</strong></span> 
     </span>
    </p>
   </div>
   <div class='ocr_carea' id='block_1_14' title="bbox 465 1310 2040 1381">
    <p class='ocr_par' dir='ltr' id='par_1_14' title="bbox 465 1310 2040 1381">
     <span class='ocr_line' id='line_1_14' title="bbox 465 1310 2040 1381; baseline -0.002 -18"><span class='ocrx_word' id='word_1_93' title='bbox 465 1312 589 1381; x_wconf 79' lang='lat' dir='ltr'><strong>quia</strong></span> <span class='ocrx_word' id='word_1_94' title='bbox 635 1313 784 1366; x_wconf 79' lang='lat' dir='ltr'><strong>tortis</strong></span> <span class='ocrx_word' id='word_1_95' title='bbox 819 1321 874 1367; x_wconf 89' lang='lat' dir='ltr'><strong>et</strong></span> <span class='ocrx_word' id='word_1_96' title='bbox 917 1312 1163 1367; x_wconf 58' lang='lat' dir='ltr'><strong>excelsus</strong></span> <span class='ocrx_word' id='word_1_97' title='bbox 1203 1320 1318 1376; x_wconf 91' lang='lat' dir='ltr'><strong>est;</strong></span> <span class='ocrx_word' id='word_1_98' title='bbox 1361 1314 1526 1372; x_wconf 82' lang='lat' dir='ltr'><strong>viam,</strong></span> <span class='ocrx_word' id='word_1_99' title='bbox 1567 1310 1691 1378; x_wconf 84' lang='lat' dir='ltr'><strong>quia</strong></span> <span class='ocrx_word' id='word_1_100' title='bbox 1721 1317 1898 1363; x_wconf 91' lang='lat' dir='ltr'><strong>rectus</strong></span> <span class='ocrx_word' id='word_1_101' title='bbox 1928 1319 2040 1374; x_wconf 91' lang='lat' dir='ltr'><strong>est;</strong></span> 
     </span>
    </p>
   </div>
   <div class='ocr_carea' id='block_1_15' title="bbox 468 1404 2042 1473">
    <p class='ocr_par' dir='ltr' id='par_1_15' title="bbox 468 1404 2042 1473">
     <span class='ocr_line' id='line_1_15' title="bbox 468 1404 2042 1473; baseline -0.004 -15"><span class='ocrx_word' id='word_1_102' title='bbox 468 1407 802 1473; x_wconf 81' lang='lat' dir='ltr'><strong>magistrum,</strong></span> <span class='ocrx_word' id='word_1_103' title='bbox 857 1406 976 1473; x_wconf 84' lang='lat' dir='ltr'><strong>quia</strong></span> <span class='ocrx_word' id='word_1_104' title='bbox 1012 1405 1208 1458; x_wconf 84' lang='lat' dir='ltr'><strong>Doctor</strong></span> <span class='ocrx_word' id='word_1_105' title='bbox 1253 1404 1484 1457; x_wconf 76' lang='lat' dir='ltr'><strong>estvita:</strong></span> <span class='ocrx_word' id='word_1_106' title='bbox 1519 1410 1766 1465; x_wconf 60' lang='lat' dir='ltr'><strong>(sternte;</strong></span> <span class='ocrx_word' id='word_1_107' title='bbox 1814 1408 2042 1469; x_wconf 81' lang='lat' dir='ltr'><strong>petram,</strong></span> 
     </span>
    </p>
   </div>
   <div class='ocr_carea' id='block_1_16' title="bbox 467 1490 2044 1563">
    <p class='ocr_par' dir='ltr' id='par_1_16' title="bbox 467 1490 2044 1563">
     <span class='ocr_line' id='line_1_16' title="bbox 467 1490 2044 1563; baseline -0.003 -17"><span class='ocrx_word' id='word_1_108' title='bbox 467 1496 590 1563; x_wconf 88' lang='lat' dir='ltr'><strong>quia</strong></span> <span class='ocrx_word' id='word_1_109' title='bbox 642 1494 1048 1550; x_wconf 82' lang='lat' dir='ltr'><strong>fundamentum</strong></span> <span class='ocrx_word' id='word_1_110' title='bbox 1095 1504 1149 1548; x_wconf 91' lang='lat' dir='ltr'><strong>et</strong></span> <span class='ocrx_word' id='word_1_111' title='bbox 1190 1495 1583 1549; x_wconf 81' lang='lat' dir='ltr'><strong>firmamentum</strong></span> <span class='ocrx_word' id='word_1_112' title='bbox 1631 1506 1751 1546; x_wconf 87' lang='lat' dir='ltr'><strong>esse</strong></span> <span class='ocrx_word' id='word_1_113' title='bbox 1790 1490 2044 1560; x_wconf 82' lang='lat' dir='ltr'><strong>probatur</strong></span> 
     </span>
    </p>
   </div>
   <div class='ocr_carea' id='block_1_17' title="bbox 475 1583 2041 1655">
    <p class='ocr_par' dir='ltr' id='par_1_17' title="bbox 475 1583 2041 1655">
     <span class='ocr_line' id='line_1_17' title="bbox 475 1583 2041 1655; baseline -0.003 -15"><span class='ocrx_word' id='word_1_114' title='bbox 475 1586 753 1651; x_wconf 73' lang='lat' dir='ltr'><strong>Ecclesizc;</strong></span> <span class='ocrx_word' id='word_1_115' title='bbox 799 1596 853 1641; x_wconf 91' lang='lat' dir='ltr'><strong>et</strong></span> <span class='ocrx_word' id='word_1_116' title='bbox 881 1597 1072 1640; x_wconf 66' lang='lat' dir='ltr'><strong>caetera</strong></span> <span class='ocrx_word' id='word_1_117' title='bbox 1102 1601 1221 1655; x_wconf 84' lang='lat' dir='ltr'><strong>quae</strong></span> <span class='ocrx_word' id='word_1_118' title='bbox 1246 1585 1494 1654; x_wconf 81' lang='lat' dir='ltr'><strong>leguntur</strong></span> <span class='ocrx_word' id='word_1_119' title='bbox 1526 1583 1579 1636; x_wconf 92' lang='lat' dir='ltr'><strong>in</strong></span> <span class='ocrx_word' id='word_1_120' title='bbox 1618 1583 1811 1637; x_wconf 80' lang='lat' dir='ltr'><strong>litteris</strong></span> <span class='ocrx_word' id='word_1_121' title='bbox 1854 1584 2041 1635; x_wconf 89' lang='lat' dir='ltr'><strong>sacris.</strong></span> 
     </span>
    </p>
   </div>
   <div class='ocr_carea' id='block_1_18' title="bbox 467 1672 2047 1742">
    <p class='ocr_par' dir='ltr' id='par_1_18' title="bbox 467 1672 2047 1742">
     <span class='ocr_line' id='line_1_18' title="bbox 467 1672 2047 1742; baseline -0.004 -12"><span class='ocrx_word' id='word_1_122' title='bbox 467 1676 848 1731; x_wconf 82' lang='lat' dir='ltr'><strong>Verumtamen</strong></span> <span class='ocrx_word' id='word_1_123' title='bbox 882 1676 931 1730; x_wconf 91' lang='lat' dir='ltr'><strong>in</strong></span> <span class='ocrx_word' id='word_1_124' title='bbox 966 1677 1047 1731; x_wconf 88' lang='lat' dir='ltr'><strong>his</strong></span> <span class='ocrx_word' id='word_1_125' title='bbox 1076 1675 1322 1731; x_wconf 89' lang='lat' dir='ltr'><strong>omnibus</strong></span> <span class='ocrx_word' id='word_1_126' title='bbox 1356 1690 1492 1729; x_wconf 90' lang='lat' dir='ltr'><strong>unus</strong></span> <span class='ocrx_word' id='word_1_127' title='bbox 1518 1673 1833 1742; x_wconf 82' lang='lat' dir='ltr'><strong>intelligitur</strong></span> <span class='ocrx_word' id='word_1_128' title='bbox 1863 1672 2047 1726; x_wconf 83' lang='lat' dir='ltr'><strong>Domi-</strong></span> 
     </span>
    </p>
   </div>
   <div class='ocr_carea' id='block_1_19' title="bbox 2141 483 3728 554">
    <p class='ocr_par' dir='ltr' id='par_1_19' title="bbox 2141 483 3728 554">
     <span class='ocr_line' id='line_1_19' title="bbox 2141 483 3728 554; baseline -0.002 -16"><span class='ocrx_word' id='word_1_129' title='bbox 2141 494 2293 538; x_wconf 86' lang='lat' dir='ltr'><strong>tatem</strong></span> <span class='ocrx_word' id='word_1_130' title='bbox 2316 501 2334 550; x_wconf 91' lang='lat'><strong>;</strong></span> <span class='ocrx_word' id='word_1_131' title='bbox 2361 484 2565 554; x_wconf 76' lang='lat' dir='ltr'><strong>expulsi</strong></span> <span class='ocrx_word' id='word_1_132' title='bbox 2591 494 2706 539; x_wconf 84' lang='lat' dir='ltr'><strong>sunt</strong></span> <span class='ocrx_word' id='word_1_133' title='bbox 2729 502 2817 538; x_wconf 89' lang='lat' dir='ltr'><strong>nec</strong></span> <span class='ocrx_word' id='word_1_134' title='bbox 2843 496 3117 554; x_wconf 85' lang='lat' dir='ltr'><strong>potuerunt</strong></span> <span class='ocrx_word' id='word_1_135' title='bbox 3134 495 3289 540; x_wconf 75' lang='lat' dir='ltr'><strong>stare.</strong></span> <span class='ocrx_word' id='word_1_136' title='bbox 3316 483 3419 549; x_wconf 86' lang='lat' dir='ltr'><strong>lbi,</strong></span> <span class='ocrx_word' id='word_1_137' title='bbox 3458 484 3547 537; x_wconf 87' lang='lat' dir='ltr'><strong>ubi</strong></span> <span class='ocrx_word' id='word_1_138' title='bbox 3570 499 3728 551; x_wconf 79' lang='lat' dir='ltr'><strong>snpe-</strong></span> 
     </span>
    </p>
   </div>
   <div class='ocr_carea' id='block_1_20' title="bbox 2145 575 3727 646">
    <p class='ocr_par' dir='ltr' id='par_1_20' title="bbox 2145 575 3727 646">
     <span class='ocr_line' id='line_1_20' title="bbox 2145 575 3727 646; baseline -0.001 -17"><span class='ocrx_word' id='word_1_139' title='bbox 2145 577 2258 630; x_wconf 85' lang='lat' dir='ltr'><strong>rius</strong></span> <span class='ocrx_word' id='word_1_140' title='bbox 2286 575 2439 641; x_wconf 80' lang='lat' dir='ltr'><strong>dixit,</strong></span> <span class='ocrx_word' id='word_1_141' title='bbox 2476 577 2527 631; x_wconf 91' lang='lat' dir='ltr'><strong>in</strong></span> <span class='ocrx_word' id='word_1_142' title='bbox 2572 577 2707 646; x_wconf 87' lang='lat' dir='ltr'><strong>pede</strong></span> <span class='ocrx_word' id='word_1_143' title='bbox 2754 578 2959 632; x_wconf 90' lang='lat' dir='ltr'><strong>scilicet</strong></span> <span class='ocrx_word' id='word_1_144' title='bbox 2987 578 3276 646; x_wconf 79' lang='lat' dir='ltr'><strong>superbiae,</strong></span> <span class='ocrx_word' id='word_1_145' title='bbox 3320 587 3378 631; x_wconf 90' lang='lat' dir='ltr'><strong>et</strong></span> <span class='ocrx_word' id='word_1_146' title='bbox 3408 590 3571 645; x_wconf 87' lang='lat' dir='ltr'><strong>prava</strong></span> <span class='ocrx_word' id='word_1_147' title='bbox 3609 591 3727 628; x_wconf 86' lang='lat' dir='ltr'><strong>sua-</strong></span> 
     </span>
    </p>
   </div>
   <div class='ocr_carea' id='block_1_21' title="bbox 2139 667 3730 737">
    <p class='ocr_par' dir='ltr' id='par_1_21' title="bbox 2139 667 3730 737">
     <span class='ocr_line' id='line_1_21' title="bbox 2139 667 3730 737; baseline -0.001 -15"><span class='ocrx_word' id='word_1_148' title='bbox 2139 668 2291 722; x_wconf 86' lang='lat' dir='ltr'><strong>sione</strong></span> <span class='ocrx_word' id='word_1_149' title='bbox 2324 668 2594 735; x_wconf 70' lang='lat' dir='ltr'><strong>nequitiae.</strong></span> <span class='ocrx_word' id='word_1_150' title='bbox 2631 669 2773 723; x_wconf 86' lang='lat' dir='ltr'><strong>Bene</strong></span> <span class='ocrx_word' id='word_1_151' title='bbox 2802 682 2978 723; x_wconf 84' lang='lat' dir='ltr'><strong>autem</strong></span> <span class='ocrx_word' id='word_1_152' title='bbox 3021 670 3196 737; x_wconf 89' lang='lat' dir='ltr'><strong>posuit</strong></span> <span class='ocrx_word' id='word_1_153' title='bbox 3234 669 3552 730; x_wconf 80' lang='lat' dir='ltr'><strong>ceciderunt,</strong></span> <span class='ocrx_word' id='word_1_154' title='bbox 3581 682 3644 720; x_wconf 91' lang='lat' dir='ltr'><strong>ac</strong></span> <span class='ocrx_word' id='word_1_155' title='bbox 3682 667 3730 720; x_wconf 89' lang='lat' dir='ltr'><strong>si</strong></span> 
     </span>
    </p>
   </div>
   <div class='ocr_carea' id='block_1_22' title="bbox 2140 759 3727 831">
    <p class='ocr_par' dir='ltr' id='par_1_22' title="bbox 2140 759 3727 831">
     <span class='ocr_line' id='line_1_22' title="bbox 2140 759 3727 831; baseline -0.001 -17"><span class='ocrx_word' id='word_1_156' title='bbox 2140 759 2366 826; x_wconf 84' lang='lat' dir='ltr'><strong>diceret,</strong></span> <span class='ocrx_word' id='word_1_157' title='bbox 2419 761 2471 815; x_wconf 89' lang='lat' dir='ltr'><strong>in</strong></span> <span class='ocrx_word' id='word_1_158' title='bbox 2524 760 2838 831; x_wconf 81' lang='lat' dir='ltr'><strong>profundam</strong></span> <span class='ocrx_word' id='word_1_159' title='bbox 2888 762 3095 816; x_wconf 83' lang='lat' dir='ltr'><strong>foveam</strong></span> <span class='ocrx_word' id='word_1_160' title='bbox 3147 770 3485 816; x_wconf 90' lang='lat' dir='ltr'><strong>corruerunt.</strong></span> <span class='ocrx_word' id='word_1_161' title='bbox 3538 762 3592 815; x_wconf 88' lang='lat' dir='ltr'><strong>In</strong></span> <span class='ocrx_word' id='word_1_162' title='bbox 3636 761 3727 813; x_wconf 91' lang='lat' dir='ltr'><strong>illo</strong></span> 
     </span>
    </p>
   </div>
   <div class='ocr_carea' id='block_1_23' title="bbox 2144 849 3733 919">
    <p class='ocr_par' dir='ltr' id='par_1_23' title="bbox 2144 849 3733 919">
     <span class='ocr_line' id='line_1_23' title="bbox 2144 849 3733 919; baseline 0.001 -18"><span class='ocrx_word' id='word_1_163' title='bbox 2144 850 2284 902; x_wconf 90' lang='lat' dir='ltr'><strong>enim</strong></span> <span class='ocrx_word' id='word_1_164' title='bbox 2320 849 2455 919; x_wconf 83' lang='lat' dir='ltr'><strong>pede</strong></span> <span class='ocrx_word' id='word_1_165' title='bbox 2478 865 2584 903; x_wconf 92' lang='lat' dir='ltr'><strong>non</strong></span> <span class='ocrx_word' id='word_1_166' title='bbox 2621 859 2878 915; x_wconf 88' lang='lat' dir='ltr'><strong>staturus,</strong></span> <span class='ocrx_word' id='word_1_167' title='bbox 2910 851 3003 905; x_wconf 89' lang='lat' dir='ltr'><strong>sed</strong></span> <span class='ocrx_word' id='word_1_168' title='bbox 3035 865 3265 905; x_wconf 90' lang='lat' dir='ltr'><strong>casurus</strong></span> <span class='ocrx_word' id='word_1_169' title='bbox 3302 852 3564 904; x_wconf 87' lang='lat' dir='ltr'><strong>innititur.</strong></span> <span class='ocrx_word' id='word_1_170' title='bbox 3599 850 3733 915; x_wconf 81' lang='lat' dir='ltr'><strong>Quis</strong></span> 
     </span>
    </p>
   </div>
   <div class='ocr_carea' id='block_1_24' title="bbox 2143 940 3732 1011">
    <p class='ocr_par' dir='ltr' id='par_1_24' title="bbox 2143 940 3732 1011">
     <span class='ocr_line' id='line_1_24' title="bbox 2143 940 3732 1011; baseline 0.001 -19"><span class='ocrx_word' id='word_1_171' title='bbox 2143 940 2285 992; x_wconf 90' lang='lat' dir='ltr'><strong>enim</strong></span> <span class='ocrx_word' id='word_1_172' title='bbox 2310 940 2513 994; x_wconf 92' lang='lat' dir='ltr'><strong>dubitet</strong></span> <span class='ocrx_word' id='word_1_173' title='bbox 2540 955 2634 996; x_wconf 86' lang='lat' dir='ltr'><strong>eos</strong></span> <span class='ocrx_word' id='word_1_174' title='bbox 2663 955 2819 1010; x_wconf 88' lang='lat' dir='ltr'><strong>posse</strong></span> <span class='ocrx_word' id='word_1_175' title='bbox 2847 957 3125 1006; x_wconf 88' lang='lat' dir='ltr'><strong>corruere,</strong></span> <span class='ocrx_word' id='word_1_176' title='bbox 3156 942 3245 1011; x_wconf 92' lang='lat' dir='ltr'><strong>qui</strong></span> <span class='ocrx_word' id='word_1_177' title='bbox 3280 957 3387 995; x_wconf 90' lang='lat' dir='ltr'><strong>uno</strong></span> <span class='ocrx_word' id='word_1_178' title='bbox 3412 952 3637 1006; x_wconf 87' lang='lat' dir='ltr'><strong>tantum,</strong></span> <span class='ocrx_word' id='word_1_179' title='bbox 3672 951 3732 994; x_wconf 89' lang='lat' dir='ltr'><strong>ut</strong></span> 
     </span>
    </p>
   </div>
   <div class='ocr_carea' id='block_1_25' title="bbox 2142 1032 3735 1103">
    <p class='ocr_par' dir='ltr' id='par_1_25' title="bbox 2142 1032 3735 1103">
     <span class='ocr_line' id='line_1_25' title="bbox 2142 1032 3735 1103; baseline 0.001 -18"><span class='ocrx_word' id='word_1_180' title='bbox 2142 1046 2305 1098; x_wconf 86' lang='lat' dir='ltr'><strong>supra</strong></span> <span class='ocrx_word' id='word_1_181' title='bbox 2338 1033 2469 1099; x_wconf 83' lang='lat' dir='ltr'><strong>dixi,</strong></span> <span class='ocrx_word' id='word_1_182' title='bbox 2501 1035 2723 1103; x_wconf 82' lang='lat' dir='ltr'><strong>vestigio</strong></span> <span class='ocrx_word' id='word_1_183' title='bbox 2746 1032 3134 1089; x_wconf 71' lang='lat' dir='ltr'><strong>subleVantur?</strong></span> <span class='ocrx_word' id='word_1_184' title='bbox 3165 1037 3335 1100; x_wconf 82' lang='lat' dir='ltr'><strong>Quem</strong></span> <span class='ocrx_word' id='word_1_185' title='bbox 3359 1035 3439 1088; x_wconf 87' lang='lat' dir='ltr'><strong>vel</strong></span> <span class='ocrx_word' id='word_1_186' title='bbox 3471 1036 3517 1086; x_wconf 90' lang='lat' dir='ltr'><strong>si</strong></span> <span class='ocrx_word' id='word_1_187' title='bbox 3551 1035 3735 1087; x_wconf 85' lang='lat' dir='ltr'><strong>nullus</strong></span> 
     </span>
    </p>
   </div>
   <div class='ocr_carea' id='block_1_26' title="bbox 2145 1121 3730 1196">
    <p class='ocr_par' dir='ltr' id='par_1_26' title="bbox 2145 1121 3730 1196">
     <span class='ocr_line' id='line_1_26' title="bbox 2145 1121 3730 1196; baseline 0.003 -21"><span class='ocrx_word' id='word_1_188' title='bbox 2145 1121 2407 1190; x_wconf 84' lang='lat' dir='ltr'><strong>impellat,</strong></span> <span class='ocrx_word' id='word_1_189' title='bbox 2448 1125 2764 1181; x_wconf 56' lang='lat' dir='ltr'><strong>lassitudine</strong></span> <span class='ocrx_word' id='word_1_190' title='bbox 2793 1142 2887 1181; x_wconf 90' lang='lat' dir='ltr'><strong>sua</strong></span> <span class='ocrx_word' id='word_1_191' title='bbox 2916 1127 2973 1180; x_wconf 87' lang='lat' dir='ltr'><strong>lit</strong></span> <span class='ocrx_word' id='word_1_192' title='bbox 3002 1128 3357 1196; x_wconf 88' lang='lat' dir='ltr'><strong>pronissimus</strong></span> <span class='ocrx_word' id='word_1_193' title='bbox 3396 1127 3461 1179; x_wconf 89' lang='lat' dir='ltr'><strong>ad</strong></span> <span class='ocrx_word' id='word_1_194' title='bbox 3494 1128 3730 1179; x_wconf 84' lang='lat' dir='ltr'><strong>ruinam.</strong></span> 
     </span>
    </p>
   </div>
   <div class='ocr_carea' id='block_1_27' title="bbox 2142 1211 3735 1285">
    <p class='ocr_par' dir='ltr' id='par_1_27' title="bbox 2142 1211 3735 1285">
     <span class='ocr_line' id='line_1_27' title="bbox 2142 1211 3735 1285; baseline 0.002 -19"><span class='ocrx_word' id='word_1_195' title='bbox 2142 1211 2250 1267; x_wconf 88' lang='lat' dir='ltr'><strong>Sed</strong></span> <span class='ocrx_word' id='word_1_196' title='bbox 2282 1222 2459 1267; x_wconf 89' lang='lat' dir='ltr'><strong>tamen</strong></span> <span class='ocrx_word' id='word_1_197' title='bbox 2494 1214 2633 1270; x_wconf 83' lang='lat' dir='ltr'><strong>hunc</strong></span> <span class='ocrx_word' id='word_1_198' title='bbox 2658 1218 2845 1285; x_wconf 89' lang='lat' dir='ltr'><strong>pedem</strong></span> <span class='ocrx_word' id='word_1_199' title='bbox 2878 1233 2984 1271; x_wconf 92' lang='lat' dir='ltr'><strong>non</strong></span> <span class='ocrx_word' id='word_1_200' title='bbox 3016 1219 3104 1271; x_wconf 90' lang='lat' dir='ltr'><strong>uni</strong></span> <span class='ocrx_word' id='word_1_201' title='bbox 3135 1219 3227 1270; x_wconf 91' lang='lat' dir='ltr'><strong>dat</strong></span> <span class='ocrx_word' id='word_1_202' title='bbox 3258 1217 3406 1279; x_wconf 75' lang='lat' dir='ltr'><strong>vitio,</strong></span> <span class='ocrx_word' id='word_1_203' title='bbox 3434 1217 3528 1271; x_wconf 86' lang='lat' dir='ltr'><strong>sed</strong></span> <span class='ocrx_word' id='word_1_204' title='bbox 3558 1219 3735 1269; x_wconf 83' lang='lat' dir='ltr'><strong>omni-</strong></span> 
     </span>
    </p>
   </div>
   <div class='ocr_carea' id='block_1_28' title="bbox 2146 1305 3735 1377">
    <p class='ocr_par' dir='ltr' id='par_1_28' title="bbox 2146 1305 3735 1377">
     <span class='ocr_line' id='line_1_28' title="bbox 2146 1305 3735 1377; baseline 0.001 -18"><span class='ocrx_word' id='word_1_205' title='bbox 2146 1305 2246 1359; x_wconf 86' lang='lat' dir='ltr'><strong>bus</strong></span> <span class='ocrx_word' id='word_1_206' title='bbox 2296 1307 2383 1374; x_wconf 83' lang='lat' dir='ltr'><strong>qui</strong></span> <span class='ocrx_word' id='word_1_207' title='bbox 2415 1316 2696 1376; x_wconf 79' lang='lat' dir='ltr'><strong>operantur</strong></span> <span class='ocrx_word' id='word_1_208' title='bbox 2728 1309 3065 1377; x_wconf 79' lang='lat' dir='ltr'><strong>iniquitatem.</strong></span> <span class='ocrx_word' id='word_1_209' title='bbox 3095 1309 3226 1362; x_wconf 84' lang='lat' dir='ltr'><strong>Nam</strong></span> <span class='ocrx_word' id='word_1_210' title='bbox 3267 1310 3508 1377; x_wconf 78' lang='lat' dir='ltr'><strong>quamvis</strong></span> <span class='ocrx_word' id='word_1_211' title='bbox 3535 1308 3625 1360; x_wconf 83' lang='lat' dir='ltr'><strong>alii</strong></span> <span class='ocrx_word' id='word_1_212' title='bbox 3661 1323 3735 1361; x_wconf 75' lang='lat' dir='ltr'><strong>ex</strong></span> 
     </span>
    </p>
   </div>
   <div class='ocr_carea' id='block_1_29' title="bbox 2146 1396 3734 1468">
    <p class='ocr_par' dir='ltr' id='par_1_29' title="bbox 2146 1396 3734 1468">
     <span class='ocr_line' id='line_1_29' title="bbox 2146 1396 3734 1468; baseline 0.003 -19"><span class='ocrx_word' id='word_1_213' title='bbox 2146 1396 2486 1463; x_wconf 83' lang='lat' dir='ltr'><strong>crudelitate,</strong></span> <span class='ocrx_word' id='word_1_214' title='bbox 2520 1399 2609 1452; x_wconf 81' lang='lat' dir='ltr'><strong>alii</strong></span> <span class='ocrx_word' id='word_1_215' title='bbox 2642 1414 2705 1453; x_wconf 83' lang='lat' dir='ltr'><strong>ex</strong></span> <span class='ocrx_word' id='word_1_216' title='bbox 2736 1399 2983 1468; x_wconf 72' lang='lat' dir='ltr'><strong>Izbidine,</strong></span> <span class='ocrx_word' id='word_1_217' title='bbox 3016 1400 3103 1454; x_wconf 90' lang='lat' dir='ltr'><strong>alii</strong></span> <span class='ocrx_word' id='word_1_218' title='bbox 3130 1415 3195 1455; x_wconf 81' lang='lat' dir='ltr'><strong>ex</strong></span> <span class='ocrx_word' id='word_1_219' title='bbox 3216 1399 3525 1467; x_wconf 87' lang='lat' dir='ltr'><strong>cupiditate,</strong></span> <span class='ocrx_word' id='word_1_220' title='bbox 3554 1400 3642 1453; x_wconf 78' lang='lat' dir='ltr'><strong>alii</strong></span> <span class='ocrx_word' id='word_1_221' title='bbox 3663 1414 3734 1453; x_wconf 77' lang='lat' dir='ltr'><strong>ex</strong></span> 
     </span>
    </p>
   </div>
   <div class='ocr_carea' id='block_1_30' title="bbox 2147 1483 3736 1556">
    <p class='ocr_par' dir='ltr' id='par_1_30' title="bbox 2147 1483 3736 1556">
     <span class='ocr_line' id='line_1_30' title="bbox 2147 1483 3736 1556; baseline 0.002 -18"><span class='ocrx_word' id='word_1_222' title='bbox 2147 1483 2346 1539; x_wconf 87' lang='lat' dir='ltr'><strong>invidia</strong></span> <span class='ocrx_word' id='word_1_223' title='bbox 2388 1486 2589 1540; x_wconf 85' lang='lat' dir='ltr'><strong>diaboli</strong></span> <span class='ocrx_word' id='word_1_224' title='bbox 2625 1488 2991 1554; x_wconf 74' lang='lat' dir='ltr'><strong>prolabuntur,</strong></span> <span class='ocrx_word' id='word_1_225' title='bbox 3037 1504 3225 1544; x_wconf 90' lang='lat' dir='ltr'><strong>omnes</strong></span> <span class='ocrx_word' id='word_1_226' title='bbox 3254 1499 3429 1544; x_wconf 88' lang='lat' dir='ltr'><strong>tamen</strong></span> <span class='ocrx_word' id='word_1_227' title='bbox 3463 1490 3514 1541; x_wconf 89' lang='lat' dir='ltr'><strong>in</strong></span> <span class='ocrx_word' id='word_1_228' title='bbox 3543 1503 3736 1556; x_wconf 88' lang='lat' dir='ltr'><strong>super-</strong></span> 
     </span>
    </p>
   </div>
   <div class='ocr_carea' id='block_1_31' title="bbox 2148 1576 3735 1648">
    <p class='ocr_par' dir='ltr' id='par_1_31' title="bbox 2148 1576 3735 1648">
     <span class='ocr_line' id='line_1_31' title="bbox 2148 1576 3735 1648; baseline 0.003 -21"><span class='ocrx_word' id='word_1_229' title='bbox 2148 1576 2267 1630; x_wconf 60' lang='lat' dir='ltr'><strong>bia?</strong></span> <span class='ocrx_word' id='word_1_230' title='bbox 2292 1576 2418 1629; x_wconf 81' lang='lat' dir='ltr'><strong>vitio</strong></span> <span class='ocrx_word' id='word_1_231' title='bbox 2470 1577 2688 1641; x_wconf 90' lang='lat' dir='ltr'><strong>cadunt,</strong></span> <span class='ocrx_word' id='word_1_232' title='bbox 2742 1580 2865 1647; x_wconf 87' lang='lat' dir='ltr'><strong>quia</strong></span> <span class='ocrx_word' id='word_1_233' title='bbox 2914 1579 3121 1632; x_wconf 78' lang='lat' dir='ltr'><strong>Domini</strong></span> <span class='ocrx_word' id='word_1_234' title='bbox 3165 1578 3312 1648; x_wconf 71' lang='lat' dir='ltr'><strong>jussa</strong></span> <span class='ocrx_word' id='word_1_235' title='bbox 3358 1586 3735 1633; x_wconf 85' lang='lat' dir='ltr'><strong>contemnunt.</strong></span> 
     </span>
    </p>
   </div>
   <div class='ocr_carea' id='block_1_32' title="bbox 2146 1664 3737 1739">
    <p class='ocr_par' dir='ltr' id='par_1_32' title="bbox 2146 1664 3737 1739">
     <span class='ocr_line' id='line_1_32' title="bbox 2146 1664 3737 1739; baseline 0.003 -21"><span class='ocrx_word' id='word_1_236' title='bbox 2146 1664 2277 1719; x_wconf 87' lang='lat' dir='ltr'><strong>Nam</strong></span> <span class='ocrx_word' id='word_1_237' title='bbox 2315 1666 2455 1720; x_wconf 85' lang='lat' dir='ltr'><strong>sicut</strong></span> <span class='ocrx_word' id='word_1_238' title='bbox 2501 1666 2759 1721; x_wconf 87' lang='lat' dir='ltr'><strong>obediens</strong></span> <span class='ocrx_word' id='word_1_239' title='bbox 2806 1670 3023 1734; x_wconf 87' lang='lat' dir='ltr'><strong>dicitur,</strong></span> <span class='ocrx_word' id='word_1_240' title='bbox 3056 1672 3144 1739; x_wconf 90' lang='lat' dir='ltr'><strong>qui</strong></span> <span class='ocrx_word' id='word_1_241' title='bbox 3191 1670 3371 1724; x_wconf 90' lang='lat' dir='ltr'><strong>multis</strong></span> <span class='ocrx_word' id='word_1_242' title='bbox 3398 1669 3737 1738; x_wconf 85' lang='lat' dir='ltr'><strong>jussionibus</strong></span> 
     </span>
    </p>
   </div>
   <div class='ocr_carea' id='block_1_33' title="bbox 468 1755 3737 1834">
    <p class='ocr_par' dir='ltr' id='par_1_33' title="bbox 468 1755 3737 1834">
     <span class='ocr_line' id='line_1_33' title="bbox 468 1755 3737 1834; baseline -0.003 -12"><span class='ocrx_word' id='word_1_243' title='bbox 468 1784 569 1822; x_wconf 90' lang='lat' dir='ltr'><strong>nus</strong></span> <span class='ocrx_word' id='word_1_244' title='bbox 609 1768 869 1823; x_wconf 87' lang='lat' dir='ltr'><strong>Christus.</strong></span> <span class='ocrx_word' id='word_1_245' title='bbox 909 1767 1014 1822; x_wconf 89' lang='lat' dir='ltr'><strong>Sed</strong></span> <span class='ocrx_word' id='word_1_246' title='bbox 1041 1777 1101 1820; x_wconf 91' lang='lat' dir='ltr'><strong>ut</strong></span> <span class='ocrx_word' id='word_1_247' title='bbox 1130 1780 1341 1821; x_wconf 86' lang='lat' dir='ltr'><strong>versum</strong></span> <span class='ocrx_word' id='word_1_248' title='bbox 1374 1767 1531 1820; x_wconf 89' lang='lat' dir='ltr'><strong>istum</strong></span> <span class='ocrx_word' id='word_1_249' title='bbox 1562 1763 1798 1834; x_wconf 86' lang='lat' dir='ltr'><strong>perfecte</strong></span> <span class='ocrx_word' id='word_1_250' title='bbox 1834 1778 1898 1817; x_wconf 88' lang='lat' dir='ltr'><strong>ac</strong></span> <span class='ocrx_word' id='word_1_251' title='bbox 1925 1762 2046 1817; x_wconf 92' lang='lat' dir='ltr'><strong>dili-</strong></span> <span class='ocrx_word' id='word_1_252' title='bbox 2078 1767 2121 1825; x_wconf 83' lang='grc' dir='ltr'>Β</span> <span class='ocrx_word' id='word_1_253' title='bbox 2150 1755 2499 1819; x_wconf 87' lang='lat' dir='ltr'><strong>obseeundat,</strong></span> <span class='ocrx_word' id='word_1_254' title='bbox 2528 1758 2606 1811; x_wconf 88' lang='lat' dir='ltr'><strong>sic</strong></span> <span class='ocrx_word' id='word_1_255' title='bbox 2644 1758 2932 1813; x_wconf 84' lang='lat' dir='ltr'><strong>multifaria</strong></span> <span class='ocrx_word' id='word_1_256' title='bbox 2962 1760 3169 1813; x_wconf 87' lang='lat' dir='ltr'><strong>Domini</strong></span> <span class='ocrx_word' id='word_1_257' title='bbox 3198 1772 3461 1829; x_wconf 66' lang='lat' dir='ltr'><strong>praecepta</strong></span> <span class='ocrx_word' id='word_1_258' title='bbox 3486 1771 3737 1814; x_wconf 88' lang='lat' dir='ltr'><strong>contem-</strong></span> 
     </span>
    </p>
   </div>
   <div class='ocr_carea' id='block_1_34' title="bbox 467 1852 2048 1927">
    <p class='ocr_par' dir='ltr' id='par_1_34' title="bbox 467 1852 2048 1927">
     <span class='ocr_line' id='line_1_34' title="bbox 467 1852 2048 1927; baseline -0.004 -16"><span class='ocrx_word' id='word_1_259' title='bbox 467 1869 657 1926; x_wconf 78' lang='lat' dir='ltr'><strong>genter</strong></span> <span class='ocrx_word' id='word_1_260' title='bbox 682 1857 978 1927; x_wconf 84' lang='lat' dir='ltr'><strong>intelligere</strong></span> <span class='ocrx_word' id='word_1_261' title='bbox 1005 1855 1319 1920; x_wconf 86' lang='lat' dir='ltr'><strong>debeamus,</strong></span> <span class='ocrx_word' id='word_1_262' title='bbox 1352 1855 1625 1909; x_wconf 87' lang='lat' dir='ltr'><strong>sciendum</strong></span> <span class='ocrx_word' id='word_1_263' title='bbox 1656 1853 1810 1907; x_wconf 90' lang='lat' dir='ltr'><strong>nobis</strong></span> <span class='ocrx_word' id='word_1_264' title='bbox 1838 1860 1921 1907; x_wconf 85' lang='lat' dir='ltr'><strong>est</strong></span> <span class='ocrx_word' id='word_1_265' title='bbox 1949 1852 2048 1906; x_wconf 88' lang='lat' dir='ltr'><strong>hoc</strong></span> 
     </span>
    </p>
   </div>
   <div class='ocr_carea' id='block_1_35' title="bbox 469 1942 2049 2002">
    <p class='ocr_par' dir='ltr' id='par_1_35' title="bbox 469 1942 2049 2002">
     <span class='ocr_line' id='line_1_35' title="bbox 469 1942 2049 2002; baseline -0.004 -1"><span class='ocrx_word' id='word_1_266' title='bbox 469 1963 664 2002; x_wconf 87' lang='lat' dir='ltr'><strong>nomen</strong></span> <span class='ocrx_word' id='word_1_267' title='bbox 695 1949 901 2001; x_wconf 85' lang='lat' dir='ltr'><strong>luminis</strong></span> <span class='ocrx_word' id='word_1_268' title='bbox 932 1946 1089 2001; x_wconf 88' lang='lat' dir='ltr'><strong>totius</strong></span> <span class='ocrx_word' id='word_1_269' title='bbox 1143 1946 1419 2001; x_wconf 81' lang='lat' dir='ltr'><strong>Trinitatis</strong></span> <span class='ocrx_word' id='word_1_270' title='bbox 1464 1959 1583 1999; x_wconf 87' lang='lat' dir='ltr'><strong>esse</strong></span> <span class='ocrx_word' id='word_1_271' title='bbox 1609 1958 1912 1998; x_wconf 81' lang='lat' dir='ltr'><strong>commune.</strong></span> <span class='ocrx_word' id='word_1_272' title='bbox 1947 1942 2049 1995; x_wconf 86' lang='lat' dir='ltr'><strong>Le-</strong></span> 
     </span>
    </p>
   </div>
   <div class='ocr_carea' id='block_1_36' title="bbox 468 2036 2050 2108">
    <p class='ocr_par' dir='ltr' id='par_1_36' title="bbox 468 2036 2050 2108">
     <span class='ocr_line' id='line_1_36' title="bbox 468 2036 2050 2108; baseline -0.003 -18"><span class='ocrx_word' id='word_1_273' title='bbox 468 2040 609 2108; x_wconf 76' lang='lat' dir='ltr'><strong>gitur</strong></span> <span class='ocrx_word' id='word_1_274' title='bbox 638 2040 779 2093; x_wconf 80' lang='lat' dir='ltr'><strong>enim</strong></span> <span class='ocrx_word' id='word_1_275' title='bbox 805 2055 818 2091; x_wconf 92' lang='lat'><strong>:</strong></span> <span class='ocrx_word' id='word_1_276' title='bbox 844 2037 982 2092; x_wconf 81' lang='lat' dir='ltr'><strong>Deus</strong></span> <span class='ocrx_word' id='word_1_277' title='bbox 1012 2039 1103 2092; x_wconf 74' lang='lat' dir='ltr'><strong>lux</strong></span> <span class='ocrx_word' id='word_1_278' title='bbox 1139 2048 1231 2104; x_wconf 88' lang='lat' dir='ltr'><strong>est,</strong></span> <span class='ocrx_word' id='word_1_279' title='bbox 1261 2048 1308 2091; x_wconf 82' lang='lat' dir='ltr'><strong>et</strong></span> <span class='ocrx_word' id='word_1_280' title='bbox 1334 2038 1547 2091; x_wconf 72' lang='lat' dir='ltr'><strong>tenebrae</strong></span> <span class='ocrx_word' id='word_1_281' title='bbox 1574 2039 1625 2089; x_wconf 84' lang='lat' dir='ltr'><strong>in</strong></span> <span class='ocrx_word' id='word_1_282' title='bbox 1665 2053 1722 2091; x_wconf 91' lang='lat' dir='ltr'><strong>eo</strong></span> <span class='ocrx_word' id='word_1_283' title='bbox 1753 2036 1909 2089; x_wconf 73' lang='lat' dir='ltr'><strong>nulla:</strong></span> <span class='ocrx_word' id='word_1_284' title='bbox 1934 2045 2050 2089; x_wconf 78' lang='lat' dir='ltr'><strong>sunt</strong></span> 
     </span>
    </p>
   </div>
   <div class='ocr_carea' id='block_1_37' title="bbox 471 2126 2051 2199">
    <p class='ocr_par' dir='ltr' id='par_1_37' title="bbox 471 2126 2051 2199">
     <span class='ocr_line' id='line_1_37' title="bbox 471 2126 2051 2199; baseline -0.001 -18"><span class='ocrx_word' id='word_1_285' title='bbox 471 2128 654 2199; x_wconf 83' lang='lat' dir='ltr'><strong>(Joan.</strong></span> <span class='ocrx_word' id='word_1_286' title='bbox 680 2146 714 2195; x_wconf 88' lang='lat' dir='ltr'><strong>I,</strong></span> <span class='ocrx_word' id='word_1_287' title='bbox 746 2132 822 2199; x_wconf 85' lang='lat'><strong>5).</strong></span> <span class='ocrx_word' id='word_1_288' title='bbox 858 2130 997 2197; x_wconf 81' lang='lat' dir='ltr'><strong>Ergo</strong></span> <span class='ocrx_word' id='word_1_289' title='bbox 1039 2130 1161 2198; x_wconf 87' lang='lat' dir='ltr'><strong>quia</strong></span> <span class='ocrx_word' id='word_1_290' title='bbox 1212 2129 1387 2193; x_wconf 82' lang='lat' dir='ltr'><strong>Pater,</strong></span> <span class='ocrx_word' id='word_1_291' title='bbox 1427 2136 1481 2181; x_wconf 90' lang='lat' dir='ltr'><strong>et</strong></span> <span class='ocrx_word' id='word_1_292' title='bbox 1511 2126 1695 2186; x_wconf 83' lang='lat' dir='ltr'><strong>Filius.</strong></span> <span class='ocrx_word' id='word_1_293' title='bbox 1741 2133 1795 2180; x_wconf 90' lang='lat' dir='ltr'><strong>et</strong></span> <span class='ocrx_word' id='word_1_294' title='bbox 1823 2126 2051 2194; x_wconf 88' lang='lat' dir='ltr'><strong>Spiritus</strong></span> 
     </span>
    </p>
   </div>
   <div class='ocr_carea' id='block_1_38' title="bbox 473 2219 2049 2284">
    <p class='ocr_par' dir='ltr' id='par_1_38' title="bbox 473 2219 2049 2284">
     <span class='ocr_line' id='line_1_38' title="bbox 473 2219 2049 2284; baseline -0.001 -10"><span class='ocrx_word' id='word_1_295' title='bbox 473 2231 688 2275; x_wconf 87' lang='lat' dir='ltr'><strong>sanctus</strong></span> <span class='ocrx_word' id='word_1_296' title='bbox 714 2235 850 2276; x_wconf 90' lang='lat' dir='ltr'><strong>unus</strong></span> <span class='ocrx_word' id='word_1_297' title='bbox 878 2230 962 2276; x_wconf 89' lang='lat' dir='ltr'><strong>est</strong></span> <span class='ocrx_word' id='word_1_298' title='bbox 988 2221 1148 2284; x_wconf 73' lang='lat' dir='ltr'><strong>Deus,</strong></span> <span class='ocrx_word' id='word_1_299' title='bbox 1181 2228 1325 2275; x_wconf 80' lang='lat' dir='ltr'><strong>recte</strong></span> <span class='ocrx_word' id='word_1_300' title='bbox 1354 2220 1825 2274; x_wconf 81' lang='lat' dir='ltr'><strong>animadvertimus</strong></span> <span class='ocrx_word' id='word_1_301' title='bbox 1853 2219 1919 2272; x_wconf 91' lang='lat' dir='ltr'><strong>de</strong></span> <span class='ocrx_word' id='word_1_302' title='bbox 1943 2227 2049 2273; x_wconf 88' lang='lat' dir='ltr'><strong>tota</strong></span> 
     </span>
    </p>
   </div>
   <div class='ocr_carea' id='block_1_39' title="bbox 472 2310 2052 2378">
    <p class='ocr_par' dir='ltr' id='par_1_39' title="bbox 472 2310 2052 2378">
     <span class='ocr_line' id='line_1_39' title="bbox 472 2310 2052 2378; baseline -0.001 -12"><span class='ocrx_word' id='word_1_303' title='bbox 472 2312 734 2367; x_wconf 89' lang='lat' dir='ltr'><strong>Trinitate</strong></span> <span class='ocrx_word' id='word_1_304' title='bbox 759 2327 877 2366; x_wconf 55' lang='lat' dir='ltr'><strong>esse</strong></span> <span class='ocrx_word' id='word_1_305' title='bbox 904 2312 1101 2366; x_wconf 89' lang='lat' dir='ltr'><strong>dictum</strong></span> <span class='ocrx_word' id='word_1_306' title='bbox 1139 2329 1152 2365; x_wconf 85' lang='lat'><strong>:</strong></span> <span class='ocrx_word' id='word_1_307' title='bbox 1190 2311 1324 2365; x_wconf 82' lang='lat' dir='ltr'><strong>Deus</strong></span> <span class='ocrx_word' id='word_1_308' title='bbox 1352 2310 1442 2364; x_wconf 73' lang='lat' dir='ltr'><strong>lux</strong></span> <span class='ocrx_word' id='word_1_309' title='bbox 1472 2321 1562 2378; x_wconf 80' lang='lat' dir='ltr'><strong>est,</strong></span> <span class='ocrx_word' id='word_1_310' title='bbox 1598 2318 1645 2364; x_wconf 84' lang='lat' dir='ltr'><strong>et</strong></span> <span class='ocrx_word' id='word_1_311' title='bbox 1672 2310 1887 2364; x_wconf 69' lang='lat' dir='ltr'><strong>tenebrae</strong></span> <span class='ocrx_word' id='word_1_312' title='bbox 1912 2312 1964 2364; x_wconf 87' lang='lat' dir='ltr'><strong>in</strong></span> <span class='ocrx_word' id='word_1_313' title='bbox 1993 2326 2052 2364; x_wconf 89' lang='lat' dir='ltr'><strong>eo</strong></span> 
     </span>
    </p>
   </div>
   <div class='ocr_carea' id='block_1_40' title="bbox 476 2401 2051 2457">
    <p class='ocr_par' dir='ltr' id='par_1_40' title="bbox 476 2401 2051 2457">
     <span class='ocr_line' id='line_1_40' title="bbox 476 2401 2051 2457; baseline 0 -2"><span class='ocrx_word' id='word_1_314' title='bbox 476 2404 631 2456; x_wconf 66' lang='lat' dir='ltr'><strong>nulla</strong></span> <span class='ocrx_word' id='word_1_315' title='bbox 651 2411 788 2456; x_wconf 89' lang='lat' dir='ltr'><strong>sunt.</strong></span> <span class='ocrx_word' id='word_1_316' title='bbox 823 2402 975 2457; x_wconf 88' lang='lat' dir='ltr'><strong>Unde</strong></span> <span class='ocrx_word' id='word_1_317' title='bbox 1006 2418 1195 2457; x_wconf 89' lang='lat' dir='ltr'><strong>versus</strong></span> <span class='ocrx_word' id='word_1_318' title='bbox 1226 2404 1325 2457; x_wconf 89' lang='lat' dir='ltr'><strong>iste</strong></span> <span class='ocrx_word' id='word_1_319' title='bbox 1352 2402 1543 2455; x_wconf 86' lang='lat' dir='ltr'><strong>merito</strong></span> <span class='ocrx_word' id='word_1_320' title='bbox 1572 2402 1639 2455; x_wconf 90' lang='lat' dir='ltr'><strong>de</strong></span> <span class='ocrx_word' id='word_1_321' title='bbox 1666 2401 1947 2456; x_wconf 83' lang='lat' dir='ltr'><strong>Salvatore</strong></span> <span class='ocrx_word' id='word_1_322' title='bbox 1973 2401 2051 2455; x_wconf 87' lang='lat' dir='ltr'><strong>di-</strong></span> 
     </span>
    </p>
   </div>
   <div class='ocr_carea' id='block_1_41' title="bbox 474 2492 2048 2559">
    <p class='ocr_par' dir='ltr' id='par_1_41' title="bbox 474 2492 2048 2559">
     <span class='ocr_line' id='line_1_41' title="bbox 474 2492 2048 2559; baseline -0.003 -11"><span class='ocrx_word' id='word_1_323' title='bbox 474 2495 549 2547; x_wconf 84' lang='lat' dir='ltr'><strong>cit</strong></span> <span class='ocrx_word' id='word_1_324' title='bbox 578 2511 589 2544; x_wconf 94' lang='lat'>:</span> <span class='ocrx_word' id='word_1_325' title='bbox 615 2492 683 2545; x_wconf 89' lang='lat' dir='ltr'><strong>In</strong></span> <span class='ocrx_word' id='word_1_326' title='bbox 724 2493 915 2546; x_wconf 82' lang='lat' dir='ltr'><strong>lumine</strong></span> <span class='ocrx_word' id='word_1_327' title='bbox 944 2504 1029 2547; x_wconf 88' lang='lat' dir='ltr'><strong>tuo</strong></span> <span class='ocrx_word' id='word_1_328' title='bbox 1060 2493 1342 2547; x_wconf 73' lang='lat' dir='ltr'><strong>videbimus</strong></span> <span class='ocrx_word' id='word_1_329' title='bbox 1375 2494 1568 2557; x_wconf 86' lang='lat' dir='ltr'><strong>lumen,</strong></span> <span class='ocrx_word' id='word_1_330' title='bbox 1609 2492 1781 2547; x_wconf 85' lang='lat' dir='ltr'><strong>Patris</strong></span> <span class='ocrx_word' id='word_1_331' title='bbox 1823 2492 2048 2559; x_wconf 84' lang='lat' dir='ltr'><strong>scilicet,</strong></span> 
     </span>
    </p>
   </div>
   <div class='ocr_carea' id='block_1_42' title="bbox 474 2581 2050 2653">
    <p class='ocr_par' dir='ltr' id='par_1_42' title="bbox 474 2581 2050 2653">
     <span class='ocr_line' id='line_1_42' title="bbox 474 2581 2050 2653; baseline 0 -16"><span class='ocrx_word' id='word_1_332' title='bbox 474 2593 529 2638; x_wconf 91' lang='lat' dir='ltr'><strong>et</strong></span> <span class='ocrx_word' id='word_1_333' title='bbox 576 2583 803 2651; x_wconf 89' lang='lat' dir='ltr'><strong>Spiritus</strong></span> <span class='ocrx_word' id='word_1_334' title='bbox 856 2584 1223 2653; x_wconf 58' lang='lat' dir='ltr'><strong>sancti:quia</strong></span> <span class='ocrx_word' id='word_1_335' title='bbox 1270 2599 1362 2651; x_wconf 87' lang='lat' dir='ltr'><strong>per</strong></span> <span class='ocrx_word' id='word_1_336' title='bbox 1407 2583 1575 2653; x_wconf 49' lang='lat' dir='ltr'><strong>ipsius</strong></span> <span class='ocrx_word' id='word_1_337' title='bbox 1621 2581 2050 2652; x_wconf 67' lang='lat' dir='ltr'><strong>praedicationem</strong></span> 
     </span>
    </p>
   </div>
   <div class='ocr_carea' id='block_1_43' title="bbox 475 2674 2054 2742">
    <p class='ocr_par' dir='ltr' id='par_1_43' title="bbox 475 2674 2054 2742">
     <span class='ocr_line' id='line_1_43' title="bbox 475 2674 2054 2742; baseline 0.001 -17"><span class='ocrx_word' id='word_1_338' title='bbox 475 2674 672 2728; x_wconf 86' lang='lat' dir='ltr'><strong>factum</strong></span> <span class='ocrx_word' id='word_1_339' title='bbox 718 2684 819 2742; x_wconf 88' lang='lat' dir='ltr'><strong>est,</strong></span> <span class='ocrx_word' id='word_1_340' title='bbox 875 2684 931 2728; x_wconf 90' lang='lat' dir='ltr'><strong>ut</strong></span> <span class='ocrx_word' id='word_1_341' title='bbox 972 2684 1078 2729; x_wconf 90' lang='lat' dir='ltr'><strong>tota</strong></span> <span class='ocrx_word' id='word_1_342' title='bbox 1131 2675 1284 2729; x_wconf 88' lang='lat' dir='ltr'><strong>nobis</strong></span> <span class='ocrx_word' id='word_1_343' title='bbox 1332 2675 1564 2728; x_wconf 88' lang='lat' dir='ltr'><strong>Trinitas</strong></span> <span class='ocrx_word' id='word_1_344' title='bbox 1608 2674 1882 2727; x_wconf 82' lang='lat' dir='ltr'><strong>manifesta</strong></span> <span class='ocrx_word' id='word_1_345' title='bbox 1925 2688 2054 2727; x_wconf 87' lang='lat' dir='ltr'><strong>con-</strong></span> 
     </span>
    </p>
   </div>
   <div class='ocr_carea' id='block_1_44' title="bbox 474 2773 660 2821">
    <p class='ocr_par' dir='ltr' id='par_1_44' title="bbox 474 2773 660 2821">
     <span class='ocr_line' id='line_1_44' title="bbox 474 2773 660 2821; baseline 0.016 -3"><span class='ocrx_word' id='word_1_346' title='bbox 474 2773 660 2821; x_wconf 66' lang='lat' dir='ltr'><strong>staret.</strong></span> 
     </span>
    </p>
   </div>
   <div class='ocr_carea' id='block_1_45' title="bbox 553 2855 2053 2913">
    <p class='ocr_par' dir='ltr' id='par_1_45' title="bbox 553 2855 2053 2913">
     <span class='ocr_line' id='line_1_45' title="bbox 553 2855 2053 2913; baseline 0.003 -6"><span class='ocrx_word' id='word_1_347' title='bbox 553 2855 702 2910; x_wconf 86' lang='lat' dir='ltr'><strong>Vers.</strong></span> <span class='ocrx_word' id='word_1_348' title='bbox 743 2858 831 2912; x_wconf 79' lang='grc'><strong>10.</strong></span> <span class='ocrx_word' id='word_1_349' title='bbox 866 2858 1132 2913; x_wconf 75' lang='lat' dir='ltr'><strong>I’rtctende</strong></span> <span class='ocrx_word' id='word_1_350' title='bbox 1180 2858 1474 2912; x_wconf 86' lang='lat' dir='ltr'><strong>misericord</strong></span> <span class='ocrx_word' id='word_1_351' title='bbox 1494 2874 1578 2911; x_wconf 89' lang='lat' dir='ltr'><strong>am</strong></span> <span class='ocrx_word' id='word_1_352' title='bbox 1618 2868 1759 2912; x_wconf 87' lang='lat' dir='ltr'><strong>tuam</strong></span> <span class='ocrx_word' id='word_1_353' title='bbox 1785 2858 2053 2912; x_wconf 83' lang='lat' dir='ltr'><strong>scientibus</strong></span> 
     </span>
    </p>
   </div>
   <div class='ocr_carea' id='block_1_46' title="bbox 477 2948 2049 3018">
    <p class='ocr_par' dir='ltr' id='par_1_46' title="bbox 477 2948 2049 3018">
     <span class='ocr_line' id='line_1_46' title="bbox 477 2948 2049 3018; baseline 0.003 -19"><span class='ocrx_word' id='word_1_354' title='bbox 477 2956 541 3014; x_wconf 87' lang='lat' dir='ltr'><strong>te,</strong></span> <span class='ocrx_word' id='word_1_355' title='bbox 565 2956 610 3000; x_wconf 91' lang='lat' dir='ltr'><strong>et</strong></span> <span class='ocrx_word' id='word_1_356' title='bbox 622 2948 882 3018; x_wconf 84' lang='lat' dir='ltr'><strong>justitiam</strong></span> <span class='ocrx_word' id='word_1_357' title='bbox 908 2960 1043 3003; x_wconf 86' lang='lat' dir='ltr'><strong>tuam</strong></span> <span class='ocrx_word' id='word_1_358' title='bbox 1064 2950 1142 3002; x_wconf 73' lang='lat' dir='ltr'><strong>Itis</strong></span> <span class='ocrx_word' id='word_1_359' title='bbox 1165 2952 1245 3017; x_wconf 63' lang='lat' dir='ltr'><strong>qui</strong></span> <span class='ocrx_word' id='word_1_360' title='bbox 1268 2958 1407 3002; x_wconf 88' lang='lat' dir='ltr'><strong>recto</strong></span> <span class='ocrx_word' id='word_1_361' title='bbox 1428 2961 1542 3002; x_wconf 79' lang='lat' dir='ltr'><strong>sunt</strong></span> <span class='ocrx_word' id='word_1_362' title='bbox 1560 2953 1731 3003; x_wconf 87' lang='lat' dir='ltr'><strong>corde.</strong></span> <span class='ocrx_word' id='word_1_363' title='bbox 1760 2949 2049 3016; x_wconf 82' lang='lat' dir='ltr'><strong>Prwtende,</strong></span> 
     </span>
    </p>
   </div>
   <div class='ocr_carea' id='block_1_47' title="bbox 459 3024 2053 3110">
    <p class='ocr_par' dir='ltr' id='par_1_47' title="bbox 459 3024 2053 3110">
     <span class='ocr_line' id='line_1_47' title="bbox 459 3024 2053 3110; baseline 0.002 -21"><span class='ocrx_word' id='word_1_364' title='bbox 459 3024 633 3103; x_wconf 41' lang='lat' dir='ltr'><strong>&#39;dixit,</strong></span> <span class='ocrx_word' id='word_1_365' title='bbox 662 3038 712 3091; x_wconf 90' lang='lat' dir='ltr'><strong>id</strong></span> <span class='ocrx_word' id='word_1_366' title='bbox 754 3047 836 3093; x_wconf 89' lang='lat' dir='ltr'><strong>est</strong></span> <span class='ocrx_word' id='word_1_367' title='bbox 867 3055 1125 3109; x_wconf 45' lang='lat' dir='ltr'><strong>pra‘roga,</strong></span> <span class='ocrx_word' id='word_1_368' title='bbox 1165 3040 1501 3108; x_wconf 23' lang='lat' dir='ltr'><strong>praesciuina,</strong></span> <span class='ocrx_word' id='word_1_369' title='bbox 1537 3039 1691 3109; x_wconf 79' lang='lat' dir='ltr'><strong>longe</strong></span> <span class='ocrx_word' id='word_1_370' title='bbox 1718 3040 1927 3110; x_wconf 90' lang='lat' dir='ltr'><strong>lateque</strong></span> <span class='ocrx_word' id='word_1_371' title='bbox 1953 3040 2053 3093; x_wconf 83' lang='lat' dir='ltr'><strong>dif-</strong></span> 
     </span>
    </p>
   </div>
   <div class='ocr_carea' id='block_1_48' title="bbox 477 3130 2125 3199">
    <p class='ocr_par' dir='ltr' id='par_1_48' title="bbox 477 3130 2125 3199">
     <span class='ocr_line' id='line_1_48' title="bbox 477 3130 2125 3199; baseline 0.002 -18"><span class='ocrx_word' id='word_1_372' title='bbox 477 3130 668 3195; x_wconf 84' lang='lat' dir='ltr'><strong>lundc;</strong></span> <span class='ocrx_word' id='word_1_373' title='bbox 712 3141 771 3185; x_wconf 89' lang='lat' dir='ltr'><strong>ut</strong></span> <span class='ocrx_word' id='word_1_374' title='bbox 818 3132 1022 3199; x_wconf 87' lang='lat' dir='ltr'><strong>possint</strong></span> <span class='ocrx_word' id='word_1_375' title='bbox 1064 3133 1277 3185; x_wconf 85' lang='lat' dir='ltr'><strong>scientes</strong></span> <span class='ocrx_word' id='word_1_376' title='bbox 1307 3141 1352 3185; x_wconf 88' lang='lat' dir='ltr'><strong>te</strong></span> <span class='ocrx_word' id='word_1_377' title='bbox 1396 3132 1447 3185; x_wconf 92' lang='lat' dir='ltr'><strong>in</strong></span> <span class='ocrx_word' id='word_1_378' title='bbox 1498 3132 1599 3185; x_wconf 73' lang='lat' dir='ltr'><strong>iszo</strong></span> <span class='ocrx_word' id='word_1_379' title='bbox 1646 3130 1845 3186; x_wconf 62' lang='lat' dir='ltr'><strong>saeculo</strong></span> <span class='ocrx_word' id='word_1_380' title='bbox 1885 3131 2050 3185; x_wconf 90' lang='lat' dir='ltr'><strong>tutius</strong></span> <span class='ocrx_word' id='word_1_381' title='bbox 2081 3133 2125 3195; x_wconf 88' lang='lat' dir='ltr'>C</span> 
     </span>
    </p>
   </div>
   <div class='ocr_carea' id='block_1_49' title="bbox 478 3222 2047 3292">
    <p class='ocr_par' dir='ltr' id='par_1_49' title="bbox 478 3222 2047 3292">
     <span class='ocr_line' id='line_1_49' title="bbox 478 3222 2047 3292; baseline 0.002 -18"><span class='ocrx_word' id='word_1_382' title='bbox 478 3222 773 3277; x_wconf 87' lang='lat' dir='ltr'><strong>ambulare.</strong></span> <span class='ocrx_word' id='word_1_383' title='bbox 807 3224 894 3277; x_wconf 87' lang='lat' dir='ltr'><strong>Isti</strong></span> <span class='ocrx_word' id='word_1_384' title='bbox 922 3236 1096 3279; x_wconf 85' lang='lat' dir='ltr'><strong>autem</strong></span> <span class='ocrx_word' id='word_1_385' title='bbox 1128 3226 1360 3279; x_wconf 81' lang='lat' dir='ltr'><strong>scientes</strong></span> <span class='ocrx_word' id='word_1_386' title='bbox 1400 3224 1702 3286; x_wconf 87' lang='lat' dir='ltr'><strong>Dominum,</strong></span> <span class='ocrx_word' id='word_1_387' title='bbox 1742 3223 2047 3292; x_wconf 75' lang='lat' dir='ltr'><strong>nllIlIlplitl-</strong></span> 
     </span>
    </p>
   </div>
   <div class='ocr_carea' id='block_1_50' title="bbox 478 3315 2050 3385">
    <p class='ocr_par' dir='ltr' id='par_1_50' title="bbox 478 3315 2050 3385">
     <span class='ocr_line' id='line_1_50' title="bbox 478 3315 2050 3385; baseline 0.001 -17"><span class='ocrx_word' id='word_1_388' title='bbox 478 3324 558 3368; x_wconf 84' lang='lat' dir='ltr'><strong>ter</strong></span> <span class='ocrx_word' id='word_1_389' title='bbox 614 3315 937 3385; x_wconf 81' lang='lat' dir='ltr'><strong>intelligendi</strong></span> <span class='ocrx_word' id='word_1_390' title='bbox 1001 3326 1155 3383; x_wconf 90' lang='lat' dir='ltr'><strong>sunt;</strong></span> <span class='ocrx_word' id='word_1_391' title='bbox 1204 3318 1384 3371; x_wconf 85' lang='lat' dir='ltr'><strong>sciunt</strong></span> <span class='ocrx_word' id='word_1_392' title='bbox 1433 3316 1573 3371; x_wconf 87' lang='lat' dir='ltr'><strong>enim</strong></span> <span class='ocrx_word' id='word_1_393' title='bbox 1622 3315 1906 3369; x_wconf 90' lang='lat' dir='ltr'><strong>Dominum</strong></span> <span class='ocrx_word' id='word_1_394' title='bbox 1962 3316 2050 3385; x_wconf 89' lang='lat' dir='ltr'><strong>qui</strong></span> 
     </span>
    </p>
   </div>
   <div class='ocr_carea' id='block_1_51' title="bbox 476 3405 2048 3460">
    <p class='ocr_par' dir='ltr' id='par_1_51' title="bbox 476 3405 2048 3460">
     <span class='ocr_line' id='line_1_51' title="bbox 476 3405 2048 3460; baseline 0 -3"><span class='ocrx_word' id='word_1_395' title='bbox 476 3414 714 3459; x_wconf 89' lang='lat' dir='ltr'><strong>sanctam</strong></span> <span class='ocrx_word' id='word_1_396' title='bbox 757 3406 1069 3460; x_wconf 85' lang='lat' dir='ltr'><strong>Trinitatem</strong></span> <span class='ocrx_word' id='word_1_397' title='bbox 1115 3405 1281 3460; x_wconf 88' lang='lat' dir='ltr'><strong>corde</strong></span> <span class='ocrx_word' id='word_1_398' title='bbox 1334 3405 1640 3460; x_wconf 82' lang='lat' dir='ltr'><strong>firmissimo</strong></span> <span class='ocrx_word' id='word_1_399' title='bbox 1683 3405 2048 3459; x_wconf 81' lang='lat' dir='ltr'><strong>confitentur:</strong></span> 
     </span>
    </p>
   </div>
   <div class='ocr_carea' id='block_1_52' title="bbox 477 3496 2053 3566">
    <p class='ocr_par' dir='ltr' id='par_1_52' title="bbox 477 3496 2053 3566">
     <span class='ocr_line' id='line_1_52' title="bbox 477 3496 2053 3566; baseline 0 -16"><span class='ocrx_word' id='word_1_400' title='bbox 477 3497 567 3565; x_wconf 90' lang='lat' dir='ltr'><strong>qui</strong></span> <span class='ocrx_word' id='word_1_401' title='bbox 591 3498 801 3566; x_wconf 77' lang='lat' dir='ltr'><strong>regulas</strong></span> <span class='ocrx_word' id='word_1_402' title='bbox 827 3500 1039 3553; x_wconf 67' lang='lat' dir='ltr'><strong>coalitus</strong></span> <span class='ocrx_word' id='word_1_403' title='bbox 1069 3499 1221 3551; x_wconf 84' lang='lat' dir='ltr'><strong>(latas</strong></span> <span class='ocrx_word' id='word_1_404' title='bbox 1248 3496 1392 3551; x_wconf 83' lang='lat' dir='ltr'><strong>nulla</strong></span> <span class='ocrx_word' id='word_1_405' title='bbox 1441 3497 1742 3553; x_wconf 76' lang='lat' dir='ltr'><strong>intellectus</strong></span> <span class='ocrx_word' id='word_1_406' title='bbox 1770 3497 1853 3551; x_wconf 84' lang='lat' dir='ltr'><strong>sui</strong></span> <span class='ocrx_word' id='word_1_407' title='bbox 1886 3496 2053 3565; x_wconf 82' lang='lat' dir='ltr'><strong>pravi-</strong></span> 
     </span>
    </p>
   </div>
   <div class='ocr_carea' id='block_1_53' title="bbox 479 3590 2051 3659">
    <p class='ocr_par' dir='ltr' id='par_1_53' title="bbox 479 3590 2051 3659">
     <span class='ocr_line' id='line_1_53' title="bbox 479 3590 2051 3659; baseline 0 -16"><span class='ocrx_word' id='word_1_408' title='bbox 479 3597 587 3644; x_wconf 88' lang='lat' dir='ltr'><strong>tate</strong></span> <span class='ocrx_word' id='word_1_409' title='bbox 629 3590 1088 3659; x_wconf 87' lang='lat' dir='ltr'><strong>distorquent:ad</strong></span> <span class='ocrx_word' id='word_1_410' title='bbox 1130 3598 1457 3659; x_wconf 88' lang='lat' dir='ltr'><strong>postremum</strong></span> <span class='ocrx_word' id='word_1_411' title='bbox 1504 3591 1603 3659; x_wconf 89' lang='lat' dir='ltr'><strong>ipsi</strong></span> <span class='ocrx_word' id='word_1_412' title='bbox 1644 3591 1743 3645; x_wconf 87' lang='lat' dir='ltr'><strong>soli</strong></span> <span class='ocrx_word' id='word_1_413' title='bbox 1788 3590 2051 3645; x_wconf 87' lang='lat' dir='ltr'><strong>veraciter</strong></span> 
     </span>
    </p>
   </div>
   <div class='ocr_carea' id='block_1_54' title="bbox 479 3681 2051 3751">
    <p class='ocr_par' dir='ltr' id='par_1_54' title="bbox 479 3681 2051 3751">
     <span class='ocr_line' id='line_1_54' title="bbox 479 3681 2051 3751; baseline 0.001 -19"><span class='ocrx_word' id='word_1_414' title='bbox 479 3689 675 3733; x_wconf 89' lang='lat' dir='ltr'><strong>norunt</strong></span> <span class='ocrx_word' id='word_1_415' title='bbox 698 3681 883 3749; x_wconf 84' lang='lat' dir='ltr'><strong>Deum,</strong></span> <span class='ocrx_word' id='word_1_416' title='bbox 910 3681 997 3751; x_wconf 89' lang='lat' dir='ltr'><strong>qui</strong></span> <span class='ocrx_word' id='word_1_417' title='bbox 1022 3684 1295 3735; x_wconf 74' lang='lat' dir='ltr'><strong>catholica:</strong></span> <span class='ocrx_word' id='word_1_418' title='bbox 1324 3682 1445 3736; x_wconf 82' lang='lat' dir='ltr'><strong>fidei</strong></span> <span class='ocrx_word' id='word_1_419' title='bbox 1468 3697 1570 3735; x_wconf 90' lang='lat' dir='ltr'><strong>non</strong></span> <span class='ocrx_word' id='word_1_420' title='bbox 1598 3681 1852 3737; x_wconf 83' lang='lat' dir='ltr'><strong>deserunt</strong></span> <span class='ocrx_word' id='word_1_421' title='bbox 1880 3683 2051 3735; x_wconf 82' lang='lat' dir='ltr'><strong>unita-</strong></span> 
     </span>
    </p>
   </div>
   <div class='ocr_carea' id='block_1_55' title="bbox 478 3772 2049 3842">
    <p class='ocr_par' dir='ltr' id='par_1_55' title="bbox 478 3772 2049 3842">
     <span class='ocr_line' id='line_1_55' title="bbox 478 3772 2049 3842; baseline 0.003 -19"><span class='ocrx_word' id='word_1_422' title='bbox 478 3780 584 3824; x_wconf 88' lang='lat' dir='ltr'><strong>tem</strong></span> <span class='ocrx_word' id='word_1_423' title='bbox 629 3772 918 3840; x_wconf 88' lang='lat' dir='ltr'><strong>complere.</strong></span> <span class='ocrx_word' id='word_1_424' title='bbox 958 3772 1051 3826; x_wconf 88' lang='lat' dir='ltr'><strong>His</strong></span> <span class='ocrx_word' id='word_1_425' title='bbox 1092 3782 1242 3842; x_wconf 85' lang='lat' dir='ltr'><strong>rogat</strong></span> <span class='ocrx_word' id='word_1_426' title='bbox 1273 3774 1514 3841; x_wconf 79' lang='lat' dir='ltr'><strong>prtt’tendi</strong></span> <span class='ocrx_word' id='word_1_427' title='bbox 1542 3775 1962 3839; x_wconf 85' lang='lat' dir='ltr'><strong>misericordiam,</strong></span> <span class='ocrx_word' id='word_1_428' title='bbox 1995 3782 2049 3827; x_wconf 93' lang='lat' dir='ltr'><strong>ut</strong></span> 
     </span>
    </p>
   </div>
   <div class='ocr_carea' id='block_1_56' title="bbox 478 3860 2047 3934">
    <p class='ocr_par' dir='ltr' id='par_1_56' title="bbox 478 3860 2047 3934">
     <span class='ocr_line' id='line_1_56' title="bbox 478 3860 2047 3934; baseline 0.003 -20"><span class='ocrx_word' id='word_1_429' title='bbox 478 3869 533 3914; x_wconf 89' lang='lat' dir='ltr'><strong>ct</strong></span> <span class='ocrx_word' id='word_1_430' title='bbox 562 3860 612 3914; x_wconf 90' lang='lat' dir='ltr'><strong>in</strong></span> <span class='ocrx_word' id='word_1_431' title='bbox 650 3860 753 3916; x_wconf 75' lang='lat' dir='ltr'><strong>isto</strong></span> <span class='ocrx_word' id='word_1_432' title='bbox 796 3864 993 3917; x_wconf 67' lang='lat' dir='ltr'><strong>saeculo</strong></span> <span class='ocrx_word' id='word_1_433' title='bbox 1040 3864 1140 3919; x_wconf 88' lang='lat' dir='ltr'><strong>sub</strong></span> <span class='ocrx_word' id='word_1_434' title='bbox 1171 3864 1378 3917; x_wconf 89' lang='lat' dir='ltr'><strong>Domini</strong></span> <span class='ocrx_word' id='word_1_435' title='bbox 1411 3865 1607 3933; x_wconf 86' lang='lat' dir='ltr'><strong>pietate</strong></span> <span class='ocrx_word' id='word_1_436' title='bbox 1649 3864 1864 3934; x_wconf 81' lang='lat' dir='ltr'><strong>degant,</strong></span> <span class='ocrx_word' id='word_1_437' title='bbox 1916 3864 2047 3919; x_wconf 89' lang='lat' dir='ltr'><strong>etin</strong></span> 
     </span>
    </p>
   </div>
   <div class='ocr_carea' id='block_1_57' title="bbox 479 3951 2051 4025">
    <p class='ocr_par' dir='ltr' id='par_1_57' title="bbox 479 3951 2051 4025">
     <span class='ocr_line' id='line_1_57' title="bbox 479 3951 2051 4025; baseline 0.002 -21"><span class='ocrx_word' id='word_1_438' title='bbox 479 3951 654 4008; x_wconf 89' lang='lat' dir='ltr'><strong>futuro</strong></span> <span class='ocrx_word' id='word_1_439' title='bbox 678 3953 877 4022; x_wconf 82' lang='lat' dir='ltr'><strong>judicio</strong></span> <span class='ocrx_word' id='word_1_440' title='bbox 906 3956 1122 4025; x_wconf 67' lang='lat' dir='ltr'><strong>praemia</strong></span> <span class='ocrx_word' id='word_1_441' title='bbox 1153 3956 1308 4025; x_wconf 81' lang='lat' dir='ltr'><strong>digna</strong></span> <span class='ocrx_word' id='word_1_442' title='bbox 1350 3955 1633 4024; x_wconf 86' lang='lat' dir='ltr'><strong>recipiant.</strong></span> <span class='ocrx_word' id='word_1_443' title='bbox 1667 3955 1779 4009; x_wconf 90' lang='lat' dir='ltr'><strong>lloe</strong></span> <span class='ocrx_word' id='word_1_444' title='bbox 1806 3955 1946 4010; x_wconf 87' lang='lat' dir='ltr'><strong>enim</strong></span> <span class='ocrx_word' id='word_1_445' title='bbox 1977 3953 2051 4008; x_wconf 84' lang='lat' dir='ltr'><strong>si-</strong></span> 
     </span>
    </p>
   </div>
   <div class='ocr_carea' id='block_1_58' title="bbox 476 4044 2051 4115">
    <p class='ocr_par' dir='ltr' id='par_1_58' title="bbox 476 4044 2051 4115">
     <span class='ocr_line' id='line_1_58' title="bbox 476 4044 2051 4115; baseline 0.003 -20"><span class='ocrx_word' id='word_1_446' title='bbox 476 4044 712 4113; x_wconf 77' lang='lat' dir='ltr'><strong>gniticet,</strong></span> <span class='ocrx_word' id='word_1_447' title='bbox 734 4046 988 4115; x_wconf 82' lang='lat' dir='ltr'><strong>justitiam</strong></span> <span class='ocrx_word' id='word_1_448' title='bbox 1018 4057 1157 4099; x_wconf 89' lang='lat' dir='ltr'><strong>tuam</strong></span> <span class='ocrx_word' id='word_1_449' title='bbox 1186 4046 1266 4099; x_wconf 81' lang='lat' dir='ltr'><strong>Itis</strong></span> <span class='ocrx_word' id='word_1_450' title='bbox 1292 4048 1377 4115; x_wconf 86' lang='lat' dir='ltr'><strong>qui</strong></span> <span class='ocrx_word' id='word_1_451' title='bbox 1412 4056 1548 4099; x_wconf 86' lang='lat' dir='ltr'><strong>recto</strong></span> <span class='ocrx_word' id='word_1_452' title='bbox 1573 4056 1687 4100; x_wconf 75' lang='lat' dir='ltr'><strong>sunt</strong></span> <span class='ocrx_word' id='word_1_453' title='bbox 1715 4046 1866 4099; x_wconf 85' lang='lat' dir='ltr'><strong>corde</strong></span> <span class='ocrx_word' id='word_1_454' title='bbox 1888 4061 1906 4099; x_wconf 92' lang='lat'><strong><em>:</em></strong></span> <span class='ocrx_word' id='word_1_455' title='bbox 1928 4045 2051 4115; x_wconf 85' lang='lat' dir='ltr'><strong>quia</strong></span> 
     </span>
    </p>
   </div>
   <div class='ocr_carea' id='block_1_59' title="bbox 477 4135 2049 4206">
    <p class='ocr_par' dir='ltr' id='par_1_59' title="bbox 477 4135 2049 4206">
     <span class='ocr_line' id='line_1_59' title="bbox 477 4135 2049 4206; baseline 0.001 -16"><span class='ocrx_word' id='word_1_456' title='bbox 477 4136 547 4190; x_wconf 90' lang='lat' dir='ltr'><strong>ibi</strong></span> <span class='ocrx_word' id='word_1_457' title='bbox 593 4135 888 4206; x_wconf 86' lang='lat' dir='ltr'><strong>justissime</strong></span> <span class='ocrx_word' id='word_1_458' title='bbox 936 4138 1001 4192; x_wconf 86' lang='lat' dir='ltr'><strong>ad</strong></span> <span class='ocrx_word' id='word_1_459' title='bbox 1050 4138 1322 4193; x_wconf 80' lang='lat' dir='ltr'><strong>dexteram</strong></span> <span class='ocrx_word' id='word_1_460' title='bbox 1371 4137 1792 4202; x_wconf 80' lang='lat' dir='ltr'><strong>collocabantur,</strong></span> <span class='ocrx_word' id='word_1_461' title='bbox 1832 4138 1921 4206; x_wconf 88' lang='lat' dir='ltr'><strong>qui</strong></span> <span class='ocrx_word' id='word_1_462' title='bbox 1964 4135 2049 4191; x_wconf 85' lang='lat' dir='ltr'><strong>hic</strong></span> 
     </span>
    </p>
   </div>
   <div class='ocr_carea' id='block_1_60' title="bbox 469 4228 2044 4294">
    <p class='ocr_par' dir='ltr' id='par_1_60' title="bbox 469 4228 2044 4294">
     <span class='ocr_line' id='line_1_60' title="bbox 469 4228 2044 4294; baseline 0.002 -16"><span class='ocrx_word' id='word_1_463' title='bbox 469 4235 618 4285; x_wconf 80' lang='lat' dir='ltr'><strong>recta</strong></span> <span class='ocrx_word' id='word_1_464' title='bbox 658 4238 856 4291; x_wconf 90' lang='lat' dir='ltr'><strong>mente,</strong></span> <span class='ocrx_word' id='word_1_465' title='bbox 900 4237 1183 4294; x_wconf 85' lang='lat' dir='ltr'><strong>praestante</strong></span> <span class='ocrx_word' id='word_1_466' title='bbox 1230 4228 1471 4290; x_wconf 89' lang='lat' dir='ltr'><strong>Domino,</strong></span> <span class='ocrx_word' id='word_1_467' title='bbox 1502 4228 1679 4282; x_wconf 78' lang='lat' dir='ltr'><strong>vivere</strong></span> <span class='ocrx_word' id='word_1_468' title='bbox 1718 4234 2044 4281; x_wconf 87' lang='lat' dir='ltr'><strong>meruerunt.</strong></span> 
     </span>
    </p>
   </div>
   <div class='ocr_carea' id='block_1_61' title="bbox 550 4314 2050 4386">
    <p class='ocr_par' dir='ltr' id='par_1_61' title="bbox 550 4314 2050 4386">
     <span class='ocr_line' id='line_1_61' title="bbox 550 4314 2050 4386; baseline 0.004 -21"><span class='ocrx_word' id='word_1_469' title='bbox 550 4314 701 4368; x_wconf 70' lang='lat' dir='ltr'><strong>\‘crs.</strong></span> <span class='ocrx_word' id='word_1_470' title='bbox 738 4317 823 4369; x_wconf 76' lang='lat' dir='ltr'><strong>ll.</strong></span> <span class='ocrx_word' id='word_1_471' title='bbox 854 4315 973 4368; x_wconf 86' lang='lat' dir='ltr'><strong>Non</strong></span> <span class='ocrx_word' id='word_1_472' title='bbox 1015 4318 1179 4369; x_wconf 78' lang='lat' dir='ltr'><strong>veniat</strong></span> <span class='ocrx_word' id='word_1_473' title='bbox 1210 4317 1332 4369; x_wconf 81' lang='lat' dir='ltr'><strong>mihi</strong></span> <span class='ocrx_word' id='word_1_474' title='bbox 1357 4334 1444 4386; x_wconf 89' lang='lat' dir='ltr'><strong>pes</strong></span> <span class='ocrx_word' id='word_1_475' title='bbox 1482 4317 1753 4385; x_wconf 65' lang='lat' dir='ltr'><strong>superbire,</strong></span> <span class='ocrx_word' id='word_1_476' title='bbox 1795 4327 1840 4371; x_wconf 86' lang='lat' dir='ltr'><strong>ct</strong></span> <span class='ocrx_word' id='word_1_477' title='bbox 1871 4333 2050 4371; x_wconf 79' lang='lat' dir='ltr'><strong>manus</strong></span> 
     </span>
    </p>
   </div>
   <div class='ocr_carea' id='block_1_62' title="bbox 478 4406 2052 4476">
    <p class='ocr_par' dir='ltr' id='par_1_62' title="bbox 478 4406 2052 4476">
     <span class='ocr_line' id='line_1_62' title="bbox 478 4406 2052 4476; baseline 0.003 -21"><span class='ocrx_word' id='word_1_478' title='bbox 478 4406 754 4473; x_wconf 70' lang='lat' dir='ltr'><strong>peccatoris</strong></span> <span class='ocrx_word' id='word_1_479' title='bbox 795 4422 895 4457; x_wconf 88' lang='lat' dir='ltr'><strong>non</strong></span> <span class='ocrx_word' id='word_1_480' title='bbox 937 4417 1131 4459; x_wconf 85' lang='lat' dir='ltr'><strong>moveat</strong></span> <span class='ocrx_word' id='word_1_481' title='bbox 1174 4423 1270 4459; x_wconf 87' lang='lat' dir='ltr'><strong>me.</strong></span> <span class='ocrx_word' id='word_1_482' title='bbox 1304 4412 1429 4460; x_wconf 83' lang='lat' dir='ltr'><strong>Urat</strong></span> <span class='ocrx_word' id='word_1_483' title='bbox 1458 4417 1516 4461; x_wconf 91' lang='lat' dir='ltr'><strong>ut</strong></span> <span class='ocrx_word' id='word_1_484' title='bbox 1543 4423 1757 4476; x_wconf 75' lang='lat' dir='ltr'><strong>gressus</strong></span> <span class='ocrx_word' id='word_1_485' title='bbox 1798 4408 1993 4461; x_wconf 89' lang='lat' dir='ltr'><strong>mentis</strong></span> <span class='ocrx_word' id='word_1_486' title='bbox 2023 4421 2052 4459; x_wconf 86' lang='lat' dir='ltr'><strong>a</strong></span> 
     </span>
    </p>
   </div>
   <div class='ocr_carea' id='block_1_63' title="bbox 2155 1848 3735 1920">
    <p class='ocr_par' dir='ltr' id='par_1_63' title="bbox 2155 1848 3735 1920">
     <span class='ocr_line' id='line_1_63' title="bbox 2155 1848 3735 1920; baseline 0.003 -20"><span class='ocrx_word' id='word_1_487' title='bbox 2155 1861 2310 1913; x_wconf 78' lang='lat' dir='ltr'><strong>nens,</strong></span> <span class='ocrx_word' id='word_1_488' title='bbox 2343 1848 2604 1915; x_wconf 88' lang='lat' dir='ltr'><strong>superbus</strong></span> <span class='ocrx_word' id='word_1_489' title='bbox 2633 1851 2976 1905; x_wconf 84' lang='lat' dir='ltr'><strong>veracissime</strong></span> <span class='ocrx_word' id='word_1_490' title='bbox 3006 1863 3359 1919; x_wconf 89' lang='lat' dir='ltr'><strong>nuncupatur.</strong></span> <span class='ocrx_word' id='word_1_491' title='bbox 3384 1852 3533 1918; x_wconf 85' lang='lat' dir='ltr'><strong>Quod</strong></span> <span class='ocrx_word' id='word_1_492' title='bbox 3564 1866 3735 1920; x_wconf 81' lang='lat' dir='ltr'><strong>argu-</strong></span> 
     </span>
    </p>
   </div>
   <div class='ocr_carea' id='block_1_64' title="bbox 2157 1938 3740 2011">
    <p class='ocr_par' dir='ltr' id='par_1_64' title="bbox 2157 1938 3740 2011">
     <span class='ocr_line' id='line_1_64' title="bbox 2157 1938 3740 2011; baseline 0.002 -20"><span class='ocrx_word' id='word_1_493' title='bbox 2157 1950 2393 1992; x_wconf 89' lang='lat' dir='ltr'><strong>mentum</strong></span> <span class='ocrx_word' id='word_1_494' title='bbox 2424 1938 2618 1993; x_wconf 88' lang='lat' dir='ltr'><strong>dicitur</strong></span> <span class='ocrx_word' id='word_1_495' title='bbox 2645 1954 2673 1992; x_wconf 92' lang='lat' dir='ltr'><strong>a</strong></span> <span class='ocrx_word' id='word_1_496' title='bbox 2711 1956 2907 2010; x_wconf 79' lang='lat' dir='ltr'><strong>genere</strong></span> <span class='ocrx_word' id='word_1_497' title='bbox 2930 1984 2943 1998; x_wconf 92' lang='lat'><strong>.</strong></span> <span class='ocrx_word' id='word_1_498' title='bbox 2969 1942 3149 1997; x_wconf 83' lang='lat' dir='ltr'><strong>Genus</strong></span> <span class='ocrx_word' id='word_1_499' title='bbox 3177 1944 3319 1996; x_wconf 90' lang='lat' dir='ltr'><strong>enim</strong></span> <span class='ocrx_word' id='word_1_500' title='bbox 3344 1953 3429 1997; x_wconf 92' lang='lat' dir='ltr'><strong>est</strong></span> <span class='ocrx_word' id='word_1_501' title='bbox 3454 1943 3740 2011; x_wconf 84' lang='lat' dir='ltr'><strong>superbia,</strong></span> 
     </span>
    </p>
   </div>
   <div class='ocr_carea' id='block_1_65' title="bbox 2154 2028 3737 2101">
    <p class='ocr_par' dir='ltr' id='par_1_65' title="bbox 2154 2028 3737 2101">
     <span class='ocr_line' id='line_1_65' title="bbox 2154 2028 3737 2101; baseline 0.003 -20"><span class='ocrx_word' id='word_1_502' title='bbox 2154 2028 2293 2082; x_wconf 89' lang='lat' dir='ltr'><strong>unde</strong></span> <span class='ocrx_word' id='word_1_503' title='bbox 2322 2031 2501 2084; x_wconf 86' lang='lat' dir='ltr'><strong>omnia</strong></span> <span class='ocrx_word' id='word_1_504' title='bbox 2546 2030 2672 2085; x_wconf 87' lang='lat' dir='ltr'><strong>vitia</strong></span> <span class='ocrx_word' id='word_1_505' title='bbox 2707 2042 2891 2085; x_wconf 81' lang='lat' dir='ltr'><strong>exorta</strong></span> <span class='ocrx_word' id='word_1_506' title='bbox 2930 2045 3242 2097; x_wconf 89' lang='lat' dir='ltr'><strong>noscuntur,</strong></span> <span class='ocrx_word' id='word_1_507' title='bbox 3285 2033 3424 2087; x_wconf 88' lang='lat' dir='ltr'><strong>sicut</strong></span> <span class='ocrx_word' id='word_1_508' title='bbox 3452 2034 3737 2101; x_wconf 85' lang='lat' dir='ltr'><strong>Scriptura</strong></span> 
     </span>
    </p>
   </div>
   <div class='ocr_carea' id='block_1_66' title="bbox 2153 2119 3740 2194">
    <p class='ocr_par' dir='ltr' id='par_1_66' title="bbox 2153 2119 3740 2194">
     <span class='ocr_line' id='line_1_66' title="bbox 2153 2119 3740 2194; baseline 0.002 -19"><span class='ocrx_word' id='word_1_509' title='bbox 2153 2120 2319 2175; x_wconf 90' lang='lat' dir='ltr'><strong>dicit:</strong></span> <span class='ocrx_word' id='word_1_510' title='bbox 2366 2119 2579 2176; x_wconf 84' lang='lat' dir='ltr'><strong>Initium</strong></span> <span class='ocrx_word' id='word_1_511' title='bbox 2609 2124 2772 2177; x_wconf 86' lang='lat' dir='ltr'><strong>omnis</strong></span> <span class='ocrx_word' id='word_1_512' title='bbox 2807 2127 2999 2194; x_wconf 73' lang='lat' dir='ltr'><strong>peccati</strong></span> <span class='ocrx_word' id='word_1_513' title='bbox 3043 2125 3280 2192; x_wconf 72' lang='lat' dir='ltr'><strong>superbia</strong></span> <span class='ocrx_word' id='word_1_514' title='bbox 3304 2124 3486 2193; x_wconf 85' lang='lat' dir='ltr'><strong>(Eccli.</strong></span> <span class='ocrx_word' id='word_1_515' title='bbox 3520 2141 3583 2189; x_wconf 74' lang='grc' dir='ltr'><strong>ι,</strong></span> <span class='ocrx_word' id='word_1_516' title='bbox 3613 2125 3740 2192; x_wconf 74' lang='grc'><strong>15).</strong></span> 
     </span>
    </p>
   </div>
   <div class='ocr_carea' id='block_1_67' title="bbox 2156 2216 3742 2289">
    <p class='ocr_par' dir='ltr' id='par_1_67' title="bbox 2156 2216 3742 2289">
     <span class='ocr_line' id='line_1_67' title="bbox 2156 2216 3742 2289; baseline 0.001 -21"><span class='ocrx_word' id='word_1_517' title='bbox 2156 2216 2233 2270; x_wconf 89' lang='lat' dir='ltr'><strong>De</strong></span> <span class='ocrx_word' id='word_1_518' title='bbox 2273 2217 2387 2271; x_wconf 88' lang='lat' dir='ltr'><strong>istis</strong></span> <span class='ocrx_word' id='word_1_519' title='bbox 2418 2227 2593 2271; x_wconf 88' lang='lat' dir='ltr'><strong>autem</strong></span> <span class='ocrx_word' id='word_1_520' title='bbox 2621 2218 2863 2287; x_wconf 90' lang='lat' dir='ltr'><strong>sequilur</strong></span> <span class='ocrx_word' id='word_1_521' title='bbox 2892 2235 2905 2273; x_wconf 91' lang='lat'><strong>:</strong></span> <span class='ocrx_word' id='word_1_522' title='bbox 2935 2217 3151 2289; x_wconf 71' lang='lat' dir='ltr'><strong>Expulsi</strong></span> <span class='ocrx_word' id='word_1_523' title='bbox 3174 2228 3311 2287; x_wconf 84' lang='lat' dir='ltr'><strong>sunt,</strong></span> <span class='ocrx_word' id='word_1_524' title='bbox 3343 2234 3433 2270; x_wconf 88' lang='lat' dir='ltr'><strong>nec</strong></span> <span class='ocrx_word' id='word_1_525' title='bbox 3457 2227 3742 2287; x_wconf 84' lang='lat' dir='ltr'><strong>potuerunt</strong></span> 
     </span>
    </p>
   </div>
   <div class='ocr_carea' id='block_1_68' title="bbox 2154 2307 3744 2378">
    <p class='ocr_par' dir='ltr' id='par_1_68' title="bbox 2154 2307 3744 2378">
     <span class='ocr_line' id='line_1_68' title="bbox 2154 2307 3744 2378; baseline -0.001 -17"><span class='ocrx_word' id='word_1_526' title='bbox 2154 2317 2309 2362; x_wconf 81' lang='lat' dir='ltr'><strong>stare.</strong></span> <span class='ocrx_word' id='word_1_527' title='bbox 2360 2308 2701 2377; x_wconf 72' lang='lat' dir='ltr'><strong>Expellantur</strong></span> <span class='ocrx_word' id='word_1_528' title='bbox 2731 2310 2932 2378; x_wconf 84' lang='lat' dir='ltr'><strong>utique,</strong></span> <span class='ocrx_word' id='word_1_529' title='bbox 2975 2310 3223 2378; x_wconf 75' lang='lat' dir='ltr'><strong>quon’am</strong></span> <span class='ocrx_word' id='word_1_530' title='bbox 3275 2308 3484 2361; x_wconf 86' lang='lat' dir='ltr'><strong>audient</strong></span> <span class='ocrx_word' id='word_1_531' title='bbox 3518 2325 3531 2359; x_wconf 94' lang='lat'>:</span> <span class='ocrx_word' id='word_1_532' title='bbox 3561 2307 3645 2359; x_wconf 87' lang='lat' dir='ltr'><strong>Ite</strong></span> <span class='ocrx_word' id='word_1_533' title='bbox 3684 2309 3744 2360; x_wconf 83' lang='lat' dir='ltr'><strong>in</strong></span> 
     </span>
    </p>
   </div>
   <div class='ocr_carea' id='block_1_69' title="bbox 2156 2401 3745 2472">
    <p class='ocr_par' dir='ltr' id='par_1_69' title="bbox 2156 2401 3745 2472">
     <span class='ocr_line' id='line_1_69' title="bbox 2156 2401 3745 2472; baseline -0.001 -19"><span class='ocrx_word' id='word_1_534' title='bbox 2156 2401 2321 2470; x_wconf 82' lang='lat' dir='ltr'><strong>ignem</strong></span> <span class='ocrx_word' id='word_1_535' title='bbox 2345 2414 2588 2456; x_wconf 65' lang='lat' dir='ltr'><strong>(uernum</strong></span> <span class='ocrx_word' id='word_1_536' title='bbox 2617 2402 2831 2472; x_wconf 80' lang='lat' dir='ltr'><strong>(Matth.</strong></span> <span class='ocrx_word' id='word_1_537' title='bbox 2860 2418 2982 2468; x_wconf 73' lang='lat' dir='ltr'><strong>xxv,</strong></span> <span class='ocrx_word' id='word_1_538' title='bbox 3009 2402 3123 2472; x_wconf 75' lang='grc' dir='ltr'><strong>Η).</strong></span> <span class='ocrx_word' id='word_1_539' title='bbox 3154 2401 3263 2455; x_wconf 74' lang='lat' dir='ltr'><strong>Nec</strong></span> <span class='ocrx_word' id='word_1_540' title='bbox 3283 2410 3550 2471; x_wconf 82' lang='lat' dir='ltr'><strong>potuerunt</strong></span> <span class='ocrx_word' id='word_1_541' title='bbox 3572 2412 3745 2468; x_wconf 80' lang='lat' dir='ltr'><strong>s&#39;are,</strong></span> 
     </span>
    </p>
   </div>
   <div class='ocr_carea' id='block_1_70' title="bbox 2154 2489 3747 2561">
    <p class='ocr_par' dir='ltr' id='par_1_70' title="bbox 2154 2489 3747 2561">
     <span class='ocr_line' id='line_1_70' title="bbox 2154 2489 3747 2561; baseline 0.001 -20"><span class='ocrx_word' id='word_1_542' title='bbox 2154 2490 2276 2558; x_wconf 89' lang='lat' dir='ltr'><strong>quia</strong></span> <span class='ocrx_word' id='word_1_543' title='bbox 2308 2506 2410 2545; x_wconf 91' lang='lat' dir='ltr'><strong>non</strong></span> <span class='ocrx_word' id='word_1_544' title='bbox 2445 2492 2545 2545; x_wconf 89' lang='lat' dir='ltr'><strong>illis</strong></span> <span class='ocrx_word' id='word_1_545' title='bbox 2573 2492 2753 2546; x_wconf 71' lang='grc' dir='ltr'><strong>ιίεώῑι</strong></span> <span class='ocrx_word' id='word_1_546' title='bbox 2780 2492 2987 2547; x_wconf 88' lang='lat' dir='ltr'><strong>Domini</strong></span> <span class='ocrx_word' id='word_1_547' title='bbox 3025 2492 3173 2561; x_wconf 88' lang='lat' dir='ltr'><strong>jnssa</strong></span> <span class='ocrx_word' id='word_1_548' title='bbox 3214 2491 3445 2554; x_wconf 67' lang='lat' dir='ltr'><strong>differre,</strong></span> <span class='ocrx_word' id='word_1_549' title='bbox 3497 2489 3593 2545; x_wconf 90' lang='lat' dir='ltr'><strong>sed</strong></span> <span class='ocrx_word' id='word_1_550' title='bbox 3625 2490 3747 2543; x_wconf 89' lang='lat' dir='ltr'><strong>illic</strong></span> 
     </span>
    </p>
   </div>
   <div class='ocr_carea' id='block_1_71' title="bbox 2154 2582 3749 2652">
    <p class='ocr_par' dir='ltr' id='par_1_71' title="bbox 2154 2582 3749 2652">
     <span class='ocr_line' id='line_1_71' title="bbox 2154 2582 3749 2652; baseline -0.001 -17"><span class='ocrx_word' id='word_1_551' title='bbox 2154 2582 2332 2635; x_wconf 86' lang='lat' dir='ltr'><strong>statim</strong></span> <span class='ocrx_word' id='word_1_552' title='bbox 2367 2582 2766 2651; x_wconf 73' lang='lat' dir='ltr'><strong>prazcipitantur</strong></span> <span class='ocrx_word' id='word_1_553' title='bbox 2810 2583 2878 2637; x_wconf 90' lang='lat' dir='ltr'><strong>ab</strong></span> <span class='ocrx_word' id='word_1_554' title='bbox 2926 2583 3152 2652; x_wconf 82' lang='lat' dir='ltr'><strong>angelis,</strong></span> <span class='ocrx_word' id='word_1_555' title='bbox 3185 2582 3273 2636; x_wconf 89' lang='lat' dir='ltr'><strong>ubi</strong></span> <span class='ocrx_word' id='word_1_556' title='bbox 3315 2582 3397 2635; x_wconf 89' lang='lat' dir='ltr'><strong>cis</strong></span> <span class='ocrx_word' id='word_1_557' title='bbox 3440 2590 3625 2650; x_wconf 86' lang='lat' dir='ltr'><strong>parata</strong></span> <span class='ocrx_word' id='word_1_558' title='bbox 3654 2589 3749 2634; x_wconf 89' lang='lat' dir='ltr'><strong>est</strong></span> 
     </span>
    </p>
   </div>
   <div class='ocr_carea' id='block_1_72' title="bbox 2156 2669 2647 2742">
    <p class='ocr_par' dir='ltr' id='par_1_72' title="bbox 2156 2669 2647 2742">
     <span class='ocr_line' id='line_1_72' title="bbox 2156 2669 2647 2742; baseline 0.006 -18"><span class='ocrx_word' id='word_1_559' title='bbox 2156 2669 2369 2726; x_wconf 83' lang='lat' dir='ltr'><strong>ﬂamma</strong></span> <span class='ocrx_word' id='word_1_560' title='bbox 2400 2674 2647 2742; x_wconf 59' lang='lat' dir='ltr'><strong>poenalis.</strong></span> 
     </span>
    </p>
   </div>
   <div class='ocr_carea' id='block_1_73' title="bbox 2683 2784 3197 2855">
    <p class='ocr_par' dir='ltr' id='par_1_73' title="bbox 2683 2784 3197 2855">
     <span class='ocr_line' id='line_1_73' title="bbox 2683 2784 3197 2855; baseline -0.002 -16"><span class='ocrx_word' id='word_1_561' title='bbox 2683 2784 2950 2839; x_wconf 87' lang='lat' dir='ltr'><strong>Conclusio</strong></span> <span class='ocrx_word' id='word_1_562' title='bbox 2993 2784 3197 2855; x_wconf 85' lang='lat' dir='ltr'><strong>psalmi.</strong></span> 
     </span>
    </p>
   </div>
   <div class='ocr_carea' id='block_1_74' title="bbox 2229 2895 3747 2969">
    <p class='ocr_par' dir='ltr' id='par_1_74' title="bbox 2229 2895 3747 2969">
     <span class='ocr_line' id='line_1_74' title="bbox 2229 2895 3747 2969; baseline 0.001 -21"><span class='ocrx_word' id='word_1_563' title='bbox 2229 2895 2493 2964; x_wconf 80' lang='lat' dir='ltr'><strong>Repetere</strong></span> <span class='ocrx_word' id='word_1_564' title='bbox 2525 2897 2653 2951; x_wconf 85' lang='lat' dir='ltr'><strong>libet</strong></span> <span class='ocrx_word' id='word_1_565' title='bbox 2696 2899 2971 2968; x_wconf 89' lang='lat' dir='ltr'><strong>superiora</strong></span> <span class='ocrx_word' id='word_1_566' title='bbox 3005 2900 3218 2969; x_wconf 83' lang='lat' dir='ltr'><strong>psalmi,</strong></span> <span class='ocrx_word' id='word_1_567' title='bbox 3260 2913 3366 2966; x_wconf 92' lang='lat' dir='ltr'><strong>quo</strong></span> <span class='ocrx_word' id='word_1_568' title='bbox 3389 2897 3577 2953; x_wconf 90' lang='lat' dir='ltr'><strong>decore</strong></span> <span class='ocrx_word' id='word_1_569' title='bbox 3606 2911 3747 2965; x_wconf 88' lang='lat' dir='ltr'><strong>pro-</strong></span> 
     </span>
    </p>
   </div>
   <div class='ocr_carea' id='block_1_75' title="bbox 2155 2986 3749 3060">
    <p class='ocr_par' dir='ltr' id='par_1_75' title="bbox 2155 2986 3749 3060">
     <span class='ocr_line' id='line_1_75' title="bbox 2155 2986 3749 3060; baseline 0.001 -21"><span class='ocrx_word' id='word_1_570' title='bbox 2155 2986 2257 3040; x_wconf 83' lang='lat' dir='ltr'><strong>lata</strong></span> <span class='ocrx_word' id='word_1_571' title='bbox 2290 2988 2416 3041; x_wconf 91' lang='lat' dir='ltr'><strong>sint.</strong></span> <span class='ocrx_word' id='word_1_572' title='bbox 2449 2990 2647 3044; x_wconf 88' lang='lat' dir='ltr'><strong>Dicitur</strong></span> <span class='ocrx_word' id='word_1_573' title='bbox 2674 2991 2817 3044; x_wconf 90' lang='lat' dir='ltr'><strong>enim</strong></span> <span class='ocrx_word' id='word_1_574' title='bbox 2850 3001 3045 3060; x_wconf 88' lang='lat' dir='ltr'><strong>quanta</strong></span> <span class='ocrx_word' id='word_1_575' title='bbox 3083 2990 3293 3044; x_wconf 89' lang='lat' dir='ltr'><strong>famulis</strong></span> <span class='ocrx_word' id='word_1_576' title='bbox 3324 2991 3434 3044; x_wconf 89' lang='lat' dir='ltr'><strong>suis</strong></span> <span class='ocrx_word' id='word_1_577' title='bbox 3463 2988 3629 3059; x_wconf 79' lang='lat' dir='ltr'><strong>gratia</strong></span> <span class='ocrx_word' id='word_1_578' title='bbox 3656 2989 3749 3041; x_wconf 86' lang='lat' dir='ltr'><strong>di-</strong></span> 
     </span>
    </p>
   </div>
   <div class='ocr_carea' id='block_1_76' title="bbox 2155 3077 3743 3149">
    <p class='ocr_par' dir='ltr' id='par_1_76' title="bbox 2155 3077 3743 3149">
     <span class='ocr_line' id='line_1_76' title="bbox 2155 3077 3743 3149; baseline 0.001 -20"><span class='ocrx_word' id='word_1_579' title='bbox 2155 3077 2273 3129; x_wconf 81' lang='lat' dir='ltr'><strong>vina</strong></span> <span class='ocrx_word' id='word_1_580' title='bbox 2301 3078 2622 3144; x_wconf 71' lang='lat' dir='ltr'><strong>praestiterit,</strong></span> <span class='ocrx_word' id='word_1_581' title='bbox 2661 3089 2715 3132; x_wconf 91' lang='lat' dir='ltr'><strong>ut</strong></span> <span class='ocrx_word' id='word_1_582' title='bbox 2741 3094 2907 3148; x_wconf 90' lang='lat' dir='ltr'><strong>usque</strong></span> <span class='ocrx_word' id='word_1_583' title='bbox 2938 3079 3001 3133; x_wconf 91' lang='lat' dir='ltr'><strong>ad</strong></span> <span class='ocrx_word' id='word_1_584' title='bbox 3040 3078 3399 3149; x_wconf 85' lang='lat' dir='ltr'><strong>plenissimam</strong></span> <span class='ocrx_word' id='word_1_585' title='bbox 3434 3078 3743 3131; x_wconf 83' lang='lat' dir='ltr'><strong>satietatem</strong></span> 
     </span>
    </p>
   </div>
   <div class='ocr_carea' id='block_1_77' title="bbox 2157 3166 3749 3237">
    <p class='ocr_par' dir='ltr' id='par_1_77' title="bbox 2157 3166 3749 3237">
     <span class='ocr_line' id='line_1_77' title="bbox 2157 3166 3749 3237; baseline 0.001 -18"><span class='ocrx_word' id='word_1_586' title='bbox 2157 3166 2297 3222; x_wconf 85' lang='lat' dir='ltr'><strong>felici</strong></span> <span class='ocrx_word' id='word_1_587' title='bbox 2321 3167 2561 3222; x_wconf 57' lang='lat' dir='ltr'><strong>ubertate</strong></span> <span class='ocrx_word' id='word_1_588' title='bbox 2584 3169 2941 3237; x_wconf 86' lang='lat' dir='ltr'><strong>pervenerint.</strong></span> <span class='ocrx_word' id='word_1_589' title='bbox 2967 3170 3011 3224; x_wconf 90' lang='grc' dir='ltr'>Ο</span> <span class='ocrx_word' id='word_1_590' title='bbox 3039 3171 3124 3223; x_wconf 90' lang='lat' dir='ltr'><strong>lau</strong></span> <span class='ocrx_word' id='word_1_591' title='bbox 3146 3168 3355 3223; x_wconf 84' lang='lat' dir='ltr'><strong>labilem</strong></span> <span class='ocrx_word' id='word_1_592' title='bbox 3381 3167 3538 3221; x_wconf 82' lang='lat' dir='ltr'><strong>nimis</strong></span> <span class='ocrx_word' id='word_1_593' title='bbox 3558 3166 3749 3221; x_wconf 81' lang='lat' dir='ltr'><strong>ebrie-</strong></span> 
     </span>
    </p>
   </div>
   <div class='ocr_carea' id='block_1_78' title="bbox 2158 3260 3744 3331">
    <p class='ocr_par' dir='ltr' id='par_1_78' title="bbox 2158 3260 3744 3331">
     <span class='ocr_line' id='line_1_78' title="bbox 2158 3260 3744 3331; baseline -0.002 -19"><span class='ocrx_word' id='word_1_594' title='bbox 2158 3260 2349 3313; x_wconf 75' lang='lat' dir='ltr'><strong>titcm!</strong></span> <span class='ocrx_word' id='word_1_595' title='bbox 2400 3272 2433 3313; x_wconf 92' lang='grc' dir='ltr'>ο</span> <span class='ocrx_word' id='word_1_596' title='bbox 2480 3260 2617 3315; x_wconf 86' lang='lat' dir='ltr'><strong>votis</strong></span> <span class='ocrx_word' id='word_1_597' title='bbox 2656 3261 2905 3316; x_wconf 89' lang='lat' dir='ltr'><strong>omnibus</strong></span> <span class='ocrx_word' id='word_1_598' title='bbox 2956 3262 3313 3331; x_wconf 80' lang='lat' dir='ltr'><strong>expetendam</strong></span> <span class='ocrx_word' id='word_1_599' title='bbox 3360 3260 3744 3325; x_wconf 82' lang='lat' dir='ltr'><strong>vinolentiam,</strong></span> 
     </span>
    </p>
   </div>
   <div class='ocr_carea' id='block_1_79' title="bbox 2154 3349 3745 3420">
    <p class='ocr_par' dir='ltr' id='par_1_79' title="bbox 2154 3349 3745 3420">
     <span class='ocr_line' id='line_1_79' title="bbox 2154 3349 3745 3420; baseline 0.001 -17"><span class='ocrx_word' id='word_1_600' title='bbox 2154 3349 2295 3404; x_wconf 92' lang='lat' dir='ltr'><strong>unde</strong></span> <span class='ocrx_word' id='word_1_601' title='bbox 2336 3350 2593 3405; x_wconf 87' lang='lat' dir='ltr'><strong>modestia</strong></span> <span class='ocrx_word' id='word_1_602' title='bbox 2645 3352 2902 3415; x_wconf 89' lang='lat' dir='ltr'><strong>nascitur,</strong></span> <span class='ocrx_word' id='word_1_603' title='bbox 2935 3362 2990 3407; x_wconf 91' lang='lat' dir='ltr'><strong>et</strong></span> <span class='ocrx_word' id='word_1_604' title='bbox 3020 3354 3175 3420; x_wconf 86' lang='lat' dir='ltr'><strong>plena</strong></span> <span class='ocrx_word' id='word_1_605' title='bbox 3221 3353 3413 3406; x_wconf 91' lang='lat' dir='ltr'><strong>mentis</strong></span> <span class='ocrx_word' id='word_1_606' title='bbox 3454 3351 3745 3419; x_wconf 82' lang='lat' dir='ltr'><strong>integritas</strong></span> 
     </span>
    </p>
   </div>
   <div class='ocr_carea' id='block_1_80' title="bbox 2152 3440 3743 3510">
    <p class='ocr_par' dir='ltr' id='par_1_80' title="bbox 2152 3440 3743 3510">
     <span class='ocr_line' id='line_1_80' title="bbox 2152 3440 3743 3510; baseline 0.001 -16"><span class='ocrx_word' id='word_1_607' title='bbox 2152 3440 2459 3495; x_wconf 87' lang='lat' dir='ltr'><strong>obtinetur!</strong></span> <span class='ocrx_word' id='word_1_608' title='bbox 2513 3441 2629 3495; x_wconf 83' lang='lat' dir='ltr'><strong>Non</strong></span> <span class='ocrx_word' id='word_1_609' title='bbox 2674 3442 2795 3497; x_wconf 89' lang='lat' dir='ltr'><strong>hinc</strong></span> <span class='ocrx_word' id='word_1_610' title='bbox 2836 3443 3104 3510; x_wconf 91' lang='lat' dir='ltr'><strong>titubatio,</strong></span> <span class='ocrx_word' id='word_1_611' title='bbox 3152 3456 3258 3497; x_wconf 88' lang='lat' dir='ltr'><strong>non</strong></span> <span class='ocrx_word' id='word_1_612' title='bbox 3308 3441 3573 3505; x_wconf 83' lang='lat' dir='ltr'><strong>conlusio,</strong></span> <span class='ocrx_word' id='word_1_613' title='bbox 3628 3458 3743 3495; x_wconf 76' lang='lat' dir='ltr'><strong>non</strong></span> 
     </span>
    </p>
   </div>
   <div class='ocr_carea' id='block_1_81' title="bbox 2159 3533 3744 3604">
    <p class='ocr_par' dir='ltr' id='par_1_81' title="bbox 2159 3533 3744 3604">
     <span class='ocr_line' id='line_1_81' title="bbox 2159 3533 3744 3604; baseline 0.001 -19"><span class='ocrx_word' id='word_1_614' title='bbox 2159 3534 2312 3602; x_wconf 80' lang='lat'><strong>121</strong></span> <span class='ocrx_word' id='word_1_615' title='bbox 2344 3533 2539 3587; x_wconf 88' lang='lat' dir='ltr'><strong>mentis</strong></span> <span class='ocrx_word' id='word_1_616' title='bbox 2565 3533 2841 3600; x_wconf 89' lang='lat' dir='ltr'><strong>alienatio,</strong></span> <span class='ocrx_word' id='word_1_617' title='bbox 2887 3548 2991 3589; x_wconf 89' lang='lat' dir='ltr'><strong>non</strong></span> <span class='ocrx_word' id='word_1_618' title='bbox 3035 3535 3204 3604; x_wconf 74' lang='lat' dir='ltr'><strong>caligo</strong></span> <span class='ocrx_word' id='word_1_619' title='bbox 3228 3535 3509 3589; x_wconf 85' lang='lat' dir='ltr'><strong>tenebrosa</strong></span> <span class='ocrx_word' id='word_1_620' title='bbox 3545 3547 3744 3587; x_wconf 86' lang='lat' dir='ltr'><strong>succc-</strong></span> 
     </span>
    </p>
   </div>
   <div class='ocr_carea' id='block_1_82' title="bbox 2156 3625 3741 3696">
    <p class='ocr_par' dir='ltr' id='par_1_82' title="bbox 2156 3625 3741 3696">
     <span class='ocr_line' id='line_1_82' title="bbox 2156 3625 3741 3696; baseline 0.002 -17"><span class='ocrx_word' id='word_1_621' title='bbox 2156 3625 2268 3690; x_wconf 88' lang='lat' dir='ltr'><strong>dit;</strong></span> <span class='ocrx_word' id='word_1_622' title='bbox 2317 3625 2413 3681; x_wconf 89' lang='lat' dir='ltr'><strong>sed</strong></span> <span class='ocrx_word' id='word_1_623' title='bbox 2459 3634 2613 3679; x_wconf 90' lang='lat' dir='ltr'><strong>tanto</strong></span> <span class='ocrx_word' id='word_1_624' title='bbox 2642 3627 2818 3681; x_wconf 87' lang='lat' dir='ltr'><strong>anima</strong></span> <span class='ocrx_word' id='word_1_625' title='bbox 2867 3628 3051 3681; x_wconf 89' lang='lat' dir='ltr'><strong>sanior</strong></span> <span class='ocrx_word' id='word_1_626' title='bbox 3088 3627 3347 3695; x_wconf 89' lang='lat' dir='ltr'><strong>redditur,</strong></span> <span class='ocrx_word' id='word_1_627' title='bbox 3391 3636 3589 3696; x_wconf 90' lang='lat' dir='ltr'><strong>quanto</strong></span> <span class='ocrx_word' id='word_1_628' title='bbox 3647 3628 3741 3682; x_wconf 90' lang='lat' dir='ltr'><strong>illa</strong></span> 
     </span>
    </p>
   </div>
   <div class='ocr_carea' id='block_1_83' title="bbox 2152 3716 3743 3787">
    <p class='ocr_par' dir='ltr' id='par_1_83' title="bbox 2152 3716 3743 3787">
     <span class='ocr_line' id='line_1_83' title="bbox 2152 3716 3743 3787; baseline 0.002 -18"><span class='ocrx_word' id='word_1_629' title='bbox 2152 3716 2416 3770; x_wconf 86' lang='lat' dir='ltr'><strong>ebrietate</strong></span> <span class='ocrx_word' id='word_1_630' title='bbox 2439 3716 2759 3786; x_wconf 86' lang='lat' dir='ltr'><strong>completur.</strong></span> <span class='ocrx_word' id='word_1_631' title='bbox 2791 3717 3041 3771; x_wconf 91' lang='lat' dir='ltr'><strong>Bibamus</strong></span> <span class='ocrx_word' id='word_1_632' title='bbox 3063 3732 3191 3787; x_wconf 77' lang='lat' dir='ltr'><strong>ergo</strong></span> <span class='ocrx_word' id='word_1_633' title='bbox 3223 3718 3362 3771; x_wconf 92' lang='lat' dir='ltr'><strong>hunc</strong></span> <span class='ocrx_word' id='word_1_634' title='bbox 3393 3725 3571 3785; x_wconf 81' lang='lat' dir='ltr'><strong>potum</strong></span> <span class='ocrx_word' id='word_1_635' title='bbox 3593 3718 3743 3772; x_wconf 83' lang='lat' dir='ltr'><strong>avidi</strong></span> 
     </span>
    </p>
   </div>
   <div class='ocr_carea' id='block_1_84' title="bbox 2161 3805 3744 3876">
    <p class='ocr_par' dir='ltr' id='par_1_84' title="bbox 2161 3805 3744 3876">
     <span class='ocr_line' id='line_1_84' title="bbox 2161 3805 3744 3876; baseline 0.001 -16"><span class='ocrx_word' id='word_1_636' title='bbox 2161 3821 2492 3876; x_wconf 89' lang='lat' dir='ltr'><strong>nequaquam</strong></span> <span class='ocrx_word' id='word_1_637' title='bbox 2524 3805 2678 3861; x_wconf 87' lang='lat' dir='ltr'><strong>labiis</strong></span> <span class='ocrx_word' id='word_1_638' title='bbox 2726 3806 3050 3872; x_wconf 90' lang='lat' dir='ltr'><strong>carnalibus,</strong></span> <span class='ocrx_word' id='word_1_639' title='bbox 3096 3807 3187 3861; x_wconf 90' lang='lat' dir='ltr'><strong>sed</strong></span> <span class='ocrx_word' id='word_1_640' title='bbox 3233 3807 3516 3875; x_wconf 89' lang='lat' dir='ltr'><strong>purissimo</strong></span> <span class='ocrx_word' id='word_1_641' title='bbox 3555 3806 3744 3861; x_wconf 88' lang='lat' dir='ltr'><strong>cordis</strong></span> 
     </span>
    </p>
   </div>
   <div class='ocr_carea' id='block_1_85' title="bbox 2154 3894 3743 3965">
    <p class='ocr_par' dir='ltr' id='par_1_85' title="bbox 2154 3894 3743 3965">
     <span class='ocr_line' id='line_1_85' title="bbox 2154 3894 3743 3965; baseline 0.001 -16"><span class='ocrx_word' id='word_1_642' title='bbox 2154 3895 2349 3950; x_wconf 79' lang='lat' dir='ltr'><strong>affectu</strong></span> <span class='ocrx_word' id='word_1_643' title='bbox 2382 3912 2393 3948; x_wconf 94' lang='lat'>:</span> <span class='ocrx_word' id='word_1_644' title='bbox 2424 3894 2491 3950; x_wconf 91' lang='lat' dir='ltr'><strong>de</strong></span> <span class='ocrx_word' id='word_1_645' title='bbox 2526 3910 2632 3964; x_wconf 89' lang='lat' dir='ltr'><strong>quo</strong></span> <span class='ocrx_word' id='word_1_646' title='bbox 2663 3910 2767 3949; x_wconf 92' lang='lat' dir='ltr'><strong>non</strong></span> <span class='ocrx_word' id='word_1_647' title='bbox 2796 3896 2978 3950; x_wconf 68' lang='lat' dir='ltr'><strong>laatitia</strong></span> <span class='ocrx_word' id='word_1_648' title='bbox 3017 3896 3325 3965; x_wconf 88' lang='lat' dir='ltr'><strong>temporalis</strong></span> <span class='ocrx_word' id='word_1_649' title='bbox 3356 3895 3608 3964; x_wconf 90' lang='lat' dir='ltr'><strong>sumitur,</strong></span> <span class='ocrx_word' id='word_1_650' title='bbox 3642 3895 3743 3950; x_wconf 84' lang='lat' dir='ltr'><strong>sed</strong></span> 
     </span>
    </p>
   </div>
   <div class='ocr_carea' id='block_1_86' title="bbox 2153 3987 3183 4058">
    <p class='ocr_par' dir='ltr' id='par_1_86' title="bbox 2153 3987 3183 4058">
     <span class='ocr_line' id='line_1_86' title="bbox 2153 3987 3183 4058; baseline -0.001 -14"><span class='ocrx_word' id='word_1_651' title='bbox 2153 3997 2368 4044; x_wconf 68' lang='lat' dir='ltr'><strong>acterna:</strong></span> <span class='ocrx_word' id='word_1_652' title='bbox 2395 3988 2518 4041; x_wconf 67' lang='lat' dir='ltr'><strong>vitae</strong></span> <span class='ocrx_word' id='word_1_653' title='bbox 2548 3987 2740 4058; x_wconf 81' lang='lat' dir='ltr'><strong>gaudia</strong></span> <span class='ocrx_word' id='word_1_654' title='bbox 2772 3990 3183 4056; x_wconf 89' lang='lat' dir='ltr'><strong>conquiruntur.</strong></span> 
     </span>
    </p>
   </div>
   <div class='ocr_carea' id='block_1_87' title="bbox 2387 4098 3500 4158">
    <p class='ocr_par' dir='ltr' id='par_1_87' title="bbox 2387 4098 3500 4158">
     <span class='ocr_line' id='line_1_87' title="bbox 2387 4098 3500 4158; baseline 0.001 -4"><span class='ocrx_word' id='word_1_655' title='bbox 2387 4098 2741 4156; x_wconf 80' lang='lat' dir='ltr'><strong>EXPOSITIO</strong></span> <span class='ocrx_word' id='word_1_656' title='bbox 2783 4100 2846 4155; x_wconf 85' lang='lat' dir='ltr'><strong>IN</strong></span> <span class='ocrx_word' id='word_1_657' title='bbox 2888 4100 3218 4158; x_wconf 68' lang='lat' dir='ltr'><strong>PSALMUM</strong></span> <span class='ocrx_word' id='word_1_658' title='bbox 3259 4101 3500 4156; x_wconf 78' lang='lat' dir='ltr'><strong>XXXVI.</strong></span> 
     </span>
    </p>
   </div>
   <div class='ocr_carea' id='block_1_88' title="bbox 2643 4213 3223 4282">
    <p class='ocr_par' dir='ltr' id='par_1_88' title="bbox 2643 4213 3223 4282">
     <span class='ocr_line' id='line_1_88' title="bbox 2643 4213 3223 4282; baseline 0 -14"><span class='ocrx_word' id='word_1_659' title='bbox 2643 4213 2887 4268; x_wconf 84' lang='lat' dir='ltr'><strong>Psalmus</strong></span> <span class='ocrx_word' id='word_1_660' title='bbox 2916 4214 3013 4282; x_wconf 81' lang='lat' dir='ltr'><strong>ipsi</strong></span> <span class='ocrx_word' id='word_1_661' title='bbox 3039 4214 3223 4269; x_wconf 83' lang='lat' dir='ltr'><strong>David.</strong></span> 
     </span>
    </p>
   </div>
   <div class='ocr_carea' id='block_1_89' title="bbox 2224 4322 3741 4399">
    <p class='ocr_par' dir='ltr' id='par_1_89' title="bbox 2224 4322 3741 4399">
     <span class='ocr_line' id='line_1_89' title="bbox 2224 4322 3741 4399; baseline 0 -21"><span class='ocrx_word' id='word_1_662' title='bbox 2224 4323 2300 4378; x_wconf 87' lang='lat' dir='ltr'><strong>De</strong></span> <span class='ocrx_word' id='word_1_663' title='bbox 2323 4324 2500 4399; x_wconf 77' lang='lat' dir='ltr'><strong>verbis</strong></span> <span class='ocrx_word' id='word_1_664' title='bbox 2525 4322 2663 4377; x_wconf 89' lang='lat' dir='ltr'><strong>tituli</strong></span> <span class='ocrx_word' id='word_1_665' title='bbox 2700 4323 2854 4377; x_wconf 91' lang='lat' dir='ltr'><strong>istius</strong></span> <span class='ocrx_word' id='word_1_666' title='bbox 2883 4339 2987 4377; x_wconf 88' lang='lat' dir='ltr'><strong>non</strong></span> <span class='ocrx_word' id='word_1_667' title='bbox 3030 4332 3113 4378; x_wconf 90' lang='lat' dir='ltr'><strong>est</strong></span> <span class='ocrx_word' id='word_1_668' title='bbox 3140 4324 3282 4392; x_wconf 89' lang='lat' dir='ltr'><strong>quod</strong></span> <span class='ocrx_word' id='word_1_669' title='bbox 3311 4324 3518 4378; x_wconf 88' lang='lat' dir='ltr'><strong>noviter</strong></span> <span class='ocrx_word' id='word_1_670' title='bbox 3549 4323 3741 4379; x_wconf 90' lang='lat' dir='ltr'><strong>dicere</strong></span> 
     </span>
    </p>
   </div>
   <div class='ocr_carea' id='block_1_90' title="bbox 2154 4413 3716 4484">
    <p class='ocr_par' dir='ltr' id='par_1_90' title="bbox 2154 4413 3716 4484">
     <span class='ocr_line' id='line_1_90' title="bbox 2154 4413 3716 4484; baseline 0.001 -17"><span class='ocrx_word' id='word_1_671' title='bbox 2154 4414 2479 4479; x_wconf 86' lang='lat' dir='ltr'><strong>debeamus;</strong></span> <span class='ocrx_word' id='word_1_672' title='bbox 2511 4413 2606 4469; x_wconf 89' lang='lat' dir='ltr'><strong>sed</strong></span> <span class='ocrx_word' id='word_1_673' title='bbox 2649 4414 2999 4468; x_wconf 90' lang='lat' dir='ltr'><strong>intentionem</strong></span> <span class='ocrx_word' id='word_1_674' title='bbox 3045 4414 3234 4484; x_wconf 86' lang='lat' dir='ltr'><strong>psalmi</strong></span> <span class='ocrx_word' id='word_1_675' title='bbox 3279 4429 3603 4484; x_wconf 69' lang='lat' dir='ltr'><strong>magnopere</strong></span> <span class='ocrx_word' id='word_1_676' title='bbox 3641 4414 3716 4469; x_wconf 89' lang='lat' dir='ltr'><strong>de</strong></span> 
     </span>
    </p>
   </div>
   <div class='ocr_carea' id='block_1_91' title="bbox 471 4493 3739 4573">
    <p class='ocr_par' dir='ltr' id='par_1_91' title="bbox 471 4493 3739 4573">
     <span class='ocr_line' id='line_1_91' title="bbox 471 4493 3739 4573; baseline 0.005 -31"><span class='ocrx_word' id='word_1_677' title='bbox 471 4493 616 4560; x_wconf 85' lang='lat' dir='ltr'><strong>justo</strong></span> <span class='ocrx_word' id='word_1_678' title='bbox 645 4494 857 4547; x_wconf 85' lang='lat' dir='ltr'><strong>tramite</strong></span> <span class='ocrx_word' id='word_1_679' title='bbox 885 4510 987 4548; x_wconf 91' lang='lat' dir='ltr'><strong>non</strong></span> <span class='ocrx_word' id='word_1_680' title='bbox 1020 4496 1254 4560; x_wconf 87' lang='lat' dir='ltr'><strong>recedat,</strong></span> <span class='ocrx_word' id='word_1_681' title='bbox 1293 4512 1359 4550; x_wconf 90' lang='lat' dir='ltr'><strong>ne</strong></span> <span class='ocrx_word' id='word_1_682' title='bbox 1402 4497 1455 4549; x_wconf 92' lang='lat' dir='ltr'><strong>in</strong></span> <span class='ocrx_word' id='word_1_683' title='bbox 1495 4496 1799 4564; x_wconf 87' lang='lat' dir='ltr'><strong>superbiam</strong></span> <span class='ocrx_word' id='word_1_684' title='bbox 1837 4506 2049 4550; x_wconf 89' lang='lat' dir='ltr'><strong>erectus</strong></span> <span class='ocrx_word' id='word_1_685' title='bbox 2078 4497 2128 4558; x_wconf 79' lang='grc' dir='ltr'><strong>Ι)</strong></span> <span class='ocrx_word' id='word_1_686' title='bbox 2154 4501 2342 4557; x_wconf 87' lang='lat' dir='ltr'><strong>bemus</strong></span> <span class='ocrx_word' id='word_1_687' title='bbox 2366 4503 2597 4571; x_wconf 81' lang='lat' dir='ltr'><strong>aperire.</strong></span> <span class='ocrx_word' id='word_1_688' title='bbox 2628 4502 2795 4558; x_wconf 89' lang='lat' dir='ltr'><strong>Totus</strong></span> <span class='ocrx_word' id='word_1_689' title='bbox 2825 4503 2965 4557; x_wconf 91' lang='lat' dir='ltr'><strong>enim</strong></span> <span class='ocrx_word' id='word_1_690' title='bbox 2998 4505 3059 4557; x_wconf 90' lang='lat' dir='ltr'><strong>ad</strong></span> <span class='ocrx_word' id='word_1_691' title='bbox 3094 4518 3271 4559; x_wconf 87' lang='lat' dir='ltr'><strong>mores</strong></span> <span class='ocrx_word' id='word_1_692' title='bbox 3303 4506 3537 4573; x_wconf 88' lang='lat' dir='ltr'><strong>pertinet</strong></span> <span class='ocrx_word' id='word_1_693' title='bbox 3563 4506 3739 4559; x_wconf 64' lang='lat' dir='ltr'><strong>corrio</strong></span> 
     </span>
    </p>
   </div>
   <div class='ocr_carea' id='block_1_92' title="bbox 478 4581 2047 4650">
    <p class='ocr_par' dir='ltr' id='par_1_92' title="bbox 478 4581 2047 4650">
     <span class='ocr_line' id='line_1_92' title="bbox 478 4581 2047 4650; baseline 0.004 -17"><span class='ocrx_word' id='word_1_694' title='bbox 478 4581 632 4634; x_wconf 88' lang='lat' dir='ltr'><strong>cadat</strong></span> <span class='ocrx_word' id='word_1_695' title='bbox 658 4583 745 4650; x_wconf 88' lang='lat' dir='ltr'><strong>qui</strong></span> <span class='ocrx_word' id='word_1_696' title='bbox 779 4584 1040 4637; x_wconf 86' lang='lat' dir='ltr'><strong>tutissima</strong></span> <span class='ocrx_word' id='word_1_697' title='bbox 1078 4586 1377 4641; x_wconf 85' lang='lat' dir='ltr'><strong>humilitate</strong></span> <span class='ocrx_word' id='word_1_698' title='bbox 1404 4588 1740 4641; x_wconf 89' lang='lat' dir='ltr'><strong>constiterat.</strong></span> <span class='ocrx_word' id='word_1_699' title='bbox 1770 4586 1877 4641; x_wconf 85' lang='lat' dir='ltr'><strong>Nec</strong></span> <span class='ocrx_word' id='word_1_700' title='bbox 1899 4598 2047 4640; x_wconf 80' lang='lat' dir='ltr'><strong>vacat</strong></span> 
     </span>
    </p>
   </div>
   <div class='ocr_carea' id='block_1_93' title="bbox 475 4675 2047 4747">
    <p class='ocr_par' dir='ltr' id='par_1_93' title="bbox 475 4675 2047 4747">
     <span class='ocr_line' id='line_1_93' title="bbox 475 4675 2047 4747; baseline 0.003 -20"><span class='ocrx_word' id='word_1_701' title='bbox 475 4675 612 4742; x_wconf 88' lang='lat' dir='ltr'><strong>quod</strong></span> <span class='ocrx_word' id='word_1_702' title='bbox 644 4679 818 4743; x_wconf 79' lang='lat' dir='ltr'><strong>pedem</strong></span> <span class='ocrx_word' id='word_1_703' title='bbox 850 4676 935 4730; x_wconf 90' lang='lat' dir='ltr'><strong>hic</strong></span> <span class='ocrx_word' id='word_1_704' title='bbox 962 4678 1216 4742; x_wconf 64' lang='lat' dir='ltr'><strong>singulari</strong></span> <span class='ocrx_word' id='word_1_705' title='bbox 1245 4693 1466 4732; x_wconf 86' lang='lat' dir='ltr'><strong>numero</strong></span> <span class='ocrx_word' id='word_1_706' title='bbox 1496 4680 1707 4747; x_wconf 85' lang='lat' dir='ltr'><strong>posuit;</strong></span> <span class='ocrx_word' id='word_1_707' title='bbox 1735 4689 1938 4733; x_wconf 90' lang='lat' dir='ltr'><strong>certum</strong></span> <span class='ocrx_word' id='word_1_708' title='bbox 1966 4688 2047 4734; x_wconf 90' lang='lat' dir='ltr'><strong>est</strong></span> 
     </span>
    </p>
   </div>
   <div class='ocr_carea' id='block_1_94' title="bbox 473 4766 2043 4841">
    <p class='ocr_par' dir='ltr' id='par_1_94' title="bbox 473 4766 2043 4841">
     <span class='ocr_line' id='line_1_94' title="bbox 473 4766 2043 4841; baseline 0.004 -22"><span class='ocrx_word' id='word_1_709' title='bbox 473 4766 613 4819; x_wconf 89' lang='lat' dir='ltr'><strong>enim</strong></span> <span class='ocrx_word' id='word_1_710' title='bbox 646 4768 697 4820; x_wconf 90' lang='lat' dir='ltr'><strong>in</strong></span> <span class='ocrx_word' id='word_1_711' title='bbox 734 4783 838 4821; x_wconf 92' lang='lat' dir='ltr'><strong>uno</strong></span> <span class='ocrx_word' id='word_1_712' title='bbox 864 4784 960 4822; x_wconf 92' lang='lat' dir='ltr'><strong>nos</strong></span> <span class='ocrx_word' id='word_1_713' title='bbox 1003 4769 1129 4836; x_wconf 80' lang='lat' dir='ltr'><strong>pede</strong></span> <span class='ocrx_word' id='word_1_714' title='bbox 1160 4772 1409 4825; x_wconf 74' lang='lat' dir='ltr'><strong>continue</strong></span> <span class='ocrx_word' id='word_1_715' title='bbox 1435 4780 1577 4825; x_wconf 80' lang='lat' dir='ltr'><strong>stare</strong></span> <span class='ocrx_word' id='word_1_716' title='bbox 1609 4787 1712 4825; x_wconf 88' lang='lat' dir='ltr'><strong>non</strong></span> <span class='ocrx_word' id='word_1_717' title='bbox 1753 4772 2043 4841; x_wconf 77' lang='lat' dir='ltr'><strong>possetqui</strong></span> 
     </span>
    </p>
   </div>
   <div class='ocr_carea' id='block_1_95' title="bbox 472 4860 2043 4934">
    <p class='ocr_par' dir='ltr' id='par_1_95' title="bbox 472 4860 2043 4934">
     <span class='ocr_line' id='line_1_95' title="bbox 472 4860 2043 4934; baseline 0.004 -24"><span class='ocrx_word' id='word_1_718' title='bbox 472 4860 849 4915; x_wconf 87' lang='lat' dir='ltr'><strong>convenienter</strong></span> <span class='ocrx_word' id='word_1_719' title='bbox 897 4864 1355 4931; x_wconf 62' lang='lat' dir='ltr'><strong>superbiae-datus</strong></span> <span class='ocrx_word' id='word_1_720' title='bbox 1400 4873 1502 4927; x_wconf 72' lang='lat' dir='ltr'><strong>cst,</strong></span> <span class='ocrx_word' id='word_1_721' title='bbox 1552 4880 1800 4934; x_wconf 84' lang='lat' dir='ltr'><strong>quonam</strong></span> <span class='ocrx_word' id='word_1_722' title='bbox 1847 4866 2043 4919; x_wconf 87' lang='lat' dir='ltr'><strong>elatum</strong></span> 
     </span>
    </p>
   </div>
   <div class='ocr_carea' id='block_1_96' title="bbox 474 4938 2041 5021">
    <p class='ocr_par' dir='ltr' id='par_1_96' title="bbox 474 4938 2041 5021">
     <span class='ocr_line' id='line_1_96' title="bbox 474 4938 2041 5021; baseline 0.006 -21"><span class='ocrx_word' id='word_1_723' title='bbox 474 4949 739 5003; x_wconf 83' lang='lat' dir='ltr'><strong>hominem</strong></span> <span class='ocrx_word' id='word_1_724' title='bbox 772 4952 967 5006; x_wconf 90' lang='lat' dir='ltr'><strong>diutius</strong></span> <span class='ocrx_word' id='word_1_725' title='bbox 1002 4969 1106 5005; x_wconf 88' lang='lat' dir='ltr'><strong>non</strong></span> <span class='ocrx_word' id='word_1_726' title='bbox 1138 4955 1387 5021; x_wconf 72' lang='lat' dir='ltr'><strong>prmvalet</strong></span> <span class='ocrx_word' id='word_1_727' title='bbox 1414 4956 1708 5009; x_wconf 88' lang='lat' dir='ltr'><strong>continere.</strong></span> <span class='ocrx_word' id='word_1_728' title='bbox 1739 4954 1838 5009; x_wconf 88' lang='lat' dir='ltr'><strong>Pes</strong></span> <span class='ocrx_word' id='word_1_729' title='bbox 1864 4938 2041 5009; x_wconf 72' lang='lat' dir='ltr'><strong>autem</strong></span> 
     </span>
    </p>
   </div>
   <div class='ocr_carea' id='block_1_97' title="bbox 476 5041 2045 5117">
    <p class='ocr_par' dir='ltr' id='par_1_97' title="bbox 476 5041 2045 5117">
     <span class='ocr_line' id='line_1_97' title="bbox 476 5041 2045 5117; baseline 0.007 -25"><span class='ocrx_word' id='word_1_730' title='bbox 476 5058 570 5110; x_wconf 88' lang='lat' dir='ltr'><strong>pro</strong></span> <span class='ocrx_word' id='word_1_731' title='bbox 596 5041 784 5096; x_wconf 71' lang='lat' dir='ltr'><strong>allecto</strong></span> <span class='ocrx_word' id='word_1_732' title='bbox 815 5046 1007 5098; x_wconf 88' lang='lat' dir='ltr'><strong>mentis</strong></span> <span class='ocrx_word' id='word_1_733' title='bbox 1037 5055 1115 5099; x_wconf 89' lang='lat' dir='ltr'><strong>est</strong></span> <span class='ocrx_word' id='word_1_734' title='bbox 1150 5047 1372 5114; x_wconf 83' lang='lat' dir='ltr'><strong>positus.</strong></span> <span class='ocrx_word' id='word_1_735' title='bbox 1415 5048 1543 5101; x_wconf 75' lang='lat' dir='ltr'><strong>Nam</strong></span> <span class='ocrx_word' id='word_1_736' title='bbox 1576 5048 1713 5102; x_wconf 90' lang='lat' dir='ltr'><strong>sicut</strong></span> <span class='ocrx_word' id='word_1_737' title='bbox 1741 5049 2045 5117; x_wconf 78' lang='lat' dir='ltr'><strong>gradientes</strong></span> 
     </span>
    </p>
   </div>
   <div class='ocr_carea' id='block_1_98' title="bbox 473 5134 2046 5208">
    <p class='ocr_par' dir='ltr' id='par_1_98' title="bbox 473 5134 2046 5208">
     <span class='ocr_line' id='line_1_98' title="bbox 473 5134 2046 5208; baseline 0.004 -21"><span class='ocrx_word' id='word_1_738' title='bbox 473 5134 540 5187; x_wconf 89' lang='lat' dir='ltr'><strong>de</strong></span> <span class='ocrx_word' id='word_1_739' title='bbox 568 5135 681 5188; x_wconf 89' lang='lat' dir='ltr'><strong>loco</strong></span> <span class='ocrx_word' id='word_1_740' title='bbox 705 5136 767 5188; x_wconf 88' lang='lat' dir='ltr'><strong>ad</strong></span> <span class='ocrx_word' id='word_1_741' title='bbox 796 5137 966 5190; x_wconf 90' lang='lat' dir='ltr'><strong>locum</strong></span> <span class='ocrx_word' id='word_1_742' title='bbox 997 5138 1387 5200; x_wconf 84' lang='lat' dir='ltr'><strong>transferimnr,</strong></span> <span class='ocrx_word' id='word_1_743' title='bbox 1424 5140 1502 5193; x_wconf 91' lang='lat' dir='ltr'><strong>sic</strong></span> <span class='ocrx_word' id='word_1_744' title='bbox 1528 5156 1556 5193; x_wconf 90' lang='lat' dir='ltr'><strong>a</strong></span> <span class='ocrx_word' id='word_1_745' title='bbox 1584 5139 1806 5193; x_wconf 89' lang='lat' dir='ltr'><strong>Domino</strong></span> <span class='ocrx_word' id='word_1_746' title='bbox 1836 5156 2046 5208; x_wconf 80' lang='lat' dir='ltr'><strong>separa-</strong></span> 
     </span>
    </p>
   </div>
   <div class='ocr_carea' id='block_1_99' title="bbox 474 5227 2041 5299">
    <p class='ocr_par' dir='ltr' id='par_1_99' title="bbox 474 5227 2041 5299">
     <span class='ocr_line' id='line_1_99' title="bbox 474 5227 2041 5299; baseline 0.005 -21"><span class='ocrx_word' id='word_1_747' title='bbox 474 5241 615 5292; x_wconf 88' lang='lat' dir='ltr'><strong>mur,</strong></span> <span class='ocrx_word' id='word_1_748' title='bbox 655 5227 868 5295; x_wconf 87' lang='lat' dir='ltr'><strong>quando</strong></span> <span class='ocrx_word' id='word_1_749' title='bbox 899 5244 997 5282; x_wconf 89' lang='lat' dir='ltr'><strong>nos</strong></span> <span class='ocrx_word' id='word_1_750' title='bbox 1043 5230 1179 5283; x_wconf 90' lang='lat' dir='ltr'><strong>elata</strong></span> <span class='ocrx_word' id='word_1_751' title='bbox 1224 5232 1546 5299; x_wconf 63' lang='lat' dir='ltr'><strong>cogitatione</strong></span> <span class='ocrx_word' id='word_1_752' title='bbox 1584 5231 1888 5285; x_wconf 78' lang='lat' dir='ltr'><strong>dividimus.</strong></span> <span class='ocrx_word' id='word_1_753' title='bbox 1933 5233 2041 5286; x_wconf 88' lang='lat' dir='ltr'><strong>lloc</strong></span> 
     </span>
    </p>
   </div>
   <div class='ocr_carea' id='block_1_100' title="bbox 472 5318 2041 5392">
    <p class='ocr_par' dir='ltr' id='par_1_100' title="bbox 472 5318 2041 5392">
     <span class='ocr_line' id='line_1_100' title="bbox 472 5318 2041 5392; baseline 0.005 -22"><span class='ocrx_word' id='word_1_754' title='bbox 472 5318 613 5370; x_wconf 88' lang='lat' dir='ltr'><strong>enim</strong></span> <span class='ocrx_word' id='word_1_755' title='bbox 649 5320 941 5372; x_wconf 76' lang='lat' dir='ltr'><strong>maximum</strong></span> <span class='ocrx_word' id='word_1_756' title='bbox 979 5330 1187 5374; x_wconf 85' lang='lat' dir='ltr'><strong>constat</strong></span> <span class='ocrx_word' id='word_1_757' title='bbox 1216 5336 1333 5376; x_wconf 89' lang='lat' dir='ltr'><strong>esse</strong></span> <span class='ocrx_word' id='word_1_758' title='bbox 1364 5332 1661 5387; x_wconf 80' lang='lat' dir='ltr'><strong>peccatum,</strong></span> <span class='ocrx_word' id='word_1_759' title='bbox 1694 5325 1833 5377; x_wconf 79' lang='lat' dir='ltr'><strong>unde</strong></span> <span class='ocrx_word' id='word_1_760' title='bbox 1880 5339 2041 5392; x_wconf 54' lang='lat' dir='ltr'><strong>attge-</strong></span> 
     </span>
    </p>
   </div>
   <div class='ocr_carea' id='block_1_101' title="bbox 474 5406 2045 5479">
    <p class='ocr_par' dir='ltr' id='par_1_101' title="bbox 474 5406 2045 5479">
     <span class='ocr_line' id='line_1_101' title="bbox 474 5406 2045 5479; baseline 0.004 -21"><span class='ocrx_word' id='word_1_761' title='bbox 474 5406 557 5459; x_wconf 87' lang='lat' dir='ltr'><strong>Ius</strong></span> <span class='ocrx_word' id='word_1_762' title='bbox 580 5408 791 5475; x_wconf 83' lang='lat' dir='ltr'><strong>cecidit,</strong></span> <span class='ocrx_word' id='word_1_763' title='bbox 826 5425 919 5476; x_wconf 86' lang='lat' dir='ltr'><strong>per</strong></span> <span class='ocrx_word' id='word_1_764' title='bbox 949 5411 1089 5479; x_wconf 88' lang='lat' dir='ltr'><strong>quod</strong></span> <span class='ocrx_word' id='word_1_765' title='bbox 1119 5411 1286 5465; x_wconf 81' lang='lat' dir='ltr'><strong>Adam</strong></span> <span class='ocrx_word' id='word_1_766' title='bbox 1319 5431 1344 5463; x_wconf 88' lang='lat' dir='ltr'><strong>a</strong></span> <span class='ocrx_word' id='word_1_767' title='bbox 1390 5412 1637 5479; x_wconf 82' lang='lat' dir='ltr'><strong>paradiso</strong></span> <span class='ocrx_word' id='word_1_768' title='bbox 1675 5413 1926 5478; x_wconf 88' lang='lat' dir='ltr'><strong>probatur</strong></span> <span class='ocrx_word' id='word_1_769' title='bbox 1954 5429 2045 5465; x_wconf 76' lang='lat' dir='ltr'><strong>cx-</strong></span> 
     </span>
    </p>
   </div>
   <div class='ocr_carea' id='block_1_102' title="bbox 470 5499 2044 5570">
    <p class='ocr_par' dir='ltr' id='par_1_102' title="bbox 470 5499 2044 5570">
     <span class='ocr_line' id='line_1_102' title="bbox 470 5499 2044 5570; baseline 0.005 -19"><span class='ocrx_word' id='word_1_770' title='bbox 470 5499 668 5552; x_wconf 89' lang='lat' dir='ltr'><strong>clusus.</strong></span> <span class='ocrx_word' id='word_1_771' title='bbox 725 5499 912 5555; x_wconf 77' lang='lat' dir='ltr'><strong>Manus</strong></span> <span class='ocrx_word' id='word_1_772' title='bbox 952 5518 1079 5557; x_wconf 91' lang='lat' dir='ltr'><strong>vero</strong></span> <span class='ocrx_word' id='word_1_773' title='bbox 1129 5505 1403 5570; x_wconf 82' lang='lat' dir='ltr'><strong>peccatoris</strong></span> <span class='ocrx_word' id='word_1_774' title='bbox 1459 5515 1541 5559; x_wconf 91' lang='lat' dir='ltr'><strong>est</strong></span> <span class='ocrx_word' id='word_1_775' title='bbox 1588 5505 1725 5559; x_wconf 89' lang='lat' dir='ltr'><strong>male</strong></span> <span class='ocrx_word' id='word_1_776' title='bbox 1772 5506 2044 5560; x_wconf 89' lang='lat' dir='ltr'><strong>suadentis</strong></span> 
     </span>
    </p>
   </div>
   <div class='ocr_carea' id='block_1_103' title="bbox 470 5590 2041 5663">
    <p class='ocr_par' dir='ltr' id='par_1_103' title="bbox 470 5590 2041 5663">
     <span class='ocr_line' id='line_1_103' title="bbox 470 5590 2041 5663; baseline 0.007 -25"><span class='ocrx_word' id='word_1_777' title='bbox 470 5590 729 5655; x_wconf 82' lang='lat' dir='ltr'><strong>operatio,</strong></span> <span class='ocrx_word' id='word_1_778' title='bbox 763 5608 880 5660; x_wconf 75' lang='lat' dir='ltr'><strong>qua:</strong></span> <span class='ocrx_word' id='word_1_779' title='bbox 910 5602 1035 5648; x_wconf 91' lang='lat' dir='ltr'><strong>tunc</strong></span> <span class='ocrx_word' id='word_1_780' title='bbox 1072 5609 1168 5646; x_wconf 89' lang='lat' dir='ltr'><strong>nos</strong></span> <span class='ocrx_word' id='word_1_781' title='bbox 1195 5609 1221 5645; x_wconf 88' lang='lat' dir='ltr'><strong>a</strong></span> <span class='ocrx_word' id='word_1_782' title='bbox 1252 5593 1370 5648; x_wconf 83' lang='lat' dir='ltr'><strong>ﬁdei</strong></span> <span class='ocrx_word' id='word_1_783' title='bbox 1412 5593 1660 5651; x_wconf 86' lang='lat' dir='ltr'><strong>firmitate</strong></span> <span class='ocrx_word' id='word_1_784' title='bbox 1690 5603 1886 5663; x_wconf 81' lang='lat' dir='ltr'><strong>movet,</strong></span> <span class='ocrx_word' id='word_1_785' title='bbox 1920 5610 2041 5651; x_wconf 91' lang='lat' dir='ltr'><strong>cum</strong></span> 
     </span>
    </p>
   </div>
   <div class='ocr_carea' id='block_1_104' title="bbox 472 5677 1365 5751">
    <p class='ocr_par' dir='ltr' id='par_1_104' title="bbox 472 5677 1365 5751">
     <span class='ocr_line' id='line_1_104' title="bbox 472 5677 1365 5751; baseline 0.006 -19"><span class='ocrx_word' id='word_1_786' title='bbox 472 5677 648 5747; x_wconf 84' lang='lat' dir='ltr'><strong>iniqua</strong></span> <span class='ocrx_word' id='word_1_787' title='bbox 677 5678 1059 5751; x_wconf 68' lang='lat' dir='ltr'><strong>disceptatione</strong></span> <span class='ocrx_word' id='word_1_788' title='bbox 1097 5684 1365 5741; x_wconf 87' lang='lat' dir='ltr'><strong>sollicitat.</strong></span> 
     </span>
    </p>
   </div>
   <div class='ocr_carea' id='block_1_105' title="bbox 2153 4592 3739 4665">
    <p class='ocr_par' dir='ltr' id='par_1_105' title="bbox 2153 4592 3739 4665">
     <span class='ocr_line' id='line_1_105' title="bbox 2153 4592 3739 4665; baseline 0.003 -19"><span class='ocrx_word' id='word_1_789' title='bbox 2153 4592 2374 4662; x_wconf 77' lang='lat' dir='ltr'><strong>gendos.</strong></span> <span class='ocrx_word' id='word_1_790' title='bbox 2405 4593 2623 4647; x_wconf 90' lang='lat' dir='ltr'><strong>Instruit</strong></span> <span class='ocrx_word' id='word_1_791' title='bbox 2649 4596 2844 4664; x_wconf 89' lang='lat' dir='ltr'><strong>quippe</strong></span> <span class='ocrx_word' id='word_1_792' title='bbox 2873 4595 3131 4660; x_wconf 86' lang='lat' dir='ltr'><strong>Ecclesia,</strong></span> <span class='ocrx_word' id='word_1_793' title='bbox 3158 4612 3276 4665; x_wconf 84' lang='lat' dir='ltr'><strong>quae</strong></span> <span class='ocrx_word' id='word_1_794' title='bbox 3316 4610 3455 4650; x_wconf 91' lang='lat' dir='ltr'><strong>nunc</strong></span> <span class='ocrx_word' id='word_1_795' title='bbox 3488 4596 3739 4651; x_wconf 71' lang='lat' dir='ltr'><strong>introdu~</strong></span> 
     </span>
    </p>
   </div>
   <div class='ocr_carea' id='block_1_106' title="bbox 2155 4683 3736 4755">
    <p class='ocr_par' dir='ltr' id='par_1_106' title="bbox 2155 4683 3736 4755">
     <span class='ocr_line' id='line_1_106' title="bbox 2155 4683 3736 4755; baseline 0.004 -20"><span class='ocrx_word' id='word_1_796' title='bbox 2155 4683 2293 4737; x_wconf 88' lang='lat' dir='ltr'><strong>citur</strong></span> <span class='ocrx_word' id='word_1_797' title='bbox 2343 4683 2408 4737; x_wconf 92' lang='lat' dir='ltr'><strong>ad</strong></span> <span class='ocrx_word' id='word_1_798' title='bbox 2456 4684 2819 4754; x_wconf 88' lang='lat' dir='ltr'><strong>loquendum,</strong></span> <span class='ocrx_word' id='word_1_799' title='bbox 2871 4688 3150 4754; x_wconf 85' lang='lat' dir='ltr'><strong>praeceptis</strong></span> <span class='ocrx_word' id='word_1_800' title='bbox 3198 4686 3518 4741; x_wconf 84' lang='lat' dir='ltr'><strong>salutaribus</strong></span> <span class='ocrx_word' id='word_1_801' title='bbox 3559 4702 3736 4755; x_wconf 79' lang='lat' dir='ltr'><strong>genus</strong></span> 
     </span>
    </p>
   </div>
   <div class='ocr_carea' id='block_1_107' title="bbox 2154 4774 3735 4842">
    <p class='ocr_par' dir='ltr' id='par_1_107' title="bbox 2154 4774 3735 4842">
     <span class='ocr_line' id='line_1_107' title="bbox 2154 4774 3735 4842; baseline 0.002 -14"><span class='ocrx_word' id='word_1_802' title='bbox 2154 4774 2466 4842; x_wconf 88' lang='lat' dir='ltr'><strong>humanum,</strong></span> <span class='ocrx_word' id='word_1_803' title='bbox 2499 4792 2567 4831; x_wconf 90' lang='lat' dir='ltr'><strong>ne</strong></span> <span class='ocrx_word' id='word_1_804' title='bbox 2596 4778 2891 4833; x_wconf 77' lang='lat' dir='ltr'><strong>mortiferis</strong></span> <span class='ocrx_word' id='word_1_805' title='bbox 2920 4779 3192 4834; x_wconf 87' lang='lat' dir='ltr'><strong>erroribus</strong></span> <span class='ocrx_word' id='word_1_806' title='bbox 3218 4781 3535 4833; x_wconf 85' lang='lat' dir='ltr'><strong>misceatur:</strong></span> <span class='ocrx_word' id='word_1_807' title='bbox 3558 4781 3735 4833; x_wconf 87' lang='lat' dir='ltr'><strong>malos</strong></span> 
     </span>
    </p>
   </div>
   <div class='ocr_carea' id='block_1_108' title="bbox 2151 4866 3731 4938">
    <p class='ocr_par' dir='ltr' id='par_1_108' title="bbox 2151 4866 3731 4938">
     <span class='ocr_line' id='line_1_108' title="bbox 2151 4866 3731 4938; baseline 0 -18"><span class='ocrx_word' id='word_1_808' title='bbox 2151 4880 2306 4933; x_wconf 80' lang='lat' dir='ltr'><strong>poena</strong></span> <span class='ocrx_word' id='word_1_809' title='bbox 2332 4866 2633 4933; x_wconf 88' lang='lat' dir='ltr'><strong>deterrens,</strong></span> <span class='ocrx_word' id='word_1_810' title='bbox 2667 4867 2821 4923; x_wconf 88' lang='lat' dir='ltr'><strong>bonis</strong></span> <span class='ocrx_word' id='word_1_811' title='bbox 2849 4870 3063 4938; x_wconf 61' lang='lat' dir='ltr'><strong>praemia</strong></span> <span class='ocrx_word' id='word_1_812' title='bbox 3089 4871 3549 4938; x_wconf 88' lang='lat' dir='ltr'><strong>compromittens.</strong></span> <span class='ocrx_word' id='word_1_813' title='bbox 3572 4868 3731 4933; x_wconf 78' lang='lat' dir='ltr'><strong>Quod</strong></span> 
     </span>
    </p>
   </div>
   <div class='ocr_carea' id='block_1_109' title="bbox 2156 4955 3729 5027">
    <p class='ocr_par' dir='ltr' id='par_1_109' title="bbox 2156 4955 3729 5027">
     <span class='ocr_line' id='line_1_109' title="bbox 2156 4955 3729 5027; baseline 0.002 -20"><span class='ocrx_word' id='word_1_814' title='bbox 2156 4955 2416 5011; x_wconf 68' lang='lat' dir='ltr'><strong>doctrina:</strong></span> <span class='ocrx_word' id='word_1_815' title='bbox 2444 4973 2613 5027; x_wconf 83' lang='lat' dir='ltr'><strong>genus</strong></span> <span class='ocrx_word' id='word_1_816' title='bbox 2644 4960 2863 5013; x_wconf 92' lang='lat' dir='ltr'><strong>omnino</strong></span> <span class='ocrx_word' id='word_1_817' title='bbox 2891 4960 3316 5015; x_wconf 78' lang='lat' dir='ltr'><strong>efﬁcacissimum</strong></span> <span class='ocrx_word' id='word_1_818' title='bbox 3347 4967 3450 5022; x_wconf 86' lang='lat' dir='ltr'><strong>est,</strong></span> <span class='ocrx_word' id='word_1_819' title='bbox 3478 4966 3535 5011; x_wconf 90' lang='lat' dir='ltr'><strong>ut</strong></span> <span class='ocrx_word' id='word_1_820' title='bbox 3561 4968 3615 5012; x_wconf 89' lang='lat' dir='ltr'><strong>et</strong></span> <span class='ocrx_word' id='word_1_821' title='bbox 3638 4973 3729 5011; x_wconf 58' lang='lat' dir='ltr'><strong>suo</strong></span> 
     </span>
    </p>
   </div>
   <div class='ocr_carea' id='block_1_110' title="bbox 2151 5050 3733 5121">
    <p class='ocr_par' dir='ltr' id='par_1_110' title="bbox 2151 5050 3733 5121">
     <span class='ocr_line' id='line_1_110' title="bbox 2151 5050 3733 5121; baseline -0.001 -17"><span class='ocrx_word' id='word_1_822' title='bbox 2151 5052 2297 5119; x_wconf 87' lang='lat' dir='ltr'><strong>perbi</strong></span> <span class='ocrx_word' id='word_1_823' title='bbox 2332 5051 2698 5117; x_wconf 89' lang='lat' dir='ltr'><strong>humilientur,</strong></span> <span class='ocrx_word' id='word_1_824' title='bbox 2726 5061 2782 5107; x_wconf 88' lang='lat' dir='ltr'><strong>et</strong></span> <span class='ocrx_word' id='word_1_825' title='bbox 2809 5052 3037 5107; x_wconf 85' lang='lat' dir='ltr'><strong>humiles</strong></span> <span class='ocrx_word' id='word_1_826' title='bbox 3071 5054 3230 5121; x_wconf 79' lang='lat' dir='ltr'><strong>digna</strong></span> <span class='ocrx_word' id='word_1_827' title='bbox 3277 5050 3573 5106; x_wconf 90' lang='lat' dir='ltr'><strong>consolatio</strong></span> <span class='ocrx_word' id='word_1_828' title='bbox 3602 5065 3733 5117; x_wconf 75' lang='lat' dir='ltr'><strong>pro-</strong></span> 
     </span>
    </p>
   </div>
   <div class='ocr_carea' id='block_1_111' title="bbox 2147 5140 3733 5211">
    <p class='ocr_par' dir='ltr' id='par_1_111' title="bbox 2147 5140 3733 5211">
     <span class='ocr_line' id='line_1_111' title="bbox 2147 5140 3733 5211; baseline -0.001 -17"><span class='ocrx_word' id='word_1_829' title='bbox 2147 5149 2421 5210; x_wconf 85' lang='lat' dir='ltr'><strong>sequatur.</strong></span> <span class='ocrx_word' id='word_1_830' title='bbox 2462 5140 2559 5194; x_wconf 88' lang='lat' dir='ltr'><strong>Est</strong></span> <span class='ocrx_word' id='word_1_831' title='bbox 2597 5142 2756 5197; x_wconf 88' lang='lat' dir='ltr'><strong>etiam</strong></span> <span class='ocrx_word' id='word_1_832' title='bbox 2798 5143 3071 5211; x_wconf 85' lang='lat' dir='ltr'><strong>alpltabeti</strong></span> <span class='ocrx_word' id='word_1_833' title='bbox 3104 5143 3309 5197; x_wconf 68' lang='lat' dir='ltr'><strong>Hebraei</strong></span> <span class='ocrx_word' id='word_1_834' title='bbox 3356 5142 3541 5197; x_wconf 57' lang='lat' dir='ltr'><strong>ordine</strong></span> <span class='ocrx_word' id='word_1_835' title='bbox 3574 5141 3733 5209; x_wconf 79' lang='lat' dir='ltr'><strong>dige-</strong></span> 
     </span>
    </p>
   </div>
   <div class='ocr_carea' id='block_1_112' title="bbox 2146 5230 3725 5299">
    <p class='ocr_par' dir='ltr' id='par_1_112' title="bbox 2146 5230 3725 5299">
     <span class='ocr_line' id='line_1_112' title="bbox 2146 5230 3725 5299; baseline -0.001 -16"><span class='ocrx_word' id='word_1_836' title='bbox 2146 5240 2284 5295; x_wconf 90' lang='lat' dir='ltr'><strong>stus,</strong></span> <span class='ocrx_word' id='word_1_837' title='bbox 2313 5230 2489 5284; x_wconf 87' lang='lat' dir='ltr'><strong>minus</strong></span> <span class='ocrx_word' id='word_1_838' title='bbox 2516 5231 2717 5286; x_wconf 88' lang='lat' dir='ltr'><strong>habens</strong></span> <span class='ocrx_word' id='word_1_839' title='bbox 2747 5232 2978 5287; x_wconf 87' lang='lat' dir='ltr'><strong>litteram</strong></span> <span class='ocrx_word' id='word_1_840' title='bbox 3007 5233 3470 5286; x_wconf 59' lang='lat' dir='ltr'><strong>rextamdecimaai</strong></span> <span class='ocrx_word' id='word_1_841' title='bbox 3496 5247 3511 5295; x_wconf 89' lang='lat'><strong>;</strong></span> <span class='ocrx_word' id='word_1_842' title='bbox 3536 5246 3725 5299; x_wconf 88' lang='lat' dir='ltr'><strong>quem,</strong></span> 
     </span>
    </p>
   </div>
   <div class='ocr_carea' id='block_1_113' title="bbox 2149 5322 3728 5393">
    <p class='ocr_par' dir='ltr' id='par_1_113' title="bbox 2149 5322 3728 5393">
     <span class='ocr_line' id='line_1_113' title="bbox 2149 5322 3728 5393; baseline -0.001 -16"><span class='ocrx_word' id='word_1_843' title='bbox 2149 5322 2288 5377; x_wconf 89' lang='lat' dir='ltr'><strong>sicut</strong></span> <span class='ocrx_word' id='word_1_844' title='bbox 2332 5322 2385 5376; x_wconf 91' lang='lat' dir='ltr'><strong>in</strong></span> <span class='ocrx_word' id='word_1_845' title='bbox 2414 5324 2774 5391; x_wconf 87' lang='lat' dir='ltr'><strong>superioribus</strong></span> <span class='ocrx_word' id='word_1_846' title='bbox 2798 5324 2906 5393; x_wconf 87' lang='lat' dir='ltr'><strong>jam</strong></span> <span class='ocrx_word' id='word_1_847' title='bbox 2937 5324 3136 5379; x_wconf 83' lang='lat' dir='ltr'><strong>dictum</strong></span> <span class='ocrx_word' id='word_1_848' title='bbox 3179 5334 3283 5391; x_wconf 86' lang='lat' dir='ltr'><strong>est,</strong></span> <span class='ocrx_word' id='word_1_849' title='bbox 3330 5326 3393 5379; x_wconf 89' lang='lat' dir='ltr'><strong>ad</strong></span> <span class='ocrx_word' id='word_1_850' title='bbox 3433 5325 3550 5378; x_wconf 89' lang='lat' dir='ltr'><strong>il&#39;os</strong></span> <span class='ocrx_word' id='word_1_851' title='bbox 3576 5325 3728 5378; x_wconf 69' lang='lat' dir='ltr'><strong>msti-</strong></span> 
     </span>
    </p>
   </div>
   <div class='ocr_carea' id='block_1_114' title="bbox 2150 5414 3729 5485">
    <p class='ocr_par' dir='ltr' id='par_1_114' title="bbox 2150 5414 3729 5485">
     <span class='ocr_line' id='line_1_114' title="bbox 2150 5414 3729 5485; baseline 0 -18"><span class='ocrx_word' id='word_1_852' title='bbox 2150 5429 2357 5467; x_wconf 87' lang='lat' dir='ltr'><strong>mamus</strong></span> <span class='ocrx_word' id='word_1_853' title='bbox 2406 5428 2526 5468; x_wconf 90' lang='lat' dir='ltr'><strong>esse</strong></span> <span class='ocrx_word' id='word_1_854' title='bbox 2580 5414 2941 5481; x_wconf 76' lang='lat' dir='ltr'><strong>referendum,</strong></span> <span class='ocrx_word' id='word_1_855' title='bbox 2989 5417 3183 5485; x_wconf 90' lang='lat' dir='ltr'><strong>quibus</strong></span> <span class='ocrx_word' id='word_1_856' title='bbox 3225 5416 3377 5469; x_wconf 86' lang='lat' dir='ltr'><strong>deest</strong></span> <span class='ocrx_word' id='word_1_857' title='bbox 3416 5414 3612 5481; x_wconf 87' lang='lat' dir='ltr'><strong>aliquid</strong></span> <span class='ocrx_word' id='word_1_858' title='bbox 3653 5414 3729 5467; x_wconf 83' lang='lat' dir='ltr'><strong>de</strong></span> 
     </span>
    </p>
   </div>
   <div class='ocr_carea' id='block_1_115' title="bbox 2151 5506 3724 5575">
    <p class='ocr_par' dir='ltr' id='par_1_115' title="bbox 2151 5506 3724 5575">
     <span class='ocr_line' id='line_1_115' title="bbox 2151 5506 3724 5575; baseline -0.002 -16"><span class='ocrx_word' id='word_1_859' title='bbox 2151 5506 2382 5575; x_wconf 77' lang='lat' dir='ltr'><strong>perfecta</strong></span> <span class='ocrx_word' id='word_1_860' title='bbox 2420 5507 2830 5561; x_wconf 86' lang='lat' dir='ltr'><strong>conversatione</strong></span> <span class='ocrx_word' id='word_1_861' title='bbox 2859 5517 3187 5562; x_wconf 85' lang='lat' dir='ltr'><strong>sanctorum.</strong></span> <span class='ocrx_word' id='word_1_862' title='bbox 3215 5508 3343 5560; x_wconf 86' lang='lat' dir='ltr'><strong>Nam</strong></span> <span class='ocrx_word' id='word_1_863' title='bbox 3375 5521 3494 5560; x_wconf 92' lang='lat' dir='ltr'><strong>cum</strong></span> <span class='ocrx_word' id='word_1_864' title='bbox 3526 5519 3724 5559; x_wconf 74' lang='lat' dir='ltr'><strong>ouines</strong></span> 
     </span>
    </p>
   </div>
   <div class='ocr_carea' id='block_1_116' title="bbox 2149 5596 3728 5669">
    <p class='ocr_par' dir='ltr' id='par_1_116' title="bbox 2149 5596 3728 5669">
     <span class='ocr_line' id='line_1_116' title="bbox 2149 5596 3728 5669; baseline -0.003 -19"><span class='ocrx_word' id='word_1_865' title='bbox 2149 5598 2337 5651; x_wconf 80' lang='lat' dir='ltr'><strong>littera:</strong></span> <span class='ocrx_word' id='word_1_866' title='bbox 2386 5596 2525 5669; x_wconf 88' lang='lat' dir='ltr'><strong>apud</strong></span> <span class='ocrx_word' id='word_1_867' title='bbox 2576 5597 2829 5653; x_wconf 80' lang='lat' dir='ltr'><strong>llebracos</strong></span> <span class='ocrx_word' id='word_1_868' title='bbox 2878 5598 3260 5667; x_wconf 74' lang='lat' dir='ltr'><strong>signiﬁcantius</strong></span> <span class='ocrx_word' id='word_1_869' title='bbox 3303 5612 3425 5652; x_wconf 89' lang='lat' dir='ltr'><strong>suas</strong></span> <span class='ocrx_word' id='word_1_870' title='bbox 3468 5596 3728 5657; x_wconf 79' lang='lat' dir='ltr'><strong>habeant,</strong></span> 
     </span>
    </p>
   </div>
   <div class='ocr_carea' id='block_1_117' title="bbox 2151 5688 3726 5761">
    <p class='ocr_par' dir='ltr' id='par_1_117' title="bbox 2151 5688 3726 5761">
     <span class='ocr_line' id='line_1_117' title="bbox 2151 5688 3726 5761; baseline -0.003 -15"><span class='ocrx_word' id='word_1_871' title='bbox 2151 5693 2367 5749; x_wconf 81' lang='lat' dir='ltr'><strong>credere</strong></span> <span class='ocrx_word' id='word_1_872' title='bbox 2402 5692 2624 5750; x_wconf 79' lang='lat' dir='ltr'><strong>fortasse</strong></span> <span class='ocrx_word' id='word_1_873' title='bbox 2667 5692 2885 5761; x_wconf 76' lang='lat' dir='ltr'><strong>dignum</strong></span> <span class='ocrx_word' id='word_1_874' title='bbox 2932 5702 3032 5758; x_wconf 87' lang='lat' dir='ltr'><strong>est,</strong></span> <span class='ocrx_word' id='word_1_875' title='bbox 3064 5692 3145 5747; x_wconf 86' lang='lat' dir='ltr'><strong>cui</strong></span> <span class='ocrx_word' id='word_1_876' title='bbox 3174 5692 3322 5747; x_wconf 81' lang='lat' dir='ltr'><strong>deest</strong></span> <span class='ocrx_word' id='word_1_877' title='bbox 3368 5689 3576 5759; x_wconf 72' lang='lat' dir='ltr'><strong>aliquod</strong></span> <span class='ocrx_word' id='word_1_878' title='bbox 3609 5688 3726 5741; x_wconf 61' lang='grc' dir='ltr'>θια-</span> 
     </span>
    </p>
   </div>
  </div>
