4030 6172
200 310 299 339 ε...

207 310 299 363 ΞΣΙΤ
1099 305 1460 363 EXPOSITIO
1497 307 1564 363 ΙΝ
1606 306 2063 367 PSALTERIUM.
2106 310 2299 368 PSAL.
2345 312 2588 368 XXXVl.

3384 322 3487 378 ἱπὸ

197 430 469 481 mentum,
499 433 622 473 eum
650 416 1334 508 qnoqoegsigniﬁcationcm
1358 422 1526 489 ipsius
1553 435 1662 475 non
1695 425 1792 475 ba-
1822 425 1873 485 Α
1896 422 2228 492 Quapropter
2256 437 2424 493 renum
2454 425 2637 484 mundi
2666 429 2937 486 nobilibus
2967 445 3359 503 comparemus,
3396 440 3487 508 qui

207 514 349 564 bere.
382 509 581 565 Dieant
601 508 827 564 studiOsi
864 506 1095 563 fortasse
1121 509 1346 563 meliora
1375 527 1389 563 :
1420 511 1575 565 nobis
1606 520 1791 566 tamen

204 601 403 654 diutius
436 599 877 669 perquirentibus
915 614 1230 654 concessum
1277 615 1381 655 non
1430 611 1513 656 est
1542 602 1684 656 aliud
1717 602 1799 656 in-

204 694 384 746 venire
432 707 600 759 quam
636 691 897 746 diximus.
931 692 1197 747 Memento
1228 706 1357 747 vero
1383 694 1524 762 quod
1571 695 1796 750 istorum

206 781 619 849 alphabetorum
643 780 753 847 jam
803 784 993 836 tertius
1025 783 1260 851 psalmus
1310 792 1414 853 est,
1443 785 1699 853 quoniam
1744 795 1800 840 et

208 872 295 938 ipsi
316 870 383 924 ad
404 872 777 939 septenarium
806 887 1085 928 numerum
1110 875 1372 942 tendunt,
1401 876 1543 946 quod
1565 891 1662 932 suo
1679 877 1797 933 loco

204 961 490 1015 dicendum
525 970 629 1016 est.

786 1050 978 1108 Divisio
1019 1054 1226 1123 psalmi.

265 1144 370 1198 Per
416 1152 595 1197 totum
635 1145 921 1213 psalmum,
963 1146 1102 1199 sicut
1128 1147 1326 1201 dictum
1381 1156 1484 1215 est,
1532 1149 1792 1206 Ecclesia.

200 1249 298 1288 vox
350 1235 721 1288 introducitur
756 1235 821 1287 ad
864 1238 1115 1306 populum
1167 1238 1566 1307 corrigendum.
1618 1241 1796 1295 Prima

200 1326 475 1394 positione
513 1334 825 1381 commonet
873 1341 938 1381 ne
986 1329 1335 1398 malignantes
1379 1331 1661 1400 quisquam
1703 1332 1795 1387 dc-

201 1421 319 1474 beat
366 1419 598 1482 imitari,
645 1419 741 1472 sed
782 1420 1036 1489 quidquid
1085 1422 1208 1476 boni
1256 1424 1578 1492 sperandum
1624 1432 1727 1487 est,
1765 1439 1793 1479 a

198 1509 433 1563 Domino
483 1508 805 1578 postuletur,
848 1510 939 1578 qui
986 1512 1132 1565 novit
1179 1521 1236 1566 et
1278 1512 1554 1581 profutura
1604 1529 1797 1569 conce-

198 1600 349 1665 dere,
383 1610 443 1655 et
487 1600 799 1668 perenniter
834 1616 1084 1655 mansura
1132 1611 1392 1670 praistare
1417 1621 1429 1657 :
1455 1604 1508 1658 in
1555 1619 1660 1673 qua
1692 1604 1797 1660 He-

198 1690 329 1746 bni
356 1690 637 1757 alphabeti
664 1703 759 1744 sex
789 1690 976 1744 liuene
1006 1693 1369 1747 continet-tur.
1397 1693 1644 1748 Secunda
1667 1694 1797 1749 dicit

1905 523 1955 568 et
1984 515 2138 568 facile
2182 514 2484 581 proﬁciunt,
2517 526 2570 571 et
2614 519 2883 577 viriditate
2915 538 3103 593 magna
3139 527 3288 594 quasi
3317 532 3488 597 gratia

1904 604 2221 657 vestiuntur.
2276 604 2429 657 Olera
2469 606 2737 659 herbarum
2778 609 3078 666 mediocres
3128 626 3395 681 ponantur
3433 626 3490 671 et

1904 691 2152 759 humiles,
2186 709 2303 762 quae
2343 711 2434 761 per
2472 696 2584 751 loca
2616 697 2813 751 inculta
2852 702 3001 769 copia
3036 703 3333 770 pullulante
3359 721 3490 760 con-

1901 796 2146 852 surgunt,
2178 794 2233 838 et
2264 795 2465 839 naturae
2494 801 2603 841 sum
2633 799 2897 855 agrestem
2927 800 3085 860 atque
3110 792 3371 861 hispidam
3404 812 3491 849 rc-

1900 873 2073 928 tinent
2120 874 2451 942 qualitatem.
2498 876 2602 930 Sed
2653 885 2708 930 ct
2754 878 2878 931 illud
2926 880 3158 933 velociter
3191 884 3400 947 arescit,
3438 895 3491 938 et

1902 965 2001 1017 ista
2032 966 2132 1019 cito
2163 967 2426 1020 decidunt.
2461 968 2566 1022 Sed
2596 969 2739 1023 dicat
2766 970 2982 1038 aliquis,
3011 973 3232 1036 Quando
3258 973 3358 1027 hoc
3384 975 3490 1030 ill‘s

1900 1054 2119 1110 evenire
2169 1056 2496 1110 credendum
2548 1061 2665 1112 est?
2717 1057 2929 1113 Scilicet
2991 1072 3231 1128 tempore
3280 1061 3488 1129 iudici,

1900 1145 2113 1213 quando
2153 1146 2408 1215 Splendor
2438 1149 2639 1201 mstatis
2684 1147 2905 1214 arridet,
2938 1162 3058 1203 cum
3105 1150 3171 1202 ad
3203 1160 3492 1207 censuetu-

1899 1236 2078 1291 dinem
2110 1238 2362 1292 arborum
2389 1240 2565 1293 omnis
2593 1239 2752 1293 homo
2781 1239 2985 1294 fructus
3011 1254 3138 1294 suos
3163 1242 3355 1310 aperit.
3379 1241 3488 1295 Sae-

1899 1331 2074 1384 culum
2105 1332 2247 1385 enim
2292 1333 2431 1386 istud
2478 1334 2768 1387 similitudo
2807 1344 2890 1389 est
2923 1334 3139 1400 hiemis,
3188 1335 3274 1389 ubi
3320 1335 3493 1391 facto-

1900 1437 2018 1477 rum
2045 1433 2348 1477 nostrorum
2382 1439 2541 1478 omne
2563 1441 2781 1495 germen
2828 1426 3090 1481 inclusum
3133 1438 3247 1493 est;
3277 1443 3376 1484 nec
3400 1443 3495 1497 po-

1902 1524 2005 1567 test
2031 1514 2097 1568 de
2128 1516 2206 1567 eis
2232 1514 2485 1581 judicari,
2515 1532 2633 1584 qua:
2666 1518 2957 1584 probantur
2986 1518 3317 1573 abscondita.
3342 1519 3489 1586 Qua-

1905 1613 2124 1673 propter
2155 1606 2205 1658 in
2240 1605 2322 1658 his
2349 1605 2556 1659 duobus
2584 1608 2829 1660 versibus
2858 1608 3019 1662 etiam
3050 1608 3176 1663 illud
3204 1624 3495 1677 argumen-

1901 1707 2010 1748 tum
2053 1694 2357 1749 declaratur
2402 1696 2656 1749 eximium
2707 1697 2846 1766 quod
2895 1698 3090 1750 dicitur
3138 1698 3492 1766 epichirema,

196 1791 524 1851 peccatores
557 1783 791 1836 maxima
817 1783 901 1837 hic.
929 1784 1143 1838 invidia:
1171 1786 1502 1842 cruciatione
1529 1788 1791 1857 torqueri,
1830 1798 1871 1855 Β
1900 1783 2084 1839 Latine
2130 1785 2402 1840 exsecutio
2443 1787 2558 1840 sive
2591 1795 2981 1856 argumentum,
3020 1787 3158 1856 quod
3191 1788 3268 1841 rei
3316 1788 3494 1843 dubia:

194 1874 461 1943 quoniam
490 1873 546 1927 in
580 1874 690 1927 suis
719 1874 927 1928 actibus
963 1875 1094 1928 nihil
1127 1876 1301 1930 simile
1343 1878 1465 1929 boni
1502 1892 1560 1930 se
1594 1878 1791 1931 habere

195 1971 578 2031 cognoscunt:
605 1965 719 2018 haec
750 1963 913 2018 habet
952 1965 1156 2019 ltteras
1194 1975 1421 2035 septem.
1472 1966 1647 2021 Tertia
1681 1984 1798 2037 pro-

194 2054 381 2108 litetur
406 2069 687 2123 nunquam
704 2069 763 2108 se
782 2053 989 2124 justum
1021 2056 1219 2112 vidisse
1253 2058 1594 2123 derelictum,
1625 2060 1795 2114 malo-

194 2162 319 2200 rum
361 2160 557 2214 poenas
594 2154 650 2201 et
680 2146 896 2214 praemia
922 2147 1181 2202 bonorum
1228 2150 1343 2204 utili
1378 2153 1797 2206 commutatione

196 2241 573 2305 permiscens;
607 2237 705 2291 ista
733 2252 853 2304 pars
886 2237 1125 2292 residuas
1154 2238 1313 2293 habet
1343 2239 1549 2293 litteras
1579 2248 1721 2294 octo.

752 2327 1021 2399 Expositio
1057 2330 1258 2397 psalmi.

272 2421 438 2476 Yers.
482 2423 534 2475 1.
576 2424 776 2476 Αιειηι.
827 2420 955 2475 Noli
993 2423 1227 2476 wntttlari
1271 2424 1405 2476 inter
1438 2423 1796 2491 malignantes,

197 2528 370 2582 nequ
408 2511 681 2565 tantulatus
729 2513 886 2579 [ueris
936 2512 1176 2581 facientes
1226 2513 1564 2581 iniquitatem.
1603 2513 1805 2567 Princi-

202 2604 358 2671 pium
388 2602 602 2671 psalmi,
632 2603 682 2655 id
711 2611 813 2665 est,
846 2600 968 2655 Noli
1009 2603 1243 2656 trmulari
1268 2604 1400 2655 inter
1434 2603 1796 2672 malignantes,

196 2711 374 2763 tneque
410 2695 679 2748 mutatus
711 2695 869 2766 [ueris
894 2695 1137 2764 facientes
1176 2693 1523 2763 iniquitatem,
1558 2694 1801 2762 quoniam

196 2802 469 2857 tanquam
512 2790 683 2858 fenum
716 2788 952 2841 velociter
990 2795 1238 2849 arescent,
1268 2794 1315 2837 et
1347 2787 1476 2838 sicut
1509 2787 1647 2839 olera
1684 2784 1803 2838 her-

195 2881 401 2933 barum
429 2878 526 2931 cito
570 2878 825 2941 deciderit,
868 2877 1157 2945 catcgorici
1198 2875 1498 2945 syllogismi
1541 2876 1802 2945 qualitate

194 2971 512 3024 formatum
538 2976 620 3021 est
645 2968 715 3021 ita
741 2984 756 3021 :
780 2967 881 3033 Qui
909 2968 1269 3033 malignantur
1300 2978 1355 3021 et
1386 2966 1586 3020 faciunt
1610 2965 1798 3035 iniqui~

197 3069 416 3124 tatem,
450 3067 695 3128 tanquam
737 3057 916 3111 fenum
957 3056 1217 3111 velociter
1261 3063 1626 3116 arescent._et
1663 3056 1801 3111 sicut

1906 1874 2065 1929 ﬁdem
2113 1891 2208 1944 per
2254 1877 2500 1944 exempla
2549 1876 2861 1942 conﬁrmat;
2908 1890 3182 1932 ostensum
3232 1887 3314 1934 est
3344 1878 3491 1933 enim

1902 1963 2010 2017 cito
2036 1966 2229 2033 impios
2259 1964 2454 2020 cadere
2486 1981 2579 2034 per
2611 1965 2791 2020 fenum
2823 1976 2875 2021 et
2901 1968 3073 2021 olera.

1979 2053 2128 2108 Vers.
2156 2055 2210 2108 5.
2258 2054 2425 2109 Bern.
2458 2054 2622 2124 Spera
2649 2057 2702 2108 in
2734 2056 2953 2108 Domino
2987 2065 3034 2109 et
3062 2057 3145 2126 [ac
3184 2055 3484 2123 bonitatem,

1903 2152 1950 2196 et
1981 2143 2212 2196 inhabita
2261 2154 2469 2209 terram,
2511 2152 2557 2196 et
2599 2146 2818 2212 pasceris
2849 2144 2899 2197 in
2926 2144 3118 2197 divitiis
3158 2146 3292 2215 ejus.
3336 2145 3491 2199 Post-

1907 2249 2068 2304 quam
2106 2235 2460 2304 malignantcs
2492 2236 2729 2289 studiose
2755 2237 2961 2289 censuit
2996 2237 3295 2301 evitandus,
3345 2251 3488 2291 nunc

1904 2327 2170 2395 quomodo
2211 2326 2390 2381 facere
2433 2327 2724 2382 debeamus
2750 2329 3019 2383 admonet.
3054 2328 3288 2384 Primum
3323 2331 3493 2400 siqui-

1903 2418 2026 2473 dem
2052 2427 2362 2473 commonet
2388 2427 2444 2471 ut
2472 2435 2728 2487 speremus
2754 2420 2805 2473 in
2832 2419 3085 2483 Domino;
3117 2422 3215 2473 hoc
3240 2421 3491 2474 introitus

1906 2510 2047 2573 ﬁdei,
2080 2511 2177 2564 hac
2208 2511 2419 2564 initium
2448 2511 2635 2564 solutis
2665 2521 2768 2565 est.
2801 2511 3076 2581 Sequitur,
3110 2524 3156 2565 et
3182 2512 3265 2579 {lc
3291 2512 3491 2565 bonita-

1905 2610 2003 2654 tem
2027 2615 2043 2652 :
2066 2602 2215 2670 quia,
2245 2602 2382 2654 sicut
2418 2602 2630 2669 legitur,
2664 2600 2824 2659 Fides
2862 2605 2972 2656 sine
3015 2604 3251 2672 operibus
3292 2612 3494 2657 mortua

1906 2700 1975 2744 est
2003 2689 2201 2757 (Jacob.
2227 2706 2285 2754 II,
2312 2691 2426 2759 ΞΟ).
2461 2691 2700 2744 lnhabita
2723 2702 2945 2757 terram;
2979 2693 3079 2747 hoc
3106 2704 3185 2747 εει
3218 2695 3268 2746 in
3296 2704 3493 2747 sancta:

1908 2781 2159 2835 Ecclesizn
2188 2782 2481 2834 visceribus
2514 2798 2795 2850 persevera
2824 2801 2837 2837 :
2863 2784 3113 2852 quoniam
3144 2784 3331 2839 ﬁdeles
3362 2801 3494 2839 nun-

1908 2886 2066 2940 quam
2097 2872 2249 2923 decet
2279 2871 2346 2922 ab
2376 2872 2488 2938 ipsa
2532 2872 2831 2927 discedere.
2887 2874 2953 2926 Et
2999 2889 3064 2927 ne
3094 2873 3316 2928 forsitan
3348 2876 3493 2930 dice-

1908 2974 2054 3016 retur
2080 2978 2094 3015 :
2120 2962 2254 3028 Quid
2297 2963 2534 3030 proderit
2574 2964 2617 3016 si
2660 2966 2756 3017 ista
2801 2963 3097 3019 faciamus?
3129 2967 3371 3035 sequitur
3410 2978 3492 3021 too

1908 3054 2014 3108 tius
2037 3054 2110 3108 rei
2135 3070 2321 3122 magna
2352 3057 2717 3123 compensatio
2743 3074 2755 3109 :
2783 3055 3017 3109 Pasceris
3048 3059 3099 3111 in
3129 3059 3317 3113 divitiis
3348 3065 3485 3130 ejus.

196 3152 361 3206 olera
420 3148 700 3203 herbarum
747 3149 854 3203 cito
883 3147 1131 3203 decideut
1159 3166 1174 3202 :
1202 3162 1389 3201 omnes
1426 3148 1515 3215 qui
1550 3161 1800 3215 tanquam
1832 3163 1875 3221 ρ
1912 3146 2169 3213 Pasceris,
2215 3146 2280 3200 ad
2322 3149 2648 3201 saturitatem
2682 3149 2930 3215 pertinet,
2974 3156 3028 3201 et
3063 3148 3129 3202 ad
3173 3149 3379 3203 suavita
3405 3164 3492 3204 em

198 3242 414 3296 fenum
466 3241 711 3295 velociter
755 3248 1023 3306 arescent,
1057 3248 1112 3294 et
1154 3240 1296 3293 sicut
1334 3240 1477 3293 olera
1515 3240 1802 3294 herbarum

199 3333 320 3386 cito
353 3329 636 3392 decidant,
668 3345 773 3383 non
801 3335 925 3382 sunt
961 3329 1277 3392 :emulandi;
1306 3345 1409 3383 non
1441 3329 1601 3398 igitur
1633 3344 1803 3383 :emu-

200 3421 448 3474 landum
475 3428 555 3472 est
594 3420 733 3472 inter
768 3418 1123 3488 malignantes
1153 3426 1208 3473 et
1242 3418 1501 3472 facientes
1547 3418 1801 3487 iniquita-

205 3522 349 3566 tem.
381 3508 489 3563 Per
512 3510 723 3579 ﬁguram
748 3508 1074 3578 ethopoeiam
1099 3508 1343 3575 prohibet
1369 3523 1463 3563 nos
1490 3517 1668 3562 sancta
1695 3525 1806 3564 ma-

207 3616 295 3658 ter
326 3602 601 3666 Ecclesia,
643 3616 710 3656 ne
752 3602 1012 3655 malorum
1062 3601 1271 3655 actibus
1299 3600 1570 3666 delectati,
1616 3615 1804 3656 eorum

208 3692 463 3747 catervis
493 3692 747 3745 societate
773 3698 887 3760 pest
910 3690 1022 3745 fera
1054 3692 1394 3745 misceamur.
1428 3690 1621 3744 Multos
1664 3693 1805 3745 cnim

208 3782 486 3837 sollicitat
534 3780 725 3834 cohors
776 3780 1005 3835 nefanda
1057 3783 1425 3850 peccantium;
1477 3790 1529 3835 et
1578 3782 1810 3836 delecta-

212 3877 373 3930 tione
409 3874 631 3941 quadam
667 3872 995 3943 decipimur,
1038 3874 1252 3943 quando
1287 3888 1406 3927 cum
1439 3873 1681 3941 plurimis
1716 3873 1809 3926 de-

210 3968 474 4034 linquere
500 3963 831 4019 festinamus.
876 3965 1078 4020 Deinde
1105 3966 1346 4033 sequitur
1399 3973 1457 4017 ut
1500 3979 1597 4017 nec
1625 3965 1811 4033 singil-

209 4056 378 4106 latim
424 4052 688 4105 imitemur
718 4053 959 4119 insanos,
1006 4053 1132 4107 dum
1163 4068 1257 4108 eos
1290 4052 1512 4107 forsitan
1541 4053 1810 4106 credimus

206 4160 342 4198 esse
382 4141 581 4207 felices,
623 4143 710 4211 qui
758 4142 825 4197 ad
856 4152 1064 4213 tempus
1094 4144 1339 4198 libertate
1369 4143 1653 4198 criminum
1688 4160 1808 4213 per-

208 4235 498 4286 fruuntur.
542 4230 800 4284 .Emulari
856 4248 983 4287 vero
1030 4234 1118 4288 hic
1158 4234 1421 4301 signiﬁcat
1464 4235 1629 4288 malos
1659 4242 1811 4288 actus

208 4326 452 4385 imitari,
497 4322 615 4377 edin
646 4339 700 4379 se
728 4324 846 4379 dies
890 4325 1189 4395 perdidisse
1233 4331 1440 4391 putant,
1484 4324 1572 4393 qui
1604 4324 1808 4378 tardam

206 4418 319 4470 sibi
378 4416 643 4469 malorum
682 4415 948 4469 licentiam
998 4415 1305 4485 provenisse
1339 4416 1630 4482 suspirant.
1669 4415 1806 4468 Nam

207 4519 268 4563 et
319 4510 379 4560 in
430 4506 573 4559 bono
610 4505 829 4560 verbum
873 4506 975 4560 hoc
1020 4508 1168 4575 ponit
1216 4507 1526 4573 Apostolus,
1579 4506 1802 4559 dicens:

207 4598 573 4651 .‘Emulamini
595 4598 898 4649 charismata
926 4597 1139 4649 meliora
1161 4594 1209 4666 (1
1246 4596 1361 4648 Cor.
1388 4612 1480 4659 xu,
1513 4596 1624 4665 3|).

288 4688 453 4741 ἵετε.
499 4686 556 4738 9..
598 4686 850 4752 Quoniam
921 4696 1165 4755 tanquam
1215 4687 1387 4755 fenum
1424 4687 1660 4739 velociter
1690 4703 1807 4741 are-

208 4786 385 4839 scent,
425 4788 473 4829 et
514 4777 646 4829 sicut
686 4777 825 4831 olera
863 4777 1135 4830 herbarum
1161 4779 1261 4831 cito
1292 4778 1543 4832 decident.
1580 4777 1806 4831 Reddita

204 4877 298 4921 est
329 4880 491 4919 causa
517 4867 809 4934 probabilis
839 4882 1005 4936 quare
1040 4868 1188 4937 sequi
1220 4884 1323 4920 non
1355 4866 1647 4921 debeamus
1669 4882 1805 4936 quos

204 4960 423 5012 scimus
452 4959 704 5012 celeriter
731 4973 852 5012 esse
888 4960 1178 5029 perituros.
1224 4957 1425 5013 Fenum
1468 4958 1686 5024 pulchra
1720 4973 1806 5013 res

203 5061 298 5104 est
320 5050 450 5101 dum
476 5050 630 5113 viret,
673 5049 800 5104 dum
840 5051 1021 5115 ﬂoret;
1054 5052 1148 5105 sed
1190 5066 1312 5105 cum
1354 5051 1573 5115 aruerit,
1605 5059 1807 5105 mutato

206 5142 473 5210 protinus
503 5142 681 5197 colore
723 5143 1026 5197 marcescit.
1059 5143 1149 5197 Sic
1178 5152 1304 5196 sunt
1331 5142 1500 5210 impii,
1536 5143 1625 5210 qui
1656 5143 1806 5211 quasi

204 5234 409 5287 ﬂorida
440 5232 624 5286 laetitia
664 5234 968 5288 relucentes
1012 5246 1335 5301 prtematuro
1380 5234 1485 5288 ﬁne
1513 5235 1805 5289 siccantur.

203 5328 406 5381 Primo
452 5329 572 5394 {eno
620 5327 913 5394 comparati
962 5334 1120 5392 sunt,
1169 5334 1227 5378 ut
1270 5334 1606 5390 arescerent;
1666 5340 1806 5379 nunc

206 5415 522 5487 agrestibus
568 5416 809 5480 oleribus,
848 5424 904 5468 ut
943 5414 1273 5469 deciderent.
1315 5414 1428 5468 Non
1469 5414 1611 5468 enim
1651 5414 1806 5477 dixit,

204 5511 362 5563 olera
393 5506 690 5569 hortorum,
715 5505 830 5571 sed,
860 5506 1167 5571 herbarum;
1196 5515 1253 5559 ut
1280 5504 1606 5571 signiﬁcaret
1635 5507 1808 5573 potius

204 5599 305 5650 illa
345 5597 597 5650 vilissima
626 5610 745 5665 qua:
777 5610 872 5663 per
912 5610 1069 5663 agros
1098 5605 1288 5664 sponte
1318 5604 1622 5649 nascuntur.
1657 5594 1809 5649 Olera

204 5689 364 5744 enim
404 5689 476 5741 ab
518 5687 622 5742 olla
665 5686 806 5742 dicta
847 5697 990 5757 sunt,
1022 5686 1108 5743 ubi
1153 5687 1376 5744 collecta
1414 5686 1806 5757 decoquuntur.

1906 3252 2217 3307 perennem.
2251 3237 2318 3291 In
2364 3237 2553 3291 divitiis
2592 3240 2722 3309 ejus,
2750 3239 2797 3290 id
2834 3247 2919 3292 e-‘t
2948 3238 2999 3291 in
3046 3238 3239 3292 Christi
3276 3239 3485 3295 Domini

1904 3328 2395 3395 contemplatione,
2445 3328 2533 3396 qui
2588 3328 2733 3382 SUiUS
2784 3327 3153 3380 ina-stimabile
3218 3329 3493 3395 praemium

1906 3419 2165 3488 probatur
2200 3418 2471 3472 Ecclesiae.
2506 3421 2549 3472 0
2596 3430 2774 3485 pastus
2806 3418 2896 3472 ille
2928 3417 3205 3481 mirabilis,
3240 3435 3345 3472 non
3376 3434 3483 3473 cor-

1908 3509 2051 3576 poris
2098 3506 2361 3561 defectiva
2407 3508 2647 3573 refectio,
2703 3508 2795 3562 sed
2857 3507 3245 3561 inextricabilis
3304 3509 3493 3563 anime

1909 3600 2199 3655 fortitudo!
2248 3599 2374 3654 inde
2405 3601 2717 3668 saginantur
2769 3598 2952 3652 ﬁdeles
2979 3616 2990 3650 :
3018 3599 3168 3653 cibus
3208 3602 3364 3669 122
3406 3601 3497 3668 qui

1910 3700 2169 3759 quantum
2200 3690 2379 3754 satiat,
2413 3699 2618 3744 tantum
2643 3690 2849 3744 beatam
2878 3688 3069 3745 fantem
3101 3704 3316 3759 semper
3336 3706 3501 3760 exag-

1908 3792 2081 3851 gerat.

1987 3870 2140 3925 Vers.
2168 3872 2221 3924 b.
2254 3871 2517 3925 Delectare
2547 3872 2599 3924 in
2642 3869 2884 3935 Domino,
2925 3878 2973 3924 et
3000 3869 3140 3922 dabit
3178 3869 3266 3922 tibi
3294 3868 3498 3939 petitio-

1911 3980 2023 4018 nem
2044 3965 2211 4017 cordis
2240 3964 2337 4016 tui.
2374 3962 2665 4016 Delectatio
2692 3973 2743 4017 et
2774 3963 3070 4031 corporalis
3100 3963 3291 4015 dicitur
3320 3970 3375 4015 et
3394 3964 3500 4029 Spi-

1912 4056 2158 4109 ritualis:
2190 4054 2278 4107 illa
2311 4053 2475 4107 nutrit
2501 4054 2648 4116 vitia,
2678 4054 2775 4106 ista
2808 4055 3053 4105 virtutes.
3089 4049 3356 4105 Delectare
3378 4066 3503 4105 cum

1913 4149 2036 4202 dicit
2063 4149 2116 4199 in
2144 4148 2385 4214 Domino,
2413 4160 2630 4199 suavem
2662 4144 2758 4197 tibi
2786 4144 2899 4196 vult
2925 4158 3045 4197 esse
3078 4144 3195 4210 ejus
3244 4142 3499 4195 recorda-

1915 4239 2137 4302 tionem,
2169 4246 2223 4290 ut
2250 4252 2395 4290 ames
2426 4252 2586 4306 quem
2627 4237 2804 4297 times,
2835 4243 2891 4287 ut
2921 4233 3191 4288 desideres
3221 4247 3378 4301 quem
3406 4247 3500 4286 ve-

1914 4332 2069 4394 reris,
2098 4341 2155 4382 ut
2176 4330 2379 4383 ambias
2400 4342 2638 4396 quierere
2661 4343 2818 4396 quem
2844 4327 3106 4395 pavescis.
3138 4324 3501 4394 SequiturzEt
3552 4336 3560 4343 '

1914 4421 2052 4473 dabit
2093 4419 2179 4472 tibi
2212 4420 2504 4487 petitionem
2534 4418 2702 4471 cordis
2752 4418 2847 4470 tui.
2898 4417 3123 4485 ReSpice
3165 4417 3286 4484 quia
3321 4418 3497 4469 cordis

1915 4509 2067 4570 dixit,
2101 4524 2205 4562 non
2240 4508 2435 4568 carnis,
2476 4508 2616 4576 quod
2652 4507 2715 4561 ad
2748 4507 3065 4575 sapientiam
3097 4507 3237 4559 solet
3283 4506 3501 4563 referri.

1911 4599 2089 4651 Cordis
2125 4599 2265 4652 enim
2322 4598 2494 4667 petitio
2552 4608 2636 4652 est
2680 4598 2840 4663 ﬁdes,
2892 4597 3147 4659 Charitas,
3199 4596 3503 4652 illlellecms

1913 4690 2028 4755 Dci,
2058 4700 2113 4745 et
2138 4706 2297 4757 opera
2325 4701 2538 4744 actuum
2572 4690 2853 4744 bonorum.
2885 4687 3000 4757 Ipsa
3047 4688 3191 4741 enim
3221 4692 3500 4743 consuevit

1912 4781 2176 4850 pr0pitius
2219 4795 2479 4847 annuere,
2534 4795 2651 4848 quia
2707 4780 2844 4834 solet
2885 4780 2985 4847 piis
3031 4777 3501 4847 praedicationibus

1914 4868 2226 4922 admonere.
2261 4867 2332 4920 Ita
2364 4868 2587 4938 singulis
2615 4868 2914 4937 quibustptc
2944 4867 3222 4921 sententiis
3246 4866 3312 4921 ad
3341 4876 3515 4927 tolera,

1918 4974 2037 5013 nam
2074 4960 2235 5011 vitam
2261 4958 2581 5012 informatur
2607 4959 2817 5013 animus
2846 4955 3158 5012 Christiani.

1991 5049 2142 5103 ‘v’ers.
2167 5050 2221 5104 5.
2250 5046 2445 5102 (Ξωει.
2473 5048 2657 5101 Revela
2688 5048 2905 5102 Domino
2926 5049 3057 5101 viam
3090 5055 3256 5109 tuam.
3281 5055 3337 5101 et»
3355 5063 3518 5116 spera;

1917 5140 1969 5192 in
1991 5155 2081 5204 eo;
2107 5150 2149 5193 et
2176 5139 2284 5205 ipse
2307 5138 2479 5207 faciet.
2504 5137 2693 5192 Velum
2717 5136 2982 5207 quoddam
3007 5145 3087 5190 est
3110 5136 3351 5191 densitas
3381 5151 3505 5204 pecs

1918 5240 2183 5295 catorum,
2215 5230 2356 5285 unde
2379 5231 2480 5293 via,
2515 5230 2566 5284 id
2606 5240 2687 5284 est
2716 5230 2820 5283 vita
2854 5239 3039 5287 nostra
3064 5230 3331 5283 tenebrosi
3369 5229 3505 5287 ami-

1911 5330 2028 5376 ctus
2097 5320 2517 5376 circumdatione
2569 5320 2758 5374 vestita
2828 5327 2930 5374 est.
2985 5318 3130 5371 Ilanc
3179 5318 3505 5383 revetamus,

1914 5414 2127 5484 quando
2156 5415 2347 5469 delicta
2380 5424 2559 5468 nostra
2605 5410 3001 5481 promptissime
3027 5408 3363 5463 conﬁtemur.
3400 5408 3502 5461 Re-

1913 5505 2096 5559 velavit
2146 5504 2289 5559 enim
2344 5503 2541 5557 Paulus
2582 5502 2854 5571 apostolus
2902 5502 3035 5553 viam
3074 5512 3242 5562 suam,
3290 5498 3504 5565 quando

1914 5592 2045 5647 dixit
2075 5609 2091 5647 :
2123 5592 2253 5646 Caro
2290 5594 2597 5662 concupiscit
2633 5593 2873 5644 adversus
2903 5589 3163 5657 spiritum,
3202 5596 3251 5641 et
3290 5587 3503 5656 spiritus

1915 5686 2158 5740 adversus
2197 5700 2403 5741 carnem
2442 5682 2641 5756 (Galat.
2688 5698 2742 5747 v,
2786 5679 2897 5751 1⁸1).
2943 5678 3179 5749 Speravit
3226 5686 3404 5734 autem
3448 5677 3504 5735 in
