4030 6172
499 311 600 367 259

1715 291 1783 348 ιι.
1827 284 2104 346 summu
2144 260 2546 339 cassmoont

3674 273 3771 325 260

506 426 720 483 Domino
750 422 873 477 dum
898 418 1147 473 clamaret
1176 432 1187 465 :
1214 409 1409 481 Ιριίιτιὲπ
1447 424 1538 477 ego
1576 407 1749 469 homo,
1777 404 1890 473 quis
1922 418 1999 455 me
2021 400 2083 452 ti-
2116 401 2163 459 Α
2192 395 2468 457 deserere,
2500 403 2596 455 per
2621 401 2739 457 qua:
2786 385 2853 439 ad
2906 385 3115 455 culpam
3162 392 3447 455 possumus
3480 389 3776 454 pervenire,

505 517 694 572 berabit
721 514 783 566 de
815 522 1025 577 corpore
1053 512 1230 557 mortis
1259 503 1414 571 hujus
1459 500 1639 568 (Rom.
1670 512 1763 559 vn,
1797 494 1924 563 ‘25)?
1951 492 2087 543 (Ira-

505 619 576 661 tta
601 604 694 658 Dei
725 616 812 670 per
832 597 1008 652 Iesum
1039 593 1299 647 Christum
1344 588 1625 642 Dominum
1651 600 1903 638 nostrum.
1931 579 2091 647 Adje-

504 695 599 758 cit,
645 702 692 745 et
721 669 828 757 ipse
864 686 1017 756 faciet
1040 700 1058 738 :
1080 686 1189 754 ipse
1216 682 1305 750 qui
1336 680 1678 746 omnipotens
1720 681 1802 728 est
1826 689 1839 737 ;
1868 673 1975 742 ipse
2001 669 2090 738 qui

508 795 669 836 manu
702 779 795 832 fort
808 778 853 831 is
882 783 1001 840 est;
1032 775 1141 842 ipse
1163 786 1351 826 revera
1379 768 1530 836 cujus
1554 767 1731 821 omnia
1756 761 2093 833 jussionibus

506 871 892 928 obsecundant.
919 868 985 921 Et
1007 865 1181 934 qualia
1203 873 1326 916 sunt
1353 876 1470 931 quae
1490 861 1598 929 ipse
1617 858 1741 928 facit
1772 872 1868 927 per
1894 867 2090 922 epexe-

506 963 677 1033 gesim
714 960 939 1028 positam
971 956 1157 1010 subter
1174 952 1445 1023 explanat.

584 1053 737 1107 Vers.
770 1049 823 1104 6.
855 1049 923 1103 Et
949 1048 1125 1102 educet
1157 1056 1399 1114 tanquam
1439 1046 1614 1096 lumen
1638 1038 1895 1112 justitiam
1935 1044 2095 1101 tuam,

510 1152 557 1201 et
584 1143 837 1212 iudicium
866 1150 1005 1191 tuum
1032 1138 1164 1191 sicut
1193 1134 1475 1187 meridiem.
1511 1129 1740 1201 Exponit
1766 1126 1909 1197 quod
1936 1140 2098 1193 supe-

515 1236 627 1290 rius
668 1233 822 1297 dixit,
871 1239 917 1284 et
948 1231 1055 1299 ipse
1096 1228 1271 1299 fariet.
1300 1224 1494 1279 Lumen
1538 1221 1669 1278 solis
1709 1219 1918 1275 colores
1949 1217 2101 1272 nobis

512 1324 824 1395 corporales
866 1319 1103 1375 ostendit
1132 1334 1145 1369 :
1172 1316 1346 1385 fulgor
1392 1313 1484 1368 Dei
1524 1326 1750 1381 operum
1796 1318 2100 1363 nostrorum

517 1418 798 1487 qualitates
847 1411 1091 1480 exaperit
1120 1427 1133 1463 :
1161 1418 1219 1463 ut
1258 1406 1465 1477 justitia
1518 1414 1723 1468 nostra,
1767 1401 1820 1455 id
1861 1408 1945 1455 est
1974 1398 2104 1452 lides

516 1522 674 1578 quam
706 1507 966 1559 habemus
994 1504 1044 1555 iu
1075 1500 1289 1554 Christo
1319 1500 1396 1551 sic
1422 1494 1675 1556 reluceat,
1708 1500 1971 1561 quatenus
1992 1489 2101 1557 spi-

518 1598 801 1654 ritualibus
832 1594 1000 1665 possit
1030 1604 1289 1660 apparere
1327 1583 1724 1653 conspectibus.
1755 1579 1987 1633 Educere
2025 1583 2109 1629 est

519 1689 661 1743 enim
689 1685 883 1754 aliquid
916 1683 982 1737 de
1020 1680 1258 1735 tenebris
1288 1678 1352 1730 ad
1398 1677 1572 1727 lumen
1607 1672 1848 1730 trahere;
1902 1666 2002 1719 hoc
2026 1672 2109 1719 est

2196 482 2434 544 Addidit,
2466 497 2529 534 ne
2555 479 2807 532 wittnleris
2839 488 2890 530 ut
2916 479 3141 546 nequiter
3162 478 3343 546 facias.
3369 477 3668 547 Nequitiam
3691 495 3781 534 ve-

2196 584 2340 630 teres
2365 572 2685 629 deﬁnierunt
2711 570 3063 624 Voluntariam
3089 584 3208 624 esse
3238 569 3514 635 malitiam,
3546 572 3599 625 in
3623 588 3778 641 quam

2198 683 2305 723 non
2334 681 2461 720 casu
2495 664 2658 719 incidi
2684 679 2805 727 ..us,
2840 664 2934 718 sed
2962 670 3257 733 spontanea
3286 663 3641 719 delectatime
3666 680 3784 719 ver-

2196 772 2403 813 sanmr.
2445 755 2593 809 llauc
2624 753 2932 822 frequenter
2959 752 3207 822 prohibet
3240 767 3307 807 ne
3345 752 3464 822 quis
3504 754 3633 808 velit
3666 754 3785 809 imi-

2197 851 2319 905 tari.
2366 849 2604 918 Nequam
2654 847 2797 901 enim
2844 846 3018 900 dictus
3066 854 3149 901 est
3194 859 3549 914 nequaquam,
3600 846 3651 900 id
3700 857 3787 902 est

2199 941 2350 996 nullo
2377 948 2621 1009 tempore
2651 948 2829 1006 aptus.

2274 1032 2428 1087 Vers.
2460 1031 2548 1086 10.
2583 1028 2838 1095 Quoniam
2858 1029 2943 1098 qui
2959 1029 3185 1097 nequiter
3200 1038 3357 1099 agunt
3377 1031 3794 1084 exterminabun-

2200 1132 2318 1186 tur;
2362 1122 2451 1192 qui
2499 1138 2614 1175 vero
2654 1130 2949 1192 exspectant
3001 1120 3302 1187 Dominum,
3349 1122 3450 1191 ipsi
3495 1123 3799 1178 hereditate

2200 1214 2524 1287 possidebunt
2553 1224 2763 1268 terram.
2794 1214 2998 1283 Duplex
3021 1228 3183 1269 causa
3214 1216 3531 1283 preponitur
3552 1224 3608 1269 et
3635 1217 3797 1281 tigno-

2203 1310 2277 1363 ris
2304 1317 2359 1362 et
2386 1306 2650 1372 muneris,
2680 1314 2739 1360 ut
2769 1303 3008 1359 :emulari
3054 1305 3318 1373 pessimos
3356 1303 3575 1360 minime
3603 1306 3798 1375 cupia—

2206 1417 2343 1456 mus.
2367 1400 2412 1457 Ο
2438 1400 2618 1462 homo,
2660 1398 2787 1469 quid
2832 1399 2953 1453 illos
2984 1398 3180 1453 imitari
3213 1398 3491 1454 desideras
3532 1413 3670 1469 quos
3703 1415 3802 1469 pe-

2206 1491 2316 1546 rire
2348 1489 2697 1559 prospectas?
2724 1488 2893 1542 Audis
2924 1504 2953 1541 a
2988 1496 3159 1543 matie
3185 1503 3302 1556 quae
3329 1497 3381 1543 te
3407 1487 3598 1557 diligit,
3626 1503 3801 1557 quare

2208 1596 2330 1637 cum
2363 1579 2517 1635 bonis
2548 1595 2653 1633 non
2695 1578 2946 1648 gaudeas,
2997 1594 3063 1633 ne
3096 1587 3149 1632 te
3191 1593 3311 1633 eum
3344 1578 3590 1647 pessimis
3618 1582 3800 1647 perire

2207 1673 2513 1743 contingat?
2558 1670 2923 1735 Exterminari,
2973 1680 3056 1725 est
3096 1671 3242 1725 foras
3274 1673 3532 1727 terminos
3580 1672 3797 1741 projici,

522 1778 591 1833 de
633 1775 810 1830 seculi
846 1774 995 1826 isﬁus
1025 1771 1257 1838 caligine
1301 1766 1365 1819 ad
1403 1765 1543 1818 illam
1577 1761 1736 1815 futuri
1763 1757 1948 1828 iudicii
1992 1770 2105 1824 ρετ·
2142 1788 2184 1845 Β
2215 1766 2267 1820 id
2300 1774 2382 1820 est
2411 1766 2478 1817 ab
2501 1764 2590 1819 illa
2625 1764 2715 1818 Dei
2744 1765 2959 1817 civitate
2987 1762 3243 1816 fraudari.
3271 1763 3376 1817 Sed
3410 1778 3476 1818 ne
3510 1778 3535 1817 s
3575 1764 3655 1817 lus
3683 1780 3804 1821 me-

520 1866 716 1920 ducere
758 1864 1074 1925 claritatem,
1104 1859 1192 1912 ubi
1220 1855 1400 1911 omnia
1432 1855 1602 1923 palam
1651 1852 1806 1915 ﬁunt,
1838 1863 1935 1902 nec
1966 1847 2101 1900 ulte-

521 1958 630 2011 rius
658 1953 958 2010 tenebrosis
996 1950 1230 2005 latibulis
1260 1946 1596 2001 occuluntur.
1642 1942 1978 2009 Quapropter
2008 1938 2103 2007 ju-

525 2048 664 2100 stitia
692 2054 892 2109 nostra,
927 2056 1104 2109 quam,
1140 2039 1249 2092 Deo
1278 2038 1531 2099 donante,
1583 2047 1720 2086 nunc
1753 2030 2010 2084 habemus
2050 2027 2103 2081 in

525 2138 648 2200 ﬁde,
682 2148 804 2189 tunc
854 2134 1100 2185 humanis
1147 2142 1377 2196 conspec
1404 2128 1519 2180 ibus
1565 2121 1861 2191 apparebit,
1898 2128 1951 2173 et
1989 2126 2108 2171 tan-

524 2241 680 2296 quam
723 2226 899 2276 lumen
948 2223 1263 2289 proferetur,
1311 2233 1431 2271 eum
1476 2228 1598 2282 spes
1640 2221 1821 2265 nostra
1861 2208 2107 2263 Christus

525 2314 869 2375 ostendetur;
903 2312 1039 2364 sicut
1074 2309 1197 2361 dicit
1232 2306 1517 2373 Apostolus
1549 2301 1714 2356 :Cum
1746 2300 1979 2353 Christus
2009 2315 2106 2366 ap-

528 2409 751 2478 paruerit
782 2406 883 2457 vita
929 2413 1113 2463 vestra,
1153 2412 1272 2452 tunc
1299 2408 1344 2451 et
1384 2413 1469 2449 uos
1510 2412 1621 2447 cum
1654 2394 1767 2462 ipso
1798 2388 2109 2461 apparebitis

526 2504 578 2555 in
609 2500 769 2570 gloria
804 2495 1027 2565 (Coloss.
1060 2509 1136 2558 ttt,
1163 2493 1239 2561 4).
1279 2490 1547 2555 Tanquam
1578 2485 1862 2549 meridiem,
1895 2497 1990 2550 per
2016 2481 2110 2551 hy—

530 2591 784 2662 perbolen
817 2589 1015 2642 dictum
1043 2595 1157 2648 est;
1194 2581 1462 2650 signiﬁcat
1490 2579 1634 2633 enim
1674 2575 2028 2629 clarissimam
2056 2580 2114 2626 et

531 2684 870 2753 purissimam
917 2680 1111 2733 lucem.
1159 2677 1310 2730 Tune
1341 2687 1567 2742 namque
1616 2670 1693 2725 sol
1726 2670 1909 2723 orbem
1940 2676 2105 2721 terra-

529 2791 646 2830 tzutn
675 2774 835 2827 nimia
867 2771 1107 2825 claritate
1138 2766 1428 2837 perfundit,
1462 2774 1516 2818 et
1537 2770 1754 2816 cunctas
1783 2760 1967 2815 mundi
1993 2774 2111 2829 par-

531 2879 611 2921 tes
637 2867 916 2936 perSpieun
948 2866 1149 2931 fulgore
1178 2863 1471 2916 collustrat.

604 2959 756 3013 νοις.
783 2960 834 3011 7.
870 2958 1109 3010 DALET“.
1145 2954 1390 3009 Subditus
1421 2960 1526 3005 esto
1556 2949 1797 3013 Domino,
1839 2956 1887 3001 et
1909 2946 2112 2999 obsecra

530 3070 679 3119 eum;
713 3069 773 3105 ne
801 3052 1065 3104 rcmulatns
1106 3049 1262 3116 fueris
1306 3063 1419 3098 eum
1456 3046 1538 3114 qui
1580 3048 1912 3113 prosperatur
1954 3039 2006 3091 in
2031 3038 2113 3090 via

2213 1865 2296 1909 tus
2355 1854 2619 1909 imbecilla
2671 1854 2941 1906 hominum
2990 1853 3153 1906 corda
3198 1853 3464 1920 turbaret,
3519 1854 3803 1923 subjungit

2209 1946 2371 2001 etiam
2417 1959 2564 2013 spem
2619 1943 2907 2009 bonorum,
2946 1943 3167 1996 dicens:
3203 1942 3304 2006 Qui
3344 1959 3459 1996 vero
3506 1955 3807 2011 exsp‘ctant

2211 2037 2628 2105 Dominum,ipsi
2647 2034 2943 2088 hwreditate
2974 2035 3300 2104 possidebunt
3339 2048 3563 2101 terram;
3589 2039 3808 2093 scilicet

2210 2130 2299 2199 qui
2332 2130 2633 2197 despiciunt
2670 2129 2972 2182 felicitatem
3020 2129 3328 2198 impiorum,
3358 2145 3457 2184 nec
3488 2131 3585 2183 sibi
3613 2131 3809 2185 volunt

2212 2234 2434 2273 munera
2464 2220 2745 2287 przesentia
2772 2219 3085 2283 condonari,
3116 2220 3207 2274 sed
3232 2229 3543 2288 exspectant
3576 2220 3801 2276 Domini

2211 2307 2511 2362 Salvatoris
2556 2308 2867 2361 adventum.
2920 2309 3021 2376 Ipsi
3073 2312 3187 2377 ejus
3238 2304 3548 2365 Increditate
3593 2312 3806 2379 gaude-

2212 2402 2365 2467 bunt,
2399 2399 2450 2453 id
2482 2410 2563 2453 est
2586 2416 2702 2468 quae
2731 2400 2935 2468 legibus
2967 2400 3130 2465 venit,
3157 2417 3273 2470 qum
3296 2417 3484 2456 secura
3512 2412 3565 2455 et
3594 2390 3810 2457 arter'na

2211 2504 2309 2549 est.
2346 2492 2689 2545 Possidebunt
2727 2502 2934 2555 terram,
2970 2493 3071 2546 hoc
3120 2501 3201 2545 est
3231 2491 3442 2546 civit'tte
3474 2492 3683 2546 Domini
3724 2493 3811 2546 ιυ-

2213 2593 2328 2641 tura
2360 2586 2651 2655 potientur,
2682 2600 2839 2653 quam
2862 2584 3021 2652 justis
3060 2584 3191 2638 viris
3219 2585 3399 2638 divina
3444 2586 3611 2652 pietas
3646 2586 3809 2653 polli~

2214 2687 2388 2732 cetur.
2418 2676 2755 2745 Quapropter
2781 2676 3022 2729 ordinem
3056 2678 3269 2745 superni
3294 2677 3636 2745 chirographi
3674 2693 3809 2731 cono

2214 2767 2538 2831 sideremus,
2591 2766 2822 2834 poilicita
2871 2768 2981 2824 suis
3012 2766 3339 2833 temporibus
3379 2777 3812 2833 exspectemus:

2215 2874 2283 2913 ne
2314 2859 2438 2912 dum
2464 2857 2710 2912 volumus
2743 2855 3006 2924 promissa
3052 2856 3367 2909 festinanter
3398 2859 3630 2926 exigere,
3677 2871 3813 2911 cau-

2216 2966 2293 3006 sae
2326 2965 2423 3006 nos
2450 2950 2725 3004 videamur
2757 2950 3045 3011 amissione
3072 2949 3349 3003 mulctare.
3383 2950 3583 3003 Pendet
3620 2962 3814 3005 autem

2221 3059 2410 3098 versus
2440 3043 2540 3097 iste
2572 3042 2637 3095 de
2674 3042 3037 3111 superioribus
3064 3057 3077 3105 ;
3104 3040 3243 3101 unde
3271 3042 3418 3105 dicit,
3460 3039 3537 3093 Ne
3575 3044 3808 3094 ωηιιιια-

528 3161 642 3205 sua.
669 3143 914 3199 Subditus
942 3150 1013 3193 est
1043 3138 1257 3190 Domino
1282 3138 1439 3189 etiam
1467 3138 1555 3202 qui
1589 3134 1656 3187 al)
1685 3132 1800 3199 ejus
1830 3130 1933 3183 fide
1960 3128 2106 3181 Vidc-
2134 3137 2176 3197 C
2210 3146 2290 3189 tas
2322 3134 2480 3204 fueris
2510 3148 2623 3185 eum
2650 3133 2735 3198 qui
2765 3139 3093 3200 prosperatur
3130 3131 3181 3183 in
3211 3131 3287 3183 via
3317 3146 3433 3183 sua.
3469 3130 3597 3196 Qua:
3629 3128 3811 3197 ﬁgura

529 3243 615 3286 tttr
661 3235 887 3292 alienus,
938 3236 1202 3297 potestate
1245 3224 1643 3288 dominationis,
1694 3237 1797 3274 non
1850 3218 2110 3274 electione

530 3325 731 3389 iudicii.
790 3322 892 3376 Sed
945 3330 1001 3374 ut
1048 3320 1147 3375 hoc
1200 3319 1266 3372 de
1330 3316 1527 3371 sanctis
1582 3315 1781 3367 dictum
1834 3311 2109 3365 debuisses

529 3426 841 3481 agnoscere,
870 3411 1127 3478 sequitur.
1162 3416 1207 3459 et
1231 3406 1433 3459 obsecra
1463 3420 1606 3468 eum;
1639 3402 1778 3470 quod
1812 3400 1994 3468 utique
2024 3398 2105 3450 fa-

528 3519 651 3557 cere
680 3503 940 3564 nesciunt,
978 3500 1076 3554 nisi
1106 3500 1193 3568 qui
1238 3498 1322 3566 pia
1360 3496 1584 3551 Domino
1626 3493 1911 3548 devotione
1943 3494 2108 3543 tamu-

530 3595 723 3649 lantur.
765 3592 1040 3645 Obsecrare
1079 3592 1273 3660 quippe
1320 3588 1586 3657 signiﬁcat
1633 3587 1992 3654 obsequenter
2021 3596 2109 3635 ro-

528 3700 676 3754 gare.
707 3685 767 3737 Et
798 3692 920 3737 nota
948 3680 1089 3751 quod
1126 3681 1240 3736 btec
1269 3681 1375 3734 duo
1404 3679 1719 3749 regulariter
1747 3677 1918 3746 posita
1962 3684 2103 3737 sunt,

529 3787 589 3831 ut
616 3787 668 3830 et
695 3778 829 3829 bene
871 3790 1110 3843 agamus,
1157 3783 1211 3829 et
1255 3788 1469 3841 semper
1502 3785 1774 3847 rogemus,
1806 3768 1945 3823 sicut
1982 3767 2110 3821 dicit

532 3867 856 3936 Apostolus:
887 3866 1119 3919 Orationi
1166 3867 1432 3929 instantes,
1476 3862 1860 3917 necessitatibus
1891 3869 2107 3913 sancto-

530 3975 641 4012 rum
664 3958 1090 4012 communicantes
1130 3955 1306 4026 (Rom.
1348 3971 1442 4021 xu,
1478 3955 1587 4025 l2).
1639 3953 1797 4008 Redit
1843 3952 2002 4007 etiam
2042 3951 2107 4005 ad

532 4050 675 4104 illam
705 4048 1173 4103 commonitionem
1207 4045 1348 4100 unde
1376 4046 1613 4115 psalmus
1640 4044 1762 4098 iecit
1784 4043 2019 4107 initium;
2053 4050 2111 4095 ut

533 4147 869 4210 peccatorem
920 4139 1194 4192 ﬂorentem
1255 4136 1426 4191 ﬁdelis
1479 4149 1585 4189 non
1637 4133 1829 4190 debeat
1885 4131 2104 4187 imitari.

531 4229 663 4283 Nam
696 4228 815 4283 ideo
853 4227 1088 4281 additum
1121 4236 1226 4292 est,
1258 4224 1324 4278 In
1355 4228 1437 4279 via
1475 4242 1591 4290 sua,
1649 4235 1705 4279 ut
1738 4239 1840 4279 non
1873 4234 2104 4287 sanctos,

534 4320 627 4374 sed
656 4319 972 4372 criminosos
996 4318 1292 4385 intelligere
1312 4317 1609 4371 debuisses.
1637 4314 1833 4369 Christi
1861 4310 2106 4367 enim'via

534 4407 643 4459 sola
693 4406 831 4458 bona
873 4414 973 4471 est,
1020 4414 1201 4459 nostra
1247 4419 1375 4458 vero
1428 4402 1662 4473 peccatis
1689 4403 1944 4457 obnoxia.
1975 4401 2105 4455 Nam

2215 3227 2411 3281 dicitur
2455 3226 2808 3296 hyperbaton,
2840 3238 2961 3278 cum
3004 3238 3297 3292 suspensus
3343 3222 3476 3276 ordo
3518 3222 3812 3279 verborum

2215 3317 2440 3372 inferius
2472 3317 2792 3384 explicatur.

2287 3406 2436 3460 Vers.
2472 3407 2557 3459 11.
2597 3406 2729 3459 Van.
2764 3405 2830 3458 Et
2857 3406 3099 3472 pusillum
3139 3403 3306 3457 adhuc
3337 3414 3383 3457 et
3414 3422 3513 3457 non
3559 3406 3649 3456 erit
3684 3421 3817 3471 pec-

2212 3505 2386 3560 cator;
2432 3504 2477 3548 et
2517 3511 2713 3564 quaeres
2752 3496 2918 3547 locum
2948 3497 3059 3564 ejus
3104 3510 3193 3545 nec
3244 3493 3483 3546 invenies.
3519 3491 3813 3557 Pusillum,

2211 3591 2459 3659 exiguum
2492 3590 2691 3659 aliquid
2736 3607 3064 3659 parvumque
3091 3590 3374 3658 signiﬁcat,
3402 3590 3541 3659 quod
3570 3593 3818 3646 constri-

2212 3682 2312 3736 ctis
2338 3682 2515 3748 digitis
2545 3697 2701 3735 manu
2737 3684 2902 3750 possit
2932 3682 3149 3734 includi.
3189 3679 3443 3733 Pusiflum
3466 3683 3605 3734 enim
3636 3697 3665 3733 a
3703 3700 3817 3749 pu-

2219 3786 2324 3842 gno
2358 3772 2574 3825 dicitur.
2616 3771 2763 3825 lianc
2795 3771 3008 3825 brevem
3051 3784 3211 3839 atque
3241 3771 3480 3825 ultimam
3509 3779 3726 3824 aetatem
3759 3771 3816 3825 in

2211 3864 2448 3918 remedio
2489 3864 2844 3918 laborantium
2891 3863 3129 3917 Ecclesia
3172 3863 3490 3931 pollicetur:
3522 3878 3588 3917 ne
3638 3865 3809 3932 longa

2211 3955 2477 4021 credatur,
2511 3955 2598 4009 ubi
2633 3954 2804 4008 ﬁdelis
2845 3954 3049 4023 fatigari
3092 3969 3245 4021 posse
3291 3953 3650 4023 cognoscitur.
3692 3954 3813 4007 Pu-

2211 4049 2381 4101 sillum
2402 4064 2531 4102 vero
2559 4047 2689 4101 dicit
2732 4056 2943 4115 tempus
2975 4047 3115 4115 quod
3162 4056 3326 4101 restat
3355 4062 3521 4115 usque
3559 4046 3625 4099 ad
3658 4047 3814 4101 diem

2206 4136 2416 4205 judicii,
2446 4137 2585 4206 quod
2609 4135 3005 4204 comparatione
3032 4136 3420 4203 praeteritorum
3450 4135 3656 4189 dierum
3687 4144 3815 4188 0m-

2212 4232 2339 4285 nino
2367 4230 2739 4300 parvissimum
2770 4238 2872 4283 est.
2904 4227 2970 4280 Et
2998 4245 3097 4282 non
3120 4230 3211 4280 erit
3238 4236 3507 4297 peccator;
3540 4243 3645 4281 non
3676 4227 3813 4297 quia

2213 4321 2326 4391 ipse
2352 4322 2438 4390 qui
2468 4319 2709 4389 peccavit
2749 4334 2851 4373 non
2879 4320 3011 4383 erit;
3055 4319 3146 4372 sed
3179 4331 3400 4387 peccare
3424 4317 3534 4387 jam
3565 4317 3811 4373 desinet.

2212 4410 2404 4463 Locum
2439 4409 2580 4463 enim
2611 4410 2721 4478 ejus
2752 4408 2909 4461 istum
2951 4406 3209 4461 mundum
3242 4407 3525 4476 signiﬁcat,
3555 4406 3645 4475 qui
3677 4422 3819 4476 pec-

535 4494 638 4548 hoe
688 4493 827 4561 quod
881 4492 1141 4559 dicimus,
1199 4502 1254 4548 et
1308 4508 1539 4562 sequens
1595 4508 1783 4547 versus
1832 4494 2109 4549 evidenter
2140 4501 2487 4564 nemoribus
2536 4500 2698 4565 favet,
2744 4501 3067 4568 proprieque
3106 4499 3204 4568 ipsi
3232 4501 3449 4553 amicus
3495 4502 3815 4572 est:123

534 4585 790 4640 ostendit.

609 4674 756 4731 \‘ers.
794 4676 844 4731 8.
871 4675 935 4729 In
958 4674 1159 4729 homine
1188 4676 1405 4744 faciente
1431 4676 1766 4743 iniquitatem.
1810 4675 1904 4730 llic
1930 4675 2110 4729 decla-

535 4769 671 4823 ravit
692 4767 829 4836 quod
862 4767 1106 4835 superius
1137 4767 1267 4819 dixit
1296 4784 1311 4821 :
1345 4768 1443 4832 Qui
1467 4777 1793 4836 prosperatur
1813 4767 1863 4819 in
1889 4767 1967 4819 uia
1987 4783 2102 4835 sua,

536 4862 639 4913 hoc
664 4868 763 4924 est,
794 4861 846 4911 in
868 4860 1067 4911 homine
1091 4860 1306 4928 faciente
1324 4861 1662 4927 iniquitatem,
1691 4859 1771 4911 vel
1796 4860 2105 4927 nequitiam,

535 4951 686 5019 cuius
713 4959 861 5004 actus
888 4952 1054 5017 turpis
1084 4961 1162 5005 est
1195 4960 1247 5004 et
1275 4949 1531 5004 ﬁccilenta
1565 4952 1794 5020 negoia.

608 5043 759 5097 Vers.
794 5043 845 5097 9.
881 5043 979 5095 lla.
1023 5042 1205 5096 Desine
1243 5044 1305 5095 ab
1343 5044 1421 5096 ira
1450 5052 1495 5096 et
1534 5044 1825 5111 derelinque
1846 5043 2107 5110 furorem;

532 5152 597 5190 ne
629 5135 883 5188 wmuleris
924 5144 980 5186 ut
1028 5136 1253 5203 nequiter
1294 5136 1474 5202 facias.
1518 5133 1706 5186 Desine
1754 5134 1828 5186 illi
1859 5133 1985 5187 dict
2015 5134 2104 5199 qui

535 5227 707 5281 adhuc
739 5227 922 5280 insano
947 5226 1107 5279 animi
1134 5235 1339 5280 tumore
1363 5235 1740 5290 remurmurat,
1771 5226 1858 5293 qui
1890 5225 2103 5279 inﬁam-

534 5327 706 5371 matus
736 5317 811 5370 ira
853 5325 905 5370 et
933 5316 1291 5383 indignatione
1338 5316 1642 5385 blaspheme
1686 5316 1843 5369 verba
1885 5316 2105 5384 profun-

534 5408 643 5473 dit;
678 5417 733 5461 ut
762 5408 859 5461 sibi
890 5406 1194 5460 felicitatem
1240 5418 1481 5474 negatam
1511 5406 1689 5459 smculi
1719 5416 2100 5475 ennqueratur,

535 5512 692 5564 quam
742 5498 937 5552 habere
968 5498 1228 5566 pessimos
1272 5507 1572 5549 contuetur.
1621 5495 1711 5549 Ira
1741 5504 1840 5558 est,
1888 5498 2024 5549 sicut
2054 5504 2108 5549 et

534 5590 658 5641 alibi
687 5589 938 5657 diximus,
972 5606 1088 5660 qum
1126 5591 1288 5645 celeri
1337 5601 1482 5645 motu
1528 5594 1761 5645 animum
1793 5591 2105 5656 succendit;

540 5684 678 5746 (uror
700 5682 786 5748 qui
818 5683 1013 5737 diutius
1043 5695 1367 5753 perseverat.
1410 5684 1547 5755 Ergo
1588 5694 1809 5754 utraque
1839 5698 1935 5738 nos
1959 5684 2112 5753 jubet

2216 4591 2305 4645 ubi
2337 4602 2583 4659 tanquam
2612 4589 2665 4644 iu
2710 4589 2981 4644 domicilio
3017 4604 3115 4643 suo
3143 4590 3333 4644 delicta
3362 4605 3586 4644 vernare
3630 4598 3822 4646 mani-

2218 4681 2414 4736 festum
2443 4691 2544 4735 est.

2282 4773 2432 4827 Vers.
2486 4772 2571 4826 Η.
2622 4770 2877 4824 Mansueti
2913 4780 3078 4825 autent
3121 4773 3449 4837 possidebunt
3489 4783 3717 4835 terram,
3756 4786 3813 4827 et

2214 4864 2593 4918 delectabantur
2622 4863 2673 4914 in
2715 4863 3044 4915 multitudine
3072 4865 3234 4933 pacis.
3279 4862 3570 4915 Mansuetos
3608 4865 3815 4929 appel-

2216 4949 2384 5010 lamus
2416 4970 2573 5008 manu
2603 4964 2907 5017 consuetos,
2945 4954 2993 5007 id
3025 4964 3102 5007 est
3130 4955 3394 5024 patientes
3424 4963 3478 5008 et
3505 4956 3683 5021 mites,
3714 4956 3818 5023 qui

2215 5048 2419 5100 alienas
2457 5046 2762 5114 iniquitates
2795 5046 3042 5109 tolerant,
3073 5062 3176 5098 non
3210 5054 3266 5098 ut
3296 5047 3391 5114 ipsi
3422 5046 3651 5115 aliquem
3678 5062 3820 5114 gra-

2220 5153 2346 5192 vare
2379 5148 2723 5206 prmsumant.
2765 5136 2869 5191 Sed
2908 5138 3026 5192 vide
3069 5148 3265 5206 quanta
3310 5139 3389 5191 vis
3417 5138 3483 5191 sit
3515 5138 3667 5192 istius
3700 5155 3813 5189 nn,

2214 5230 2391 5292 minis,
2421 5237 2475 5281 ut
2498 5242 2617 5281 cum
2664 5228 2947 5280 multarum
2980 5228 3231 5282 virtutum
3264 5242 3512 5295 capacem
3554 5242 3674 5281 esse
3703 5230 3817 5280 de-

2211 5330 2330 5375 ceat
2355 5320 2711 5373 Christianum
2740 5359 2752 5381 ,
2786 5321 2849 5371 ad
2898 5321 3279 5387 perfectionem
3327 5321 3488 5372 totius
3536 5319 3656 5372 boni
3704 5334 3820 5371 ex-

2210 5413 2507 5481 plicandam
2572 5422 2781 5467 eunstet
2831 5414 3085 5466 edictum.
3136 5413 3242 5467 llus
3306 5414 3437 5467 dicit
3484 5430 3822 5481 possesmros

2212 5504 2508 5557 Jerusalem
2560 5501 2787 5556 futuram
2816 5546 2829 5569 ,
2864 5504 2929 5556 de
2975 5519 3079 5572 qua
3118 5518 3259 5574 smpe
3295 5504 3402 5572 jam
3446 5504 3642 5556 dictum
3695 5515 3819 5559 est.

2214 5593 2415 5647 Civitas
2440 5609 2555 5662 qua:
2586 5608 2796 5662 semper
2829 5594 3088 5648 bonorum
3117 5595 3376 5648 suavitate
3399 5596 3658 5663 completa
3692 5606 3820 5660 est,

2219 5684 2302 5740 ubi
2333 5684 2447 5754 ejus
2480 5684 2802 5737 habitatores
2852 5701 2953 5739 non
2988 5687 3252 5741 mercibus
3298 5687 3490 5756 degunt
3522 5725 3537 5751 ,
3585 5684 3669 5739 sed
3719 5686 3821 5739 ἀπ’
