4030 6172
242 278 331 333 ⁸264
1147 287 1505 346 ΕΧΓΟΞΙΤΙΟ
1545 291 1611 345 lN
1654 291 1838 347 PS.\L'

1942 291 2109 349 ιιυΜ.
2153 293 2348 350 PSAL.
2394 293 2633 349 XXXVI.

3428 300 3529 355 23-9

242 393 353 445 \‘iua
385 393 757 451 delectatione
788 408 1098 466 pascuntur.
1129 401 1243 456 Non
1277 402 1347 456 ibi
1381 404 1659 474 quisquam
1687 404 1838 459 labo-
1867 406 1919 466 Λ
1945 406 2138 475 quitur,
2172 416 2225 461 ut
2254 409 2496 479 dejiciant
2525 410 2724 479 inopem
2753 417 2799 464 et
2828 424 3124 479 pauperem.
3156 412 3290 481 Quid
3323 415 3532 471 intersit

240 495 316 536 rat
344 492 404 538 ut
436 486 617 551 vivat,
639 488 735 542 sed
767 503 832 544 ex
880 500 991 545 toto
1026 493 1236 563 quietus
1264 496 1457 563 accipit
1482 497 1619 566 quod
1649 498 1833 554 beatus

238 577 449 632 animus
484 580 862 649 concupiscit:
905 582 975 638 ibi
1015 586 1186 639 oculis
1218 587 1395 641 cordis
1436 589 1588 643 beata
1632 591 1835 646 esuries

237 669 547 737 saginatur;
580 672 657 726 ihi
680 675 857 727 anima
880 676 996 730 solo
1020 678 1139 731 visu
1168 680 1423 744 reﬁcitur,
1448 682 1660 750 quando
1683 683 1836 751 quid-

222 760 356 831 .quid
392 762 467 815 ad
512 763 636 830 ejus
676 767 911 833 pertinet
947 768 1271 825 desiderium
1297 811 1312 836 ,
1359 772 1619 828 Dominici
1658 774 1835 829 vultus

225 855 704 922 contemplatione
752 867 1055 925 praestatur.
1106 861 1399 932 Sequitur,
1447 864 1837 920 delectabantur

238 940 653 1000 multitudine
697 950 861 1013 pacis.
916 951 1015 1007 Hic
1046 953 1158 1021 jam
1194 956 1394 1010 veritas
1426 955 1542 1025 ipsa
1583 956 1835 1027 perfectae

237 1034 592 1094 beatitudinis
632 1040 930 1107 indicatur;
984 1053 1041 1099 ut
1088 1061 1302 1115 semper
1350 1049 1590 1105 suaviter
1635 1051 1835 1107 sentia-

240 1131 318 1179 tur
352 1141 527 1184 mune
558 1135 704 1199 quod
743 1142 826 1188 est
851 1175 866 1199 ,
911 1151 1011 1191 nec
1048 1137 1336 1206 aliquando
1373 1142 1543 1209 possit
1579 1143 1833 1201 desinere

236 1217 373 1282 quod
403 1217 669 1276 delectat.
703 1222 832 1279 Nam
866 1236 922 1280 ut
951 1229 1259 1286 ostenderet
1302 1232 1470 1301 ipsam
1509 1232 1829 1289 delectatio-

237 1322 355 1361 nem
408 1312 562 1365 nulla
620 1317 1005 1373 contrarietate
1062 1320 1280 1376 dissolvi
1309 1364 1323 1385 ,
1364 1323 1572 1378 addidit
1618 1326 1672 1379 in
1698 1327 1834 1379 mul-

236 1402 460 1456 titudine
497 1408 666 1473 pacis.
706 1407 820 1462 Pax
856 1412 998 1465 enim
1031 1412 1191 1469 futuri
1221 1418 1404 1471 szeruli
1445 1428 1547 1485 cst,
1581 1419 1667 1473 ubi
1702 1420 1832 1473 nihil

235 1493 527 1549 adversum
554 1538 571 1559 ,
614 1499 748 1553 nihil
793 1512 965 1570 potest
1004 1519 1121 1559 esse
1161 1509 1489 1561 contrarium
1518 1550 1532 1573 ,
1584 1510 1677 1564 sed
1730 1526 1760 1564 u
1786 1525 1834 1565 .o

211 1584 286 1634 ‘m
325 1583 400 1636 do
430 1596 673 1654 ereptum
712 1592 960 1659 gaudium
1000 1598 1313 1652 suaviSsime
1354 1612 1679 1668 perseverat.

304 1677 467 1732 Vers.
504 1681 591 1733 l3.
625 1682 773 1737 lus.
810 1685 1098 1742 Observabit
1128 1704 1360 1759 peccator
1393 1694 1612 1763 justum,
1645 1706 1691 1749 et
1725 1697 1829 1764 [re-

1940 496 2078 551 inter
2116 500 2319 569 inapem
2355 510 2402 553 et
2440 517 2713 570 pauperem
2741 541 2757 566 ,
2808 516 2913 555 non
2958 502 3117 573 longe
3164 505 3530 573 praediximus.

1940 587 2167 642 Pulchre
2192 598 2370 643 autem
2408 590 2608 644 dictum
2647 599 2757 655 est,
2792 600 2842 643 ut
2880 590 3161 661 dejiciant,
3199 597 3349 661 quasi
3386 606 3533 651 stan-

1939 686 2042 732 tem
2084 686 2138 732 et
2179 677 2301 731 fidei
2330 678 2525 732 robore
2552 680 2955 747 perdurantem.
3002 677 3328 752 Dejiciuntur
3360 687 3529 753 enim,

1937 767 2062 822 dum
2093 770 2172 824 eis
2204 770 2520 824 tenebrosus
2551 779 2606 824 et
2632 772 2788 824 morti
2812 771 3006 825 similis
3032 788 3182 827 error
3211 773 3527 832 infunditur.

1938 859 2189 929 Additur,
2224 867 2276 913 ut
2305 860 2557 913 trucident
2584 868 2747 914 rectos
2774 860 2943 914 corde.
2978 862 3088 917 lluc
3114 865 3179 919 de
3206 865 3531 936 martyribus
3556 936 3561 945 '

1937 960 2112 1021 potest
2140 951 2389 1023 intelligi,
2421 952 2513 1022 qui
2552 952 2683 1008 recti
2714 964 2842 1008 sunt
2869 955 3067 1022 corde,
3099 956 3194 1011 sed
3219 973 3383 1018 carne
3412 973 3527 1019 tru-

1939 1044 2210 1099 cidantur.

2010 1136 2163 1191 Vere.
2214 1133 2302 1190 l6.
2341 1134 2554 1189 Tueru.
2600 1133 2819 1190 Gladius
2866 1153 3041 1191 eorum
3086 1138 3237 1195 intret
3271 1142 3326 1196 in
3363 1145 3526 1199 corda

1934 1226 2194 1297 ipsorum,
2236 1234 2282 1280 et
2309 1242 2462 1279 arcus
2510 1241 2684 1280 eorum
2732 1227 3108 1300 confringatur.
3148 1230 3290 1287 Bene
3335 1232 3533 1292 dicitur

1937 1316 2143 1389 gladius
2172 1316 2429 1386 quidquid
2460 1325 2687 1372 conatur
2717 1319 3099 1389 exstinguere,
3132 1323 3347 1391 quando
3382 1326 3533 1382 ensis

1936 1408 2262 1477 expletivam
2292 1423 2461 1477 genus
2502 1423 2772 1462 armorum
2812 1418 2897 1464 est
2925 1410 2990 1464 ad
3030 1414 3219 1469 mortis
3258 1414 3530 1479 allectum.

1939 1500 2155 1555 Gladius
2185 1502 2328 1555 enim
2360 1501 2555 1555 dicitur
2580 1542 2593 1564 ,
2636 1503 2725 1570 qui
2759 1503 2815 1557 ﬁt
2842 1504 2906 1557 ad
2941 1506 3170 1560 hostium
3218 1507 3419 1562 clades.
3464 1510 3530 1563 Et

1936 1602 1988 1644 ut
2023 1592 2159 1645 scias
2192 1592 2423 1659 gladium
2457 1592 2615 1645 istum
2658 1591 2724 1646 de
2753 1594 3079 1663 cogitatione
3111 1597 3355 1662 venisse,
3386 1601 3529 1654 rcci-

1940 1698 2099 1749 proca
2130 1684 2390 1735 sententia
2428 1682 2591 1749 dixit,
2625 1685 2777 1737 intret
2817 1688 2868 1739 in
2897 1688 3054 1740 corda
3091 1691 3315 1759 ipsorum
3340 1733 3354 1756 ,
3389 1693 3530 1749 unde

233 1780 332 1823 met
360 1788 525 1837 super
550 1790 665 1825 eum
693 1775 925 1831 dentibus
946 1781 1070 1833 suis.
1099 1781 1352 1846 Quamvis
1375 1784 1443 1837 de
1467 1786 1834 1852 peccatoribus

1942 1772 2144 1826 scilicet
2188 1780 2445 1839 venerat,
2493 1783 2544 1827 et
2592 1776 2858 1842 perversis
2902 1780 3247 1842 grassabatur
3298 1783 3526 1841 insidiis.

230 1872 288 1917 et
308 1863 475 1931 jnstis
507 1866 703 1931 psalmi
735 1868 891 1937 hujus
921 1882 1167 1926 contexta
1198 1876 1443 1929 videatur
1470 1892 1590 1931 esse
1625 1878 1832 1942 relatio,

234 1966 418 2011 tamen
454 1958 582 2013 huic
612 1961 730 2015 loco
762 1978 864 2016 nou
901 1965 1204 2033 importune
1227 1967 1472 2021 dabimus
1493 1968 1833 2037 divisionem,

231 2050 455 2118 quando
495 2053 642 2107 inter
680 2054 821 2121 ἰ,ετιε
859 2058 1234 2113 similitudines
1276 2076 1469 2115 novum
1515 2063 1713 2132 aliquid
1752 2065 1833 2117 in-

237 2141 553 2195 troductum
587 2160 707 2200 esse
734 2147 984 2202 sentitur.
1010 2150 1345 2219 Quapropter
1372 2154 1441 2206 sit
1470 2154 1622 2207 nullis
1646 2153 1729 2206 hic
1759 2169 1837 2208 sc-

236 2240 419 2292 cunla
470 2240 712 2305 part'tio.
761 2240 1019 2308 Superius
1067 2244 1208 2296 enim
1263 2244 1473 2298 dixerat
1513 2245 1695 2300 ﬁdelcs
1731 2262 1832 2300 non

235 2327 448 2381 debere
478 2329 675 2396 impios
720 2332 988 2395 somniari,
1040 2348 1181 2388 nunc
1220 2334 1348 2389 dicit
1402 2346 1710 2404 pr‘ccatorcs
1741 2353 1833 2391 su-

234 2432 331 2483 pra
370 2419 556 2485 jus'os
591 2420 782 2473 invidit
816 2422 1046 2477 faciente
1085 2426 1341 2492 torqueri.
1386 2425 1601 2480 Diversa
1641 2432 1836 2498 quippe

232 2506 491 2560 voluntas
535 2507 682 2577 justo
721 2510 901 2564 odium
945 2522 1117 2581 parat.
1157 2514 1286 2568 Nam
1321 2520 1532 2583 quando
1571 2518 1721 2573 illum
1759 2521 1836 2573 vi-

229 2596 330 2649 det
371 2597 674 2651 sceleratus
718 2599 870 2654 bonis
910 2603 1149 2657 moribus
1188 2619 1406 2673 operam
1447 2608 1607 2671 dare,
1650 2610 1738 2663 ille
1776 2627 1836 2667 se

228 2688 422 2739 credit
456 2690 761 2756 specialiter
787 2695 1058 2747 accusari:
1098 2695 1292 2750 strid.~t
1316 2698 1569 2774 dentibus
1594 2742 1609 2767 ,
1658 2703 1836 2757 fremit

222 2779 461 2839 animo;
494 2789 547 2833 et
571 2780 721 2849 cujus
754 2798 858 2836 non
902 2795 1076 2853 potest
1106 2802 1283 2842 mores
1311 2789 1643 2856 subvertere,
1674 2793 1833 2847 vitam

225 2867 418 2935 ipsam
453 2871 687 2935 protinus
716 2885 941 2928 conatur
963 2875 1191 2932 auferre.
1223 2878 1543 2946 Observafiit,
1579 2885 1731 2952 quasi
1758 2884 1825 2939 de

221 2958 475 3012 occultis
506 2960 703 3014 insidiis
730 2978 849 3017 cum
882 2965 1067 3020 dolore
1104 2969 1376 3037 respiciet.
1413 2971 1661 3026 Dentibus
1690 2975 1833 3028 enim

223 3052 468 3113 fremere
497 3050 773 3107 furentium
804 3055 1100 3111 belluarum
1144 3071 1257 3122 est,
1289 3076 1420 3131 quas
1454 3062 1692 3118 imitatur
1734 3067 1839 3120 ira-

1942 1864 2129 1916 Arcum
2176 1863 2407 1917 diximus
2458 1866 2721 1920 occultam
2776 1866 3057 1936 designare
3107 1873 3358 1926 malieiam
3409 1890 3527 1944 qua:

1941 1968 2124 2013 contra
2155 1959 2383 2014 inuoceu
2413 1960 2627 2015 issimos
2656 1962 2965 2030 parabatur.
2988 1963 3091 2018 Sed
3118 1964 3252 2019 hanc
3273 1969 3528 2038 confringi

1940 2046 2094 2111 dixit,
2123 2049 2244 2116 quia
2296 2064 2402 2102 non
2431 2060 2547 2102 erat
2580 2050 2825 2105 fidelibus
2859 2052 2909 2105 in
2954 2054 3143 2107 anima:
3190 2066 3337 2122 parte
3381 2061 3528 2113 noci-

1940 2147 2075 2193 tura.
2115 2141 2178 2192 Et
2212 2142 2419 2211 respice
2455 2144 2706 2211 quoniam
2746 2144 2861 2212 ipsa
2893 2145 3052 2199 verba
3080 2162 3198 2214 qua:
3228 2149 3280 2203 in
3320 2149 3527 2206 facino-

1940 2230 2086 2283 ribus
2111 2231 2308 2299 po-uit,
2341 2231 2528 2286 eadem
2558 2240 2613 2286 et
2636 2231 2688 2285 in
2715 2233 2945 2287 vindicta
2974 2236 3278 2302 geminavit,
3310 2250 3527 2310 prapter

1940 2320 2083 2374 illam
2115 2322 2319 2376 scilicet
2351 2323 2624 2393 Evangelii
2668 2328 3019 2379 sententiam:
3057 2325 3119 2380 In
3155 2345 3257 2397 qua
3287 2347 3527 2389 mensura

1938 2412 2100 2463 mensi
2123 2411 2342 2479 fueritis,
2367 2413 2417 2465 in
2443 2413 2617 2465 eadem
2637 2415 2921 2469 remetiatur
2946 2417 3083 2469 vobis
3112 2418 3260 2486 (Luc.
3286 2436 3355 2483 vr,
3382 2420 3496 2493 58).

2015 2509 2163 2564 Vers.
2201 2511 2283 2564 i7.
2326 2509 2514 2564 Melius
2540 2522 2612 2564 est
2650 2513 2903 2565 modicum
2942 2516 3083 2585 justo
3123 2532 3276 2584 super
3320 2519 3525 2576 divitias

1940 2609 2265 2668 peccatorum
2288 2602 2494 2655 multas.
2528 2602 2619 2658 Pia
2648 2613 2820 2657 mater
2841 2606 2989 2673 quasi
3018 2605 3185 2660 bonos
3212 2609 3348 2663 filios
3371 2626 3527 2666 oscu-

1943 2692 2059 2746 lans
2086 2701 2246 2761 atque
2275 2694 2660 2761 complectens,
2701 2695 2877 2749 adhuc
2905 2696 2956 2749 in
2987 2710 3174 2752 eorum
3204 2702 3528 2757 consolatio-

1940 2783 2096 2837 n’bus
2123 2793 2461 2851 perseverat,
2502 2785 2732 2839 suadens
2766 2787 2945 2839 melius
2972 2803 3079 2841 esse
3107 2792 3363 2844 modicum
3381 2794 3526 2862 justo

1940 2891 2089 2943 sul-er
2128 2875 2329 2927 divitias
2366 2882 2712 2942 peccatorum.
2763 2876 2869 2932 Sed
2919 2878 3255 2934 intendamus
3293 2884 3526 2950 quid~sit

1941 2966 2239 3020 modicum:
2278 2964 2397 3032 quia
2435 2965 2607 3032 ipsum
2641 2975 2720 3020 est
2751 2966 2893 3035 quod
2931 2966 3095 3022 efﬁcit
3135 2984 3374 3040 magnos.
3410 2973 3526 3027 Mo-

1941 3057 2107 3108 dicum
2136 3056 2218 3110 hic
2245 3057 2508 3110 sentiatur
2539 3056 2829 3122 humilitas,
2858 3058 2907 3111 in
2936 3073 3036 3128 qua
3070 3059 3195 3114 dum
3228 3077 3288 3116 se
3311 3064 3525 3120 animus

222 3137 463 3191 condas
485 3180 499 3201 ,
545 3140 663 3194 dum
725 3146 967 3211 proximo
1019 3149 1250 3203 minatur
1299 3152 1598 3207 interitum.
1656 3157 1830 3223 Atque
1860 3146 1904 3207 C
1937 3161 2117 3207 noster
2158 3151 2413 3216 cohibet,
2444 3151 2623 3206 mundi
2658 3152 2886 3221 pretiosa
2921 3155 3271 3210 transcendit.
3302 3156 3521 3228 Contra,

227 3226 367 3277 ideo
436 3227 600 3292 pudor
635 3239 719 3283 est
755 3232 873 3286 illos
918 3236 1198 3302 inmolari,
1252 3241 1339 3307 qui
1390 3241 1540 3295 bonis
1598 3245 1836 3299 invident

223 3315 462 3391 alienis,
480 3316 600 3371 dum
625 3330 921 3377 extremum
943 3341 1000 3379 se
1023 3329 1275 3393 aestimat,
1305 3347 1461 3399 quem
1482 3334 1692 3388 invidia!
1719 3351 1836 3391 rea-

227 3416 330 3459 tus
364 3418 605 3463 aecuSat.

312 3497 482 3551 Vera.
516 3500 597 3554 Η.
645 3503 891 3560 Dominus
930 3518 1097 3562 autem
1143 3511 1374 3566 irridebit
1410 3532 1556 3582 eum,
1599 3520 1837 3586 quoniam

232 3588 496 3657 prospicit
523 3592 661 3659 quod
692 3596 850 3649 veniet
881 3598 989 3650 dies
1021 3601 1149 3669 ejus.
1186 3601 1440 3658 Mirabilis
1471 3606 1623 3660 nobis
1668 3606 1837 3662 forma

232 3680 639 3737 consolationis
676 3686 999 3742 ostenditur.
1043 3690 1172 3757 Quis
1200 3692 1343 3748 enim
1381 3694 1542 3751 debet
1578 3696 1838 3754 delectari

232 3770 369 3839 ejus
408 3786 612 3840 pompa,
650 3776 801 3844 cujus
832 3780 1120 3847 perituram
1149 3784 1297 3837 novit
1339 3785 1665 3842 audaciam?
1704 3790 1838 3845 Nam

234 3862 284 3915 si
318 3862 572 3918 nolumus
598 3868 775 3938 aliquo
797 3870 917 3926 zelo
940 3873 1218 3942 confundi,
1249 3891 1539 3948 sequamur
1570 3881 1671 3937 hoc
1693 3883 1837 3951 quod

236 3952 511 4009 Doniinus
554 3957 698 4013 facit.
752 3958 1075 4018 Irrideamus
1121 3982 1236 4020 eum
1273 3970 1431 4038 cujus
1479 3971 1841 4040 prtevidemus

230 4056 533 4110 occasum;
568 4047 870 4117 juslicemus
917 4052 1183 4123 infelicia,
1215 4073 1335 4127 quae
1386 4060 1841 4130 deprehendimus

235 4147 375 4190 esse
404 4136 655 4203 peritura.
696 4138 1028 4199 Firmissime
1066 4146 1346 4202 credamus
1378 4149 1505 4204 talia
1533 4189 1549 4217 ,
1588 4152 1838 4219 quoniam

236 4226 411 4281 nobis
436 4242 466 4280 a
501 4231 720 4287 veritate
757 4236 1018 4303 promissa
1050 4248 1193 4293 sunt.
1226 4240 1317 4297 Sic
1360 4242 1471 4313 ﬁet,
1504 4253 1563 4299 ut
1592 4258 1841 4315 peccator

237 4318 444 4371 irrisus
490 4319 779 4392 abscedat,
824 4326 913 4396 qui
960 4341 1020 4383 se
1069 4329 1285 4400 fugitiva
1336 4333 1590 4393 felicitate
1646 4339 1840 4409 praeia-

235 4410 430 4464 uitat.

322 4502 485 4558 Vere.
521 4507 605 4561 l5.
632 4508 800 4565 lle-ru.
833 4511 1079 4569 Gladium
1105 4520 1496 4588 cvagiuauerunt
1523 4535 1834 4596 peccatores,
1865 4500 1916 4561 Ῐ)

243 4597 578 4649 tetenderunt
617 4616 791 4654 arcum
817 4620 963 4657 suum
984 4648 999 4673 ,
1042 4618 1097 4661 ut
1135 4611 1377 4678 dejiciant
1406 4616 1607 4686 inopem
1636 4628 1681 4671 et
1708 4636 1841 4687 pau-

243 4702 425 4752 perem
448 4728 468 4751 ,
513 4697 568 4740 ut
602 4692 847 4747 trucident
883 4710 1046 4750 rectos
1084 4703 1253 4756 corde.
1291 4703 1507 4761 Gladius
1546 4714 1841 4777 peccatoris

242 4789 335 4832 est
361 4780 585 4847 quilibet
629 4784 783 4839 dolus
828 4788 1046 4844 alterius
1076 4805 1336 4861 appetens
1368 4798 1665 4856 lmsionem.
1709 4804 1839 4858 Nam

244 4879 303 4922 et
329 4870 421 4924 ille
452 4872 541 4939 qui
570 4874 779 4943 inopem
820 4880 1050 4945 spoliare
1083 4887 1355 4939 contendit
1380 4928 1395 4953 ,
1438 4904 1685 4956 perverse
1713 4908 1841 4947 con-

246 4958 359 5011 silii
386 4961 472 5011 'sui
511 4962 743 5029 gladium
787 4968 1001 5033 educit;
1044 4981 1094 5024 et
1134 4972 1224 5027 ille
1263 4976 1349 5044 qui
1392 4991 1553 5044 prava
1594 4984 1843 5040 suasione

245 5048 524 5102 desident
561 5052 805 5122 decipere
844 5058 1049 5112 animas
1078 5059 1422 5128 innocentes,
1463 5082 1644 5121 ensem
1675 5073 1841 5138 pessi-

250 5154 357 5191 ma:
386 5143 725 5211 cogitationis
756 5149 1007 5204 ostendit.
1043 5148 1452 5222 Evaginaverunt
1480 5169 1653 5213 autem
1681 5162 1843 5230 signi-

252 5232 305 5284 ﬁt
328 5241 382 5285 at
430 5235 798 5300 nudaverant;
851 5249 907 5293 ut
938 5242 1076 5309 quod
1120 5254 1243 5299 ante
1273 5256 1388 5301 erat
1436 5248 1487 5302 in
1523 5252 1842 5320 cogitatione

249 5334 508 5393 tanquam
543 5328 595 5381 in
627 5330 812 5399 vagina
844 5335 1175 5390 reconditum
1201 5378 1217 5402 ,
1253 5349 1372 5406 post
1401 5341 1646 5396 eductum
1688 5361 1847 5399 reve-

252 5415 378 5467 latis
420 5418 831 5484 COgitationihus
866 5435 1165 5491 appareret.
1206 5426 1393 5481 Arcum
1420 5432 1561 5485 enim
1602 5434 1805 5489 tendere
1830 5476 1844 5499 ,

255 5522 363 5557 non
391 5510 571 5561 statim
601 5512 857 5580 Sagittare
884 5524 986 5578 est,
1012 5516 1103 5569 sed
1138 5524 1375 5585 paratum
1408 5531 1563 5588 atque
1586 5522 1843 5579 intentum

252 5596 532 5666 designat,
583 5602 733 5669 operi
785 5603 1123 5660 fraudulento
1168 5618 1543 5675 exspectantes
1593 5621 1845 5681 tempus,

255 5689 470 5756 quando
510 5693 716 5761 possint
763 5695 1032 5767 simplices
1079 5698 1392 5756 innocentes
1429 5700 1699 5773 decipere.
1745 5706 1847 5761 Se-

1938 3245 2128 3298 divitia:
2156 3252 2275 3297 sunt
2305 3254 2630 3311 peccatorum
2660 3245 2839 3297 multa’
2863 3286 2878 3308 ,
2921 3244 2971 3298 id
3001 3255 3084 3300 est
3119 3250 3395 3317 congestio
3424 3252 3530 3305 cri-

1941 3316 2162 3399 minam,
2195 3344 2250 3389 et
2277 3335 2599 3390 abundantia
2629 3334 2967 3390 delictorum.
2997 3335 3150 3391 Unde
3177 3316 3432 3403 quantum
3458 3343 3531 3395 εἰ

1939 3429 2152 3491 melius,
2182 3428 2511 3481 mstimemus
2535 3427 2792 3481 modicum
2823 3427 2947 3482 illud
2978 3428 3109 3496 justi
3144 3430 3443 3497 percipere,
3474 3441 3530 3487 et

1940 3521 2132 3574 molem
2166 3527 2432 3574 tantorum
2472 3518 2736 3574 scelerum
2777 3535 2882 3574 non
2922 3520 3149 3585 habere;
3190 3522 3318 3576 illud
3359 3524 3528 3591 siqui-

1939 3610 2059 3665 dem
2106 3609 2173 3664 ad
2212 3610 2473 3664 oculorum
2517 3620 2691 3680 πλείη
2730 3612 2989 3679 perducit,
3038 3612 3176 3667 istud
3225 3624 3401 3669 autem
3443 3616 3531 3669 de-

1942 3700 2133 3770 mergit
2178 3701 2229 3754 in
2273 3709 2555 3754 tartarum.
2604 3700 2715 3754 lloc
2759 3710 3127 3770 argumentum
3172 3711 3398 3756 tractum
3443 3712 3529 3759 est

1940 3808 2004 3847 ex
2036 3793 2360 3857 contrariis;
2407 3792 2736 3846 contrarium
2781 3802 2863 3847 est
2889 3792 3033 3849 enim
3074 3793 3333 3847 modicum
3358 3795 3527 3865 justi,

1941 3898 2098 3953 quam
2124 3881 2302 3935 multae
2329 3882 2523 3936 divitiw
2554 3882 2858 3950 peccatoris.

2017 3983 2167 4055 vers.
2203 3982 2290 4038 18.
2343 3983 2595 4049 Quoniam
2641 3983 2853 4036 brachia
2899 3992 3224 4051 peccatorum
3261 3994 3525 4039 conteren-

1942 4083 2025 4128 tur
2043 4074 2347 4142 :conﬁrmat
2374 4082 2543 4127 autem
2561 4076 2731 4144 justas
2765 4072 3034 4127 Dominus.
3065 4072 3287 4126 Brachia
3315 4074 3529 4144 iniquo-

1942 4180 2060 4220 rum
2103 4164 2363 4232 superbas
2405 4163 2710 4233 signiﬁcant
2743 4164 3013 4229 actiones,
3055 4164 3106 4218 in
3136 4164 3330 4232 quibus
3376 4166 3525 4234 impii

1942 4260 2305 4324 pratsumunt,
2348 4252 2473 4306 dum
2515 4251 2658 4305 nulla
2705 4250 2930 4307 rationis
2966 4253 3398 4310 consideratione
3433 4255 3532 4311 fle-

1942 4353 2178 4400 ctuntur.
2229 4344 2294 4398 Et
2342 4358 2449 4398 non
2497 4342 2667 4410 dixit,
2705 4334 3019 4412 franguntur
3046 4386 3061 4411 ,
3098 4344 3240 4415 quod
3276 4360 3385 4400 uno
3424 4347 3532 4404 ictu

1946 4444 2155 4505 poterat
2199 4434 2510 4506 provenire;
2551 4435 2644 4490 sed
2684 4445 3008 4489 conterentur
3032 4476 3047 4501 ,
3099 4436 3150 4491 id
3194 4445 3279 4492 est
3318 4438 3531 4495 assidua

1944 4530 2129 4585 tritura
2174 4530 2502 4595 minuentur,
2531 4528 2656 4582 dum
2696 4543 2907 4597 semper
2934 4529 3152 4598 gravius
3183 4529 3254 4585 sit
3278 4543 3375 4599 per
3410 4546 3535 4600 par-

1945 4632 2025 4675 tes
2076 4620 2317 4675 imminui
2363 4635 2521 4689 quam
2551 4619 2727 4672 subita
2766 4618 2919 4673 clade
2954 4621 3218 4674 consumi.
3249 4620 3354 4675 Sed
3394 4621 3534 4677 sicut

1945 4715 2137 4783 impios
2184 4715 2275 4769 tali
2315 4713 2745 4767 interminatione
2781 4714 3051 4780 debilitat,
3084 4714 3153 4768 ita
3187 4714 3364 4783 justos
3394 4714 3531 4769 bona

1945 4806 2306 4874 promissione
2334 4805 2635 4857 conﬁrmat.
2660 4802 2979 4871 Conﬁrmare
3005 4805 3146 4857 enim
3175 4815 3256 4858 est
3284 4805 3337 4857 in
3365 4805 3532 4859 animi

1946 4895 2235 4947 afﬂictione
2285 4895 2515 4962 positum
2556 4894 2915 4947 consolatorio
2962 4908 3213 4948 sermone
3248 4894 3528 4951 roborare.

1945 4986 2095 5052 Quod
2124 4986 2164 5037 si
2194 4985 2328 5039 bene
2358 4986 2638 5050 respicias,
2666 4986 2756 5040 tali
2786 4987 2929 5040 dicto
2954 4988 3116 5041 totius
3142 4988 3326 5056 psalmi
3353 4988 3528 5043 virtus

1945 5091 2197 5142 expressa
2228 5084 2328 5129 est.
2360 5077 2477 5130 Istis
2518 5077 2658 5130 enim
2708 5078 2955 5131 omnibus
2994 5079 3277 5133 sententiis
3318 5080 3529 5148 agitur,

1946 5178 2072 5223 utet
2099 5170 2443 5238 prcesumptio
2481 5170 2779 5237 peccatoris
2807 5172 3122 5239 dejiciatur,
3155 5182 3207 5226 et
3244 5172 3375 5241 justi
3417 5173 3532 5226 ani-

1948 5275 2066 5314 mus
2103 5259 2428 5315 sublevetur.
2463 5262 2592 5326 Qua:
2632 5260 2795 5330 ﬁgura
2841 5262 3036 5315 dicitur
3084 5264 3389 5333 paradigma
3413 5304 3429 5328 ,
3477 5266 3529 5320 id

1950 5359 2030 5403 est
2060 5352 2360 5420 exemplum
2406 5351 2666 5404 hortantis
2725 5352 2807 5405 vel
2851 5352 3196 5407 deterrentis.
3243 5356 3393 5420 Quod
3446 5356 3531 5411 hic

1949 5454 2160 5507 quoque
2190 5441 2383 5494 factum
2415 5450 2530 5502 est,
2575 5456 2695 5495 cum
2723 5442 2897 5509 justos
2928 5443 3116 5497 invitat
3147 5446 3445 5512 prosperis,
3475 5457 3531 5503 et

1950 5538 2256 5598 peccatores
2288 5540 2451 5585 terret
2478 5531 2739 5585 adversis.

2023 5618 2174 5671 Vers.
2212 5618 2294 5673 l9.
2325 5618 2443 5673 Joo.
2477 5618 2630 5673 Novit
2654 5618 2903 5673 Dominus
2927 5621 3032 5673 vias
3059 5622 3528 5692 immaculatorum,

1950 5716 1995 5760 et
2029 5704 2185 5777 124
2213 5707 2482 5763 Ita’redtas
2515 5723 2687 5763 eorum
2715 5709 2768 5764 in
2796 5718 3041 5765 a'tcrnum
3073 5712 3185 5766 erit.
3219 5712 3531 5771 Immacula-
