4030 6172
462 317 564 378 265

1688 301 1757 356 Μ.
1800 295 2074 356 Αυῐιιειιι
2113 290 2511 350 CASSIODOBI

3624 290 3728 341 206

463 445 631 491 torum
666 431 777 488 vias
825 429 1057 483 humana
1105 420 1407 494 ignorantia
1447 432 1554 474 non
1589 424 1768 487 potest
1808 413 2042 468 intueri:
2074 415 2124 470 Δ
2152 415 2207 463 cl
2235 414 2351 461 0N3
2397 405 2466 459 3b
2492 415 2597 494 ullo
2627 401 2731 456 Sibi
2756 414 2990 494 0035093
3029 398 3377 455 είηῑίίίῑυάῖηθ
3401 399 3730 494 “mani”?-

464 528 586 597 quia
618 521 765 578 carni
791 513 1235 587 imperspicabilis
1263 519 1346 566 est
1375 509 1456 563 via
1493 497 1715 577 angusta
1741 506 1994 559 virtutum
2025 517 2041 569 ;

468 615 724 671 Dominus
770 620 968 672 autem,
1001 606 1089 677 qui
1120 619 1210 660 eas
1249 600 1509 662 condidit.
1544 597 1886 668 integerrima
1916 609 2047 666 qua-

468 707 614 760 litate
640 713 691 756 et
729 699 1024 769 quantitate
1073 694 1367 761 cognoscit.
1419 690 1523 746 Sed
1569 688 1652 742 his
1689 687 1882 741 talibus
1921 683 2047 754 quid

468 795 749 864 provenire
792 791 957 858 possit
1001 787 1254 855 exponit:
1295 782 1583 836 [hereditas
1611 794 1784 833 eorum
1821 777 1876 830 in
1903 784 2051 830 teter-

469 904 588 943 nunt
624 886 747 938 “erit.
794 881 1085 935 Ila'reditas
1129 891 1302 930 eorum
1342 881 1423 926 est
1466 869 1703 927 cmlestis
1748 865 2050 923 Jerusalem

473 988 669 1033 aeterna
695 989 823 1045 pace
853 971 1138 1031 ditissima,
1159 981 1278 1036 quae
1301 965 1496 1019 merito
1521 963 1678 1016 toties
1700 957 2052 1028 promittitur,

472 1080 532 1126 ut
559 1085 698 1125 verae
725 1063 1121 1137 pollicitationis
1146 1058 1464 1128 ambiguitas
1485 1054 1781 1108 auferatur.
1818 1051 1880 1104 In
1906 1060 2054 1104 (cter-

476 1189 598 1225 nunt
624 1171 750 1231 erit,
797 1172 1012 1234 propter
1055 1158 1348 1215 mundanas
1397 1153 1738 1209 haereditates
1785 1149 2054 1217 adjectum

477 1274 579 1329 est,
608 1277 724 1332 qum
757 1268 971 1312 a:teru:e
999 1267 1118 1308 esse
1144 1267 1252 1304 non
1293 1258 1544 1318 possunt;
1572 1245 1661 1299 illa
1693 1243 1833 1298 enim
1863 1254 2058 1309 perpe-

480 1370 565 1412 tua
596 1352 929 1416 conceditur,
961 1347 1210 1416 quoniam
1243 1344 1357 1395 sine
1383 1340 1488 1394 line
1518 1346 1822 1408 prmstatnr.

557 1449 706 1500 Vers.
738 1444 827 1497 ‘20.
865 1441 983 1494 Non
1015 1435 1396 1505 confundentur
1424 1434 1476 1485 in
1504 1443 1726 1500 tempore
1758 1427 1913 1492 malo,
1938 1434 1982 1480 et
2011 1426 2065 1477 in

481 1538 653 1592 diebus
695 1534 841 1604 fontis
885 1529 1271 1583 saturabuntur.
1323 1523 1524 1576 Malunt
1561 1530 1757 1588 tempus
1797 1507 2066 1588 signiﬁcat

480 1630 621 1684 diem
645 1623 847 1695 judieii,
871 1617 1083 1689 quando
1105 1615 1279 1671 omnis
1303 1628 1427 1668 caro
1449 1611 1676 1666 sollicita
1702 1620 1914 1663 actuum
1939 1620 2066 1660 suo-

483 1740 600 1779 rum
620 1717 1022 1775 retributionem
1045 1707 1636 1778 compensationemquc
1659 1701 1928 1764 formidat,
1965 1700 2068 1752 sic-

483 1821 543 1866 ut
596 1809 719 1865 alibi
757 1806 884 1861 dicit
927 1821 940 1858 :
984 1801 1048 1855 In
1085 1801 1166 1854 die
1213 1800 1348 1852 mala
1381 1795 1615 1850 liberabit
1655 1809 1770 1849 eum
1813 1792 2063 1845 Dominus

484 1903 655 1977 (Psal.
689 1917 775 1965 ιι,
803 1897 883 1970 9.).
918 1896 982 1950 In
1013 1896 1116 1949 isto
1142 1907 1268 1962 ergo
1300 1900 1522 1960 tempore
1552 1906 1650 1942 non
1691 1885 2066 1957 confundentur

484 1991 829 2056 immaculatl,
857 1988 1048 2058 quibus
1071 2000 1165 2054 per
1192 1985 1418 2054 gratiam
1442 1978 1828 2035 satisfactionis
1852 1983 2065 2046 peccata

483 2085 700 2140 dimissa
730 2091 877 2137 sunt.
909 2077 1179 2147 Sequitur,
1210 2085 1256 2128 et
1287 2075 1339 2127 in
1379 2072 1553 2126 diebus
1582 2072 1732 2140 famis
1755 2067 2067 2124 saturabun-

485 2185 589 2230 tur.
632 2170 755 2225 Dies
795 2169 965 2240 famis,
1008 2174 1220 2234 tempus
1280 2164 1438 2233 hujus
1484 2161 1664 2216 mundi
1721 2159 2064 2230 significant,

485 2262 696 2333 quando
725 2260 862 2315 beati
891 2257 1133 2313 esuriunt
1159 2263 1213 2310 et
1253 2254 1439 2308 sitiunt
1462 2252 1726 2321 justitEam
1760 2249 1978 2322 (.llattlt.
2010 2264 2066 2311 v,

486 2355 562 2424 6).
593 2354 723 2408 Nam
755 2352 806 2404 in
838 2347 1227 2404 resurrectione
1252 2344 1417 2415 justis
1458 2358 1566 2397 non
1606 2351 1688 2396 est
1722 2350 1930 2409 tempus
1984 2338 2067 2393 fa-

487 2446 608 2511 mis,
640 2444 734 2498 sed
762 2444 1020 2497 bonorum
1050 2438 1284 2492 omnium
1312 2446 1513 2491 aeterna
1561 2434 1804 2488 satietas.
1843 2431 1986 2499 Ergo
2015 2429 2066 2483 in

489 2535 590 2588 hoc
626 2532 842 2594 mundo,
874 2530 964 2584 ubi
990 2529 1120 2598 justi
1171 2535 1394 2597 possunt
1423 2526 1629 2580 esurire
1654 2565 1668 2589 ,
1712 2523 1794 2576 vel
1827 2535 2071 2591 quaerere

483 2626 768 2697 justitiam,
801 2621 1187 2686 salurabuntur,
1215 2619 1438 2686 scilicet,
1477 2633 1571 2688 per
1600 2615 1903 2683 Seripturas
1945 2627 2070 2667 san-

487 2727 621 2785 ctas,
649 2732 744 2787 per
769 2714 1009 2784 exempla
1037 2711 1328 2777 dominica,
1361 2723 1456 2778 per
1479 2707 1858 2763 retributiones
1887 2703 2071 2773 smpis-

487 2811 621 2865 sime
649 2805 1022 2878 repromissas,
1069 2801 1261 2874 quibus
1292 2800 1463 2870 epulis
1494 2799 1677 2853 ﬁdeles
1723 2796 1883 2851 satiat
1917 2793 2072 2848 Chri-

485 2903 710 2956 stianos.
771 2895 1107 2967 Quapropter
1171 2894 1374 2948 devotis
1433 2889 1762 2961 promittitur
1831 2887 2068 2956 perfecta

487 2993 766 3057 securitas,
801 2999 858 3045 ut
884 2990 936 3044 in
967 2988 1142 3043 futuro
1178 2985 1380 3056 judicio
1411 2999 1515 3039 non
1545 2984 1900 3047 erubescant,
1934 2989 1988 3036 et
2017 2980 2070 3034 in

489 3087 592 3142 hoc
622 3085 820 3142 mundo
848 3081 1204 3150 competentia
1231 3079 1370 3132 dona
1402 3078 1722 3158 percipiant.

559 3178 716 3232 Vcrs.
739 3177 830 3230 2|.
865 3175 1030 3228 Capri.
1067 3170 1324 3238 Quoniam
1351 3177 1639 3238 peccatores
1669 3167 1934 3236 peribunt,
1967 3165 2070 3218 ini-

489 3267 607 3321 mici
627 3276 794 3319 autent
821 3261 1028 3317 Domini
1051 3276 1170 3314 mox
1190 3257 1519 3326 Iwnoriﬁcati
1544 3257 1730 3326 fuerint
1768 3264 1812 3310 et
1835 3253 2069 3320 exaltati,

489 3356 802 3424 deficientes,
827 3360 881 3405 ut
900 3355 1070 3422 fumus
1091 3350 1347 3418 deﬁcient.
1371 3346 1826 3401 Considerandum
1848 3352 1930 3400 est
1949 3345 2072 3413 quia

490 3445 543 3498 in
575 3444 675 3498 hoc
707 3457 865 3496 versu
894 3455 998 3495 una
1033 3439 1349 3508 prob'ttioue
1381 3437 1572 3503 posita,
1604 3451 1727 3489 mox
1757 3436 1860 3488 alia
1887 3435 2074 3490 subse-

489 3535 686 3605 quitur.
713 3533 852 3587 Dieit
884 3531 1029 3586 enim
1056 3547 1069 3583 :
1104 3529 1360 3596 Quoniam
1403 3536 1688 3598 peccatores
1721 3528 1995 3598 peribunt;
2021 3534 2074 3582 et

490 3624 711 3679 iterum:
736 3623 930 3676 inimici
951 3637 1067 3675 vero
1093 3620 1292 3673 Domini
1335 3634 1454 3672 mox
1486 3619 1810 3685 honoriﬁcati
1840 3619 2069 3688 fuerint,

491 3714 746 3782 deﬁcient.
774 3713 904 3780 Quae
934 3712 1103 3781 ﬁgura
1131 3710 1326 3764 dicitur
1351 3711 1718 3780 epexergasia,
1749 3711 1956 3779 quoties
1983 3712 2075 3766 uni

497 3819 673 3860 causa:
700 3803 832 3858 duas
869 3801 1208 3871 probationes
1233 3801 1569 3870 apponimus.
1605 3801 1660 3855 ln
1691 3802 1781 3856 illo
1812 3801 2076 3872 siquidem

486 3897 687 3969 judicio
711 3895 942 3965 peribunt
960 3902 1267 3965 peccatores,
1282 3907 1415 3963 quos
1437 3893 1559 3947 cibo
1579 3894 1838 3961 spirituali
1860 3894 2079 3950 minimc

489 3996 698 4041 constat
730 4001 788 4040 es
819 4001 850 4041 e
879 3985 1196 4055 completos.
1234 3984 1362 4038 Nam
1393 3984 1478 4039 hic
1509 4000 1538 4039 a
1569 3986 1872 4054 semetipsis
1899 3987 2076 4042 satiati

491 4085 547 4134 et
573 4077 866 4144 locupletes
897 4077 1248 4141 aestimantur,
1290 4089 1515 4145 quorum
1542 4076 1761 4131 omnino
1800 4075 1981 4145 jejuna
2020 4083 2081 4132 et

490 4169 662 4224 inanis
691 4175 793 4232 est,
823 4167 1064 4237 quamvis
1111 4167 1324 4236 copiosa
1375 4168 1616 4235 satietas,
1663 4167 1912 4222 videlicet
1959 4183 2080 4238 quas

493 4275 665 4332 usque
695 4260 759 4313 ad
790 4262 889 4312 hoc
925 4260 1168 4328 perducit
1195 4270 1250 4312 ut
1279 4271 1518 4328 pereant.
1563 4262 1628 4315 Et
1657 4271 1780 4315 nota
1811 4263 1932 4332 quia
1965 4279 2081 4330 pec-

492 4362 690 4419 catores
732 4352 982 4420 perituros
1010 4365 1129 4405 esse
1159 4353 1461 4418 confirmat,
1493 4352 1543 4405 id
1581 4361 1660 4405 est
1685 4395 1700 4416 ,
1734 4354 1785 4405 in
1827 4353 1912 4406 illa
1939 4351 2082 4423 judi-

492 4445 704 4500 catione
732 4441 1086 4496 damnandos.
1120 4441 1251 4495 Nam
1286 4443 1525 4498 invenies
1557 4444 1750 4512 impios
1773 4486 1786 4510 ,
1819 4446 1909 4515 qui
1942 4461 2078 4513 pene

2222 497 2374 552 Vers.
2399 495 2490 548 ‘22.
2523 493 2766 549 Luserit.
2799 489 3072 545 Mutuatur
3094 501 3326 562 peccator
3347 499 3390 543 et
3414 506 3515 543 non
3538 490 3694 544 solvet
3717 508 3736 557 ς

2142 593 2317 661 justus
2330 594 2501 639 autem
2517 585 2786 638 miseretur
2804 592 2851 637 et
2866 582 3174 636 commodat.
3197 579 3462 634 Mutantur
3484 591 3734 650 peccator,

2151 677 2362 750 quando
2382 676 2604 732 verbum
2626 672 2723 728 Dei
2764 673 2936 740 audit,
2971 682 3027 726 et
3050 687 3154 725 non
3187 670 3315 725 illud
3345 671 3457 725 suis
3486 671 3743 740 operibus

2151 775 2526 838 repraesentat.
2569 766 2680 819 lloc
2723 773 2808 818 est
2844 764 2988 818 enim
3019 779 3121 815 non
3147 760 3374 829 solvere,
3404 761 3553 832 jussa
3589 762 3748 817 mini-

2155 875 2241 915 me
2273 857 2577 914 Diviuitatis
2609 855 2852 924 implere.
2887 854 3161 908 Mutantur
3189 855 3349 908 etiam
3383 854 3600 924 quando
3651 855 3747 910 Dei

2155 947 2414 1004 beneﬁcia
2447 947 2657 1000 diversa
2685 945 2928 1013 suscipit,
2959 952 3014 999 et
3039 945 3240 998 nullam
3270 945 3568 1014 gratiarum
3594 947 3751 1000 resti-

2157 1037 2260 1092 tuit
2287 1037 2596 1100 actionem;
2637 1034 2731 1089 sed
2784 1042 2973 1088 contra
3022 1045 3346 1102 protervus,
3399 1046 3455 1090 et
3499 1044 3753 1105 tanquam

2162 1126 2293 1182 nihil
2315 1128 2604 1195 acceperit.
2631 1139 2848 1193 semper
2878 1124 3118 1194 ingratus
3141 1132 3243 1179 est.
3268 1124 3407 1178 Iusti
3433 1141 3562 1181 vero
3589 1142 3755 1182 causa

2170 1216 2379 1270 diversa
2411 1225 2530 1278 est;
2581 1230 2702 1268 nam
2733 1215 2976 1282 quamvis
3007 1213 3091 1266 hic
3125 1228 3294 1282 pauca
3338 1215 3634 1284 suscipiat,
3666 1218 3757 1286 pia

2163 1307 2451 1360 devotione
2484 1307 2631 1373 plura
2676 1305 2950 1359 restituit:
2995 1305 3238 1372 largienti
3272 1306 3324 1360 in
3350 1309 3597 1362 omnibus
3633 1325 3762 1378 gra-

2166 1397 2266 1449 tias
2308 1409 2491 1464 agens,
2531 1403 2908 1466 paupertatem
2945 1395 3048 1449 sibi
3077 1394 3258 1448 datam
3300 1396 3518 1450 divitias
3561 1408 3757 1467 putat,

2167 1487 2380 1541 dolores
2405 1500 2614 1555 quoque
2644 1485 2789 1554 ipsos
2817 1493 2871 1539 et
2900 1485 3239 1541 calamitates
3268 1488 3632 1556 amplectitur,
3665 1492 3763 1560 qui

2169 1596 2264 1648 spe
2294 1579 2456 1634 futuri
2487 1580 2688 1647 prtemii
2711 1587 2894 1634 contra
2921 1580 3063 1648 ipsas
3087 1596 3297 1649 quoque
3327 1592 3528 1636 mortes
3553 1583 3765 1652 patien-

2172 1670 2240 1724 tia
2273 1669 2669 1724 interveniente
2719 1672 3079 1742 coulligitulit
3126 1671 3347 1727 intende
3392 1674 3533 1742 quod
3580 1675 3761 1742 dicit,

2101 1773 2146 1832 Β
2171 1761 2434 1814 miseretur
2461 1769 2506 1814 et
2531 1762 2852 1829 commodat,
2883 1733 3075 1817 hoc‘ad
3117 1764 3488 1834 elcemosynas
3528 1767 3770 1836 pertinet.

2174 1851 2499 1922 largiendas,
2525 1852 2612 1905 ubi
2639 1852 2789 1921 prius
2833 1853 3200 1909 misericordia
3234 1856 3523 1923 prmcedit,
3557 1869 3608 1913 ct
3638 1869 3769 1928 post

2175 1945 2477 2000 humanitas
2517 1944 2743 2014 benigna
2784 1944 3153 2015 subsequitur.
3192 1946 3259 2000 Et
3304 1948 3587 2004 considera
3618 1966 3767 2020 quo-

2174 2036 2315 2091 niam
2349 2051 2444 2106 per
2487 2035 2710 2106 ﬁguram
2761 2034 3134 2104 diaph'u‘esis,
3176 2052 3269 2106 per
3309 2054 3467 2106 quam
3516 2039 3768 2096 titdilie-

2173 2125 2347 2182 rentia
2389 2141 2760 2194 personarum,
2802 2128 2941 2182 inter
2968 2127 3175 2198 justum
3204 2138 3260 2184 et
3288 2131 3506 2199 impium
3535 2144 3768 2190 contra-

2174 2216 2311 2270 riam
2341 2215 2445 2270 sibi
2477 2215 2786 2271 distantiam
2820 2218 2964 2273 facit.

2247 2307 2397 2361 Vets.
2435 2308 2526 2362 25.
2572 2309 2826 2374 Quoniam
2880 2311 3228 2368 ltenrdiccntes
3269 2331 3386 2368 eum
3433 2317 3772 2383 possidebunt

2175 2409 2397 2464 terram;
2456 2401 2814 2457 maledicentes
2860 2412 3029 2456 autent
3077 2405 3221 2458 illaut
3267 2407 3563 2478 disperient.
3610 2410 3772 2465 Sicut

2174 2493 2417 2561 superius
2445 2507 2540 2562 per
2565 2493 2784 2563 ligurum
2811 2494 3194 2563 diaphoresim,
3233 2507 3570 2566 peccatorum
3598 2510 3655 2555 et
3675 2501 3760 2569 ju-

2175 2594 2380 2640 storum
2421 2587 2752 2641 voluntatem
2793 2586 2992 2653 divisit,
3029 2587 3100 2642 ita
3133 2598 3186 2643 et
3232 2605 3488 2659 nuncper
3515 2593 3771 2648 eamdem

2175 2674 2417 2746 figuram,
2449 2691 2635 2732 eorum
2673 2677 3052 2733 retributiones
3081 2688 3137 2733 et
3165 2681 3386 2749 prtemia
3417 2685 3724 2752 segregavit.
3755 2701 3770 2738 :

2177 2784 2245 2824 ne
2274 2769 2554 2824 confusum
2599 2769 2929 2838 relinqueret
2975 2770 3116 2839 quod
3165 2771 3311 2825 nulla
3349 2773 3448 2826 sibi
3484 2775 3774 2831 vicinitate

2175 2869 2513 2931 congrueret.
2553 2860 2686 2914 Nam
2723 2860 2815 2930 qui
2864 2862 3187 2916 benedicuut
3233 2863 3545 2926 Dominum,
3589 2865 3641 2919 id
3681 2877 3778 2922 est

2175 2955 2264 3022 qui
2293 2954 2343 3006 in
2374 2952 2626 3006 omnibus
2653 2953 2852 3021 gratias
2884 2953 3142 3018 referunt,
3167 2963 3220 3007 et
3246 2956 3362 3022 ejus
3386 2955 3636 3010 mandata
3667 2971 3774 3011 cu-

2175 3042 2437 3106 stodiunt,
2465 3050 2670 3096 terram
2698 3042 2839 3094 illam
2875 3043 3164 3096 viventium
3189 3044 3454 3113 accipient
3485 3045 3774 3112 possiden-

2097 3151 2143 3214 ο
2175 3135 2328 3199 dam,
2383 3134 2449 3189 de
2487 3147 2591 3203 qua
2635 3141 2691 3188 et
2717 3133 2854 3188 alius
2884 3134 3117 3202 psalmus
3147 3135 3305 3188 dicit:
3339 3134 3520 3188 Portio
3556 3152 3669 3188 mea
3711 3138 3774 3190 in

2173 3233 2310 3279 terra
2331 3226 2602 3279 viventium
2647 3223 2820 3295 (Psal.
2861 3239 3015 3290 cht,
3046 3226 3125 3294 6).
3166 3225 3540 3281 Maledicentes
3579 3236 3775 3280 autem

2174 3327 2228 3369 et
2259 3316 2588 3386 blasphemi,
2638 3317 2720 3370 vel
2762 3315 2856 3370 Dei
2898 3317 3104 3385 legibus
3145 3317 3532 3382 inobedientes,
3567 3319 3633 3372 ab
3672 3319 3775 3374 illa

2176 3409 2346 3477 patria
2383 3410 2807 3472 submoventur;
2840 3423 2946 3461 non
2991 3409 3115 3476 quia
3147 3409 3245 3476 ipsi
3277 3424 3379 3462 non
3411 3417 3586 3474 crunt,
3623 3425 3776 3479 quos

2176 3501 2403 3570 poenalis
2445 3502 2654 3554 ﬂamma
2689 3500 2986 3570 torquebit,
3027 3500 3118 3554 sed
3157 3501 3405 3570 quoniam
3435 3516 3464 3554 a
3493 3501 3777 3572 iustorum

2179 3595 2438 3662 promissa
2468 3591 2802 3646 beatitudine
2835 3592 3188 3662 disperibunt.

2253 3700 2402 3755 Vers.
2426 3700 2518 3754 24.
2548 3701 2689 3754 Matt.
2724 3699 2763 3751 Α
2802 3700 3018 3753 Domino
3047 3717 3244 3771 gressus
3276 3702 3494 3757 hominis
3525 3704 3780 3774 dirigen-

2179 3803 2282 3858 tur,
2313 3803 2360 3846 et
2390 3794 2517 3847 viam
2548 3795 2662 3867 ejus
2702 3794 2868 3862 cupiet
2903 3794 3074 3849 nimis.
3109 3795 3469 3865 lntelligamns
3513 3799 3778 3867 proposi-

2180 3896 2286 3950 tam
2317 3901 2557 3941 causam.
2583 3869 2875 3938 [Hominum
2907 3903 3108 3956 gressus
3147 3903 3243 3956 per
3273 3903 3330 3943 se
3360 3890 3583 3942 tortuosi
3627 3906 3773 3944 sem-

2181 3989 2277 4046 per
2296 3983 2350 4030 et
2370 3977 2516 4044 pravi
2537 3984 2686 4039 sunt,
2701 3977 2898 4045 quippe
2919 3977 3011 4046 qui
3035 3978 3084 4031 in
3109 3977 3474 4048 iniquitatibus
3495 3983 3779 4050 concepti.

2183 4084 2236 4128 et
2264 4075 2316 4128 in
2347 4074 2558 4128 delictis
2591 4075 2854 4144 progeniti
2891 4090 3109 4141 sumus;
3141 4077 3235 4131 sed
3275 4086 3401 4132 tunc
3431 4093 3457 4131 a
3493 4079 3653 4135 Patre
3700 4081 3790 4137 lu-

2185 4165 2390 4220 minum
2425 4166 2694 4236 dirigimnr
2720 4207 2734 4231 ,
2763 4167 2976 4232 quando
3013 4167 3135 4222 ﬁdei
3167 4171 3402 4240 regulam
3435 4171 3484 4224 in
3518 4187 3620 4238 qua
3649 4187 3771 4241 gra-

2183 4256 2393 4308 diamur
2420 4255 2732 4322 accipimus.
2767 4256 3051 4325 Dirigimur
3091 4257 3264 4325 plane,
3305 4275 3424 4311 «tun
3458 4259 3576 4313 sine
3616 4276 3780 4314 erro-

2185 4343 2332 4398 ribus
2360 4345 2717 4402 ambulamus.
2749 4346 2853 4400 Sed
2886 4363 2993 4413 quo
3043 4363 3139 4402 nos
3181 4348 3331 4403 ducit
3369 4349 3468 4403 ista
3499 4350 3784 4406 dircctio‘i

2188 4434 2446 4490 Vidi-licet
2480 4444 2537 4489 ut
2583 4437 2645 4488 ad
2693 4437 2979 4503 perfectam
3032 4439 3186 4492 [idem
3217 4448 3271 4494 et
3307 4451 3507 4496 :eterna
3550 4446 3780 4511 praemia

493 4543 606 4594 toto
636 4533 755 4585 vitae
783 4547 890 4585 suae
917 4538 1154 4600 tempore
1178 4531 1462 4587 mundanis
1483 4513 1932 4588 delectationibus
1958 4552 2074 4602 per-
2110 4513 2157 4572 Ῑ)
2187 4527 2482 4582 veniamus.
2517 4530 2714 4585 Verum
2750 4530 2852 4585 iste
2875 4530 3213 4600 C_hri~tianus
3244 4535 3328 4603 qui
3355 4533 3463 4603 jam
3496 4537 3662 4590 corde
3688 4538 3778 4591 di-

489 4627 752 4680 fruuntur.
785 4622 893 4676 Cur
937 4638 1063 4692 ergo
1096 4623 1247 4688 dicit,
1290 4625 1455 4677 mox?
1484 4623 1745 4691 Quoniam
1779 4627 1864 4694 qui
1895 4628 2078 4681 ruino-

490 4729 603 4783 sam
633 4711 962 4769 altitudinem
1009 4713 1253 4769 ascendit
1282 4757 1295 4778 ,
1344 4717 1521 4769 statim
1555 4729 1583 4768 a
1616 4716 1839 4772 veritate
1892 4719 2072 4773 cadit:

490 4806 608 4876 quia
637 4814 761 4858 tunc
793 4804 976 4870 incipit
1001 4805 1200 4874 perire,
1227 4818 1347 4858 cum
1372 4806 1558 4860 nititur
1579 4807 1784 4862 ruitura
1813 4822 2078 4866 conscen-

491 4895 638 4952 dere.
693 4891 991 4962 Deﬁcientes
1031 4895 1172 4949 enim
1199 4936 1214 4961 ,
1246 4901 1493 4963 poterant
1521 4905 1576 4950 et
1623 4898 1778 4952 aliter
1823 4900 2071 4968 deﬁcere;

491 4991 553 5040 ut
579 4983 828 5037 indicium
858 4998 1044 5038 eorum
1093 4984 1305 5053 aliquod
1341 4984 1571 5041 fortasse
1603 5000 1926 5044 remaneret.
1970 4993 2077 5045 Ad-

491 5075 660 5138 didit,
703 5084 940 5142 tanquam
971 5074 1173 5143 futili“;
1205 5083 1262 5128 ut
1291 5077 1435 5131 nulla
1483 5092 1606 5145 pars
1644 5088 1856 5132 actuum
1887 5095 2074 5135 eorum

492 5164 704 5220 residua
745 5177 866 5218 esse
905 5173 1177 5218 noscatur.
1227 5166 1357 5218 Nam
1405 5167 1545 5221 sicut
1607 5170 1707 5223 iste
1752 5169 1817 5224 de
1849 5171 2077 5227 ﬂammis

492 5253 771 5321 egrediens
801 5267 896 5321 per
923 5267 1045 5306 aera
1077 5254 1348 5308 extollitur
1381 5256 1588 5311 sinibus
1617 5258 1945 5328 conglobatis
1965 5303 1979 5328 ,
2025 5273 2078 5317 et

492 5351 690 5409 quanto
721 5342 890 5412 magis
917 5341 1075 5396 altius
1104 5343 1280 5396 evolat
1310 5383 1324 5406 ,
1377 5354 1524 5399 tanto
1574 5347 1733 5400 citius
1779 5353 2077 5421 evanescit,

493 5431 570 5491 sic
604 5441 816 5498 peccata
859 5431 1142 5486 tenebrosa
1183 5442 1240 5485 et
1270 5434 1426 5499 levia,
1483 5445 1683 5503 quanto
1732 5452 1792 5493 se
1846 5442 2074 5508 amplius

493 5523 720 5589 erigunt.
752 5533 898 5578 tanto
924 5524 1159 5579 velocius
1184 5523 1530 5593 dissipantur.
1573 5527 1723 5596 Quod
1757 5541 1932 5586 autem
1968 5535 2073 5600 ait,

493 5612 778 5679 deﬁcientes
806 5617 1059 5683 deﬁcient,
1099 5624 1472 5684 argumentum
1509 5629 1595 5673 est
1633 5622 1773 5688 quod
1803 5623 1999 5679 dicitur
2043 5640 2073 5680 a

497 5702 809 5772 cenjugatis.
854 5707 976 5760 llaec
1011 5706 1155 5761 enim
1194 5709 1354 5763 verba
1393 5723 1458 5764 ex
1498 5711 1689 5783 seipsis
1729 5724 2023 5773 nascuntur
2055 5758 2071 5786 ,

2183 4625 2362 4671 rectus
2389 4618 2582 4682 fuerat,
2611 4621 2742 4674 viam
2777 4623 2980 4676 Domini
3010 4627 3176 4695 Cttplel
3207 4627 3375 4692 nimis,
3402 4627 3450 4680 id
3483 4639 3564 4681 est
3595 4630 3783 4698 ipsum.

2183 4706 2464 4762 Dominum
2493 4710 2824 4766 Salvatorem
2855 4729 3015 4780 supra
3047 4719 3222 4769 omnia
3260 4718 3376 4784 plus
3421 4719 3650 4788 amabit,
3678 4722 3783 4790 qui

2184 4813 2307 4853 vere
2337 4809 2521 4854 nostra
2546 4811 2631 4856 est
2651 4804 2758 4866 ‘vin,
2792 4807 2971 4858 veritas
2999 4817 3044 4858 et
3074 4809 3174 4859 vita
3199 4806 3375 4876 (Joan.
3408 4825 3516 4874 xrv,
3547 4810 3626 4879 G).

2253 4899 2510 4957 Vers.9.5.
2533 4901 2657 4955 Cum
2674 4903 2907 4958 ceciderit
2923 4909 3092 4977 justus
3119 4926 3216 4962 non
3240 4911 3636 4975 conturbabimr,
3655 4915 3788 4981 quia

2187 4990 2436 5044 Dominus
2473 4991 2644 5060 ﬁrmat
2688 5011 2891 5048 manum
2927 4999 3055 5063 eius.
3101 4998 3228 5050 Cum
3266 5000 3520 5063 ceciderit,
3565 5017 3670 5054 non
3726 5005 3782 5056 iu

2187 5092 2461 5148 peceatum
2491 5075 2781 5154 intelligas,
2825 5088 2947 5154 quia
2973 5090 3165 5156 justum
3196 5088 3349 5149 dixit.
3380 5089 3472 5144 sed
3516 5091 3565 5143 in
3599 5095 3786 5144 matti-

2183 5175 2284 5229 bus
2309 5185 2677 5246 peccatorum,
2713 5180 2762 5231 iu
2794 5194 2920 5232 casu
2951 5195 3166 5248 aspero,
3192 5184 3278 5251 qui
3313 5186 3616 5252 frequenter
3647 5199 3785 5237 san-

2184 5267 2284 5320 ctis
2315 5267 2550 5336 (diabolo
2580 5269 2903 5340 insidiante)
2936 5273 3216 5341 contingit.
3254 5273 3358 5328 Sed
3393 5284 3448 5328 ut
3490 5275 3579 5328 tibi
3614 5279 3787 5329 satis-

2183 5357 2360 5412 facere
2387 5358 2644 5425 vldcaris,
2675 5361 2956 5416 considera
2984 5362 3105 5431 quia
3149 5379 3266 5416 cum
3306 5365 3359 5417 in
3391 5364 3577 5418 eodem
3612 5380 3788 5420 versu

2184 5447 2355 5511 dicat,
2389 5447 2655 5515 ceciderit,
2697 5448 2837 5517 quod
2877 5453 2942 5502 ad
3004 5450 3165 5518 pedes
3211 5452 3450 5519 respicit,
3496 5454 3788 5524 subiungit

2181 5526 2496 5578 ﬁrmandam
2524 5541 2741 5578 manum
2765 5526 3029 5589 cadentis,
3047 5528 3201 5593 cujus
3223 5531 3390 5596 magis
3409 5530 3591 5581 debuit
3612 5545 3756 5581 coii—

2179 5613 2384 5668 l‘ortare
2409 5617 2718 5684 vestigium.
2741 5623 2798 5668 ut
2819 5626 2940 5684 post
2969 5616 3177 5685 lapsum
3203 5633 3426 5687 surgere
3451 5619 3745 5672 valuisset.

2178 5701 2332 5760 lintle
2357 5705 2641 5760 evidenter
2665 5714 2890 5775 apparet
2914 5708 3099 5762 cadere
3128 5709 3292 5775 istud,
3313 5725 3435 5765 esse
3459 5712 3510 5764 in
3546 5710 3755 5780 impio~
