4030 6172
237 383 342 437 965

1125 372 1483 430 EXPOSITIO
1524 374 1585 428 IN
1626 371 2083 429 PSALTERIUM.
2129 371 2313 427 PSAi..
2362 372 2599 428 XXXVI.

3401 382 3505 439 266

234 504 350 544 rum
409 486 654 542 incidere
709 485 988 541 ditionem.
1041 484 1255 539 Manum
1292 486 1487 557 quippe
1534 484 1724 555 hujus,
1776 484 1826 539 id
1858 488 1903 546 Α
1934 482 2598 551 Seducerederesjustum
2621 482 2887 538 interdum
2906 484 3041 541 velle
3064 487 3510 559 mutuari,posuit

233 594 314 636 est
356 579 651 637 consilium
703 579 1175 649 operationcmque
1212 580 1529 642 confirmat;
1579 594 1676 632 nec
1718 586 1820 632 lur-

235 673 346 728 bari
384 681 566 742 potest
591 680 805 741 captus,
844 670 931 740 qui
964 670 1184 725 adversa
1228 671 1409 726 surculi
1439 670 1596 741 hujus
1636 670 1819 725 subire

238 766 479 819 decrevit
507 764 825 834 intrepidus.

310 855 470 909 Vera.
501 855 596 908 26.
646 854 783 910 Non.
828 854 1073 908 Iuvenior
1113 856 1189 925 fui
1218 864 1261 908 et
1290 854 1461 917 senui,
1494 862 1542 908 et
1578 870 1677 907 non
1718 854 1822 907 vidi

231 950 431 1014 justum
460 945 782 1011 derelictum,
810 962 899 999 nec
919 962 1084 1000 semen
1114 948 1226 1015 ejus
1252 962 1397 1017 egens
1422 962 1567 1018 pane.
1599 946 1823 1001 Perven-

240 1048 348 1091 tum
382 1048 470 1093 est
501 1038 570 1091 ad
618 1037 828 1092 tertiam
876 1038 1209 1092 sectionem:
1250 1037 1337 1092 ubi
1376 1038 1421 1091 si
1459 1053 1621 1092 unum
1652 1036 1824 1091 homi-

239 1146 361 1186 nem
398 1130 550 1198 loqui
585 1138 754 1198 putes,
798 1130 959 1185 breve
990 1139 1043 1184 et
1073 1141 1355 1201 angustum
1396 1140 1605 1198 tempus
1644 1139 1825 1185 osten-

239 1220 409 1285 ditur,
442 1235 543 1273 nec
575 1219 664 1273 Dei
691 1219 935 1276 laudibus
957 1221 1176 1275 omnino
1196 1220 1501 1283 sufficiens;
1546 1221 1638 1275 sed
1670 1220 1823 1290 12,5

241 1310 419 1379 magis
470 1307 790 1363 introducta:
836 1324 937 1364 vox
980 1308 1233 1364 credatur
1263 1309 1517 1364 Ecclesia}
1543 1351 1556 1374 ,
1602 1326 1719 1378 qua:
1758 1310 1825 1363 ab

242 1399 398 1452 initio
431 1398 617 1453 saeculi
664 1412 829 1467 usque
876 1398 940 1451 ad
978 1400 1132 1453 ﬁnem
1160 1439 1173 1463 ,
1209 1414 1389 1455 veram
1439 1400 1593 1453 nobis
1640 1399 1826 1469 probat

242 1507 299 1545 es
331 1506 363 1545 e
392 1490 748 1545 sententiam.
779 1488 1024 1543 Iuvenior
1051 1490 1167 1554 fuit,
1195 1492 1408 1560 quando
1433 1489 1582 1545 initia
1612 1492 1746 1559 legis
1774 1491 1825 1544 in

240 1583 362 1647 ipso
395 1579 731 1648 protoplasm
763 1581 1012 1648 primaeva
1039 1581 1293 1649 suscepit.
1329 1579 1528 1646 Senuit,
1562 1580 1612 1633 id
1640 1588 1722 1634 est
1761 1581 1826 1634 ad

247 1666 713 1723 hOitorabiliorem
778 1668 926 1722 venit
980 1676 1217 1735 aetatem,
1259 1670 1470 1737 quando
1526 1670 1828 1726 novissimis

243 1760 591 1829 temporibus
637 1759 906 1828 suscipere
946 1761 1141 1814 meruit
1186 1760 1467 1815 Dominum
1510 1762 1829 1831 Redempto-

241 1868 385 1905 rern.
424 1849 559 1904 Nam
592 1858 647 1904 et
670 1850 987 1920 evangelista
1013 1850 1246 1905 Joannes
1275 1853 1324 1904 in
1355 1851 1591 1921 Epistula
1620 1866 1713 1906 sua
1753 1852 1830 1907 sic

242 1944 358 1996 ait:
396 1938 603 2007 Filioli,
641 1941 915 1995 novissima
947 1940 1075 1995 hora
1115 1952 1186 1995 est
1225 1942 1275 2013 (Ι
1304 1941 1457 1996 Joan.
1487 1958 1546 2007 ll,
1579 1943 1688 2013 i8).
1730 1942 1832 1999 Sed

243 2049 341 2102 per
368 2034 490 2086 hinc
518 2039 758 2101 tempora
784 2046 900 2101 quae
926 2034 1087 2087 totius
1111 2033 1293 2087 mundi
1317 2032 1550 2088 ambitus
1577 2033 1831 2099 excurrit,

242 2127 448 2190 iustum
481 2137 543 2177 se
571 2138 675 2176 non
711 2121 837 2176 dicit
877 2122 1062 2176 vidisse
1090 2122 1409 2176 dere’ictum.
1442 2122 1515 2176 ita
1546 2122 1603 2179 fit
1629 2133 1687 2179 ιιι
1716 2123 1833 2179 1οη-

243 2231 372 2284 gum
431 2224 644 2282 tempus
688 2228 785 2282 per
832 2213 1087 2269 Ecclesia:
1129 2213 1286 2268 verba
1335 2214 1669 2284 designatum
1715 2229 1837 2271 esse

245 2308 528 2362 videatur.
567 2305 706 2373 Quid
739 2304 899 2375 igitur
942 2304 1170 2360 dicimus
1214 2305 1280 2360 de
1318 2305 1428 2359 illis
1462 2306 1623 2375 justis
1655 2307 1743 2375 qui
1782 2308 1835 2361 in

244 2403 522 2454 latronum
569 2398 814 2453 manibus
856 2396 1177 2463 inciderunt,
1206 2397 1274 2452 de
1301 2397 1414 2465 ipso
1443 2412 1650 2467 quoque
1690 2398 1837 2469 justo

245 2494 523 2563 iustorum
548 2493 633 2562 qui
649 2491 892 2547 clamavit
917 2492 968 2546 in
984 2506 1142 2546 cruce
1168 2508 1179 2544 :
1206 2491 1337 2545 Deus
1350 2490 1506 2558 metti,
1524 2491 1662 2546 Dens
1676 2509 1836 2557 meus,

244 2602 419 2651 quare
441 2602 517 2639 me
529 2585 841 2657 dereliquisti
856 2584 1070 2659 (Matth.
1088 2602 1257 2653 xxvu,
1275 2586 1400 2657 46)?
1417 2587 1520 2643 Sed
1552 2596 1607 2642 ut
1623 2602 1836 2642 omnem

246 2677 464 2730 nodum
486 2677 879 2733 contrarietatis
916 2678 1223 2742 evadamus,
1242 2681 1412 2750 justus
1436 2676 1703 2734 derelictus
1731 2695 1837 2735 non

243 2778 362 2834 est,
392 2768 489 2822 sed
505 2768 869 2836 spiritualibus
887 2768 1066 2833 bonis,
1086 2785 1187 2824 non
1204 2771 1608 2840 temporalibus,
1626 2781 1681 2825 ut
1696 2781 1842 2842 puta-

244 2871 369 2927 tur,
398 2860 636 2914 auxiliis:
662 2860 854 2931 quibus
876 2868 1002 2916 tunc
1025 2862 1244 2931 prsentia
1269 2876 1455 2918 revera
1475 2862 1668 2917 collata
1692 2874 1837 2930 sunt,

243 2950 486 3020 quando
532 2960 790 3008 tormenta
837 2953 1018 3008 saeculi
1058 2968 1314 3024 superare
1362 2963 1688 3025 potuerunt,
1722 2959 1840 3027 ipso

247 3049 541 3095 testante:
588 3039 729 3096 Beati
768 3044 854 3110 qui
900 3045 1296 3111 persecutionem
1333 3051 1597 3116 patiuntur
1639 3060 1841 3121 prepter

246 3132 791 3202 justitiam,quoniam
810 3135 1035 3205 ipsorum
1056 3146 1351 3209 estregnunt
1372 3140 1610 3194 calorum
1625 3139 1835 3213 (Matth.

1925 582 2029 626 tota
2057 573 2157 626 die.
2186 574 2229 628 0
2252 573 2447 629 divitia:
2474 573 2875 630 inaestimabiles
2892 616 2907 639 ,
2930 592 3048 645 quae
3074 578 3126 633 in
3154 588 3262 635 tota
3291 582 3397 636 vita
3416 598 3505 636 co-

1924 665 2062 733 piam
2076 678 2225 718 suam
2244 664 2652 721 afﬂuentissime
2667 667 2977 735 largiuntur!
2997 670 3182 726 Merito
3199 687 3302 727 non
3325 673 3509 731 deficit

1924 755 2072 822 dare,
2106 756 2194 826 qui
2227 772 2257 809 a
2292 756 2507 813 Christo
2534 774 2746 827 semper
2784 763 3060 817 consuevit
3104 764 3368 834 accipere.
3404 766 3503 821 Se-

1924 847 2122 914 quitur,
2153 856 2202 899 et
2238 864 2406 902 semen
2444 851 2553 920 ejus
2578 850 2631 903 in
2672 850 3014 907 benedictione
3043 855 3160 909 erit.
3193 855 3394 911 Similis
3424 868 3510 915 est

1925 946 1977 991 et
2006 937 2109 993 is'c
2149 938 2298 993 locus
2344 941 2729 1010 superioribus.
2776 942 2906 996 Nam
2940 945 2983 999 si
3009 960 3177 999 semrn
3203 948 3339 1003 velis
3368 948 3507 1005 ﬁlios

1927 1025 2242 1097 intelligere,
2293 1030 2443 1085 multi
2492 1032 2663 1086 sancti
2704 1033 2842 1087 filios
2867 1046 3167 1103 genuerunt
3203 1038 3508 1096 luxuriosos

1927 1126 1978 1169 ct
2007 1117 2217 1186 impios.
2252 1118 2358 1175 Sed
2400 1137 2565 1175 semen
2604 1122 2731 1177 dicit
2760 1138 2974 1193 operam
2994 1166 3009 1193 ,
3049 1141 3166 1195 qua:
3196 1128 3263 1182 ab
3294 1129 3508 1187 homine

1926 1206 2068 1262 dono
2123 1224 2358 1278 superno
2411 1212 2553 1266 velut
2609 1211 2928 1269 frumentale
2973 1233 3137 1271 semen
3189 1222 3508 1289 aspergitur.

1931 1298 2053 1353 llaec
2090 1301 2340 1369 recipitur
2383 1303 2435 1355 in
2479 1303 2821 1359 benedictione
2845 1345 2859 1369 ,
2891 1306 3011 1374 quia
3050 1308 3308 1365 seminata
3346 1324 3425 1366 cst
3455 1311 3510 1367 in

1928 1392 2066 1447 bona
2096 1393 2385 1447 voluntate.
2421 1392 2549 1447 Nam
2578 1410 2744 1447 semen
2775 1410 2933 1462 Opera
2976 1408 3155 1451 nostra
3197 1414 3316 1455 esse
3349 1401 3508 1457 intel-

1930 1483 2063 1535 lexit
2090 1483 2374 1551 Apostolus
2405 1498 2523 1537 cum
2566 1484 2690 1538 dict
2719 1503 2729 1536 :
2769 1486 2867 1551 Qui
2898 1488 3113 1541 seminat
3143 1490 3194 1543 in
3225 1507 3409 1555 carne,
3449 1494 3512 1548 de

1928 1591 2076 1629 carne
2105 1587 2249 1629 metet
2276 1576 2683 1645 corruptionem;
2705 1587 2750 1632 et
2782 1580 2867 1647 qui
2890 1582 3103 1635 seminat
3142 1585 3193 1637 in
3218 1586 3421 1655 spiritu,
3449 1588 3512 1641 de

1929 1666 2109 1739 spiritu
2150 1677 2292 1720 metet
2325 1670 2475 1721 ritum
2516 1678 2754 1722 a’lernam
2788 1669 2928 1741 (Gal.
2957 1689 3026 1741 vr,
3053 1675 3132 1744 8).

2001 1755 2152 1811 Vers.
2185 1755 2274 1813 ‘28.
2306 1756 2539 1812 Sttuacu.
2574 1757 2786 1813 Declina
2814 1777 2846 1812 a
2876 1762 3009 1815 man
3035 1774 3080 1816 et
3104 1768 3191 1834 fac
3229 1767 3436 1838 bonum,
3466 1779 3514 1825 et

1868 1882 1907 1939 Β
1937 1848 2158 1901 inhabi'a
2187 1848 2237 1901 in
2267 1850 2507 1900 amulum
2531 1850 2723 1903 swculi.
2759 1850 2971 1907 Duobus
3014 1854 3184 1909 modis
3215 1858 3377 1912 vitam
3411 1874 3511 1913 no-

1939 1947 2102 1992 stram
2136 1939 2217 2008 pia
2246 1949 2415 1995 mater
2456 1942 2705 2000 instituit.
2752 1945 2959 2001 Primus
2986 1957 3067 2003 est
3094 1990 3111 2017 ,
3142 1958 3201 2004 ut
3240 1952 3375 2006 mala
3418 1953 3514 2008 de~

1940 2030 2234 2096 clinemus,
2284 2032 2405 2102 quia
2456 2036 2721 2104 peccaturi
2774 2038 3033 2094 bonarum
3078 2056 3255 2096 rerum
3288 2053 3509 2113 repente

1939 2140 1996 2179 es
2028 2140 2058 2180 e
2097 2141 2201 2181 non
2233 2136 2405 2196 potest
2441 2131 2726 2199 appetitus.
2770 2131 3050 2189 Secundus
3084 2144 3142 2190 ut
3168 2135 3307 2192 bona
3346 2137 3514 2194 facia-

1941 2233 2056 2273 mus
2087 2227 2301 2289 propter
2328 2221 2469 2290 quod
2498 2237 2528 2277 a
2558 2223 2891 2293 vituperabzli
2922 2227 3132 2282 actione
3160 2229 3512 2287 cessavimus.

1943 2310 2276 2366 Declinemus
2307 2326 2433 2381 ergo
2462 2312 2620 2379 mala,
2648 2330 2766 2384 quze
2797 2324 2973 2371 nostra
3003 2326 3146 2386 sunt,
3178 2331 3232 2373 et
3262 2320 3513 2376 faciamus

1942 2399 2098 2465 bona,
2133 2416 2250 2472 quze
2278 2402 2477 2457 Christi
2508 2413 2651 2473 sunt,
2695 2406 2815 2475 quia
2847 2406 3100 2465 Dominus
3129 2409 3183 2464 in
3204 2408 3404 2479 judicio
3430 2412 3516 2480 ju-

1939 2499 2053 2543 str's
2079 2506 2204 2546 suos
2225 2503 2497 2550 nonvocat
2517 2496 2582 2550 ad
2607 2498 2903 2567 praemium,
2928 2501 3174 2569 quoniam
3200 2504 3518 2573 pauperibus

1941 2580 2073 2636 nihil
2105 2584 2369 2638 tulerunt:
2401 2584 2494 2639 sed
2526 2586 2647 2641 ideo
2675 2597 2919 2656 coronat,
2949 2590 3071 2659 quia
3106 2592 3276 2647 nudos
3308 2594 3512 2647 vestic-

1944 2680 2087 2739 runt,
2115 2674 2237 2728 visit
2254 2684 2460 2729 iverttnt
2484 2676 2744 2743 infirmos,
2770 2689 2824 2733 et
2845 2680 3147 2736 esurientes
3170 2682 3519 2754 sitieutcsque

1944 2777 2161 2834 pascere
2190 2764 2517 2833 delegerunt.
2549 2766 2706 2823 Vides
2733 2782 2859 2838 ergo
2881 2770 3000 2837 quia
3024 2786 3128 2825 non
3150 2771 3349 2828 sufficit
3368 2772 3520 2829 Chri-

1942 2851 2113 2906 5tiano
2136 2867 2165 2906 a
2199 2854 2352 2907 malis
2385 2855 2691 2923 abStinere,
2741 2859 2840 2911 nisi
2881 2859 3039 2913 etiam
3082 2861 3277 2916 bonum
3320 2868 3521 2920 nLtatur

1942 2943 2167 3013 quadam
2195 2947 2505 3014 operatione
2548 2948 2822 3016 perlicere.
2865 2948 3062 3004 Verum
3100 2950 3216 3005 bzec
3258 2965 3521 3024 praecepta

1943 3035 2067 3104 quid
2098 3037 2371 3106 sequitur?
2407 3036 2471 3089 Et
2497 3038 2725 3092 inhabile
2755 3040 2806 3093 in
2835 3041 3078 3095 secutum
3107 3042 3310 3103 saeculi;
3340 3056 3396 3098 ut
3422 3047 3517 3102 tali

1945 3127 2299 3196 promissione
2338 3129 2591 3192 conlisus,
2623 3129 2795 3184 futura
2832 3132 3050 3200 prazmia
3088 3148 3183 3202 spe
3219 3136 3521 3193 certissima

246 3239 306 3289 ν’
350 3221 479 3293 ιον),
519 3223 685 3278 Simili
720 3225 878 3280 modo
904 3226 1035 3281 dicit
1072 3242 1177 3282 ηοη
1206 3242 1264 3283 se
1290 3228 1492 3284 vidisse
1518 3246 1687 3285 εειηεη
1710 3231 1839 3303 ius“
1872 3246 1914 3306 ε
1942 3219 2049 3287 jam
2080 3219 2353 3288 possidere
2382 3220 2646 3277 videatur.
2689 3220 2949 3275 Strculnm
2988 3237 3116 3278 vero
3152 3226 3328 3279 seaculi
3356 3227 3523 3297 signi-

248 3334 426 3389 egens
451 3334 599 3388 pane.
629 3317 778 3383 Quod
810 3319 855 3374 si
880 3319 947 3373 ad
970 3319 1198 3376 litteram
1228 3322 1480 3391 accipias,
1504 3338 1603 3379 nec
1627 3325 1726 3379 hoc
1753 3340 1844 3393 po-

251 3411 406 3465 terit.
427 3421 667 3465 constare
686 3411 824 3481 quod
851 3412 1075 3466 dicitur:
1106 3413 1328 3483 legimus
1348 3418 1490 3470 enim
1513 3416 1667 3470 famis
1686 3431 1844 3472 causa

253 3502 567 3565 Abraham,
597 3504 759 3568 Isaac,
786 3514 839 3559 et
868 3504 1033 3560 lacob
1062 3516 1295 3562 mutasse
1336 3510 1633 3577 provincias
1658 3526 1672 3574 ;
1705 3511 1845 3566 unde

255 3594 492 3647 dubium
523 3609 625 3648 non
650 3604 730 3649 est
757 3596 952 3667 eguisse
976 3613 1129 3668 pane,
1160 3613 1295 3668 quos
1322 3609 1540 3671 propter
1568 3603 1844 3671 penuriam

258 3688 374 3742 loci
413 3697 619 3743 constat
646 3698 854 3743 exteras
892 3705 957 3744 ex
972 3691 1187 3758 petiisse
1228 3692 1495 3763 regiones.
1528 3693 1634 3749 Sed
1663 3695 1845 3751 redea-

261 3792 399 3833 mus
423 3778 487 3831 ad
522 3780 829 3833 interiorem
864 3779 1158 3846 hominem,
1202 3792 1257 3839 et
1289 3798 1413 3838 vera
1444 3784 1599 3839 nobis
1624 3797 1844 3842 senten-

263 3871 347 3922 tia
399 3870 703 3925 salutariter
742 3872 1041 3942 apparebit.
1075 3874 1259 3928 Semen
1300 3876 1715 3946 uniuscujusque
1751 3877 1850 3932 ho-

262 3962 441 4018 minis
468 3976 682 4031 operam
710 3979 828 4019 essc
851 3965 1111 4031 diximus,
1138 3981 1295 4036 quam
1330 3968 1561 4023 seminat
1578 3978 1635 4023 et
1657 3969 1807 4023 metit
1831 4011 1848 4038 ,

260 4050 397 4105 sive
422 4050 636 4119 bonam,
668 4053 781 4108 sive
813 4055 1028 4111 malam.
1064 4054 1206 4127 Ergo
1234 4071 1393 4125 Opera
1414 4056 1548 4126 justi
1578 4073 1713 4127 pane
1745 4074 1850 4115 non

262 4141 511 4211 indiget,
562 4144 659 4198 hoc
702 4153 785 4199 est
831 4146 995 4201 verbo
1025 4146 1118 4201 Dei
1146 4162 1252 4215 quo
1289 4148 1548 4216 satiatur,
1587 4164 1694 4219 quo
1732 4150 1853 4206 reli-

262 4235 448 4296 citur,
503 4247 611 4302 quo
647 4234 789 4290 intus
839 4250 1024 4291 revera
1066 4236 1196 4292 vivit
1233 4246 1289 4292 et
1328 4240 1583 4307 pascitur.
1633 4240 1723 4297 Sic
1763 4243 1854 4297 ﬁet

264 4335 327 4378 ut
365 4326 746 4380 concortlantia
774 4328 1087 4392 reddantur,
1120 4344 1237 4398 qum
1265 4329 1368 4385 sibi
1396 4331 1711 4389 videbantur
1732 4350 1854 4391 esse

263 4416 571 4471 cunlt’aria.

348 4506 507 4561 Vers.
534 4507 622 4562 27.
654 4508 779 4563 Tota
808 4511 889 4564 die:
924 4513 1192 4566 miseretur
1218 4522 1265 4567 et
1288 4516 1595 4582 commodat,
1623 4525 1668 4571 et
1689 4533 1856 4572 semen

1950 3312 2071 3365 licat
2099 3320 2357 3367 aeternum
2396 3328 2615 3384 regnum
2637 3356 2649 3379 ,
2685 3315 2824 3383 quod
2856 3315 2998 3370 nul'a
3024 3318 3367 3376 successione
3407 3337 3523 3376 mu-

1952 3402 2165 3457 labitur.

2024 3494 2174 3549 Vers.
2209 3493 2297 3551 29.
2332 3495 2585 3562 Quoniant
2616 3495 2865 3551 Dominus
2888 3506 3029 3552 amat
3048 3500 3327 3569 judicium,
3356 3513 3401 3557 et
3426 3494 3524 3558 non

1950 3586 2258 3657 dzrelinquet
2295 3596 2498 3641 sanctos
2527 3604 2679 3644 suos:
2710 3591 2760 3642 in
2795 3598 3041 3644 teternum
3080 3595 3526 3655 consert'abunlur.

1950 3674 2186 3731 Audiens
2213 3678 2315 3732 hoc
2355 3678 2595 3747 verbum,
2635 3696 2751 3733 ama
2778 3690 2829 3735 et
2854 3690 2906 3736 tu
2927 3683 3184 3753 judicium
3204 3728 3218 3751 ,
3260 3686 3339 3741 fac
3364 3687 3528 3759 juSIi--

1951 3769 2100 3834 tiam,
2134 3778 2210 3837 ut,
2236 3770 2454 3839 juvante
2498 3773 2740 3841 Domino,
2775 3788 2919 3829 recta
2954 3786 3006 3832 te
3048 3778 3321 3836 voluntate
3357 3783 3528 3837 conti-

1953 3876 2100 3925 neas,
2129 3871 2187 3915 ut
2212 3863 2364 3917 hunis
2391 3865 2493 3919 tuis
2522 3864 2636 3933 ipse
2664 3867 3018 3937 congaudeas.
3053 3869 3145 3925 ltle
3171 3874 3314 3926 enim
3343 3884 3528 3931 auctor

1948 3951 2166 4021 justitia:
2194 3968 2298 4006 non
2340 3948 2661 4023 potestillos
2687 3958 3034 4027 derelinquere
3059 3962 3145 4029 qui
3186 3962 3300 4032 ejus
3328 3964 3529 4036 eligunt

1957 4050 2217 4111 praecepta
2257 4044 2548 4112 complere.
2578 4045 2645 4098 Et
2685 4045 2901 4101 intende
2941 4048 3375 4117 promissionem:
3411 4055 3529 4123 quia

1957 4145 2060 4184 non
2106 4132 2235 4185 dicit
2264 4132 2440 4203 justos
2482 4135 2535 4188 in
2579 4137 2959 4205 temporalibus
3000 4139 3158 4195 rebus
3199 4156 3529 4214 nequaquam

1957 4220 2284 4276 deserendus
2307 4263 2322 4287 ,
2369 4223 2463 4277 ιιι-(1
2502 4238 2599 4279 eos
2632 4225 2686 4277 in
2724 4234 2971 4280 aeternum
3006 4232 3377 4287 conservandos
3415 4249 3530 4291 esse

1961 4317 2289 4382 pr0nuntiat.
2320 4315 2415 4370 ilic
2437 4316 2580 4371 θιιίιιι
2603 4318 2877 4374 visualiter
2907 4324 3210 4378 conservari
3240 4338 3530 4397 nequeunt,

1958 4402 2046 4471 qui
2082 4402 2513 4461 tribulationibus
2541 4408 2920 4479 suppliciisque
2950 4410 3269 4469 lacerantur.
3303 4417 3531 4475 Audiam

1959 4495 2139 4566 cupidi
2162 4500 2283 4553 vitae
2311 4498 2488 4569 hujus,
2522 4500 2613 4568 qui
2642 4500 2741 4555 sibi
2774 4501 3043 4573 longzevos
3072 4520 3240 4561 annos
3267 4511 3533 4577 postulare

264 4602 391 4671 ejus
416 4601 471 4654 in
507 4600 847 4655 benedictione
871 4604 986 4657 erit.
1012 4603 1143 4657 Tota
1169 4605 1256 4658 die
1284 4606 1443 4671 dicit,
1480 4617 1590 4662 toto
1617 4617 1841 4677 temport

1962 4597 2277 4657 noscuntur,
2314 4605 2419 4644 non
2464 4592 2514 4645 in
2548 4594 2647 4647 hoc
2678 4594 2894 4657 saeculo,
2928 4596 3020 4649 sed
3050 4596 3104 4649 in
3141 4608 3386 4654 eternum
3414 4620 3533 4658 cono

269 4695 402 4746 vitae
427 4708 561 4747 sum.
596 4692 712 4747 Dies
734 4692 875 4747 enim
902 4694 1156 4763 singulari
1184 4711 1406 4752 numero
1432 4697 1735 4769 frequenter
1760 4714 1852 4769 ap-

268 4786 517 4854 ponitur,
550 4795 608 4838 ut
657 4787 821 4840 totius
863 4785 982 4839 vitae
1012 4796 1252 4857 tempora
1295 4789 1667 4845 declarentur:
1697 4792 1855 4861 quale

269 4886 359 4931 est
388 4875 517 4929 illud
551 4876 707 4944 primi
752 4892 784 4945 p
814 4876 935 4931 almi
954 4916 968 4940 ,
996 4886 1043 4931 et
1068 4878 1121 4932 in
1164 4878 1272 4949 lege
1296 4882 1403 4950 ejus
1432 4882 1753 4936 meditabitur
1775 4884 1857 4937 die

266 4984 337 5020 ac
367 4976 517 5019 nocte
544 4966 721 5035 (Psal.
754 4983 792 5032 ι,
829 4968 910 5035 2).
949 4967 1022 5021 lla
1054 4969 1110 5022 lit
1133 4978 1211 5034 ut,
1238 4984 1357 5024 cum
1394 4986 1559 5041 pauca
1588 4973 1817 5029 dicimus
1842 5016 1854 5036 ,

271 5062 508 5130 plurima
538 5061 851 5115 sentiamus.
880 5058 1151 5115 Miseretur
1178 5059 1223 5114 εἰ
1250 5065 1566 5120 commodat:
1589 5066 1699 5121 sive
1721 5068 1861 5121 elee-

270 5164 533 5221 ωαξης
557 5152 702 5213 dicit,
738 5151 827 5205 ubi
857 5161 980 5206 ante
1012 5151 1370 5207 misericordia
1410 5155 1573 5225 tangit
1603 5156 1859 5223 animum,

270 5252 333 5297 et
364 5245 440 5295 sic
468 5242 640 5310 aperit
670 5256 907 5298 manum.
936 5242 1049 5311 Ipsa
1080 5253 1165 5298 est
1190 5245 1331 5298 enim
1364 5245 1593 5312 perfecta
1622 5249 1860 5301 eleemo-

272 5350 436 5407 syria,
469 5351 590 5404 qua:
614 5337 758 5404 prius
784 5351 814 5388 a
840 5350 898 5389 se
925 5336 1160 5403 inchoat,
1191 5345 1243 5391 et
1268 5337 1344 5391 sic
1371 5338 1435 5391 ad
1465 5340 1685 5394 alterius
1710 5339 1861 5407 juva—

277 5431 429 5484 snina
482 5431 663 5485 venire
710 5428 942 5483 festinat.
989 5428 1114 5485 Sive
1152 5431 1318 5499 magis
1350 5430 1492 5485 illum
1536 5433 1859 5486 commodare

273 5523 521 5578 dicamus
550 5522 841 5589 spiritualia
872 5520 1029 5588 bona,
1056 5537 1174 5590 qu;e
1204 5520 1485 5576 afﬂuenter
1508 5522 1599 5577 Dei
1624 5524 1860 5591 possidet

275 5625 505 5682 pauper.
521 5610 820 5665 Commodat
834 5612 985 5680 plane
995 5612 1188 5682 justus,
1205 5614 1343 5668 unde
1360 5614 1576 5668 omnino
1589 5614 1638 5668 di
1650 5629 1740 5671 ves
1756 5626 1858 5679 est,

278 5705 352 5761 de
374 5704 639 5768 doctrina,
664 5704 732 5757 de
750 5703 964 5772 pietate,
988 5704 1054 5758 de
1071 5704 1292 5773 iustitia,
1311 5707 1377 5760 de
1409 5706 1680 5775 patientia,
1704 5716 1862 5762 caete-

278 5798 466 5867 risque
489 5796 664 5860 bonis,
695 5794 887 5861 quibus
909 5794 1192 5861 perfru'tnr
1220 5813 1367 5857 mens
1393 5798 1479 5855 illa
1504 5798 1858 5853 sanctissima.

569 5888 837 5949 Ριτιιοι..
890 5888 993 5948 LX
1008 5888 1085 5947 Χ.

1961 4683 2201 4735 seri-andi
2231 4693 2376 4747 sunt,
2409 4678 2499 4753 qui
2533 4684 2758 4740 Domino
2788 4687 2996 4756 placere
3025 4693 3370 4748 contendunt.

2038 4776 2184 4830 Vt‘rs.
2216 4778 2305 4830 '50.
2340 4776 2534 4847 Injusli
2560 4789 2729 4833 autem
2757 4781 3053 4849 punientur,
3085 4794 3130 4835 et
3156 4799 3325 4839 semen
3352 4787 3533 4857 impio-

1962 4882 2074 4918 rum
2104 4867 2302 4936 peribit.
2328 4866 2656 4935 Frequenter
2685 4882 2874 4924 senSns
2906 4870 3006 4925 iste
3035 4875 3307 4940 repetitur,
3337 4888 3393 4929 ut
3421 4893 3532 4932 am-

1964 4959 2102 5027 plius
2130 4975 2248 5029 quas
2274 4970 2399 5015 sunt
2435 4970 2660 5016 ventura
2694 4963 3000 5020 credantur.
3045 4964 3226 5020 Divina
3268 4968 3530 5038 siquidem

1968 5049 2259 5115 miseratio,
2281 5051 2404 5104 dum
2426 5065 2525 5106 nos
2546 5052 2748 5107 mavult
2778 5054 3036 5124 gehennte
3070 5070 3253 5125 pinnas
3283 5060 3532 5129 evadere,

1965 5139 2211 5209 dignatur
2238 5141 2435 5211 saepius
2475 5144 2782 5198 admonere.
2828 5146 2891 5199 Et
2922 5147 3061 5200 sicut
3090 5151 3334 5219 Superius
3360 5151 3535 5222 justo~

1965 5247 2081 5286 rum
2121 5247 2328 5299 semen,
2358 5233 2411 5289 id
2442 5244 2524 5289 est
2560 5250 2719 5305 opera
2760 5236 2811 5290 in
2842 5236 3215 5297 benedictione
3250 5241 3385 5298 dixit
3411 5260 3535 5302 esse

1967 5338 2237 5392 mansura,
2284 5327 2356 5381 ita
2400 5326 2485 5381 hic
2515 5327 2795 5398 impiorum
2830 5338 2979 5385 actus
3017 5333 3191 5399 perire
3230 5335 3533 5396 conﬁrmat.

1970 5414 2217 5471 Peribunt
2246 5434 2393 5482 sane,
2433 5419 2644 5488 quando
2678 5429 2735 5475 et
2765 5421 2936 5491 ipsum
2982 5422 3229 5478 delictum
3256 5467 3272 5493 ,
3306 5435 3360 5481 et
3387 5427 3532 5483 locus

1968 5511 2208 5566 noscitur
2232 5511 2452 5566 interire
2484 5515 2837 5582 peccantium.
2869 5514 2994 5567 Nam
3023 5516 3195 5584 perire
3218 5531 3377 5588 opera
3408 5519 3530 5576 iuli-

1967 5604 2183 5669 delium,
2218 5617 2323 5657 non
2355 5612 2460 5657 tam
2502 5606 2700 5660 nostris
2726 5605 2904 5660 verbis
2941 5621 3097 5676 quam
3139 5606 3425 5667 Salomone
3457 5614 3537 5669 di-

1969 5708 2124 5752 cente
2146 5696 2514 5767 probabimus;
2542 5699 2731 5755 dicturi
2758 5710 2878 5753 sunt
2900 5704 3040 5757 enim
3067 5702 3116 5755 in
3137 5700 3369 5772 judicio:
3404 5708 3538 5773 Quid

1971 5793 2114 5846 nobis
2143 5792 2334 5862 profuit
2370 5792 2642 5863 superbia,
2685 5802 2772 5849 aut
2810 5795 2933 5862 quid
2970 5796 3261 5851 dimtiarum
3286 5801 3541 5870 jactantia

3072 5890 3107 5952 9
