4030 6172
484 374 585 429 9.(37

1694 366 1763 420 Μ.
1806 362 2083 421 AURELH
2123 363 2519 421 CASSIODORI

3657 360 3765 416 ‘268

484 487 701 544 contulit
730 487 907 542 nobis?
934 484 1265 539 Transierunt
1296 484 1466 537 omnia
1495 483 1586 536 illa
1626 492 1864 551 tanquam
1896 479 2070 533 umbra
2103 480 2151 540 Α
2175 478 2327 533 corde
2355 480 2537 549 ipsius,
2579 492 2795 534 sensum
2828 478 2969 534 beati
3012 475 3320 532 universum
3368 473 3459 528 tali
3507 472 3649 529 bono
3688 474 3771 527 si-

486 582 641 649 (Sap.
674 593 729 644 v,
763 577 817 642 8,
842 575 920 646 9).
956 574 1116 629 Vides
1144 574 1317 644 perire
1340 572 1596 645 quidquid
1634 574 1903 627 hominem
1946 587 2067 640 per-

485 669 584 735 dit,
613 675 668 724 et
695 666 810 722 sola
849 664 1149 721 consistere
1189 679 1308 735 qua:
1339 665 1391 719 in
1436 678 1602 735 regno
1627 663 1839 719 Domini
1869 662 2071 718 faciunt

487 772 823 831 permanere.

560 862 713 917 γεω.
741 862 831 917 5i.
876 859 1015 915 Justi
1055 860 1351 915 hereditate
1387 859 1716 928 possidebunt
1754 868 1977 924 terram,
2024 866 2071 911 et

486 950 844 1008 inhabitabant
871 955 922 1007 in
960 952 1202 1006 circulum
1240 951 1417 1006 oraculi
1444 968 1597 1023 super
1626 968 1760 1006 eam.
1803 951 1953 1009 Sicut
1980 968 2074 1009 as-

489 1047 643 1102 sidue
666 1047 907 1115 increpat
932 1053 989 1099 ut
1008 1044 1263 1115 corrigat,
1286 1045 1359 1099 ita
1388 1042 1693 1114 frequenter
1716 1059 1935 1100 munera
1964 1045 2076 1115 pol-

492 1144 685 1197 licetur
715 1151 772 1195 ut
795 1141 986 1209 erigat.
1044 1138 1277 1208 Utraque
1299 1138 1467 1204 enim,
1498 1138 1635 1192 sicut
1672 1136 1926 1203 diximus,
1959 1138 2077 1192 elﬁ-

490 1232 768 1287 cacissima
796 1240 920 1285 sunt
958 1232 1307 1285 instrumenta
1347 1226 1637 1295 doctrinas,
1677 1237 1732 1282 ut
1756 1228 1926 1283 malos
1956 1231 2075 1282 vin-

491 1326 658 1391 dicta,
694 1323 865 1378 bonos
907 1320 1167 1391 promissa
1212 1319 1426 1388 praemia
1467 1318 1876 1387 subsequantur.
1918 1316 2078 1371 Terra

491 1431 621 1485 ergo
643 1416 741 1471 ista
760 1413 1022 1484 appellata
1044 1421 1146 1479 est,
1174 1426 1239 1466 eo
1260 1410 1401 1480 quod
1424 1408 1832 1463 commeantium
1856 1407 2078 1478 pedibus

493 1517 774 1564 atteratur.
803 1507 882 1562 Ad
905 1504 1060 1575 cujus
1086 1502 1491 1560 similitudinem
1520 1508 1573 1556 et
1599 1499 1691 1553 illa
1722 1498 1899 1554 futura
1936 1509 2079 1553 terra

496 1604 759 1658 vocitatur
783 1641 800 1669 ,
849 1615 955 1655 non
985 1599 1107 1669 quia
1148 1605 1353 1654 teratur
1382 1609 1502 1663 quae
1527 1594 1722 1665 jugiter
1752 1595 1987 1648 manebit
2018 1593 2081 1648 il-

496 1699 643 1761 laesa,
676 1694 771 1751 sed
797 1691 1118 1748 vocabulum
1151 1703 1257 1744 non
1299 1686 1502 1758 perdit,
1530 1687 1778 1756 quoniam
1820 1686 1931 1755 ipsa
1960 1700 2081 1755 per-

496 1788 731 1844 manebit
775 1783 1121 1856 qualitatibus
1162 1780 1493 1845 immutatis,
1539 1779 1679 1835 sicut
1713 1787 1767 1833 ct
1805 1777 1999 1833 coelum
2028 1784 2082 1831 et

2172 572 2391 642 gniﬁcat
2424 585 2546 627 esse
2578 571 2921 640 completum.
2966 567 3134 639 Hujus
3175 570 3349 637 itaque
3387 582 3593 638 gressus
3642 579 3768 631 sup-

2174 664 2409 735 plantare
2446 678 2604 718 nemo
2649 662 2979 733 praevalebit,
3023 660 3237 732 quando
3260 659 3371 730 jam
3404 668 3457 714 et
3501 657 3767 731 originale

2176 765 2451 826 peccatum
2496 756 2740 821 desinet,
2782 762 2837 810 et
2866 754 3107 809 diabolus
3136 751 3441 822 decipiendi
3488 750 3765 805 licentiam

2176 862 2283 901 non
2317 846 2550 902 habebit.
2599 845 2955 917 Supplantare
2996 844 3137 900 enim
3183 844 3410 898 dicimus
3454 841 3655 912 plantis
3689 842 3768 894 lo-

2175 955 2302 997 veas
2331 940 2682 1012 prmtendere,
2710 955 2777 996 ne
2803 940 2973 1009 possit
2997 937 3255 994 incedens
3281 937 3494 990 ﬁrmum
3522 935 3767 1003 reperire

2178 1035 2487 1105 vestigium.
2515 1033 2626 1088 lloc
2647 1033 2715 1087 ibi
2738 1032 3042 1087 nullatenus
3064 1037 3275 1085 constat
3292 1042 3411 1081 esse
3435 1023 3764 1088 faciendum,

2176 1127 2269 1182 ubi
2298 1140 2486 1182 secura
2517 1134 2570 1180 et
2600 1132 2802 1179 aeterna
2829 1132 2954 1177 sunt
2980 1120 3158 1176 omnia
3184 1136 3198 1185 ;
3237 1118 3376 1172 sicut
3419 1119 3469 1169 in
3499 1117 3767 1184 quinqua-

2180 1218 2382 1286 gesimo
2410 1216 2595 1285 quinto
2620 1215 2825 1284 psalmo
2849 1211 3092 1267 dicturus
3116 1219 3225 1265 est:
3252 1207 3505 1273 Quoniam
3531 1204 3768 1275 eripuisti

2177 1311 2403 1363 animam
2424 1325 2585 1361 meam
2610 1306 2673 1359 de
2697 1314 2879 1370 morte,
2904 1303 3077 1357 oculos
3104 1317 3240 1355 meos
3267 1316 3299 1352 a
3327 1297 3588 1367 lacrymis,
3615 1294 3769 1366 pedes

2178 1418 2314 1456 meos
2344 1418 2376 1455 a
2401 1399 2550 1471 lapsu
2580 1398 2751 1470 (Psal.
2787 1413 2873 1462 Lv,
2908 1396 3000 1467 15)

2250 1512 2406 1569 Vers.
2458 1510 2545 1566 54.
2594 1510 2757 1566 Sane.
2806 1505 3108 1563 Considerat
3163 1511 3394 1573 peccator
3423 1503 3662 1572 justum,
3720 1508 3769 1551 et

2180 1604 2358 1673 quwrit
2389 1603 2597 1671 perdere
2627 1618 2767 1655 eum.
2805 1598 2994 1655 Adhuc
3042 1598 3138 1651 ista
3184 1594 3433 1648 dicuntur
3478 1592 3545 1646 de
3587 1593 3771 1643 futuro

2176 1694 2397 1765 judicio.
2442 1691 2778 1747 Considerare
2806 1698 2889 1744 est
2933 1687 3073 1742 enim
3111 1683 3311 1751 aliquid
3350 1683 3457 1735 alta
3498 1680 3771 1735 delibera-

2182 1789 2331 1845 tione
2355 1786 2692 1856 conspicere,
2725 1792 2780 1838 et
2810 1796 2978 1851 usque
3007 1778 3075 1834 ad
3113 1792 3294 1832 rerum
3336 1776 3542 1829 viscera
3575 1787 3769 1842 pervc-

495 1894 719 1949 corpora
747 1885 929 1932 nostra
967 1874 1236 1930 credimus
1275 1870 1601 1938 innovanda,
1625 1885 1745 1940 qua:
1792 1869 1918 1923 licet
1946 1882 2079 1922 nova

2192 1879 2322 1935 nire.
2354 1877 2488 1932 Nam
2517 1876 2570 1930 in
2596 1875 2686 1930 die
2731 1868 3142 1928 resurrectionis
3187 1874 3439 1936 peccator
3473 1862 3775 1935 perpendct

488 1978 671 2037 erunt,
704 1968 893 2025 iisdem
926 1976 1104 2023 tamen
1122 1965 1432 2021 hominibus
1458 1962 1888 2033 appellabuntur.
1916 1959 2081 2030 Adje-

494 2072 643 2119 ctum
687 2069 803 2126 est,
841 2069 890 2114 et
929 2057 1288 2112 inhabitabant
1324 2058 1377 2109 in
1422 2055 1664 2109 steculum
1709 2051 1883 2107 steculi
1927 2068 2080 2120 super

498 2168 611 2206 eam
624 2166 642 2204 :
656 2165 726 2205 ne
739 2150 891 2203 istam
913 2147 1164 2203 crederes
1185 2161 1303 2215 quae
1318 2143 1604 2214 aliquando
1622 2144 1777 2214 126
1787 2142 2080 2198 deserenda

497 2254 600 2299 est.
627 2245 736 2298 Nec
765 2249 919 2296 vacat
943 2241 1064 2310 quia
1093 2254 1195 2292 non
1224 2239 1386 2302 dixit,
1431 2238 1482 2291 in
1510 2251 1602 2300 ea,
1632 2236 1725 2291 sed
1754 2251 1910 2305 super
1945 2249 2080 2289 eam.

501 2339 777 2393 Secretum
824 2335 965 2389 enim
1013 2331 1242 2401 videtur,
1272 2340 1327 2385 ut
1358 2337 1625 2399 putamus,
1654 2329 1821 2398 ipsius
1868 2326 2079 2382 habita-

494 2432 666 2487 tionis
696 2441 969 2497 exponere
992 2466 1005 2489 ,
1036 2434 1090 2481 et
1116 2424 1235 2479 ideo
1264 2422 1466 2479 dictum
1490 2429 1593 2489 est,
1623 2436 1775 2492 super
1797 2435 1930 2489 eam,
1960 2420 2082 2489 quia

502 2523 764 2596 spirituali
794 2519 1010 2591 corpori
1039 2534 1143 2574 non
1171 2518 1275 2574 erit
1320 2530 1539 2572 necesse
1567 2523 1763 2570 terram
1791 2513 1939 2586 gravi
1980 2511 2086 2567 cal-

503 2632 629 2673 care
650 2615 874 2687 vestigio
899 2657 913 2680 ,
954 2615 1093 2668 sicut
1130 2610 1416 2682 Apostolus
1463 2609 1625 2665 dicit:
1659 2609 1856 2664 Deinde
1882 2624 1973 2663 nos
1999 2610 2086 2679 qui

503 2709 713 2763 vivimus
738 2749 753 2773 ,
782 2707 866 2772 qui
894 2705 1074 2775 reliqui
1100 2719 1295 2769 sumus,
1328 2702 1483 2757 simul
1527 2701 1789 2771 rapiemur
1835 2716 1951 2753 cum
1981 2699 2087 2754 illis

505 2801 555 2854 in
587 2799 803 2853 nubibus
831 2798 1027 2852 obviam
1070 2794 1273 2850 Christo
1300 2795 1355 2848 in
1393 2810 1533 2863 aera,
1562 2803 1612 2849 et
1635 2794 1710 2847 sic
1747 2808 1946 2862 semper
1973 2808 2087 2845 cum

508 2891 726 2946 Domino
755 2892 937 2945 erimus
962 2886 1017 2964 (1
1044 2889 1214 2944 Thess.
1241 2904 1313 2958 tv,
1340 2888 1452 2957 14).

583 2983 732 3037 Vcrs.
762 2982 849 3037 32.
884 2982 1014 3037 Pun.
1049 2980 1120 3035 0s
1151 2981 1283 3050 justi
1320 2979 1646 3034 meditabitur
1684 2979 2010 3048 sapientiam,
2042 2986 2089 3031 et

509 3078 682 3149 lingua
708 3080 818 3149 ejus
852 3075 1081 3145 loquetur
1102 3075 1375 3145 judicium.
1410 3073 1654 3129 Narratio
1683 3073 1715 3127 h
1736 3089 1797 3127 rc
1834 3089 1931 3143 per
1960 3076 2086 3142 ligu-

510 3184 622 3225 ram
650 3170 1126 3233 characterismon,
1151 3183 1269 3236 quas
1303 3166 1493 3222 Latine
1530 3166 1835 3221 informatio
1864 3167 1946 3220 vel
1992 3165 2090 3220 de—

2179 1970 2380 2039 justum
2405 2006 2420 2033 ,
2457 1976 2514 2021 et
2540 1964 2683 2019 dicet
2719 1963 2775 2019 in
2817 1961 2980 2017 corde
3019 1974 3152 2015 suo:
3194 1957 3383 2012 Nonne
3418 1956 3520 2011 iste
3563 1963 3649 2011 est
3677 1954 3775 2024 qui

2183 2061 2394 2131 egebat,
2427 2061 2586 2127 quem
2617 2056 2671 2111 in
2703 2060 3014 2122 contemptu
3047 2049 3331 2105 habuimus
3371 2057 3426 2109 et
3461 2048 3687 2111 derisu;
3718 2055 3775 2100 et

2184 2152 2345 2209 modo
2391 2150 2661 2207 cernimus
2699 2160 2863 2218 supra
2903 2160 3001 2202 nos
3045 2145 3307 2208 electum,
3349 2151 3404 2197 et
3451 2141 3508 2195 in
3555 2153 3768 2194 summa

2183 2247 2351 2319 gloria
2379 2240 2772 2301 constitutum?
2812 2240 2923 2295 Hoc
2958 2247 3039 2294 est
3069 2246 3393 2308 peccatorem
3415 2237 3617 2306 justum
3642 2247 3778 2286 con-

2183 2337 2431 2392 siderare.
2464 2334 2658 2402 Quterit
2686 2340 2865 2388 autem
2901 2329 3114 2401 perdere
3142 2344 3281 2393 eum,
3320 2340 3350 2380 a
3379 2321 3777 2381 consuetudine

2184 2428 2380 2485 dicitur
2405 2426 2847 2497 delinquentium,
2876 2423 3127 2493 quoniam
3158 2430 3217 2475 et
3254 2420 3308 2473 in
3338 2418 3431 2472 illo
3464 2417 3661 2471 saeculo
3693 2414 3779 2469 fe-

2184 2523 2386 2578 stinant
2424 2519 2629 2591 justum
2681 2516 2937 2588 perdere,
2968 2514 3059 2570 ubi
3092 2513 3202 2584 jam
3234 2516 3631 2581 cognoscuntur
3677 2519 3777 2559 no-

2186 2612 2343 2670 cendi
2371 2611 2638 2668 licentiam
2667 2623 2772 2663 nou
2801 2607 3020 2662 habere.

2261 2726 2413 2781 Vers.
2448 2725 2537 2779 '55.
2587 2723 2833 2776 Dominus
2880 2727 3048 2773 autem
3075 2731 3175 2771 non
3205 2714 3518 2779 derelinquat
3556 2726 3672 2764 eum
3714 2711 3767 2762 in

2187 2817 2420 2869 manibus
2450 2816 2585 2887 ejus,
2616 2830 2705 2866 nec
2743 2809 3001 2865 damnabit
3027 2822 3143 2862 eum
3168 2821 3285 2859 cum
3316 2802 3635 2877 judicabitur
3665 2800 3768 2852 illi.

2187 2911 2477 2966 Considera
2509 2906 2956 2980 quemadmodum
2988 2903 3231 2958 ordinem
3266 2902 3426 2955 istum
3456 2898 3636 2951 futuro
3663 2902 3774 2948 sa:-

2188 3007 2312 3060 culo
2341 3002 2646 3073 deputavit,
2678 3011 2740 3056 ut
2773 3001 2915 3054 dicat
2956 2998 3008 3053 in
3040 3004 3303 3067 potestate
3342 2990 3541 3046 inimici
3566 2988 3777 3057 justum

2192 3095 2419 3151 ulterius
2450 3110 2555 3148 non
2607 3108 2725 3147 esse
2774 3089 3133 3154 tradendum;
3177 3084 3317 3155 quod
3349 3083 3403 3138 in
3436 3082 3540 3137 isto
3577 3079 3776 3133 saecqu

2191 3189 2494 3256 frequenter
2522 3185 2719 3249 evenit,
2768 3191 2825 3238 ut
2856 3189 3119 3250 martyres
3160 3174 3490 3244 relinqueret
3521 3183 3769 3239 persecu~

510 3263 730 3330 scriptio
750 3262 960 3327 dicitur,
987 3272 1194 3330 tempus
1215 3260 1385 3315 beatae
1411 3260 1812 3314 resurrectionis
1830 3258 2084 3313 ostendit.
2114 3255 2161 3316 C
2196 3255 2370 3335 wer
2420 3277 2667 3333 manibus
2710 3274 2998 3330 cal-name;-
3050 3269 3393 3326 occidendos.
3424 3266 3576 3321 'l‘nnc
3625 3263 3775 3318 enim

510 3355 624 3411 Non
654 3358 797 3409 enim
830 3354 977 3419 dicit,
1008 3353 1314 3418 meditatur,
1337 3352 1431 3408 sed
1458 3353 1778 3406 meditabitur
1798 3353 1866 3409 de
1891 3354 2085 3407 futuro.

515 3446 584 3501 0s
607 3446 692 3501 hic
708 3446 1085 3516 cogitationem
1112 3444 1371 3499 debemus
1394 3444 1656 3513 accipere,
1681 3445 1805 3514 quia
1825 3443 1893 3498 de
1910 3444 2087 3513 lingua

512 3537 754 3606 sequitur
782 3536 906 3606 quid
936 3536 1203 3605 loquatur.
1235 3532 1568 3588 Meditabitur
1604 3548 1733 3604 ergo
1761 3535 2086 3604 sapientiam,

512 3644 619 3684 non
648 3628 1044 3707 Scripturarum
1073 3626 1325 3693 lectione,
1356 3626 1451 3682 sed
1480 3625 1660 3681 cordis
1690 3626 1974 3696 purissima
2012 3625 2091 3680 vi-

514 3722 686 3776 sione.
732 3720 807 3775 lbi
840 3720 983 3776 enim
1017 3734 1121 3775 non
1151 3719 1349 3775 litteris
1379 3718 1643 3789 sapientia
1675 3717 1964 3787 colligitur,
1995 3716 2089 3772 sed

514 3815 720 3870 cwlesti
784 3814 1027 3885 largitate
1074 3814 1400 3869 inelaborata
1449 3821 1750 3885 praestatur.
1808 3808 1877 3863 Et
1916 3810 2093 3881 lingua

513 3913 627 3981 ejus
663 3906 897 3979 loquetur
919 3906 1198 3978 judicium,
1236 3904 1359 3976 quia
1391 3918 1568 3959 sertno
1597 3903 1669 3958 ibi
1690 3916 2021 3972 nequaquam
2061 3915 2091 3954 a

514 4006 834 4083 cogitatione
878 4005 1187 4063 dissentiet;
1223 4000 1317 4056 sed
1347 3999 1482 4054 sicut
1511 4012 1606 4053 cor
1640 3996 1965 4052 meditabitur
2003 4011 2093 4049 sa-

516 4106 781 4179 pientiam,
819 4103 888 4156 ita
928 4100 1105 4171 lingua
1150 4097 1385 4165 loquetur
1436 4108 1528 4161 per
1574 4100 1766 4145 cuncta
1806 4087 2091 4159 justitiam.

508 4178 614 4258 llic
641 4207 724 4256 est
753 4197 840 4253 ille
862 4194 1097 4251 caelestis
1120 4199 1174 4247 et
1203 4189 1476 4249 beatorum
1500 4182 1711 4246 modus,
1744 4189 1802 4236 ut
1824 4180 2017 4234 merito
2041 4178 2092 4231 in

516 4295 843 4353 consortium
872 4288 1183 4358 angelorum
1205 4280 1528 4351 recipiantur
1547 4277 1634 4346 qui
1658 4290 1716 4330 se
1742 4274 1890 4328 nullo
1909 4285 2095 4339 errore

516 4385 864 4441 confundunt.
901 4380 1146 4449 Loquitur
1171 4389 1299 4443 ergo
1327 4374 1500 4442 lingua
1522 4368 1650 4440 justi
1672 4367 1950 4439 judicium,
1973 4378 2092 4418 cum

521 4479 632 4535 veri
657 4474 867 4531 luminis
889 4472 1047 4526 fuerit
1064 4464 1489 4522 manifestatione
1504 4461 1817 4530 completus.
1834 4457 2095 4512 Judicium

519 4569 663 4622 enim
689 4564 888 4621 dictum
914 4571 1017 4626 cst,
1047 4557 1198 4629 quasi
1220 4555 1362 4628 juris
1391 4554 1609 4617 dictum,
1653 4549 1793 4619 quod
1815 4550 1866 4604 in
1908 4562 1975 4603 eo
2007 4546 2094 4617 ju-

2191 3369 2422 3426 famulos
2444 3384 2569 3424 suos
2590 3366 2701 3437 jam
2735 3381 2837 3420 non
2868 3363 3177 3430 dtrelinquet
3205 3358 3439 3414 arbitriis
3466 3355 3779 3424 impiorum,

2189 3460 2283 3516 sed
2316 3461 2365 3513 in
2395 3468 2594 3513 aeterna
2626 3472 2759 3527 pace
2792 3455 2996 3526 positos
3036 3449 3334 3523 possidebit
3361 3448 3429 3503 ab
3459 3446 3603 3501 omni
3648 3444 3765 3514 peri

2189 3552 2311 3608 Culo
2349 3550 2625 3605 liberatos.
2673 3547 2783 3601 Nec
2833 3544 3101 3598 damnabit
3130 3559 3266 3610 eum,
3308 3556 3425 3594 cum
3463 3536 3778 3609 judicabitur

2190 3645 2292 3700 illi.
2327 3644 2442 3699 Nnn
2476 3641 2946 3711 damnatjustum,
2975 3654 3094 3693 cum
3128 3636 3327 3708 judicat
3370 3634 3592 3711 impium
3620 3650 3635 3695 ;
3679 3630 3779 3687 sed

2190 3738 2518 3793 discretione
2566 3734 2879 3791 meritorum
2928 3732 3131 3801 justum
3180 3727 3453 3784 beatitudo
3494 3724 3782 3793 suscipiet,

2193 3828 2346 3884 illum
2376 3829 2552 3883 debita
2585 3842 2742 3899 poena
2775 3824 3067 3893 torquebit.

2266 3942 2418 3997 Vers.
2448 3942 2535 3997 56.
2566 3939 2731 3994 Corn.
2759 3938 3013 4007 Exspecta
3049 3937 3343 3997 Dominum,
3377 3943 3421 3988 et
3453 3933 3650 3985 custodi
3675 3933 3784 3983 rint

2194 4037 2343 4102 ejus;
2372 4042 2419 4088 et
2450 4032 2689 4087 exaltabit
2712 4041 2782 4096 le,
2812 4040 2868 4083 ut
2892 4028 3138 4083 inhabiles
3165 4036 3372 4089 terram;
3401 4042 3513 4077 cum
3538 4023 3784 4088 perierint

2198 4135 2486 4195 peccatores
2525 4123 2734 4178 videbis.
2778 4109 3152 4190 Superioribus
3184 4118 3345 4173 rebus
3375 4116 3659 4183 diligenter
3687 4129 3785 4166 ex-

2198 4215 2410 4285 positis,
2441 4230 2559 4284 qum
2585 4214 2651 4266 ad
2680 4222 2933 4267 aeternam
2967 4218 3213 4280 poterant
3251 4205 3634 4263 beatitud‘ncm
3667 4218 3788 4274 per-

2199 4308 2390 4374 tinere,
2436 4306 2578 4362 redit
2605 4304 2671 4359 ad
2696 4303 2925 4375 justum,
2956 4301 3238 4356 consolans
3267 4314 3409 4357 eum.
3451 4306 3506 4352 et
3548 4298 3741 4350 dicens
3773 4312 3790 4350 :

2198 4402 2275 4456 Tu
2303 4403 2392 4471 qui
2412 4400 2521 4470 jam
2545 4398 2821 4454 credidisti
2851 4396 2917 4451 ad
2944 4411 3063 4467 qu:e
3100 4395 3236 4447 bona
3263 4389 3418 4444 evehi
3439 4386 3632 4457 possis,
3664 4401 3799 4441 con-

2202 4492 2427 4547 ﬁdenter
2465 4498 2700 4556 exspecta
2735 4487 3032 4551 Dominum,
3061 4485 3110 4537 id
3140 4492 3222 4536 est
3251 4484 3511 4552 patienter
3546 4493 3684 4547 age:
3730 4490 3791 4532 et

2202 4584 2376 4654 qualis
2403 4583 2472 4635 sit
2494 4582 2605 4651 ipsa
2638 4581 2886 4651 patientia
2913 4595 3017 4635 non
3043 4585 3268 4631 tacetur.
3295 4574 3409 4629 Non
3441 4573 3583 4626 enim
3607 4570 3793 4626 otioso

519 4661 745 4717 dicam"
774 4657 892 4713 Non
927 4654 1069 4709 enim
1111 4651 1286 4706 sane”
1329 4661 1546 4741 sem?"
1576 4644 1891 4741 i“_““§“_"“"‘
1915 4681 1932 4709 ’
1973 4641 2098 4695 dum
2127 4649 2180 4711 D
2204 4641 2398 4729 dicitur
2424 4641 2679 4741 exspecta,
2705 4670 2798 4725 sed
2830 4666 3118 4731 laboranti,
3170 4667 3261 4736 qui
3295 4666 3402 4719 vias
3426 4664 3656 4723 Domini,
3685 4664 3791 4716 hoc

512 4761 729 4809 constet
749 4765 911 4806 unum
935 4744 1141 4803 Domini
1170 4758 1291 4800 esse
1309 4740 1589 4813 judicium.
1619 4736 1723 4794 Sed
1756 4737 1810 4791 in
1838 4748 2097 4789 aeternum

515 4848 660 4921 juste
690 4843 917 4901 locuturi
945 4849 1112 4906 sunt,
1156 4852 1294 4910 quos
1341 4850 1525 4891 revera
1555 4832 1735 4888 divina
1780 4830 1946 4885 virtus
1987 4842 2101 4882 am-

521 4940 790 5010 plectitur.

598 5030 746 5084 Vers.
778 5029 867 5084 53.
898 5026 1006 5081 Lex
1038 5025 1132 5079 Dei
1158 5026 1269 5097 ejus
1294 5024 1346 5077 in
1374 5019 1526 5076 corde
1550 5018 1733 5089 ipsius,
1756 5024 1804 5072 et
1834 5030 1935 5069 non
1976 5031 2100 5083 sup-

516 5122 881 5196 plantabuntur
907 5133 1109 5190 gressus
1133 5117 1267 5187 ejus.
1292 5114 1448 5169 Vides
1470 5109 1919 5182 quemadmodum
1946 5107 2101 5161 nobis

524 5214 779 5286 perfectio
810 5214 1003 5266 futurae
1027 5208 1370 5265 beatitudinis
1392 5206 1684 5270 indicatur;
1715 5213 1772 5259 ut
1798 5202 1929 5256 nihil
1957 5200 2097 5255 aliud

527 5309 690 5361 homo
737 5306 789 5359 in
836 5304 995 5358 corde
1036 5301 1260 5371 recipiat
1305 5300 1405 5354 nisi
1436 5299 1761 5353 voluntatem
1818 5294 1946 5361 Dei,
1994 5306 2099 5364 qua

518 5402 710 5458 beatus
736 5398 987 5464 efﬁcitur,
1019 5411 1115 5466 per
1138 5409 1298 5465 quam
1328 5393 1395 5448 ad
1436 5402 1640 5447 tantum
1673 5391 1881 5446 culmen
1912 5401 2100 5443 ascen-

524 5491 641 5557 dit,
680 5491 764 5547 cui
810 5488 1008 5559 gratias
1036 5486 1412 5542 indesinenter
1450 5493 1666 5541 acturus
1696 5493 1797 5539 est.
1846 5482 1943 5536 Dei
1988 5484 2100 5553 ejus

525 5580 790 5649 signiﬁcat
831 5579 924 5650 qui
959 5594 1081 5635 eum
1116 5576 1185 5633 de
1230 5575 1414 5631 mundi
1454 5576 1607 5631 istius
1639 5576 1791 5632 clade
1832 5575 2096 5631 liberavit.

520 5672 641 5726 lloc
668 5672 828 5726 enim
865 5686 1159 5741 pronomen
1215 5671 1325 5742 ejus
1370 5670 1593 5739 gratiam
1643 5669 1843 5725 iudicat
1888 5670 2097 5725 Domini

526 5765 847 5819 Salvatoris.
877 5764 1009 5819 Nam
1037 5780 1158 5820 cum
1188 5764 1260 5819 sit
1288 5764 1525 5818 otunium
1567 5761 1729 5829 Deus,
1761 5765 1928 5832 ipsius
1971 5780 2098 5835 pro-

522 5853 646 5924 prie
676 5852 873 5908 dicitur
900 5869 1056 5925 quem
1097 5856 1326 5912 liberare
1370 5855 1635 5925 dignatur.
1675 5854 1807 5910 Cum
1839 5857 1965 5911 dicit
1994 5899 2008 5924 ,
2049 5860 2103 5914 in

2202 4773 2289 4819 est
2316 4762 2678 4817 sacratissima
2710 4769 2974 4830 pracepta
3003 4757 3256 4815 custodit.
3289 4758 3425 4819 Apte
3455 4767 3666 4823 quoque
3688 4767 3790 4809 sua

2203 4854 2433 4910 reddidit
2463 4853 2596 4909 suis.
2632 4852 2838 4906 Terram
2872 4852 3018 4906 illam
3049 4850 3148 4905 nisi
3180 4848 3445 4904 exaltatns
3476 4862 3580 4899 non
3606 4855 3792 4913 putest

2201 4945 2519 5016 possidere:
2559 4944 2681 5013 quia
2711 4941 2789 4997 sic
2830 4957 3040 5012 magna,
3078 4941 3158 4995 sic
3185 4948 3388 5002 sancta,
3426 4936 3505 4990 sic
3547 4937 3791 4989 cmlestis

2203 5048 2307 5103 est,
2340 5052 2497 5103 quam
2527 5051 2683 5090 nemo
2711 5034 2992 5103 prteValet,
3027 5032 3128 5087 nisi
3161 5033 3299 5085 bene
3322 5024 3564 5095 meritus,
3608 5025 3785 5095 adipi-

2200 5130 2298 5185 sci.
2342 5129 2594 5197 Sequitur
2618 5167 2632 5189 ,
2677 5143 2792 5181 cum
2837 5124 3078 5196 perierint
3118 5130 3405 5191 peccatores
3434 5117 3640 5172 videbis.
3680 5116 3788 5168 Du-

2204 5219 2323 5289 plici
2374 5220 2582 5273 ratione
2607 5216 2875 5288 justorum
2912 5214 3101 5285 gaudia
3143 5212 3501 5267 cumulantur.
3544 5208 3817 5267 Primum.

2200 5324 2322 5364 cum
2371 5311 2639 5364 senserint
2686 5308 2737 5362 in
2779 5306 2992 5377 quantis
3040 5302 3144 5358 sint
3166 5298 3588 5373 jucunditatibus
3616 5299 3790 5353 collo~

2199 5400 2395 5466 condi;
2435 5398 2629 5454 deinde
2656 5410 2774 5453 eum
2804 5394 3035 5452 viderint
3075 5408 3260 5463 pmnas
3286 5399 3648 5462 peccatorum,
3678 5403 3783 5444 ex-

2200 5488 2476 5544 sultabunt
2511 5488 2738 5558 amplius
2782 5487 2850 5541 ab
2878 5495 3081 5540 aeterno
3104 5498 3166 5538 se
3211 5478 3473 5551 supplicio
3505 5479 3787 5535 liberatos.

2204 5582 2358 5639 Tunc
2378 5583 2520 5637 enim
2542 5583 2747 5652 gratior
2768 5579 2819 5634 ﬁt
2835 5579 3062 5649 qualitas
3082 5575 3319 5631 muneris
3341 5571 3601 5635 attributi,
3616 5585 3790 5639 quan—

2206 5674 2276 5729 do
2321 5682 2604 5742 conspecta
2655 5673 2814 5726 luerit
2858 5670 3085 5739 poenalis
3126 5667 3447 5721 adversitas.
3500 5664 3637 5733 Ergo
3683 5660 3795 5715 hoc

2206 5767 2357 5835 dicit,
2387 5765 2605 5827 uidebis,
2638 5763 2741 5817 hoc
2767 5772 2848 5817 est
2874 5761 3015 5830 quod
3047 5774 3186 5815 nunc
3214 5757 3411 5824 credis,
3459 5765 3587 5810 tunc
3624 5752 3794 5807 abso-

2206 5861 2321 5916 lute
2349 5870 2662 5927 cognnsces,
2694 5865 2748 5911 et
2776 5854 3063 5920 laetaberis,
3094 5852 3200 5908 illis
3229 5851 3386 5921 digne
3417 5848 3782 5921 pereuntibus,
