4030 6172
250 352 347 411 269

1148 347 1502 407 exeosmo
1545 347 1611 401 IN
1653 320 2111 403 rsaLremun.
2156 342 2347 401 PSAL.
2391 345 2631 401 xxxvr.

3419 346 3526 401 270

250 480 299 524 te
325 472 384 522 in
418 484 637 525 summa
667 464 990 525 beatitudine
1031 480 1127 536 per
1163 464 1386 536 gratiam
1432 461 1637 517 Domini
1679 459 1844 515 collo-
1877 465 1921 521 Λ
1955 467 2061 514 tem
2092 459 2312 525 dicitur,
2342 460 2432 528 qui
2484 458 2535 513 in
2568 459 2668 513 hoc
2710 456 2911 514 mundo
2962 458 3103 514 inter
3154 456 3535 515 discordantes

251 569 453 614 catum.

318 652 477 707 Vers.
508 652 599 706 57.
644 649 759 703 Vidi
788 650 1002 719 impium
1026 648 1481 720 superexoltatum,
1510 655 1557 700 et
1588 644 1840 701 elevatum

253 762 401 817 super
428 745 613 798 cedros
644 743 847 798 Libani.
873 742 971 797 Hic
992 751 1175 797 contra
1201 739 1574 810 gravissimum
1600 737 1844 792 morbum

254 836 520 891 medicina
554 834 862 903 plenismma
889 844 1191 904 prmstatur.
1224 834 1416 887 Dicunt
1442 820 1586 888 enim
1609 830 1846 901 quidam:

252 929 302 984 Si
332 930 446 983 Deo
474 928 600 981 talia
645 927 1009 996 displicerent,
1039 926 1409 996 peccatoribus
1439 934 1585 979 tanta
1618 923 1848 979 felicitas

253 1020 473 1075 minime
494 1018 825 1089 proveniret.
850 1016 1081 1087 Ideoque
1101 1032 1198 1088 per
1218 1016 1510 1086 cnergiam,
1530 1028 1650 1085 qua:
1670 1021 1850 1068 actum

253 1113 327 1166 rei
359 1112 701 1178 incorporea
740 1107 1119 1178 imaginatione
1158 1113 1550 1176 repraesentat,
1583 1106 1769 1159 vidisse
1796 1119 1854 1159 se

253 1203 381 1257 dicit
410 1201 630 1273 impium
668 1200 904 1253 crevisse
944 1213 1049 1252 non
1092 1196 1157 1253 ad
1205 1198 1463 1251 honorem
1486 1238 1501 1265 ,
1545 1194 1641 1250 sed
1675 1193 1854 1264 potius

253 1293 314 1346 ad
362 1292 605 1346 ruinam.
658 1288 935 1343 Elevantur
978 1289 1123 1343 enim
1168 1288 1251 1343 hic
1288 1288 1420 1342 tales
1451 1301 1614 1357 supra
1658 1287 1856 1357 jttstos,

253 1386 371 1457 quia
406 1386 482 1439 illi
505 1392 635 1438 sunt
662 1383 910 1451 humiles,
938 1384 1026 1438 isti
1050 1383 1264 1453 superbi
1291 1400 1307 1449 ;
1339 1382 1434 1438 sed
1463 1381 1549 1435 isti
1575 1380 1629 1434 in
1656 1379 1858 1449 judicio

256 1477 476 1536 eadem,
502 1475 580 1529 illi
609 1474 836 1529 feliciter
858 1476 1154 1543 erigentur.
1184 1473 1391 1542 thuia
1420 1472 1654 1535 dixerat,
1680 1486 1860 1539 super-

254 1567 584 1631 estalt-itum,
621 1581 689 1621 ne
742 1572 956 1635 putares
1003 1581 1124 1621 eum
1175 1574 1381 1621 tantum
1431 1578 1589 1634 supra
1633 1562 1865 1617 humiles

256 1666 531 1722 evectum,
564 1656 790 1723 addidit,
824 1665 869 1709 et
896 1656 1141 1711 eleuatum
1172 1672 1324 1728 super
1352 1656 1527 1710 cedros
1558 1654 1759 1720 Libani,
1795 1662 1856 1709 ut

257 1746 391 1816 ipsis
422 1761 639 1815 quoque
668 1747 905 1817 proceris
933 1746 1298 1802 cacuminibus
1327 1746 1522 1802 celsior
1543 1754 1851 1818 appareret.

254 1838 429 1909 Cujus
459 1837 735 1906 profectus
763 1838 884 1893 ideo
914 1846 1119 1893 tantum
1159 1839 1460 1904 extollitur,
1487 1848 1547 1895 ut
1575 1837 1693 1908 ejus
1722 1838 1857 1894 irre-

260 1930 572 1985 meiliabilis
600 1931 751 1985 ruina
775 1940 1119 1986 monstretur.
1138 1931 1247 1986 lloc
1270 1932 1428 1987 etiam
1445 1931 1510 1986 de
1537 1931 1751 1987 diabolo
1775 1931 1858 1987 in-

1886 1806 1934 1865 B

1947 565 2140 623 pacem
2172 549 2319 614 facit,
2347 550 2633 619 studioque
2663 548 3087 605 mansuetudinis
3116 563 3214 605 nec
3236 549 3351 618 ipse
3383 549 3534 608 inde-

1948 643 2094 699 coris
2115 643 2496 698 certaminibus
2521 642 2841 710 implicatur.
2871 643 2936 697 Et
2959 651 3083 697 nota
3107 641 3234 711 quia
3258 643 3311 697 in
3343 644 3532 699 beato-

1952 752 2075 792 rum
2096 735 2217 792 loco
2248 736 2485 807 ponitur,
2516 737 2597 792 tui
2620 735 2736 792 haec
2759 737 2929 792 virtus
2957 737 3166 793 Domini
3188 738 3381 807 pietate
3401 753 3537 809 pra:-

1952 837 2144 882 statur.

2034 918 2184 973 \‘ers.
2220 916 2310 971 40.
2365 916 2559 986 Iniusti
2601 928 2771 971 autem
2826 918 3141 986 disperibunt
3184 922 3338 976 simul
3370 921 3539 977 :rcli-

1955 1011 2087 1081 quia:
2139 1011 2418 1082 impiorum
2471 1011 2729 1080 peribunt.
2795 1010 3085 1067 Sententia:
3146 1012 3342 1068 dantur
3396 1027 3538 1085 aptat

1958 1101 2286 1171 disparibus.
2350 1100 2485 1158 Nam
2542 1104 2680 1157 sicut
2727 1103 2859 1174 justi
2908 1114 3027 1173 post
3077 1103 3215 1161 hanc
3244 1106 3404 1162 vitam
3441 1122 3537 1178 spe

1958 1197 2191 1249 maxima
2218 1195 2581 1264 gratulantur,
2609 1197 2679 1250 ita
2708 1196 2889 1268 injusti
2910 1196 3057 1252 finita
3082 1197 3199 1252 luce
3223 1197 3540 1268 dispereunt.

1963 1286 2089 1341 Sive
2135 1285 2220 1357 (ut
2253 1286 2470 1356 quidam
2501 1288 2708 1358 volunt)
2739 1288 2968 1359 reliquias
3011 1288 3312 1359 signiﬁcant
3340 1307 3544 1346 memo-

1962 1375 2096 1430 riam
2126 1375 2409 1443 bonorum,
2457 1392 2617 1448 quam
2661 1378 2838 1448 justus
2870 1380 2953 1434 vir
2983 1380 3035 1435 in
3068 1380 3169 1436 hoc
3192 1382 3393 1439 mundo
3425 1397 3546 1453 p05t

1965 1465 2165 1520 obitum
2220 1467 2567 1539 derelinquit,
2621 1472 2747 1527 dum
2779 1472 2846 1527 de
2876 1482 3089 1529 actuum
3120 1490 3337 1531 suorum
3368 1478 3547 1547 probi-

1968 1566 2074 1611 tate
2104 1558 2371 1614 laudatur.
2400 1559 2550 1628 Quod
2592 1562 2778 1632 utique
2807 1566 3137 1634 martyribus
3181 1568 3425 1638 contigit,
3455 1568 3548 1639 qui

1970 1665 2064 1720 pro
2092 1650 2334 1707 veritatis
2369 1652 2679 1708 testimonio
2707 1655 2890 1711 felices
2936 1658 3145 1713 animas
3176 1660 3544 1717 reddiderunt.

1971 1742 2081 1798 lloc
2110 1744 2308 1802 mereri
2355 1745 2505 1816 impii
2554 1748 2863 1804 nullatenus
2903 1764 3150 1820 possunt,
3201 1754 3292 1823 qui
3339 1755 3547 1812 nullum

1965 1836 2251 1907 vestigium
2276 1836 2494 1908 dignum
2522 1840 2797 1896 memtirite
2826 1856 2937 1896 suae
2965 1842 3383 1915 derelinquunt:
3415 1862 3545 1918 quo-

1965 1925 2110 1982 niam
2143 1929 2560 1999 superveniente
2584 1931 2803 1987 interitu
2833 1946 3020 1987 eorum
3048 1932 3183 1990 falsa
3213 1938 3329 1993 laus
3364 1949 3419 1992 et
3445 1940 3551 1993 fra-

264 2022 433 2094 telligi
449 2025 528 2077 fas
544 2031 645 2090 est,
667 2022 732 2077 de
756 2037 859 2093 quo
876 2022 987 2080 Joel
1017 2023 1273 2094 propheta
1308 2031 1531 2078 testatur
1546 2023 1733 2079 dicens
1759 2043 1770 2077 :
1798 2023 1864 2078 Et
1964 2022 2085 2092 gilis
2110 2022 2217 2077 vita
2240 2022 2577 2078 dissolvitur.

261 2130 381 2167 am
409 2114 500 2183 qui
516 2114 579 2165 ab
596 2112 849 2184 Aquilone
876 2116 1221 2187 est,e/7'ugnbo
1254 2131 1286 2169 a
1316 2115 1476 2185 vobis,
1510 2126 1556 2170 et
1585 2118 1785 2188 eiiciam
1813 2116 1866 2171 in

2041 2115 2194 2171 Vers.
2226 2117 2316 2172 H.
2347 2116 2481 2172 TAU.
2521 2117 2680 2173 Solus
2709 2130 2877 2173 autem
2898 2123 3161 2193 justorum
3182 2141 3214 2178 a
3242 2123 3480 2189 Domino,
3502 2137 3552 2181 et

263 2220 405 2261 terra
436 2206 629 2260 sitienti
669 2216 714 2260 et
743 2207 970 2272 deserta;
999 2216 1044 2262 et
1072 2208 1417 2262 exterminabo
1446 2207 1630 2276 faciem
1676 2208 1787 2278 ejus
1814 2208 1867 2262 in
1965 2217 2218 2277 protector
2261 2225 2437 2264 eorum
2484 2217 2559 2264 est
2606 2210 2661 2263 in
2705 2220 2929 2282 tempore
2954 2212 3320 2271 tribulationis.
3352 2214 3550 2271 Sancta

264 2315 417 2353 mare
442 2300 574 2353 illud
602 2300 829 2370 primum
848 2341 865 2367 ,
907 2311 952 2354 et
980 2302 1405 2381 posterioraiejus
1441 2300 1495 2355 in
1524 2316 1667 2355 mare
1697 2301 1868 2355 novis-

266 2393 460 2445 simum
492 2389 649 2459 (Joel.
676 2405 738 2458 ll,
767 2390 882 2463 ΞΟ).
913 2388 1122 2447 Gratias
1152 2393 1380 2462 agimus,
1409 2391 1656 2461 Domine,
1686 2390 1868 2461 dispo-

266 2483 559 2538 sitionibus
586 2483 714 2538 tuis.
743 2483 873 2537 Nam
907 2482 1033 2553 quid
1058 2483 1157 2540 iste
1186 2483 1322 2541 liber
1345 2480 1568 2552 faceret,
1595 2484 1682 2554 qui
1718 2498 1871 2538 mun-

267 2575 406 2628 dum
441 2573 691 2642 religatus
723 2573 953 2645 afﬂigit?

342 2663 509 2717 Vers.
549 2665 639 2719 38.
680 2663 812 2717 Res.
844 2661 910 2717 Et
945 2665 1192 2731 transivi,
1233 2671 1283 2720 et
1325 2680 1437 2720 ecce
1485 2681 1587 2720 non
1631 2673 1785 2732 erat;
1827 2673 1873 2720 et

267 2756 494 2828 qmivi
523 2770 665 2821 eum,
698 2765 744 2809 et
782 2771 885 2810 non
913 2764 987 2810 est
1015 2756 1249 2811 iuventus
1305 2755 1448 2812 locus
1478 2759 1613 2829 ejus.
1647 2755 1875 2811 Mundus

267 2852 387 2906 iste
422 2849 627 2903 duobus
657 2849 831 2903 modis
861 2850 1141 2917 transitur,
1168 2850 1283 2906 sive
1313 2864 1435 2906 eum
1466 2848 1737 2904 deseritur
1765 2863 1876 2904 me-

268 2944 412 3000 liori
442 2943 867 3011 conversatione,
902 2942 1016 2999 sive
1042 2957 1165 2999 cum
1195 2957 1225 2997 a
1255 2943 1480 2998 mortuis
1503 2942 1554 2998 in
1580 2940 1683 2996 fine
1712 2940 1877 2996 relin-

271 3038 496 3107 quitur.
554 3034 692 3106 Ergo
737 3037 826 3105 qui
876 3033 1146 3089 transierit
1196 3033 1264 3089 ad
1315 3034 1482 3088 Deum
1540 3031 1879 3088 sanctissima

276 3125 457 3198 127
478 3124 902 3189 conversatione,
935 3132 1206 3194 potentem
1233 3122 1345 3193 jam
1376 3139 1481 3178 non
1513 3122 1661 3177 videt
1689 3136 1881 3192 pecca-

273 3231 495 3284 torem,
524 3218 731 3289 quando
759 3217 967 3272 infirma
994 3217 1136 3272 videt
1161 3217 1339 3271 omnia
1368 3216 1437 3272 de
1461 3216 1657 3287 quibus
1682 3216 1879 3286 gloria-

275 3321 383 3367 tur
421 3309 734 3363 humanitas.
781 3307 1003 3374 Quaesivi
1042 3308 1184 3363 enim
1225 3307 1394 3373 dicit,
1439 3308 1541 3362 hoc
1570 3316 1652 3363 est
1680 3308 1734 3363 in
1765 3322 1880 3363 me-

1969 2300 2209 2357 Ecc'e-ia
2236 2302 2376 2358 redit
2407 2301 2472 2357 ad
2502 2301 2688 2357 solitas
2718 2303 3141 2371 consolationes,
3174 2321 3242 2362 ne
3270 2318 3554 2376 putaretur

1971 2400 2209 2455 austera,
2242 2392 2290 2448 si
2328 2400 2384 2447 et
2432 2391 2591 2447 bonae
2632 2393 3011 2461 promissionis
3035 2394 3227 2464 gaudia
3254 2411 3360 2453 non
3389 2399 3555 2454 habe-

1972 2493 2074 2537 ret.
2111 2482 2432 2538 Poilicitatio
2463 2481 2638 2547 firma,
2671 2484 2915 2539 custodia
2963 2482 3138 2551 fortis,
3174 2489 3321 2559 justo
3351 2504 3439 2542 um
3468 2506 3554 2544 sa-

1972 2574 2129 2630 lutem
2156 2590 2189 2627 a
2218 2573 2462 2641 Domino,
2505 2588 2611 2629 non
2645 2574 2713 2630 ab
2741 2574 2843 2630 alia
2872 2583 3139 2644 potestate
3185 2578 3371 2635 venire
3408 2593 3558 2634 eom-

1976 2674 2259 2723 memorat.
2286 2666 2403 2733 Quo
2426 2666 2548 2722 loco
2577 2667 2803 2721 alterius
2850 2667 3042 2735 psalmi
3079 2684 3270 2726 sensus
3300 2670 3563 2728 dicendus

1978 2766 2063 2815 est
2091 2775 2106 2813 :
2142 2756 2204 2813 Si
2234 2757 2491 2812 ambulem
2519 2758 2572 2810 in
2603 2758 2771 2811 medio
2795 2760 2989 2813 umbris
3016 2762 3214 2827 mortis,
3246 2779 3351 2817 non
3381 2764 3564 2820 timebo

1980 2849 2137 2914 mala,
2172 2848 2414 2918 quoniam
2442 2857 2495 2902 tu
2525 2864 2724 2902 mecum
2768 2864 2845 2903 es.
2878 2849 3153 2919 Sequitur,
3203 2862 3250 2908 et
3306 2866 3565 2926 protector

1980 2956 2154 2995 eorum
2174 2950 2245 2995 est
2268 2941 2320 2994 in
2343 2949 2569 3011 tmpore
2591 2939 2938 2994 tribulationis
2953 2940 3129 3010 (Psal.
3159 2960 3292 3011 χιιι,
3315 2944 3393 3016 4).
3417 2946 3567 3001 Tent-

1982 3050 2076 3105 pus
2100 3032 2317 3103 quidem
2343 3032 2687 3086 tribulationis
2716 3031 2916 3100 duplex
2967 3043 3070 3100 eSt,
3099 3032 3193 3090 sed
3226 3036 3384 3106 longe
3411 3039 3565 3095 dissi-

1987 3125 2134 3181 mile.
2168 3124 2301 3178 Nam
2332 3132 2387 3179 et
2413 3123 2501 3178 hic
2527 3122 2899 3178 tribulationes
2927 3125 3249 3194 temporales
3270 3136 3569 3199 sunt,quas

1989 3226 2168 3271 tamen
2202 3213 2461 3270 Dominus
2488 3228 2516 3266 a
2549 3212 2801 3268 ﬁdelibus
2822 3214 2935 3270 suis
2961 3229 3024 3270 ex
3050 3222 3162 3273 toto
3189 3231 3296 3273 non
3317 3229 3562 3287 amovet;

1986 3321 2105 3377 qua:
2136 3306 2383 3361 mordent
2436 3305 2613 3374 potius
2672 3319 2830 3374 quam
2872 3305 3158 3374 devorant,
3203 3321 3570 3381 compungunt

278 3399 529 3457 muriam
558 3397 778 3454 reduxi:
821 3398 942 3469 quia
973 3409 1100 3454 tunc
1124 3397 1256 3469 justi
1286 3398 1633 3453 rccordantnr
1656 3400 1885 3453 maxime

280 3499 680 3565 peccatorum,
720 3490 934 3562 quando
972 3491 1316 3546 miseratione
1344 3490 1556 3545 Domini
1599 3491 1649 3544 in
1694 3490 1886 3546 melius

283 3588 685 3639 immutantur:
717 3582 959 3637 dolentes
983 3582 1104 3651 quia
1135 3583 1317 3636 miseri
1350 3580 1417 3635 ab
1446 3581 1525 3636 eis
1562 3581 1716 3636 malis
1743 3582 1876 3636 acti—

285 3677 410 3731 bus
449 3684 815 3744 segrivgantur.
866 3672 1033 3727 Locus
1082 3672 1225 3728 enim
1273 3680 1609 3743 peccatorum
1660 3672 1890 3727 mundus

288 3770 410 3823 iste
436 3766 780 3835 dignoscitur,
817 3764 869 3819 in
911 3779 1015 3834 quo
1055 3772 1109 3820 et
1133 3762 1336 3818 scelera
1366 3762 1676 3833 perficiunt,
1719 3771 1779 3819 et
1806 3762 1889 3817 fu-

288 3858 470 3929 gitiva
494 3854 742 3910 felicitate
762 3855 1124 3909 cumulantur.
1148 3853 1255 3909 Sed
1280 3854 1464 3922 utique
1486 3856 1626 3908 locus
1648 3853 1747 3909 iste
1769 3866 1891 3908 cum

293 3962 500 4005 mrum
536 3947 885 4017 prosperitate
921 3944 1265 4013 dissolvitur,
1304 3944 1519 4013 quando
1549 3942 1709 3997 totius
1745 3941 1893 3997 orbis

293 4037 678 4107 corruptibilis
703 4037 873 4107 gloria
903 4036 1238 4090 terminatur.

386 4132 545 4187 Vers.
576 4130 663 4185 39.
691 4130 802 4187 Siti.
833 4128 1046 4183 Custodi
1072 4130 1330 4183 veritatem
1360 4135 1405 4182 et
1426 4127 1539 4180 vide
1575 4126 1891 4197 aequitatem,

297 4223 559 4293 quoniam
578 4231 693 4275 sunt
713 4220 945 4289 reliquiis
968 4219 1163 4273 homini
1188 4218 1426 4287 paciﬁca.
1476 4217 1610 4273 Dum
1638 4232 1736 4273 nos
1759 4232 1897 4289 prte-

298 4315 445 4382 cipit
474 4312 728 4367 custodire
772 4312 1056 4380 veritatem,
1088 4311 1342 4367 admonet
1378 4325 1446 4367 ne
1500 4311 1557 4366 in
1612 4312 1898 4367 mundanis

304 4408 483 4463 rebus
507 4419 689 4459 curam
718 4404 916 4459 habere
937 4401 1250 4458 debeamus.
1277 4399 1544 4457 Custodire
1569 4402 1711 4458 enim
1733 4401 1890 4468 solet,

306 4498 536 4556 nonnisi
560 4499 650 4569 qui
682 4513 896 4568 semper
922 4494 1168 4551 assiduus
1195 4504 1298 4562 est,
1324 4496 1415 4566 qui
1434 4493 1533 4550 hoc
1551 4496 1766 4565 cogitat,
1794 4493 1895 4547 hoc

306 4590 584 4662 loquitur,
616 4588 717 4643 hoc
744 4596 1024 4653 retractat,
1060 4586 1311 4656 nulloque
1332 4594 1604 4641 momento
1630 4585 1697 4640 ab
1711 4598 1771 4640 ea
1794 4583 1897 4639 sol-

306 4681 601 4739 licitudine
628 4692 956 4751 segregatttr.
992 4678 1101 4736 Sed
1146 4694 1265 4750 quae
1293 4688 1378 4735 est
1406 4678 1502 4735 ista
1536 4678 1717 4732 veritas
1746 4678 1770 4732 ?
1799 4678 1901 4732 uli-

306 4792 419 4845 que
450 4772 617 4839 Deus,
648 4772 734 4841 qui
766 4771 917 4838 dixit,
952 4768 1065 4840 Ego
1090 4786 1200 4825 sum
1227 4770 1410 4823 veritas
1439 4767 1615 4838 (Joan.
1664 4782 1771 4832 xlv,
1819 4764 1897 4837 6).

312 4868 467 4935 Ergo
519 4865 564 4919 si
612 4864 779 4917 Deum
828 4861 1132 4929 custodias,
1175 4860 1264 4915 ille
1314 4868 1366 4914 te
1409 4860 1527 4914 sine
1571 4857 1901 4912 dubitatione

308 4957 579 5013 custodit.
630 4956 768 5011 Dicit
820 4954 1001 5021 etiam,
1051 4964 1099 5009 et
1142 4955 1253 5009 vide
1290 4952 1598 5023 (equitatem,
1632 4950 1725 5004 Dei
1756 4948 1903 5003 vide-

310 5050 465 5103 licet.
491 5045 622 5101 Nam
664 5061 785 5116 qua:
815 5046 885 5100 sit
928 5044 1152 5114 aequitas
1201 5052 1593 5113 consequenter
1640 5040 1898 5109 exponit;

308 5141 388 5194 ait
418 5138 591 5203 enim,
630 5138 873 5208 quoniam
910 5144 1028 5189 sunt
1074 5134 1305 5205 reliquiw
1329 5136 1520 5190 homini
1550 5136 1788 5205 paciﬁco.
1819 5134 1903 5188 ln-

315 5229 607 5283 tendamus
631 5226 1085 5297 quemadmodum
1109 5225 1252 5280 hunc
1276 5240 1579 5281 sermonem
1602 5225 1906 5295 intelligere

313 5321 650 5376 debeamus:
670 5318 900 5385 reliquiae
926 5327 1045 5371 sunt
1070 5314 1264 5370 homini
1288 5316 1523 5388 paciﬁca,
1553 5315 1767 5385 quando
1782 5329 1905 5384 spes

314 5412 444 5481 ejus
480 5410 693 5464 Domini
729 5406 1170 5463 remuneratione
1201 5406 1493 5476 peragitur.
1523 5406 1803 5476 Reliquum
1825 5414 1909 5460 est

314 5503 495 5569 etiim,
518 5513 575 5556 ut
600 5510 721 5571 post
745 5499 884 5554 hanc
907 5498 1067 5553 vitam
1089 5507 1305 5553 (sternar
1322 5496 1667 5553 beatitudinis
1692 5496 1910 5565 praemia

315 5605 712 5667 omsequatur.
746 5593 881 5650 Sunt
906 5608 1035 5663 ergo
1062 5593 1289 5663 reliquiae
1316 5592 1671 5663 paciﬁcorum,
1699 5590 1914 5660 quando

321 5701 486 5755 apem
530 5686 891 5740 certissimam
941 5692 1071 5738 tunc
1114 5682 1312 5738 habere
1362 5682 1644 5751 incipiunt,
1697 5697 1818 5737 cum
1848 5684 1916 5736 atl

322 5776 680 5846 percipienda
712 5773 921 5830 Domini
971 5773 1108 5828 dona
1160 5773 1501 5843 perveniunt.
1540 5770 1799 5839 Paciﬁcas
1825 5788 1921 5828 au-

1987 3414 2147 3469 quam
2182 3398 2511 3469 percutiunt,
2566 3396 2814 3468 afﬂigunt
2859 3415 3017 3468 quam
3071 3401 3416 3459 imminuunt.
3474 3404 3569 3458 ιιι.

1988 3507 2116 3548 vero
2145 3492 2409 3547 tribulatio
2436 3506 2556 3559 qua:
2596 3490 2649 3546 in
2677 3490 2762 3545 die
2786 3490 2974 3561 judicii
3007 3493 3185 3563 impiis
3211 3496 3378 3561 venit,
3409 3496 3569 3561 mala,

1989 3586 2112 3655 quia
2158 3592 2391 3648 mterna;
2426 3570 2622 3652 tristis,
2656 3582 2780 3653 quia
2821 3583 3052 3651 cruciat;
3099 3588 3408 3652 vehemens,
3449 3586 3573 3656 quia

1992 3674 2236 3731 districta
2264 3683 2370 3731 est.
2422 3673 2487 3728 lu
2532 3674 2634 3729 hoc
2683 3689 2814 3744 ergo
2838 3682 3062 3746 tempore
3091 3677 3427 3732 tribulationis
3458 3696 3575 3749 pro.

1994 3775 2152 3819 tector
2177 3776 2249 3820 est
2278 3764 2530 3819 Dominus
2559 3766 2722 3836 :quia
2754 3780 2820 3821 ex
2851 3767 2962 3835 ipsa
2984 3767 3147 3837 eripit
3171 3767 3366 3837 justos.

2068 3858 2223 3912 Vers.
2270 3857 2364 3912 42.
2416 3856 2483 3911 Et
2529 3859 2790 3930 adjuvabit
2833 3874 2917 3913 eos
2946 3858 3219 3929 Dominus,
3250 3870 3298 3915 et
3345 3861 3579 3916 liberabit

1996 3963 2103 4012 eos,
2137 3954 2184 4001 et
2205 3947 2381 4017 eripiet
2428 3961 2511 3999 eos
2540 3963 2571 3999 α
2601 3947 2970 4017 peccatoribus,
2997 3958 3048 4001 et
3088 3949 3255 4003 salvos
3293 3952 3446 4018 [acitt
3468 3967 3571 4017 eos,

1995 4038 2236 4106 quoniam
2277 4047 2610 4104 speraverant
2656 4037 2711 4090 in
2753 4052 2889 4090 eum.
2943 4036 3020 4092 De
3067 4037 3312 4092 fidelibus
3359 4037 3577 4093 famulis

1996 4128 2146 4193 dicit,
2168 4140 2301 4196 quos
2321 4126 2373 4182 in
2416 4127 2521 4181 hoc
2548 4126 2746 4181 mundo
2768 4124 3057 4181 efficaciter
3079 4128 3317 4194 adjuvat,
3352 4129 3567 4197 quando

1997 4215 2374 4273 colluctatione
2394 4215 2990 4286 contraria'fatigantur.
3021 4216 3233 4272 Liberat
3258 4218 3425 4286 enim,
3446 4219 3574 4276 dum

2001 4306 2159 4362 fidem
2190 4306 2427 4375 ipsorum
2450 4318 2557 4359 non
2575 4302 2708 4361 sinit
2725 4318 2887 4374 prava
2909 4304 3159 4361 suasione
3176 4306 3432 4376 perverti.
3460 4306 3582 4365 Eri-

2000 4396 2101 4467 piet
2127 4411 2160 4449 α
2186 4393 2557 4465 peccatoribus,
2589 4391 2773 4463 utique
2810 4407 2841 4447 a
2876 4394 3059 4449 mundi
3088 4393 3241 4451 istius
3289 4399 3586 4456 contrarie-

2006 4493 2113 4540 tate
2138 4490 2317 4539 servat
2344 4483 2568 4539 illazsos.
2615 4482 2836 4537 Addidit
2877 4498 3089 4555 quoque
3127 4499 3341 4541 causam
3384 4488 3586 4545 libera-

2011 4577 2171 4633 tionis
2223 4592 2238 4631 :
2288 4575 2531 4647 quoniam
2579 4584 2905 4643 speraverant
2933 4575 2987 4629 in
3024 4591 3157 4643 eum,
3192 4592 3298 4634 non
3328 4579 3449 4649 quia
3481 4596 3586 4636 non

2011 4674 2386 4739 peccaverunt,
2412 4664 2505 4721 sed
2527 4665 2777 4733 quoniam
2806 4678 2954 4733 spem
2985 4679 3133 4721 suam
3155 4667 3208 4721 in
3238 4665 3445 4723 Domini
3476 4669 3588 4740 pie-

2008 4771 2116 4817 tate
2146 4768 2455 4829 posuerunt.
2493 4755 2644 4823 Quod
2688 4764 2864 4824 potest
2900 4756 3060 4811 etiam
3092 4768 3146 4813 et
3193 4758 3259 4812 ad
3290 4756 3416 4813 illud
3443 4758 3587 4828 judi-

2008 4852 2148 4906 cium
2173 4849 2332 4915 trahi,
2362 4848 2577 4919 quando
2594 4845 2799 4901 sanctis
2823 4846 2939 4901 suis
2963 4857 3163 4903 a'terna
3194 4851 3415 4919 praemia
3447 4863 3587 4920 pra:-

2009 4953 2151 4996 8tare
2180 4938 2498 5010 dignabitur.

2542 5026 2811 5082 Conclusio
2850 5028 3055 5097 psalmi.

2081 5123 2250 5191 Quam
2289 5119 2523 5191 prolicua
2568 5120 2729 5175 verba
2787 5120 3020 5190 Spiritus
3070 5121 3241 5177 sancti
3282 5121 3591 5191 dignatione

2012 5216 2217 5287 prolata
2245 5214 2403 5270 sunt!
2435 5226 2592 5283 quam
2626 5212 2854 5266 mirabili
2899 5212 3095 5269 virtute
3133 5214 3225 5269 illa
3270 5214 3443 5268 tunica
3488 5213 3598 5269 Do-

2013 5310 2140 5364 mini
2166 5306 2365 5364 Christi
2396 5319 2625 5376 superna
2655 5304 3056 5374 dispensatione
3080 5316 3331 5361 contexta
3352 5316 3453 5376 est,
3486 5302 3593 5363 non

2017 5402 2142 5467 illis,
2173 5400 2268 5459 sed
2297 5399 2574 5463 versibus;
2600 5411 2707 5452 non
2735 5397 2990 5464 stamine,
3022 5399 3116 5453 sed
3145 5402 3591 5469 conipnnctione;

2021 5510 2125 5549 non
2155 5495 2298 5559 lana,
2326 5490 2421 5547 sed
2442 5490 2647 5560 gratia;
2677 5489 2880 5544 scilicet
2921 5503 3039 5557 quae
3061 5496 3227 5544 totum
3251 5504 3447 5558 certus
3482 5506 3599 5547 am-

2023 5588 2153 5651 biat,
2184 5594 2239 5641 et
2260 5581 2497 5638 membra
2527 5581 2694 5650 ipsius
2721 5580 2776 5633 in
2827 5579 3045 5634 modum
3087 5591 3258 5635 sacras
3278 5582 3446 5638 vestis
3471 5596 3600 5653 ope-

2026 5680 2155 5742 riut;
2185 5688 2345 5746 quam
2388 5688 2491 5728 non
2523 5672 2690 5727 valuit
2733 5669 2972 5727 dividere
3000 5671 3227 5728 militum
3258 5673 3444 5729 insana
3473 5689 3600 5744 pro-

2029 5770 2233 5835 tervis;
2265 5781 2423 5837 quam
2468 5779 2572 5822 non
2601 5771 2776 5835 potest
2817 5761 3190 5825 htcreticorttm
3241 5776 3322 5826 tot
3365 5768 3599 5833 szrculis,
