4030 6172
50 6056 243 6129 Δὶ

459 363 549 421 27‘!
1658 354 1727 410 Μ.
1770 350 2044 409 ΛυΙὶΕΙᾸΙ

2149 344 2473 403 iSSlODORI

3611 338 3721 394 τιτι

458 478 583 534 dum
610 491 823 548 semper
842 481 1083 544 carpant,
1109 472 1357 528 scindere
1389 470 1674 526 multitudo
1709 486 1723 524 :
1747 469 1839 523 sed
1868 468 1919 522 in
1944 480 2037 520 sua
2068 468 2114 523 Α
2143 463 2272 516 muli
2297 470 2536 531 paratum
2563 473 2621 517 se
2646 475 2714 529 qu
2738 474 2854 548 ique
2872 458 2937 514 ad
2955 457 3158 529 ﬂagella
3176 462 3437 548 testatur:
3460 457 3714 523 quoniam

458 570 710 626 ﬁrmitate
737 567 1060 634 consistens,
1092 567 1212 620 illos
1258 575 1461 621 tantum
1507 568 1735 635 proteg't
1773 577 1907 633 quos
1934 562 2036 615 Do-

458 663 604 718 mino
625 665 835 733 placere
849 660 1152 730 cognoscit!
1181 658 1449 729 Rogemus
1474 673 1601 729 ergo
1626 653 2035 725 inseparabilem

459 754 870 819 Trinitatem,ut
900 752 1015 806 haec
1044 750 1205 805 vestis
1228 762 1281 805 et
1313 765 1410 805 nos
1435 757 1878 821 protegat,atque
1900 746 2038 799 intra

458 860 585 899 suos
611 845 757 899 sinus
791 845 1017 914 gratuita
1049 843 1356 909 dignatione
1405 842 1712 897 concludat.
1758 842 1875 907 Quo
1916 838 2037 892 loco

461 935 661 989 Sedulii
690 935 849 989 verba
870 933 1159 988 mutuanda
1186 942 1309 1020 sunt
1344 948 1360 988 :
1452 1006 1462 1018 .

552 1024 759 1075 Grandia
783 1023 1162 1087 posco.quidetn,
1189 1019 1276 1073 sed
1303 1028 1353 1071 tu
1376 1020 1494 1071 dare
1522 1019 1722 1083 grandia
1742 1021 1886 1069 nosti.

676 1155 1037 1212 EXPOSITIO
1072 1153 1138 1209 IN
1180 1153 1507 1210 PSALMUM
1549 1152 1812 1207 XXXVII.

736 1268 979 1324 Psalmus
1004 1268 1166 1321 David
1192 1270 1242 1320 in
1266 1264 1760 1321 commemoratione.

533 1411 769 1467 Diceudo
799 1412 851 1463 in
876 1406 1372 1472 commemoratione,
1404 1406 1505 1459 hoc
1528 1403 1680 1458 nobis
1726 1401 1909 1455 titulus
1937 1400 2036 1453 iste

462 1508 790 1575 pronuntiat,
840 1511 897 1557 ut
942 1502 1065 1571 quia
1112 1508 1387 1569 peccatum
1432 1496 1756 1552 omnimodis
1801 1493 2036 1563 effugere

461 1612 565 1649 non
597 1594 857 1657 valemus,
885 1600 1033 1646 certe
1067 1590 1242 1660 ipsum
1275 1588 1526 1643 delictum
1569 1587 1623 1639 in
1671 1600 2059 1639 commemoram

460 1688 593 1741 tione
615 1699 827 1752 semper
851 1681 1048 1736 habere
1077 1679 1394 1745 debeamus;
1426 1687 1694 1748 quatenus
1714 1678 1839 1729 dum
1864 1674 2037 1742 culpae

460 1788 727 1831 memores
754 1789 959 1836 sumus,
999 1786 1031 1825 ιι
1057 1771 1377 1827 delictorum
1427 1767 1727 1837 frequentia
1764 1776 2037 1836 tempere-

2143 553 2259 622 plus
2290 568 2349 607 se
2379 550 2553 606 adhuc
2576 534 2771 605 mereri
2806 559 2977 620 putat,
3006 564 3163 619 quam
3194 546 3437 601 videatur
3462 561 3581 601 esse
3604 561 3715 616 per-

2141 656 2350 712 pessus.
2378 643 2504 696 Post
2533 642 2645 695 haec
2676 644 2922 712 provenit
2945 657 3063 710 quae
3094 654 3303 707 semper
3332 640 3716 707 pteuitentibus

2139 735 2297 789 datur
2349 734 2665 787 exsultativa
2720 732 2994 786 conclusio
3036 748 3049 783 :
3103 731 3191 784 ubi
3241 730 3351 797 jam
3396 744 3424 782 a
3475 729 3721 784 cladibus

2146 822 2396 877 omnibus
2427 822 2702 885 liberatus,
2735 824 2920 874 salutis
2966 834 3079 875 sua:
3122 822 3285 874 Deum
3318 817 3593 887 profitetur
3622 833 3723 871 au-

2139 921 2374 976 ctorem;
2405 919 2461 964 ut
2486 911 2767 964 manifeste
2798 910 3053 963 doceatur
3084 911 3133 961 in
3157 923 3253 975 spe
3284 909 3582 962 certissima
3611 906 3719 961 col-

2141 1003 2372 1071 locatus,
2399 1004 2486 1074 qui
2533 1014 2690 1057 tantae
2720 1003 2916 1057 laetitiae
2943 1003 3352 1071 participatione
3378 1001 3581 1056 ditatus
3603 1010 3714 1057 est.

2662 1117 2947 1187 Expositio
2977 1116 3183 1185 psalmi.

2213 1213 2365 1268 Vers.
2400 1213 2450 1267 1.
2502 1212 2739 1276 Damine,
2787 1229 2851 1265 ne
2903 1212 2954 1264 in
2986 1212 3061 1263 ira
3101 1200 3187 1262 tua
3215 1226 3401 1280 arguas
3431 1224 3533 1274 me,
3562 1224 3728 1279 neque

2140 1304 2191 1355 in
2219 1308 2394 1373 furore
2442 1311 2531 1356 tuo
2578 1302 2826 1370 corripias
2872 1317 2968 1354 me.
3021 1300 3115 1355 Vir
3172 1302 3271 1354 iste
3323 1301 3724 1363 sanctissimus;

2141 1393 2284 1447 sicut
2312 1392 2379 1445 de
2422 1392 2537 1460 ipso
2568 1391 2823 1444 Dominus
2852 1389 2992 1443 dixit
3024 1406 3037 1441 :
3071 1389 3320 1457 Simplex,
3362 1397 3550 1453 rectus,
3582 1400 3629 1441 et
3660 1390 3727 1441 ti-

2141 1500 2282 1537 mens
2308 1483 2490 1547 Deum,
2520 1499 2581 1535 ac
2607 1484 2845 1536 recedens
2888 1500 2919 1535 a
2944 1480 3083 1535 malo
3115 1481 3237 1554 (Job
3275 1497 3313 1549 ι,
3349 1480 3424 1545 1),
3458 1496 3579 1535 enm
3606 1492 3726 1536 ten-

2140 1576 2433 1631 tatiOnibus
2462 1575 2660 1631 diaboli
2689 1575 2875 1630 fuisset
2918 1575 3141 1630 traditus
3170 1576 3234 1629 ail
3266 1576 3617 1645 probandum,
3644 1576 3727 1630 in-

2144 1682 2222 1727 ter
2265 1672 2482 1727 dolores
2532 1671 2742 1739 anxius,
2798 1685 2902 1724 non
2955 1681 3070 1724 erat
3110 1677 3316 1724 tantum
3346 1669 3413 1724 de
3443 1685 3534 1724 sua
3568 1686 3728 1739 pmna

2141 1762 2420 1831 sollicitus,
2453 1771 2708 1831 quantum
2740 1762 2807 1815 de
2852 1761 3058 1815 Domini
3088 1760 3387 1816 oﬂ'ensioue
3419 1772 3726 1830 suspectus,

458 1882 598 1921 mus.
628 1866 849 1919 Sicutet
876 1865 930 1917 in
959 1862 1229 1917 tricesimo
1246 1863 1419 1931 primo
1450 1860 1654 1930 psalmo
1678 1858 1905 1927 positum
1928 1866 2031 1919 est,
2064 1846 2111 1904 Β
2140 1862 2291 1921 rogat
2327 1866 2393 1906 ne
2429 1860 2693 1905 tormenta
2724 1866 2841 1920 qua:
2873 1850 3169 1916 patiebatur
3196 1850 3331 1903 irato
3356 1850 3533 1919 judice
3556 1849 3729 1906 susti-

461 1958 629 2012 David
654 1955 970 2020 intellectus;
1002 1954 1135 2009 sicut
1163 1964 1218 2009 et
1270 1953 1324 2008 in
1356 1951 1799 2024 quinquagesimo
1827 1950 2036 2020 psalmo

462 2054 575 2119 ipse
606 2049 903 2118 proﬁtetur,
933 2055 979 2100 et
1022 2056 1281 2115 peccatum
1308 2060 1474 2099 meum
1504 2054 1681 2099 contra
1708 2058 1786 2097 me
1812 2052 1885 2096 est
1909 2057 2038 2095 sem-

446 2157 548 2207 per
573 2138 746 2209 (Psal.
772 2155 822 2205 ι,
852 2138 929 2209 5).
957 2138 1062 2194 Sed
1088 2139 1209 2192 licet
1232 2135 1493 2206 pr0pheta
1522 2136 1754 2191 nominis
1781 2135 1861 2189 sui
1889 2133 2041 2188 testi-

462 2232 695 2287 monium
727 2232 868 2286 dicat
897 2246 1055 2299 quam
1106 2232 1337 2284 maxime
1377 2229 1443 2283 de
1487 2228 1701 2296 futuris,
1734 2236 1912 2281 tamen
1940 2240 2039 2281 nec

464 2322 732 2392 praeterita
761 2321 1104 2392 derelinquit,
1138 2336 1260 2390 quae
1288 2320 1355 2374 ad
1399 2320 1626 2374 salutem
1658 2317 1833 2373 fidelis
1859 2317 2039 2387 populi

464 2414 732 2485 pertinere
759 2414 1059 2483 cognoscit.
1108 2412 1203 2467 Hic
1259 2411 1400 2466 enim
1452 2411 1690 2480 psalmus
1722 2410 1803 2473 (ut
1824 2408 2037 2478 quidam

465 2504 769 2576 voluerunt)
805 2516 946 2559 totus
977 2504 1041 2558 ad
1071 2504 1209 2559 beati
1239 2502 1342 2559 Job
1372 2501 1763 2558 vivacissimam
1812 2501 2043 2571 pertinet

444 2595 792 2665 passionem,
817 2596 904 2665 qui
933 2603 1213 2663 superator
1256 2593 1355 2647 fuit
1382 2592 1502 2647 vitae
1556 2592 1820 2656 mortalis,
1862 2590 2043 2647 carnis

464 2704 577 2743 sua:
622 2687 943 2752 debellator,
1001 2687 1358 2755 triumphator
1409 2685 1703 2754 ingentium
1751 2682 2047 2752 supplicio-

464 2797 613 2849 rum;
644 2780 849 2836 scilicet
890 2788 949 2834 ut
987 2779 1366 2849 paenitentibus
1417 2792 1583 2833 onera
1611 2792 1706 2832 sua
1748 2776 2045 2833 reddantur

465 2872 623 2937 levia,
646 2871 771 2926 dum
789 2870 1121 2941 gravissimae
1151 2869 1464 2925 tentationis
1510 2868 1819 2925 referuntur
1856 2883 2044 2924 exem-

465 2964 571 3031 pla.
607 2961 945 3018 Consuetudo
974 2971 1057 3017 est
1085 2960 1228 3016 enim
1263 2961 1553 3031 Scriptum
1591 2960 1808 3027 divinae,
1836 2968 1896 3013 ut
1922 2973 2044 3013 cum

464 3054 947 3111 exercitatissimus
972 3051 1127 3106 miles
1151 3048 1350 3105 Christi
1374 3050 1601 3106 afﬂictus
1618 3051 1833 3118 dicitur,
1856 3051 2047 3106 tironis

466 3143 589 3199 inde
616 3142 825 3197 animus
857 3141 1127 3196 efﬁcacius
1155 3140 1440 3195 imbuatur.
1465 3141 1804 3211 Quapropter
1832 3142 1884 3196 in
1909 3140 2044 3196 afﬂi-

2144 1953 2316 1999 neret.
2365 1941 2681 1997 Verberatio
2724 1942 2869 1996 enim
2900 1956 3018 2010 qua:
3061 1941 3207 1995 venit
3248 1955 3277 1994 a
3320 1942 3493 2010 quieta
3545 1950 3732 1997 mente

2142 2034 2403 2088 eorrectio
2430 2041 2533 2097 est,
2563 2033 2699 2086 sicut
2728 2031 2922 2101 legitur
2946 2048 2958 2084 :
2988 2031 3154 2101 Argue
3174 2032 3475 2101 sapientem,
3517 2039 3563 2084 ct
3583 2048 3731 2084 ama-

2143 2126 2212 2177 bit
2239 2134 2286 2177 te
2314 2122 2494 2193 (Prov.
2520 2139 2593 2189 ιχ,
2626 2122 2715 2192 8);
2750 2138 2869 2190 quae
2897 2132 3071 2177 autem
3106 2125 3254 2177 venit
3302 2123 3369 2175 ab
3399 2122 3609 2178 infenso
3630 2126 3725 2192 ju-

2144 2215 2262 2271 dice
2303 2216 2701 2270 rationabiliter
2723 2215 3060 2270 formidatur.
3087 2215 3176 2270 llla
3212 2215 3355 2269 enim
3399 2214 3734 2271 emendatio-

2145 2318 2266 2361 nem
2301 2314 2541 2374 przestat,
2584 2305 2681 2361 ista
2733 2305 2898 2376 exigit
2941 2306 3220 2361 ultionem.
3258 2307 3406 2367 Hinc
3450 2318 3530 2361 est
3583 2308 3730 2377 quod

2145 2404 2300 2466 rogat
2330 2404 2510 2451 utnon
2539 2408 2792 2467 arguatur
2820 2398 2871 2450 in
2901 2399 2998 2463 ira,
3032 2412 3129 2451 nec
3157 2400 3206 2451 in
3233 2413 3354 2453 eum
3387 2398 3734 2457 damnatione

2146 2499 2401 2561 perpetua
2430 2490 2755 2545 vindicetur.
2773 2489 2863 2545 Sic
2884 2488 3026 2546 enim
3052 2499 3294 2545 metuens
3321 2500 3374 2546 et
3397 2492 3449 2545 in
3473 2492 3609 2547 libro
3625 2507 3731 2549 suo

2144 2580 2307 2636 dicit:
2342 2578 2517 2635 Iratus
2545 2588 2617 2635 est
2640 2589 2818 2635 contra
2845 2597 2923 2635 me
2949 2582 3095 2651 furor
3118 2583 3251 2653 ejus,
3277 2591 3323 2634 et
3345 2584 3417 2635 sic
3442 2598 3519 2635 me
3546 2583 3733 2636 habuit

2146 2677 2295 2746 quasi
2326 2677 2520 2731 hostem
2548 2692 2699 2730 suum
2730 2675 2848 2744 (Job
2872 2691 2985 2742 sis,
3013 2674 3125 2743 Η).
3156 2675 3229 2730 De
3262 2676 3336 2730 ira
3362 2691 3488 2731 vero
3518 2676 3730 2731 Domini

2146 2766 2307 2822 Pater
2328 2767 2660 2836 Augustinus
2690 2767 2743 2821 in
2778 2766 2910 2821 libro
2944 2767 3288 2837 Enchiriilion
3320 2768 3471 2839 (Cap.
3500 2769 3587 2837 1'5)
3614 2770 3731 2837 pul-

2147 2859 2276 2915 chra
2332 2858 2593 2913 brevitate
2633 2857 2885 2913 disSeruit
2931 2857 3157 2911 dicens:
3191 2859 3322 2912 Cum
3374 2868 3553 2913 autem
3589 2860 3733 2914 Deus

2151 2951 2311 3006 irasci
2343 2950 2556 3016 dicitur,
2585 2965 2692 3003 non
2721 2950 2837 3018 ejus
2869 2950 3202 3020 signiﬁcatur
3230 2952 3577 3021 perturbatio,
3600 2968 3733 3022 qua-

2150 3042 2215 3097 lis
2241 3050 2323 3096 est
2352 3042 2405 3096 in
2448 3041 2628 3095 animo
2659 3041 2941 3095 irascentis
2973 3041 3232 3108 hominis;
3265 3042 3359 3096 sed
3391 3058 3455 3097 ex
3484 3043 3735 3098 humanis

2152 3132 2387 3187 motibus
2418 3132 2677 3186 translato
2709 3131 2990 3198 vocabulo,
3022 3131 3252 3186 vind'cta
3300 3134 3438 3202 ejus,
3481 3148 3599 3202 quae
3624 3148 3734 3186 non

467 3234 729 3288 ctionibus
754 3233 959 3301 asperis
999 3231 1344 3303 gaudeamus,
1390 3233 1442 3287 in
1470 3233 1648 3288 carnis
1678 3242 1879 3288 nostra:
1921 3248 2045 3288 cru-
2072 3224 2119 3289 C
2149 3223 2250 3277 ηίεῖ
2276 3222 2418 3292 ius”
2441 3231 2539 3288 εει,
2562 3223 2654 3276 Ῑτθὲ
2685 3236 2878 3276 nomen
2909 3224 3138 3288 ποθβῖῑ·
3171 3224 3244 3278 De
3277 3224 3348 3277 ira
3384 3224 3614 3294 άοηῑψιο
3647 3227 3733 3281 νει

467 3328 695 3383 ciatione
722 3328 963 3381 laetemur
994 3343 1006 3379 :
1038 3325 1289 3396 quoniam
1314 3327 1416 3382 hoc
1446 3341 1546 3382 nos
1567 3326 1632 3381 ab
1655 3335 1853 3382 aeterna
1886 3342 2042 3397 paena

468 3420 678 3483 liberat,
706 3420 845 3489 quod
877 3420 961 3474 hic
992 3428 1212 3490 propter
1243 3422 1400 3492 128
1429 3420 1714 3475 Dominum
1747 3430 2046 3476 momenta-

469 3526 565 3565 nea
596 3511 869 3566 celeritate
896 3510 1202 3566 discruciat.
1258 3511 1717 3567 Considerandum
1767 3520 1849 3566 est
1879 3512 2042 3566 etiam

468 3602 606 3671 quod
633 3603 682 3656 in
708 3602 792 3655 his
823 3601 1041 3672 psalmis
1072 3603 1443 3671 ptenitentium
1470 3604 1651 3658 nullus
1667 3612 1809 3658 tanta
1840 3604 2048 3673 legatur

445 3711 587 3750 -csse
633 3712 937 3766 pt-rpessuS,
973 3704 1029 3750 ut
1058 3699 1250 3753 merito
1304 3698 1372 3752 ad
1422 3713 1731 3755 mensuram
1780 3699 2044 3754 malorum

450 3790 634 3859 recipi
663 3789 912 3845 credatur
941 3790 1172 3860 qualitas
1202 3792 1541 3862 gaudiorum.

1037 3901 1231 3957 Divisio
1274 3904 1475 3972 psalmi.

540 4013 895 4088 Per-ﬁguram
946 4016 1271 4085 ethopteiam
1304 4031 1531 4086 persona
1585 4016 1941 4071 introducitur
1966 4016 2049 4089 (ut

448 4104 669 4161 dictum
700 4105 804 4175 est)
833 4106 1013 4161 invicti
1061 4106 1246 4162 militis
1298 4107 1518 4173 Christi,
1549 4108 1829 4162 vulnerum
1859 4107 2048 4163 dolore

468 4199 699 4267 confixa,
725 4199 997 4254 vermibus
1018 4201 1342 4267 scaturiens,
1377 4200 1514 4267 insu,
1537 4215 1598 4254 er
1620 4199 2050 4268 exprobrationi-

468 4290 570 4346 bus
590 4291 851 4356 sauciata,
894 4298 950 4345 et
993 4292 1133 4346 inter
1170 4301 1248 4345 tot
1293 4291 1629 4346 calamitates
1654 4291 1897 4358 ObSBSsa,
1931 4291 2047 4345 sola

442 4426 445 4427 ν
472 4385 594 4439 ﬁdei
619 4384 905 4438 vivacitate
925 4384 1229 4437 sanissima.
1261 4383 1429 4449 Quam
1458 4384 1651 4439 merito
1681 4384 1837 4438 beato
1866 4381 1968 4437 Job
1996 4391 2051 4437 et

470 4490 571 4529 nos
591 4475 861 4529 credimus
890 4474 1281 4542 applicandam,
1315 4474 1528 4542 quando
1557 4474 1682 4529 huic
1710 4485 1764 4528 et
1795 4489 2049 4529 aerumna:

468 4566 677 4621 similes
702 4567 1039 4631 exstiterunt,
1073 4575 1126 4621 et
1150 4579 1286 4634 pene
1326 4565 1441 4634 ipse
1476 4580 1656 4620 sermo
1685 4564 1896 4619 videtur
1925 4581 2047 4620 esse

467 4658 785 4713 consimilis.
808 4657 1146 4727 Quapropter
1162 4672 1257 4727 per
1280 4656 1395 4711 loca
1412 4656 1619 4727 singula
1639 4656 1703 4711 de
1725 4655 1863 4710 libro
1883 4656 2049 4724 ipsius

479 4753 787 4808 testimonia
819 4752 1094 4816 dabimus;
1128 4760 1185 4803 ut
1218 4749 1445 4804 omnino
1471 4750 1748 4819 passiones
1792 4750 1921 4817 ipsae
1949 4750 2049 4804 sibi

468 4848 760 4900 convenire
790 4858 851 4899 ac
873 4858 1169 4912 congruere
1199 4841 1501 4897 videantur.
1528 4844 1773 4897 Psalmus
1794 4856 1921 4913 ergo
1947 4845 2050 4898 iste

471 4937 779 5006 paenitentis
808 4935 1129 5006 quadrifaria
1154 4934 1498 4988 distinctione
1519 4933 1723 4989 divisus
1745 4944 1849 4988 est.
1871 4936 2048 4989 Primo

468 5030 709 5083 continet
734 5028 1035 5092 exordium,
1071 5028 1126 5079 in
1153 5040 1258 5095 quo
1290 5025 1716 5080 misericordiam
1758 5035 1936 5081 movet
1957 5027 2049 5081 be-

466 5121 617 5190 nigni
641 5119 841 5189 judicis
884 5119 991 5173 vita
1019 5118 1272 5187 poenalis.
1304 5118 1557 5186 Sequitur
1587 5118 1832 5187 bipertita
1864 5132 2053 5172 narra-

458 5215 571 5284 tio,
597 5214 686 5269 ubi
706 5224 759 5267 et
786 5228 979 5281 corpus
1004 5226 1159 5266 suum
1182 5210 1407 5265 diversis
1426 5210 1596 5279 poenis
1620 5210 1876 5264 afﬂictum
1899 5225 2051 5265 com-

471 5316 757 5371 memorat,
774 5315 827 5361 et
850 5306 1083 5359 animum
1106 5301 1273 5357 refert
1293 5302 1585 5357 amicorum
1609 5304 2049 5372 imputationibus

463 5400 1067 5468 graviter-sauciatur";
1098 5408 1155 5451 ut
1175 5412 1295 5450 cum
1322 5397 1466 5450 nulla
1489 5396 1785 5451 consolatio
1818 5397 1872 5451 in
1904 5406 2050 5453 utra-

471 5505 577 5561 que
625 5502 773 5560 parte
809 5489 1151 5559 relinquitur,
1183 5488 1308 5542 totis
1341 5486 1545 5541 viribus
1573 5486 1832 5543 Dominus
1859 5502 2049 5544 exore-

458 5594 581 5638 νων.
597 5584 781 5639 Tertio
803 5583 1140 5655 subjungitur
1160 5580 1462 5637 consolatio
1476 5580 1756 5635 medicina:
1777 5582 2049 5650 salutaris,

462 5689 633 5744 quam
664 5676 805 5731 inter
827 5678 1152 5746 multiplims
1190 5674 1523 5729 calamitates
1552 5689 1703 5743 spem
1737 5669 2053 5731 suam'dicit

464 5781 538 5837 βυ
561 5765 613 5820 in
650 5766 875 5821 Domino
906 5766 1170 5835 posuisse.
1204 5764 1352 5821 More
1383 5773 1563 5820 autem
1606 5765 1945 5823 devotissimi
1983 5770 2057 5823 fa-

2148 3316 2327 3373 furore
2355 3316 2443 3371 illa
2474 3315 2743 3371 sufﬁciant
2766 3333 2886 3387 qua:
2914 3318 2980 3373 de
3006 3317 3201 3374 talibus
3236 3318 3413 3373 verbis
3444 3320 3494 3371 in
3522 3318 3732 3387 psalmo

2143 3417 2296 3464 sexto
2320 3407 2429 3478 jam
2452 3406 2594 3462 dicta
2621 3417 2767 3462 sunt.

2218 3498 2371 3555 Vers.
2402 3500 2457 3555 2.
2503 3499 2758 3567 Quoniam
2780 3500 2978 3567 sagittae
3022 3511 3122 3555 tua:
3150 3502 3325 3569 infixa:
3370 3510 3488 3556 sunt
3514 3502 3662 3566 mihi,
3687 3512 3737 3556 et

2146 3591 2462 3661 conﬁrmasti
2492 3608 2643 3662 super
2666 3610 2743 3647 nte
2772 3610 2977 3647 manum
3005 3604 3162 3649 tuam.
3212 3594 3403 3650 Secuta
3452 3606 3534 3651 est
3562 3610 3728 3649 causa

2150 3684 2472 3753 probabilis;
2496 3694 2554 3739 ut
2583 3688 2633 3739 in
2662 3686 2748 3740 illo
2780 3686 2981 3755 judicio
3002 3687 3114 3757 jam
3148 3704 3251 3742 non
3293 3689 3486 3743 debeat
3532 3689 3737 3757 puniri,

2149 3779 2239 3846 qui
2263 3778 2419 3832 malis
2451 3780 2802 3849 prmscntibus
2834 3779 3183 3837 vehementer
3215 3781 3443 3835 afﬂictus
3471 3790 3571 3834 est.
3617 3779 3727 3833 Do-

2151 3869 2327 3924 minus
2355 3871 2495 3925 euim
2526 3886 2646 3925 cum
2693 3871 2777 3924 hic
2820 3871 3080 3935 vindicat,
3125 3871 3194 3927 ibi
3230 3875 3417 3941 parcit,
3483 3872 3738 3939 quoniam

2150 3964 2431 4019 clementia
2457 3963 2623 4032 ipsius
2643 3964 2693 4016 in
2720 3965 2947 4032 idipsum
2966 3964 3098 4018 duas
3127 3980 3232 4020 non
3264 3962 3432 4032 exigit
3463 3963 3732 4026 ultiones;

2149 4044 2289 4111 sicut
2318 4054 2573 4124 scriptum
2620 4064 2699 4110 est
2736 4073 2748 4109 :
2783 4055 2905 4110 Non
2947 4056 3206 4128 judicabit
3254 4054 3507 4109 Dominus
3559 4056 3636 4109 bis
3684 4056 3746 4110 in

2152 4143 2377 4215 idipsum
2407 4142 2596 4212 (Nam.
2626 4160 2662 4210 ι,
2696 4144 2775 4214 9).
2823 4145 2929 4200 Sed
2960 4160 3081 4200 cum
3130 4146 3474 4200 ﬁdelissimus
3501 4144 3747 4199 famulus

2154 4250 2213 4290 se
2239 4244 2587 4304 cognosceret
2628 4236 2889 4292 diabolica
2947 4237 3135 4292 fraude
3176 4237 3384 4304 vexari,
3416 4238 3619 4292 sciebat
3650 4245 3741 4290 ta-

2155 4343 2275 4381 men
2308 4341 2428 4381 eum
2461 4328 2511 4381 in
2545 4343 2603 4383 se
2631 4344 2737 4382 non
2783 4329 3020 4398 potuisse
3063 4331 3375 4399 prtevalere.
3422 4331 3523 4383 nisi
3560 4329 3741 4383 licen-

2157 4418 2282 4471 tiam
2311 4419 2509 4473 divinis
2535 4420 2861 4486 jussionibus
2885 4420 3211 4490 accepisset;
3246 4421 3471 4491 ideoque
3497 4421 3562 4475 ad
3586 4421 3744 4478 illum

2158 4507 2389 4577 loquitur
2419 4509 2473 4561 in
2499 4510 2651 4578 cujus
2682 4518 2948 4579 potestate
2980 4510 3224 4564 universa
3269 4520 3390 4564 sunt
3415 4512 3604 4578 posita.
3637 4510 3746 4564 Sn-

2077 4601 2127 4661 ι)
2160 4600 2299 4671 gime
2324 4609 2377 4653 et
2407 4600 2457 4653 in
2482 4599 2622 4655 bono
2652 4608 2705 4655 et
2747 4602 2799 4654 in
2842 4602 2982 4655 malo
3014 4601 3367 4667 accipiuntur.
3398 4599 3450 4652 lu
3484 4599 3647 4662 bono,
3686 4612 3747 4654 ut

2158 4701 2241 4745 est
2273 4690 2421 4759 illud,
2459 4691 2691 4761 Sagittas
2742 4707 2862 4744 suas
2904 4690 3194 4744 ardentibus
3243 4688 3406 4756 effecit
3438 4686 3608 4757 (Psal.
3636 4703 3742 4761 (vn,

2162 4780 2272 4849 H).
2299 4780 2428 4834 Nam
2459 4782 2546 4835 hic
2572 4783 2773 4849 sagitta:
2801 4780 3391 4851 designantdiabolicas
3418 4786 3739 4847 potestates,

2156 4887 2275 4941 quae
2301 4883 2549 4941 tanquam
2574 4873 2680 4928 tela
2703 4874 3003 4937 vulnerant,
3031 4872 3242 4943 quando
3276 4872 3481 4926 Domini
3507 4871 3738 4932 uerutis-

2159 4964 2309 5020 sione
2338 4965 2658 5035 diriguntur.
2687 4965 2754 5019 Et
2786 4966 2923 5019 bene
2949 4965 3103 5029 dixit,
3154 4963 3352 5033 inﬁxae,
3388 4977 3420 5030 q
3446 4962 3510 5013 .ia
3536 4961 3744 5015 dolori-

2158 5055 2258 5109 bus
2286 5058 2401 5123 ejus
2443 5056 2655 5124 requies
2704 5070 2825 5109 esse
2870 5070 2977 5109 non
3006 5062 3233 5123 poterat.
3267 5053 3356 5107 Sic
3381 5055 3519 5106 enim
3543 5058 3597 5104 et
3618 5049 3743 5119 ipse

2157 5143 2498 5197 beatissimus
2526 5141 2647 5210 (Job
2672 5159 2748 5211 vr,
2780 5142 2836 5211 4)
2868 5143 2997 5196 dicit
3022 5160 3032 5193 :
3071 5142 3205 5208 Quia
3227 5143 3424 5211 sagitta:
3451 5129 3659 5190 Domini
3685 5141 3743 5193 in

2156 5253 2236 5290 me
2266 5245 2405 5301 sunt,
2443 5252 2660 5303 quorum
2687 5236 2976 5306 indignatio
3020 5234 3169 5288 ebibit
3216 5234 3451 5304 spiritum
3479 5246 3662 5298 meum,
3690 5242 3743 5285 et

2108 5341 2114 5347 '
2155 5334 2371 5380 terrores
2400 5326 2607 5379 Domini
2650 5326 2871 5378 militant
2899 5332 3074 5378 contra
3105 5340 3203 5377 me.
3237 5324 3509 5392 Sequitur,
3537 5330 3584 5374 et
3607 5336 3743 5374 con-

2159 5419 2374 5486 ﬁrmasti
2403 5434 2554 5487 super
2580 5432 2658 5471 me
2696 5432 2901 5469 manum
2950 5426 3107 5468 tuam.
3155 5414 3287 5470 Cum
3338 5414 3514 5466 divina
3564 5413 3744 5467 virtus

2162 5511 2392 5566 fidelium
2446 5511 2668 5565 salutem
2715 5511 2983 5578 vitamque
3029 5523 3244 5577 semper
3293 5514 3544 5577 operetur
3574 5545 3590 5569 ,
3650 5506 3745 5560 hic

2159 5603 2309 5670 quasi
2342 5602 2588 5656 manibus
2614 5601 2730 5671 ejus
2764 5602 3057 5671 imputatur
3083 5598 3226 5669 quod
3250 5599 3340 5652 diu
3371 5596 3612 5651 cladibus
3637 5612 3746 5649 nu-

2165 5698 2388 5751 merosis
2417 5695 2700 5763 afﬂigitur;
2733 5708 2837 5748 non
2862 5695 2982 5764 quia
3009 5694 3123 5763 ipse
3151 5692 3286 5747 ﬁlios
3316 5691 3433 5761 ejus
3462 5690 3748 5744 exstiuxe.

2163 5802 2264 5852 rat,
2290 5787 2592 5842 [nouitatem
2618 5787 2964 5855 laceraverat,
2996 5786 3274 5857 ipsumque
3292 5784 3532 5849 ulcerum
3551 5782 3748 5851 dolore
