4030 6172
245 271 350 327 275

1134 265 1499 323 EXPOSITIO’
1534 264 1597 321 IN
1638 264 2094 322 PSALTERIUM.
2138 264 2332 322 PSA‘L.
2378 261 2625 321 XXXV".

3413 257 3514 312 27$

248 386 625 448 prrcusserat;
654 378 748 434 sed
789 378 1040 441 quoniam
1089 378 1330 432 tardabat
1357 378 1629 433 diabolum
1660 393 1834 433 remo-
1866 382 1909 438 Α
1941 381 2176 449 quinque
2207 379 2295 450 qui
2326 387 2631 449 sequuntur
2653 375 2913 431 violentas
2958 373 3139 431 refert
3160 371 3354 428 animae
3404 387 3518 443 pas-

250 485 393 533 vere,
432 470 522 539 qui
557 469 678 523 talia
713 460 1039 539 probabatur
1066 470 1324 540 inﬂigere.
1351 470 1424 523 lta
1459 480 1513 523 et
1540 470 1592 522 in
1621 469 1839 539 proprio

246 564 359 629 ejus
393 562 536 615 libro
565 560 796 629 positum
819 571 933 615 est:
954 560 1057 613 Cur
1081 577 1183 614 non
1210 560 1345 613 totlis
1366 568 1628 630 peccatum
1648 574 1837 624 meum,

246 662 290 706 et
316 668 485 718 quare
531 668 634 705 non
664 656 838 720 aufers
867 653 1189 721 iniquitatem
1227 668 1390 704 meam
1424 650 1545 719 (Job
1579 665 1671 714 vn,
1702 649 1841 716 2|)?

256 744 404 811 Quod
442 754 805 815 congruenter
830 760 857 799 a
890 752 1155 815 potestate
1196 743 1389 812 judicis
1421 741 1639 807 dicitur,
1672 751 1724 794 ut
1754 754 1840 793 sa-

256 840 443 894 lutaris
470 835 854 895 benevolentia
884 846 1244 906 comparetur.

321 932 479 987 νει-ε.
514 932 570 985 5.
611 930 723 985 Nec
763 938 840 985 est
875 930 1071 984 sanitas
1098 930 1151 983 in
1193 945 1347 982 carne
1373 943 1484 980 mea
1510 944 1541 979 a
1572 927 1712 980 vultu
1740 926 1831 1003 ira;

250 1033 369 1089 tute,
410 1038 519 1076 non
550 1034 625 1076 est
652 1038 758 1089 pax
785 1021 979 1075 ossibus
1006 1020 1131 1074 meis
1151 1037 1180 1071 a
1206 1020 1336 1089 facie
1364 1029 1685 1087 peccatorum
1710 1031 1844 1069 meo-

248 1130 383 1167 rum.
421 1114 507 1167 Ab
532 1112 841 1167 inﬁrmitate
863 1126 1075 1181 quoque
1102 1125 1342 1181 persona:
1366 1125 1477 1163 suae
1528 1107 1839 1161 m’sericor-

248 1204 393 1258 diam
421 1212 627 1269 movet,
651 1202 902 1271 quoniam
926 1216 1053 1255 caro
1076 1200 1193 1269 ejus
1223 1200 1421 1255 bellum
1445 1198 1711 1251 sustinere
1732 1210 1838 1249 non

252 1305 487 1365 poterat,
518 1311 640 1365 qua:
671 1303 749 1349 tot
782 1294 975 1349 ictibus
1006 1306 1261 1362 percussa
1302 1296 1599 1345 corruerat.
1654 1286 1842 1342 Vultus

250 1396 333 1440 est
356 1387 474 1451 ἕνα,
509 1387 673 1441 timor
723 1384 919 1439 futura:
968 1383 1223 1437 vindictas
1268 1381 1369 1436 sub
1408 1394 1599 1449 magno
1646 1392 1843 1447 pavore

250 1478 545 1545 cogitatus.
576 1476 727 1532 Unde
753 1492 782 1530 a
806 1477 920 1530 Deo
948 1490 1007 1530 se
1035 1473 1167 1544 petit
1193 1473 1261 1529 ab
1290 1474 1371 1527 ira
1406 1473 1581 1525 futura
1602 1470 1839 1532 liberari,

252 1568 513 1635 quoniam
550 1567 615 1621 ab
642 1565 1008 1635 indignatione
1033 1574 1259 1621 ventura
1287 1564 1506 1620 omnino
1536 1562 1617 1617 sic
1636 1576 1695 1617 se
1714 1560 1844 1616 dicit

251 1672 375 1713 esse
410 1656 784 1726 perterritum,
824 1663 884 1710 ut
912 1657 1196 1710 sanitatem
1248 1652 1492 1722 corporis
1530 1650 1842 1705 omnimodo

1939 469 2138 534 siones,
2163 478 2221 523 ut
2249 469 2377 523 nihil
2420 470 2665 523 videatur
2694 475 3003 535 exceptum,
3031 466 3171 535 quod
3199 465 3345 520 duris
3376 463 3516 518 cala-

1942 563 2213 617 mitatibus
2242 578 2346 617 non
2376 563 2632 631 probetur
2658 560 2940 614 afﬂictum.
2965 557 3117 625 Quod
3145 568 3517 625 argumentum

1941 656 2135 712 dicitur
2169 673 2199 712 a
2240 659 2581 720 necessitate,
2614 656 2827 725 quando
2864 658 2979 725 quis
3021 656 3314 725 prmmis~is
3360 656 3520 710 rebus

1940 749 2167 819 aSperis,
2200 750 2265 804 ad
2296 750 2507 817 ,bonam
2559 760 2762 819 partem
2811 758 3083 802 correctus
3128 747 3427 802 adducitur.
3462 745 3519 800 fu

1942 841 2117 909 primo
2146 842 2306 910 igitur
2336 857 2493 896 versu
2526 842 2691 910 partis
2722 839 2882 909 hujus
2920 839 3174 907 tapinosis
3220 838 3383 907 ﬁgura
3430 851 3521 890 co-

1945 931 2243 1001 gnoscitur,
2283 933 2403 1001 quia
2436 933 2564 986 nihil
2597 931 2869 995 humilius,
2904 929 3033 982 nihil
3065 938 3235 997 potest
3260 928 3521 996 abjectius

1943 1022 2192 1076 inveniri.
2234 1021 2505 1076 Cicatrices
2553 1027 2694 1075 enim
2727 1030 2850 1074 sunt
2890 1019 3299 1089 praecedentium
3330 1018 3520 1073 Vulne-

1945 1128 2060 1167 rum
2090 1123 2276 1167 sanata
2305 1113 2544 1182 vestigia,
2574 1128 2705 1182 quas
2747 1112 2961 1181 gravius
3007 1119 3212 1164 constat
3259 1109 3517 1178 afﬂ‘gerr,

1945 1203 2156 1273 quando
2178 1218 2268 1258 eas
2296 1204 2580 1274 contigerit
2606 1202 2670 1257 ad
2704 1209 2962 1256 transacta
2997 1200 3229 1271 pericula
3260 1214 3522 1253 remeare.

1945 1294 2168 1349 Cicatria:
2194 1309 2322 1350 vero
2352 1296 2486 1349 dicta
2516 1305 2597 1350 est
2619 1294 2686 1348 ab
2715 1308 2778 1347 eo
2795 1293 2933 1363 quod
2959 1292 3085 1347 inse
3100 1306 3297 1346 czncum
3324 1290 3512 1343 vulnus

1945 1388 2211 1440 ostendat.
2264 1386 2597 1455 Frequenter
2657 1400 2783 1455 ergo
2836 1384 3141 1439 vulneribus
3195 1382 3525 1437 tabificatutn

1947 1491 2141 1546 corpus
2170 1478 2486 1543 ostenditur,
2513 1486 2567 1532 ut
2586 1488 2858 1545 superstes
2888 1477 2979 1532 ille
2998 1477 3077 1531 sui
3105 1491 3238 1544 pene
3262 1475 3381 1528 talia
3406 1490 3525 1543 per-
3614 1478 3619 1483 '

1947 1570 2144 1633 tulerit,
2179 1570 2356 1638 qualia
2399 1570 2575 1623 solent
2605 1569 2907 1624 exanimata
2938 1567 3195 1622 cadavera
3234 1567 3521 1620 sustinere.

1949 1661 2037 1715 Sic
2080 1672 2133 1717 et
2177 1661 2290 1730 ipse
2337 1662 2502 1715 dicit:
2537 1660 2720 1716 Solum
2772 1660 2897 1712 mihi
2949 1669 3177 1730 superest
3232 1660 3535 1726 sepulcrum

251 1764 361 1802 non
398 1747 646 1803 haberet.
680 1747 828 1801 More
866 1746 1049 1801 famuli
1097 1745 1408 1811 verecundi,
1438 1744 1527 1814 qui
1552 1750 1839 1811 antequam
1875 1741 1920 1799 B
1951 1750 2081 1824 (Job
2113 1769 2217 1809 xm
2243 1793 2256 1818 ,
2301 1755 2323 1808 1
2353 1753 2393 1823 ),
2448 1752 2753 1821 Subjunxit,
2789 1769 2821 1804 a
2859 1752 2990 1821 facie
3032 1752 3335 1817 insipientiw
3383 1765 3527 1816 mete,

255 1840 489 1895 verbera
516 1841 767 1907 patiatur,
803 1837 999 1892 futuris
1022 1838 1133 1908 jam
1172 1836 1455 1891 tormentis
1485 1836 1837 1891 vehementer

252 1929 519 1999 afﬂigitur
552 1928 683 1998 :qni
734 1940 864 1983 vero
915 1934 1095 1982 mente
1143 1926 1376 1981 callosas
1420 1933 1529 1992 est,
1572 1939 1671 1980 nec
1703 1925 1848 1994 ipsas

254 2033 479 2089 pinnas,
516 2018 644 2072 dum
667 2016 998 2086 iuﬂiguntur,
1021 2016 1305 2071 horrescit.
1334 2013 1621 2082 Subjuuxit
1641 2015 1803 2068 etiam
1831 2028 1844 2062 :

257 2109 390 2165 Non
442 2122 514 2164 est
551 2125 653 2178 pax
696 2108 894 2163 ossibus
921 2108 1062 2163 meis.
1091 2107 1243 2175 Quod
1276 2120 1439 2176 supra
1469 2106 1627 2168 dixit,
1659 2104 1851 2158 sanita-

257 2212 387 2267 tem,
440 2216 581 2255 nunc
630 2199 828 2267 repetit
869 2214 1043 2270 pacem
1072 2213 1093 2254 :
1118 2199 1333 2265 merito,
1370 2196 1492 2265 quia
1533 2196 1727 2249 sanitas
1768 2201 1852 2249 est

259 2291 440 2346 totius
468 2290 713 2358 corporis
754 2302 856 2357 pax
880 2288 1163 2343 humerum
1191 2295 1247 2342 et
1269 2292 1561 2355 temperata
1589 2284 1852 2353 tranquil-

261 2382 423 2436 litas.
454 2381 549 2435 Hic
594 2381 703 2451 jam
752 2380 1001 2435 nimietas
1040 2378 1245 2435 doloris
1287 2377 1634 2447 exprimitur;
1678 2386 1734 2431 ut
1760 2376 1857 2446 qui

258 2476 491 2530 dixerat
530 2489 746 2529 carnem
773 2488 926 2529 suam
957 2486 1077 2527 esse
1108 2486 1214 2527 non
1258 2486 1466 2536 sanam,
1519 2485 1660 2525 nunc
1707 2470 1853 2525 dicat

257 2568 438 2623 etiam
459 2580 579 2622 ossa
610 2564 774 2622 fuisse
789 2563 1017 2621 turbata.
1046 2563 1269 2620 Gravior
1290 2563 1431 2619 enim
1452 2576 1609 2630 ptena
1631 2570 1715 2617 est
1732 2576 1853 2637 quas

259 2676 453 2729 usque
482 2660 548 2714 ad
574 2659 833 2715 interiora
861 2659 1171 2725 descendit;
1199 2673 1297 2715 nec
1343 2657 1542 2727 aliquid
1596 2657 1850 2711 intactum

260 2753 619 2823 relinquitur,
652 2751 867 2823 quando
894 2753 1009 2821 ipsa
1051 2748 1292 2820 corporis
1333 2751 1670 2806 ﬁrmamenta
1714 2762 1849 2818 qua-

257 2846 516 2898 tiuntur.
542 2842 816 2913 Signiﬁcat
855 2844 1018 2911 enim,
1052 2858 1209 2914 quam
1238 2842 1559 2913 patiebatur,
1594 2842 1853 2898 vermium

258 2937 691 3003 comestiouem,
713 2951 834 3007 quae
866 2935 1104 3006 requiem
1129 2944 1316 2990 Sancto
1347 2936 1464 2990 viro
1497 2950 1600 2989 non
1644 2942 1857 3003 poterat

258 3028 421 3082 dare
446 3044 461 3080 :
487 3028 605 3096 quia
656 3043 761 3084 non
804 3029 1051 3083 cessabat
1105 3028 1409 3095 absumere,
1443 3027 1583 3081 sicut
1613 3028 1727 3095 ipse
1754 3026 1848 3089 ait,

1951 1843 2003 1898 id
2027 1853 2107 1897 est
2136 1858 2165 1897 a
2196 1843 2479 1911 praesentia
2523 1841 2759 1897 stultitia:
2785 1857 2939 1896 mete.
2975 1839 3155 1894 Facies
3202 1841 3343 1895 enim
3393 1856 3529 1910 prae-

1950 1936 2173 1991 sentiam
2220 1936 2485 2005 designat,
2515 1951 2633 2005 qu‘c
2674 1935 2778 1989 nisi
2825 1944 2915 1987 aut
2965 1934 3143 1987 animo
3186 1942 3275 1986 aut
3315 1932 3543 2000 corpori

1954 2036 2150 2096 praesto
2192 2025 2370 2092 fuerit,
2402 2025 2518 2096 ejus
2566 2026 2772 2119 species
2802 2040 2906 2079 non
2935 2024 3075 2079 valet
3098 2038 3377 2092 apparere.
3402 2024 3533 2077 Pro-

1954 2129 2072 2189 pter
2099 2119 2272 2189 ipsam
2316 2120 2458 2174 enim
2489 2133 2547 2174 se
2577 2111 2704 2173 dicit
2754 2111 3124 2185 com'pufruisse
3156 2132 3174 2169 :
3206 2131 3271 2173 ne
3314 2124 3543 2170 sanctus

1953 2213 2034 2267 vir
2062 2212 2259 2283 aliquid
2289 2211 2488 2267 divinis
2522 2210 2950 2265 ordinationibus
2982 2208 3284 2275 imputaret.
3320 2206 3448 2260 Nam
3479 2217 3541 2261 es

1956 2303 2067 2370 ipse
2093 2302 2313 2371 proprio
2337 2316 2430 2357 ore
2467 2302 2543 2357 sic
2575 2309 2857 2364 memorat,
2893 2314 3011 2354 cum
3045 2298 3270 2353 Domino
3310 2312 3543 2365 reapono

1954 2393 2140 2449 deret:
2173 2393 2301 2448 Ideo
2331 2393 2623 2462 insipienter
2652 2394 2849 2446 locutus
2872 2404 3004 2455 sum,
3040 2398 3086 2444 et
3117 2405 3228 2458 qua:
3259 2388 3394 2442 ultra
3423 2404 3539 2441 mo-

1956 2487 2076 2539 dum
2105 2489 2396 2541 excederent
2417 2485 2677 2538 scientiam
2704 2498 2866 2537 meum
2897 2482 3018 2553 (10b
3049 2496 3179 2547 xw,
3209 2480 3288 2549 5).

2029 2575 2180 2631 Vers.
2214 2576 2266 2631 6.
2298 2574 2522 2629 Miseriis
2551 2574 2765 2645 amictus
2792 2589 2927 2638 sum,
2956 2581 3003 2627 et
3042 2581 3279 2626 curvatus
3305 2586 3416 2625 sum
3447 2585 3535 2623 us-

1955 2682 2051 2733 que
2078 2668 2129 2720 in
2161 2667 2349 2735 linem;
2376 2677 2481 2720 tota
2507 2667 2589 2720 die
2617 2667 2948 2721 contristatus
2975 2664 3315 2735 ingrediebar.
3342 2663 3547 2718 Merittr

1959 2758 2079 2812 turb
2097 2767 2196 2811 ntus
2224 2767 2325 2825 est,
2359 2757 2444 2825 qui
2468 2757 2630 2812 tantis
2652 2757 2924 2811 doloribus
2946 2755 3227 2811 videbatur
3250 2764 3530 2810 oneratus.

1959 2850 2185 2903 Miseriis
2203 2850 2345 2903 enim
2361 2849 2619 2920 afﬂigitur,
2633 2848 2717 2915 qui
2740 2848 2968 2900 animam
2988 2862 3134 2899 suam
3152 2845 3290 2900 dolo:
3306 2846 3421 2899 ibus
3438 2845 3538 2899 fle-

1959 2941 2205 3009 tibusque
2223 2939 2443 3009 castigat
2463 2956 2476 3005 ;
2494 2937 2631 2992 sicut
2656 2937 2770 3006 ipse
2786 2947 3039 3005 quantum
3063 2935 3129 2989 ad
3149 2934 3536 2989 consideratio-

1959 3049 2078 3089 nem
2105 3033 2410 3103 passionum
2436 3030 2684 3101 pertinet,
2708 3028 2864 3082 dicit:
2889 3025 3183 3097 Dcsperavi,
3214 3028 3532 3096 nequaquam

257 3120 338 3175 Et
373 3120 473 3189 qui
494 3136 569 3173 me
587 3122 852 3175 comedunt
876 3135 978 3174 non
1022 3120 1282 3173 dormiunt
1304 3117 1424 3189 (Job
1452 3134 1585 3183 xxx,
1615 3119 1724 3183 i7).
1755 3116 1854 3171 Ve-

1961 3125 2095 3178 ultra
2120 3126 2228 3193 iam
2252 3123 2433 3175 vivam.
2470 3120 2634 3174 Parce
2662 3120 2805 3185 mihi,
2845 3117 3077 3185 Domine,
3105 3118 3233 3171 nihil
3260 3118 3392 3171 enim
3416 3128 3538 3170 sunt

259 3225 413 3266 rum
445 3224 599 3279 supra
627 3211 743 3266 illas
772 3211 1082 3281 corporales
1130 3225 1316 3280 poenas
1368 3209 1529 3279 afﬂigi
1576 3223 1636 3263 se
1662 3208 1795 3263 dicit
1826 3224 1859 3260 a

258 3303 428 3371 facie
447 3311 762 3370 peccatorum
786 3317 1018 3366 suorum,
1037 3316 1186 3357 more
1211 3299 1534 3356 sanctissimi
1562 3300 1746 3362 animi,
1766 3300 1860 3367 qui

262 3393 420 3447 dum
451 3392 759 3452 recordatur
787 3393 1098 3463 iniquitates
1137 3405 1285 3457 suas,
1316 3392 1560 3461 graviora
1590 3404 1649 3446 se
1682 3388 1859 3445 credit

262 3496 414 3540 esse
435 3496 728 3551 passurum.

355 3573 520 3628 Vers.
546 3573 600 3627 4.
649 3575 902 3639 Quoniam
940 3574 1228 3644 iniquitates
1257 3588 1384 3627 metu
1420 3578 1862 3643 superposuerunt

267 3674 442 3735 ωρκῐ
469 3680 629 3718 meum
659 3679 679 3721 :
702 3666 829 3719 sicut
857 3681 985 3720 onus
1012 3681 1163 3735 graue
1189 3674 1412 3734 gravata:
1440 3674 1556 3717 sunt
1579 3679 1734 3729 super
1760 3678 1861 3717 me.

272 3760 557 3829 Adjicitur
575 3759 638 3813 ad
664 3758 1054 3828 impetrandam
1081 3757 1512 3813 benevolentiam
1542 3755 1732 3811 tertius
1757 3768 1866 3809 mo-

272 3854 413 3916 dus,
438 3858 503 3904 nt
532 3865 632 3905 non
659 3866 720 3905 se
748 3850 943 3920 injuste
984 3850 1286 3919 perculsum
1311 3847 1472 3912 dicat,
1503 3846 1600 3901 sed
1628 3845 1864 3916 peccatis

273 3944 405 3999 suis
432 3941 671 3997 videatur
699 3942 967 4011 imputare
1012 3940 1153 4011 quod
1180 3940 1398 4009 patitur.
1429 3939 1585 4009 129
1615 3938 1766 3993 Nune
1794 3937 1860 3992 ad

272 4034 605 4104 exponenda
630 4035 793 4091 verba
838 4036 1143 4089 redeamus.
1176 4032 1481 4103 Iniquitates
1514 4038 1713 4085 nostrae
1745 4031 1861 4086 ele-

273 4133 418 4179 vant
450 4139 689 4193 sesuper
732 4133 897 4196 caput
940 4132 1203 4189 nostrum,
1246 4122 1459 4193 quando
1502 4121 1604 4175 sibi
1635 4120 1868 4189 amplius

276 4216 596 4279 vindicant,
636 4231 794 4286 quam
842 4215 977 4270 ratio
1024 4215 1335 4284 justitiaque
1386 4213 1634 4281 patiatur.
1682 4212 1850 4283 Caput

272 4310 430 4362 enim
462 4316 703 4361 nostrum
728 4307 866 4361 ratio
890 4314 993 4371 est,
1042 4321 1203 4376 supra
1236 4322 1394 4375 quam
1427 4307 1567 4360 inter
1588 4305 1726 4361 bona
1756 4304 1869 4359 col—

276 4401 387 4453 lata
444 4397 646 4452 celsius
700 4398 773 4452 nil
823 4398 1101 4453 habemus.
1128 4398 1243 4467 lpsa
1274 4400 1415 4453 enim
1451 4398 1607 4461 duce,
1642 4397 1869 4454 Domino

1964 3215 2068 3269 dies
2089 3214 2187 3267 mei
2210 3210 2330 3281 (Job
2362 3227 2455 3277 Vtt,
2487 3211 2593 3279 16).
2648 3208 2817 3279 Usque
2839 3208 2890 3261 in
2912 3210 3086 3278 ﬁnem,
3110 3208 3221 3263 sive
3249 3206 3533 3262 terminum

1962 3306 2085 3360 vita:
2100 3304 2383 3377 signiﬁcat,
2417 3304 2529 3357 sive
2557 3302 2839 3356 Dominum
2867 3300 3199 3355 Salvatorem
3224 3317 3238 3353 :
3263 3299 3384 3369 quia
3402 3307 3536 3352 Atan-

1962 3396 2051 3452 diu
2080 3396 2312 3451 ﬁdelium
2344 3395 2709 3465 unusquisque
2737 3393 3000 3459 turbatur,
3036 3392 3208 3446 donec
3247 3391 3311 3444 ad
3360 3390 3535 3458 ipsum

1962 3487 2288 3557 indulgentia
2331 3501 2585 3542 concessa
2616 3486 2909 3555 perveniat.
2943 3484 3073 3538 Nam
3104 3482 3534 3553 quod'sequitur.

1963 3590 2070 3635 tota
2098 3581 2179 3635 die
2206 3580 2535 3634 contristatus
2575 3578 2918 3651 ingrediebar,
2954 3577 3407 3633 continuationem
3447 3576 3543 3631 do-

1964 3672 2091 3727 loris
2122 3672 2371 3727 insinuat.
2390 3670 2624 3726 Dicendo
2645 3672 2807 3736 enim,
2834 3679 2938 3723 tota
2963 3671 3063 3736 die,
3094 3669 3250 3723 simul
3280 3678 3333 3723 et
3356 3679 3540 3723 noctes

1966 3762 2229 3834 designat,
2259 3778 2376 3833 quae
2424 3778 2531 3818 non
2574 3774 2725 3817 erant
2755 3778 2784 3816 a
2815 3762 3139 3817 cruciatibus
3164 3761 3280 3830 ejus
3326 3761 3536 3825 alienas,

1965 3853 2118 3924 cujus
2167 3854 2426 3907 cicatrices
2477 3855 2851 3922 consputruisse
2890 3852 3213 3907 referuntur.
3251 3852 3355 3907 Sed
3403 3852 3542 3906 inter

1968 3943 2083 3998 haec
2113 3943 2508 4012 ingrediebatur
2538 3943 2704 3997 tristis
2731 3942 2994 4008 afﬂictus;
3024 3951 3077 3996 et
3109 3940 3250 4010 quod
3282 3950 3363 3995 est
3392 3940 3548 3993 fauni—

1970 4034 2100 4091 liare
2123 4034 2389 4104 ﬁdelibus,
2421 4048 2753 4105 nequaquam
2789 4031 2857 4089 de
2888 4033 3097 4088 Domini
3125 4032 3320 4100 pietate
3354 4032 3544 4100 despe-

1971 4141 2117 4181 rans.

2044 4218 2197 4274 Vers.
2230 4220 2282 4273 7.
2320 4217 2573 4283 Quoniam
2599 4216 2774 4269 animo
2804 4230 2915 4269 mea
2944 4214 3196 4284 completa
3230 4222 3305 4269 est
3344 4213 3547 4267 illusio-

1972 4312 2141 4379 nibus,
2169 4322 2217 4367 et
2246 4327 2348 4365 non
2370 4319 2442 4365 est
2470 4311 2666 4364 sanitas
2696 4310 2750 4363 in
2778 4324 2929 4364 carne
2952 4323 3081 4363 mea.
3103 4306 3237 4362 llinc
3272 4314 3389 4362 erat
3409 4307 3550 4376 quod

1977 4414 2084 4460 tota
2133 4404 2218 4460 die
2249 4404 2689 4469 contristabatur,
2722 4404 2847 4472 quia
2898 4400 3162 4466 diabolus,
3210 4402 3299 4470 qui
3349 4414 3547 4469 corpus

276 4498 603 4561 prestante,
629 4490 935 4560 dirigimur;
970 4492 1082 4559 ipsa
1118 4505 1215 4544 nos
1243 4491 1310 4543 ad
1358 4490 1529 4544 bonos
1553 4498 1705 4543 actus
1741 4503 1856 4556 pro-

1973 4508 2285 4566 susceperat
2310 4496 2673 4565 afﬂigendum,
2693 4509 2799 4548 non
2832 4492 3078 4549 cessabat
3105 4503 3161 4548 et
3181 4495 3412 4548 animam
3436 4492 3554 4563 ejus

278 4584 537 4651 ﬁcnaque
568 4582 831 4650 perducit.
885 4581 1055 4649 Quam
1107 4582 1154 4637 si
1213 4582 1469 4650 iniquitas
1512 4581 1869 4650 oppresserit,

278 4677 372 4729 illa
413 4676 665 4745 protinus
707 4674 843 4729 victa
875 4674 1189 4729 succumbit.
1238 4674 1344 4729 Sed
1383 4674 1465 4729 his
1506 4674 1874 4743 iniquitatibus

284 4767 392 4820 ista
418 4765 738 4821 vicissitudo
766 4767 1055 4832 tribuitur;
1087 4776 1145 4820 ut
1172 4767 1261 4836 qui
1292 4782 1350 4820 se
1393 4767 1607 4820 levitate
1657 4766 1873 4837 erigunt

280 4862 335 4912 in
383 4869 690 4927 tumorem,
746 4858 1078 4929 gravissimis
1126 4857 1504 4912 afﬂictionibus
1549 4866 1865 4913 oncrentur.

276 4950 607 5003 Constructa
629 4956 755 5003 sunt
778 4948 1132 5016 pulcherrima
1154 4949 1376 5001 veritate
1402 4947 1693 5015 principia;
1728 4961 1870 5000 nunc

280 5049 497 5108 partem
531 5039 878 5106 narrationis,
911 5038 1360 5109 quemadmodum
1403 5037 1630 5093 formata
1658 5038 1752 5101 sit,
1784 5037 1874 5092 de-

280 5132 485 5187 bemus
513 5130 820 5198 exquirere.

361 5222 517 5276 νει-ε.
552 5221 604 5276 5.
646 5220 1075 5290 Compulruerunt
1112 5231 1157 5275 et
1199 5222 1625 5275 deterioraverunt
1668 5220 1873 5273 cicatri-

279 5331 370 5368 ces
410 5329 554 5379 mea,
589 5330 618 5366 a
660 5316 791 5383 [acie
814 5315 1121 5385 insipientia:
1166 5331 1313 5369 ntere.
1346 5315 1663 5369 Perventum
1694 5325 1777 5369 est
1806 5312 1874 5368 ad

283 5406 680 5472 narrationem,
711 5419 829 5473 qute
856 5406 1033 5460 causis
1057 5406 1305 5459 omnibus
1337 5406 1536 5459 utiliter
1566 5406 1873 5475 apponitur,

280 5497 506 5569 quando
554 5511 650 5563 per
695 5511 813 5549 eam
844 5498 1059 5551 animus
1088 5499 1322 5553 accusati
1370 5499 1670 5567 factumque
1700 5499 1881 5553 decla-

280 5600 462 5645 ratur.
492 5590 617 5644 chc
647 5589 843 5657 duplici
875 5590 1033 5645 modo
1065 5591 1288 5645 formata
1311 5599 1412 5646 est.
1440 5589 1572 5643 Nam
1606 5605 1698 5659 per
1721 5591 1877 5659 quin-

279 5699 394 5754 que
438 5699 625 5740 versu:
658 5698 845 5753 pmnas
893 5682 1147 5739 describit
1175 5682 1417 5753 corporis
1448 5679 1529 5737 sui
1558 5695 1573 5735 ι
1604 5694 1699 5749 per
1742 5680 1877 5736 alios

1980 4603 2113 4643 vana
2162 4587 2546 4658 imaginatione
2596 4585 2834 4654 fatigare.
2865 4584 3001 4638 Dicit
3034 4584 3177 4639 enim
3210 4583 3414 4648 vitium,
3449 4598 3557 4652 quo

1980 4680 2211 4734 maxime
2242 4680 2470 4734 humana
2503 4678 2709 4733 laborat
2736 4676 3019 4732 inﬁrmitas
3046 4695 3057 4729 :
3085 4685 3141 4730 nt
3162 4676 3320 4731 modo
3350 4676 3401 4730 in
3434 4691 3557 4729 ora-

1981 4771 2126 4826 tione
2170 4770 2441 4839 prostrati,
2474 4769 2775 4836 superﬂuas
2823 4782 2910 4823 res
2951 4767 3223 4821 videamus
3272 4775 3553 4833 appetere;

1978 4861 2138 4916 modo
2170 4859 2517 4930 psalmodiam
2549 4858 2787 4914 dicentes
2836 4867 3043 4912 terrena
3097 4858 3410 4925 cog'tcmus.
3443 4856 3553 4911 Sed

1979 4952 2046 5008 de
2085 4951 2186 5005 ista
2219 4950 2466 5005 illusione
2495 4965 2654 5019 quam
2699 4950 2949 5018 patimur,
2992 4948 3319 5002 sufﬁcienter
3352 4947 3553 5001 dictum

1977 5052 2059 5098 est
2086 5043 2138 5095 in
2160 5041 2297 5094 libro
2320 5055 2477 5109 quem
2505 5039 2574 5094 de
2625 5041 2815 5095 Anima
2844 5054 2940 5108 pro
2970 5047 3153 5093 nostra
3185 5037 3554 5093 mediocritate

1982 5131 2423 5201 conscripsimus.
2455 5129 2561 5187 Sed
2610 5146 2732 5187 cum
2781 5130 2921 5185 istud
2972 5132 3201 5184 maxime
3250 5130 3565 5198 contingere

1981 5223 2147 5277 soleat
2174 5221 2283 5275 Otio
2314 5220 2381 5283 is,
2413 5220 2545 5276 dicit
2567 5220 2668 5275 sibi
2700 5235 2910 5290 quoque
2937 5220 3269 5288 provenisse,
3302 5218 3389 5287 qui
3416 5220 3563 5272 sani-

1985 5321 2146 5370 tatem
2175 5313 2414 5381 corporis
2441 5328 2543 5368 non
2578 5311 2839 5376 habebat;
2871 5318 2930 5365 ut
2960 5320 3210 5379 tanquam
3233 5309 3422 5364 civitas
3452 5310 3541 5362 ob-

1980 5416 2127 5459 sessa
2153 5402 2527 5457 iufestautibus
2547 5401 2775 5456 inimicis
2806 5402 3037 5469 undique
3065 5402 3384 5467 pulsaretur.
3420 5398 3553 5452 Nam

1982 5496 2225 5561 quamvis
2250 5508 2377 5548 caro
2405 5494 2633 5549 diversis
2661 5494 2993 5560 frangeretur
3014 5490 3294 5559 auguStiis,
3326 5489 3559 5557 origina-

1982 5589 2122 5644 libus
2149 5598 2325 5642 tamen
2366 5587 2506 5640 vitiis
2539 5600 2643 5640 non
2678 5583 2999 5639 reddebatur
3026 5582 3169 5654 [ed.,
3201 5580 3519 5634 credebatur
3548 5580 3571 5653 iv

1986 5687 2226 5745 excepta.
2260 5676 2464 5733 lstacst
2496 5677 2672 5735 illusio
2700 5690 2816 5739 quae
2840 5676 3073 5731 secundo
3102 5672 3311 5731 Domini
3341 5680 3565 5729 curatus
