4030 6172
460 220 569 274 275

1694 221 1758 277 Μ.
1805 220 2082 277 AURELH
2122 218 2520 278 CASSIODORI

3636 228 3739 284 275

461 330 715 398 adventu,
754 330 971 405 quando
996 342 1053 389 et
1078 333 1257 389 carnis
1282 331 1421 388 vitiis
1449 346 1720 397 caremus,
1744 340 1797 387 et
1843 332 2048 387 immis-
2079 334 2123 393 Α
2154 331 2392 386 animum
2415 332 2749 387 sauciabant.
2781 332 2934 388 Nunc
2961 344 3129 390 autent
3157 336 3287 389 venit
3313 352 3463 409 super
3487 349 3534 393 te
3562 341 3740 413 plaga,

463 427 646 482 siones
671 424 967 482 diabolicas
995 426 1132 499 ultra
1158 440 1263 480 non
1288 424 1545 495 patimur.

539 517 689 572 Vers.
729 518 782 573 8.
818 516 1123 572 Incurvatus
1161 532 1273 571 sum
1313 527 1359 571 et
1386 516 1688 571 humiliatus
1717 532 1830 569 sum
1859 531 2044 585 usque-

462 623 694 679 quaque:
722 608 983 680 rugiebam
1010 625 1043 662 a
1073 610 1262 680 gemitu
1308 609 1480 664 cordis
1524 609 1643 663 mei.
1683 607 1796 678 Ipsa
1828 607 2044 677 quidem

464 700 623 754 verba
655 702 870 769 repetit,
899 701 994 757 sed
1035 701 1433 758 vehementiora
1478 701 1615 756 facta
1654 708 1801 768 sunt,
1832 703 1962 756 dum
1991 700 2046 756 in

463 806 573 845 uno
617 792 884 846 versiculo
929 792 1271 863 colliguntur.
1321 794 1610 849 Possumus
1640 792 1783 847 enim
1817 805 2046 862 corpore

467 883 700 951 curvari,
728 892 782 938 et
804 884 985 939 animo
1012 901 1118 940 non
1144 885 1443 940 humiliari:
1468 884 1560 940 sed
1588 884 1673 941 hic
1695 883 1815 940 ideo
1841 891 2048 939 utrum-

464 988 569 1043 que
592 975 933 1043 coniunctum
952 985 1055 1046 est,
1070 979 1191 1047 quia
1220 977 1492 1047 multiplex
1516 977 1791 1033 calamitas
1819 976 2046 1031 liberum

469 1065 541 1118 nil
573 1066 849 1137 relinquit.
884 1066 975 1122 llis
1023 1069 1183 1123 etiam
1232 1069 1430 1138 aliquid
1473 1067 1643 1136 majus
1671 1066 1908 1137 adjecit:
1946 1067 2049 1123 Us-

464 1173 775 1228 quequaque,
806 1159 857 1213 id
889 1168 974 1215 est
1002 1174 1067 1214 ex
1098 1160 1242 1215 omni
1273 1169 1444 1230 parte,
1468 1174 1536 1215 ex
1562 1161 1704 1215 omni
1738 1158 2049 1215 co:isidera-

468 1249 642 1314 tione;
673 1258 729 1303 ut
769 1264 891 1306 eum
922 1250 1138 1321 copiosa
1169 1251 1446 1306 calamitas
1472 1250 1704 1320 undique
1734 1251 2050 1321 probaretur

465 1338 739 1395 ambiisse.
785 1340 1041 1411 Sequitur
1063 1382 1080 1410 ,
1123 1342 1407 1413 Rugicbam
1434 1359 1464 1395 a
1492 1344 1687 1414 gem’tu
1727 1340 1896 1396 cordis
1925 1341 2043 1395 mei.

470 1430 659 1501 Iiugire
691 1432 906 1502 proprie
932 1432 1224 1489 belluarum
1252 1443 1353 1490 est.
1381 1432 1477 1490 llic
1502 1444 1679 1489 autem
1710 1441 1766 1487 ut
1791 1432 2046 1502 gemitum

464 1522 772 1579 ostenderet
804 1523 1101 1591 fortiorem,
1120 1525 1251 1596 ipsis
1273 1540 1331 1580 se
1350 1532 1648 1595 comparat,
1674 1538 1791 1594 quat
1826 1522 2045 1577 validis-

466 1618 602 1670 simo
632 1615 842 1671 fremitu
871 1630 1025 1672 suum
1058 1618 1195 1673 velle
1220 1618 1520 1673 declarant.
1554 1616 1620 1671 Et
1642 1616 1765 1672 vide
1791 1615 1932 1686 quod
1961 1630 2050 1671 se-

2149 432 2196 477 et
2226 422 2559 495 defecisti:et
2583 426 2743 495 tetigit
2779 436 2861 494 te,
2886 437 2931 481 et
2957 429 3281 484 conturbatus
3321 444 3376 484 es
3419 430 3546 501 (Job
3572 432 3739 504 ωδ),

2150 524 2255 568 etc.
2284 513 2391 569 Sed
2418 514 2823 572 consideremus
2844 533 3003 588 quam
3032 518 3321 575 vehemens
3347 532 3463 576 erat
3495 522 3737 591 afﬂictio,

2150 602 2365 672 quando
2387 603 2454 657 ab
2475 604 2662 659 amicis
2684 614 2738 660 et
2768 606 3027 676 proximis
3060 607 3182 662 talia
3213 610 3535 678 sustinebat,
3566 623 3617 665 ut
3650 615 3742 682 qui

2148 692 2325 747 solent
2344 707 2463 749 esse
2491 695 2786 751 remedium
2809 698 3166 753 calamitatum
3217 700 3520 770 multarum,
3544 702 3747 760 fuerint

2151 784 2400 839 cumulos
2452 788 2785 856 passionum.
2817 789 3008 844 Merito
3055 805 3185 860 ergo
3233 806 3354 847 eum
3403 794 3519 863 ipso
3569 797 3741 851 lumen

2157 875 2426 930 oculorum
2448 891 2665 933 suorum
2691 893 2793 934 non
2816 888 2951 947 erat,
2969 881 3054 936 cui
3080 882 3203 938 inde
3228 885 3476 941 veniebat
3494 886 3739 954 afﬂictio,

2153 969 2293 1026 unde
2319 970 2461 1026 solet
2499 970 2533 1025 h
2557 972 2803 1027 iminibus
2830 973 3019 1030 adesse
3049 976 3364 1031 remedium.

2229 1060 2377 1116 Vers.
2417 1061 2501 1116 19..
2535 1060 2601 1115 Et
2627 1064 2847 1133 proximi
2875 1065 2972 1117 mei
2998 1082 3028 1118 α
3065 1066 3212 1137 longe
3242 1076 3519 1135 steterunt;
3550 1079 3598 1123 et
3640 1071 3740 1124 vim

2152 1151 2401 1223 faciebant
2422 1154 2510 1222 qui
2532 1155 2827 1225 qumrebant
2856 1158 3087 1211 animam
3116 1175 3302 1217 meam.

2229 1243 2380 1300 Vers.
2411 1244 2504 1299 15.
2533 1242 2601 1297 Et
2631 1246 2720 1309 qui
2748 1247 3071 1317 inquirebant
3097 1250 3236 1304 mala
3270 1252 3591 1316 mihi,locuti
3617 1265 3739 1309 sunt
3812 1302 3815 1303 ν

2151 1334 2446 1399 vanitatem,
2461 1345 2507 1389 et
2535 1334 2682 1389 dolos
2711 1330 2923 1391 tota‘die
2945 1338 3341 1395 meditabantur.
3360 1340 3594 1396 Proximi
3619 1344 3743 1413 qui-

2152 1424 2276 1480 dem
2314 1434 2470 1481 erant
2499 1427 2780 1496 sanguine,
2812 1428 2906 1484 sed
2953 1430 3248 1501 longissimi
3280 1433 3636 1489 reddebantur
3671 1438 3741 1491 fe-

2155 1515 2289 1570 toris
2321 1516 2579 1581 horrore;
2608 1516 2736 1571 dum
2774 1518 2919 1587 quod
2968 1520 3059 1575 ille
3097 1522 3360 1576 tolerabat
3389 1524 3441 1578 in
3486 1526 3730 1591 vulnere,

2155 1605 2231 1661 illi
2259 1606 2527 1661 sustinere
2556 1622 2661 1663 non
2691 1618 2939 1678 poterant
2978 1611 3031 1666 in
3073 1613 3260 1669 odore.
3294 1614 3423 1669 Nam
3454 1625 3509 1671 et
3535 1618 3648 1686 ipse
3675 1618 3745 1672 de

465 1706 664 1775 quitur,
706 1724 738 1760 a
765 1710 955 1779 gemitu
996 1708 1169 1762 cordis
1204 1708 1339 1775 mei;
1386 1717 1444 1763 ut
1475 1708 1727 1763 virtutem
1778 1706 2049 1777 patientia:
2082 1710 2127 1769 B
2156 1711 2320 1752 υιοτθ
2344 1711 2440 1752 5υεὶ
2474 1697 2643 1753 die":
2680 1698 2918 1754 "alitum
2959 1718 3124 1756 meum
3162 1704 3423 1758 exhorrui!
3454 1722 3584 1760 uxor
3630 1725 3743 1763 mea

467 1812 673 1869 magna:
721 1809 1065 1868 monstraret,
1112 1800 1166 1856 in
1214 1801 1470 1870 gemitum
1509 1798 1809 1866 seasserit,
1840 1812 1944 1852 non
1996 1798 2048 1851 in

467 1894 626 1948 verba
661 1894 990 1963 prorupisse.

540 1984 690 2040 Vers.
723 1986 775 2040 9.
811 1983 874 2038 Et
899 1994 1017 2049 ante
1048 1994 1094 2038 te
1119 2001 1267 2039 omne
1300 1984 1606 2040 desiderium
1636 1999 1845 2038 meum:
1882 1993 1929 2038 et
1957 2000 2046 2053 ge-

468 2080 617 2131 mitus
647 2094 786 2131 meus
813 2095 844 2131 a
874 2091 920 2132 te
947 2095 1045 2132 non
1074 2086 1149 2132 est
1172 2078 1524 2132 absconditus.
1555 2076 1687 2131 Tale
1715 2076 1813 2130 fuit
1839 2075 2049 2129 deside-

467 2173 599 2225 rium
644 2173 782 2240 ejus,
817 2180 873 2225 ttt
903 2180 1025 2225 ante
1059 2172 1223 2226 Deum
1255 2185 1380 2226 esse
1427 2178 1746 2225 mereretur.
1778 2168 1910 2223 Nam
1957 2168 2047 2239 qui

468 2264 701 2333 pereatis
741 2263 854 2317 suis
885 2265 1095 2318 veniam
1144 2263 1295 2333 petit,
1326 2263 1417 2332 qui
1446 2260 1622 2315 omnia
1658 2261 1745 2315 illa
1775 2260 1901 2317 facit
1928 2275 2049 2330 qua:

468 2354 713 2422 superius
742 2363 866 2408 sunt
892 2353 1137 2415 decursa,
1171 2367 1293 2408 ante
1324 2353 1491 2408 Deum
1538 2354 1689 2422 ponit
1736 2353 2047 2407 desiderium

469 2460 645 2501 suum.
680 2446 797 2500 .lam
838 2444 977 2515 quod
1014 2455 1139 2501 ante
1170 2446 1342 2516 ipsum
1372 2454 1478 2511 est,
1520 2446 1798 2500 consuevit
1836 2443 2044 2499 audire.

470 2538 726 2593 Dominus
748 2538 887 2593 enim
912 2538 1168 2609 quidquid
1196 2554 1304 2593 non
1328 2549 1669 2609 aspernatur,
1688 2537 2046 2608 amplectitur.

468 2632 559 2689 Ille
599 2634 739 2687 enim
768 2635 983 2705 gemitus
1025 2649 1125 2688 non
1160 2632 1489 2687 absconditur
1520 2633 1629 2688 Deo
1673 2631 1763 2701 qui
1796 2631 1913 2701 pius
1940 2638 2043 2698 est,

468 2724 557 2795 qui
594 2739 688 2794 pro
736 2726 928 2779 anima:
982 2724 1295 2781 liberatione
1343 2724 1683 2793 persolvitur.
1718 2722 1850 2778 Nam
1892 2723 2045 2778 multi

470 2824 695 2885 gemunt
732 2815 1019 2885 perdentes
1047 2817 1262 2870 divitias
1284 2857 1298 2880 ,
1332 2815 1600 2871 desideria
1626 2815 1799 2886 turpia
1833 2814 2048 2885 perqui-

479 2917 660 2963 rentes
695 2923 709 2962 :
739 2908 832 2964 sed
864 2909 953 2963 ille
981 2910 1195 2980 gemitus
1222 2916 1276 2963 et
1302 2908 1392 2964 ille
1419 2907 1575 2964 ﬂetus
1604 2907 1871 2962 Divinitati
1923 2920 2049 2976 pro-

471 3000 626 3054 batur
668 2997 1037 3056 absconditus.
1070 2999 1302 3055 Gemitus
1340 2997 1688 3054 enim-dictus
1718 3007 1801 3054 est
1830 3013 1927 3068 pro
1954 3013 2049 3054 ex-

473 3092 749 3160 primendo
781 3106 973 3160 magno
1000 3090 1207 3156 dolore,
1238 3091 1389 3157 quasi
1419 3092 1721 3160 geminatus
1744 3091 1943 3146 luctus.

541 3184 696 3239 Vers.
733 3185 819 3239 1'0.
844 3183 943 3238 Cor
965 3199 1130 3237 meum
1153 3183 1510 3238 conturbatum
1539 3192 1611 3237 est
1639 3184 1811 3249 inme,
1842 3192 1886 3238 et
1910 3183 2052 3237 dese-

475 3276 571 3329 ruit
608 3290 688 3329 me
714 3276 962 3345 fortitudo
1007 3292 1117 3330 mea
1147 3291 1167 3331 :
1206 3287 1251 3330 et
1290 3276 1459 3330 lumen
1508 3277 1773 3330 oculorum
1825 3292 2053 3330 meorum

474 3383 575 3420 non
604 3375 675 3419 est
702 3383 916 3423 mecum.
947 3368 1232 3437 Corporeis
1257 3368 1511 3423 aerumnis
1539 3367 1705 3424 ﬂebili
1733 3368 2054 3438 allegatione

476 3458 734 3523 decursis,
765 3474 907 3513 nunc
948 3458 1016 3514 ad
1051 3459 1213 3513 animi
1247 3460 1393 3514 venit
1433 3460 1778 3528 gravissimos
1804 3460 2048 3523 dolores;

477 3558 535 3604 nt
584 3559 863 3620 postquam
913 3564 1041 3605 caro
1095 3550 1258 3605 multa
1291 3550 1610 3621 pertulerat,
1640 3564 1792 3605 mens
1839 3564 2054 3620 quoque

477 3641 615 3695 beati
645 3641 742 3696 viri
771 3641 1142 3697 vehementius
1171 3643 1488 3711 probaretur
1513 3641 1733 3697 afﬂicta.
1752 3641 1819 3696 Et
1848 3642 2056 3711 respice

476 3747 585 3801 quo
607 3731 804 3788 decore
824 3732 1103 3787 distributa
1129 3733 1289 3788 verba
1312 3733 1633 3790 colluceant.
1652 3732 1826 3789 Unum
1859 3734 2058 3802 penitet

475 3834 545 3877 ex
590 3820 760 3875 altero
788 3840 801 3874 :
833 3822 954 3892 quia
1010 3822 1229 3877 deseruit
1269 3822 1537 3889 fortitudo,
1580 3822 1935 3876 conturbatum
1983 3830 2056 3877 est

479 3929 587 3968 cor.
621 3910 1000 3967 Fortitudinem
1024 3927 1173 3968 suam
1203 3913 1336 3968 dicit
1382 3914 1652 3982 patientiae
1697 3914 1881 3984 robur,
1911 3928 2051 3984 quae,

479 4004 711 4073 quandin
740 4008 1116 4075 permanserit,
1141 4005 1469 4061 voluntatem
1496 4014 1735 4062 nostram
1765 4006 1821 4061 in
1848 4021 1943 4061 sua
1968 4007 2058 4061 ﬂr-

480 4098 664 4153 tnitate
690 4097 953 4153 custodit:
979 4098 1025 4152 si
1049 4112 1175 4153 vero
1199 4099 1499 4164 recesserit,
1516 4113 1671 4152 mens
1700 4098 1907 4152 turbata
1929 4112 2055 4154 suc-

480 4189 701 4244 cumbit.
745 4188 1002 4244 Malorum
1035 4189 1213 4259 itaque
1241 4189 1563 4244 abundantia
1600 4190 1861 4245 tnollitatn
1918 4190 1969 4244 in
1998 4206 2058 4246 se

483 4279 618 4333 dicit
645 4278 912 4348 patientia:
936 4280 1265 4334 ﬁrmitatem.
1295 4280 1568 4350 Sequitur,
1605 4290 1653 4335 et
1683 4282 1852 4335 lumen
1882 4281 2061 4335 oculo-

481 4386 594 4422 rum
619 4385 845 4423 nteorum
869 4385 969 4423 non
988 4378 1061 4423 est
1084 4385 1297 4423 mecum.
1314 4369 1505 4423 Lumen
1532 4372 1793 4425 oculorum
1816 4380 1901 4427 est
1924 4373 2059 4427 razio

2154 1784 2276 1856 (Job
2306 1802 2418 1851 xtx,
2444 1787 2553 1856 17).
2575 1788 2733 1854 Quid.
2760 1805 2913 1860 rogo,
2944 1802 3319 1849 extraneorum
3352 1794 3584 1865 fastidia,
3608 1798 3736 1854 dum

2155 1878 2453 1935 halationes
2483 1880 2602 1950 ejus
2630 1882 2813 1936 uxoris
2837 1884 3074 1939 charitas
3101 1886 3365 1942 sustinere
3386 1903 3491 1942 non
3526 1891 3743 1958 posset?

2153 1972 2283 2028 Nam
2306 1982 2362 2030 et
2384 1973 2451 2030 de
2474 1976 2735 2045 proximis
2761 1978 2871 2032 suis
2895 1979 2966 2033 ita
2994 1978 3122 2034 d’cit
3148 1999 3159 2032 ε
3192 1979 3399 2037 Fratres
3426 2001 3561 2039 meos
3584 1986 3737 2057 longe

2153 2068 2273 2137 fecit
2299 2084 2329 2121 a
2354 2084 2454 2137 me,
2482 2078 2531 2123 et
2571 2070 2679 2123 noti
2726 2072 2824 2124 mei
2850 2072 2996 2135 quasi
3035 2072 3190 2127 alieni
3240 2090 3553 2143 recesserunt
3591 2096 3623 2132 a
3655 2096 3740 2135 me

2165 2158 2407 2228 (Ibidem,
2458 2159 2570 2229 t3).
2603 2160 2737 2216 Cum
2768 2166 2912 2217 enim
2940 2163 3070 2218 dicit
3100 2183 3113 2217 :
3150 2164 3217 2219 Et
3244 2168 3342 2221 vim
3369 2170 3618 2237 faciebant
3658 2174 3756 2242 qui

2151 2251 2437 2317 quwrebant
2482 2253 2711 2307 animam
2754 2270 2939 2319 meam,
2972 2255 3246 2311 diabolum
3292 2272 3415 2313 cum
3468 2262 3735 2317 ministris

2153 2342 2263 2396 suis
2294 2332 2658 2412 design'at,qui
2684 2353 2881 2414 quanto
2903 2346 3049 2399 illum
3075 2345 3323 2403 videbant
3352 2349 3403 2403 in
3435 2349 3525 2404 Dei
3548 2366 3741 2407 amore

2153 2430 2467 2499 persistere,
2484 2439 2631 2487 tanto
2647 2433 2696 2487 ei
2719 2444 2945 2490 mortem
2970 2437 3160 2492 animre
3184 2438 3487 2495 nitebantur
3505 2441 3735 2497 inferre.

2150 2524 2473 2594 Subjunxit:
2508 2525 2571 2579 Et
2608 2527 2695 2587 qui
2726 2527 3045 2597 inquirebant
3092 2532 3229 2585 mala
3268 2532 3411 2597 mihi,
3448 2533 3600 2587 locuti
3627 2545 3751 2589 sunt

2151 2618 2441 2672 vanitatem.
2476 2618 2705 2674 Uxorem
2734 2621 2976 2690 designat
2998 2662 3011 2685 .
3057 2638 3175 2693 qua:
3206 2623 3492 2680 immundis
3539 2626 3749 2696 spirizi-

2150 2708 2249 2764 bus
2297 2708 2511 2776 adacta,
2558 2708 2684 2764 dum
2714 2724 2836 2764 eum
2876 2712 3024 2779 cupit
3060 2712 3271 2769 liberari
3304 2714 3372 2769 de
3402 2729 3579 2784 plena,
3623 2716 3747 2772 viro

2150 2800 2486 2855 sanctfssimo
2512 2800 2860 2869 suadebat,ut
2893 2802 3100 2858 Domini
3129 2805 3434 2875 loqueretur
3459 2806 3745 2878 injuriatu,

2152 2890 2368 2943 dicens:
2402 2888 2496 2943 Dic
2536 2890 2740 2944 uerbum
2767 2891 2819 2946 in
2844 2888 3084 2955 Domino.
3106 2904 3153 2948 et
3188 2911 3385 2950 morere
3410 2898 3529 2968 (Job
3559 2914 3618 2965 tt,
3653 2900 3747 2969 9).

2153 2979 2544 3036 lfedita'antur
2605 2998 2817 3052 quoque
2862 2985 3150 3055 supradicti
3198 2987 3386 3056 dolos,
3437 2991 3555 3060 quia
3615 2992 3750 3046 dmn

2076 3085 2125 3153 ο
2156 3084 2215 3124 se
2241 3071 2523 3128 consulere
2548 3073 2760 3144 corpori
2792 3076 3065 3143 putabant,
3095 3077 3290 3134 anima:
3320 3083 3582 3136 contraria
3616 3097 3750 3154 sug-

2152 3164 2432 3235 gerebant.

2229 3262 2383 3318 Vers.
2409 3264 2495 3319 Η.
2526 3263 2635 3337 Ego
2662 3273 2829 3321 autem
2857 3269 2989 3323 velut
3014 3270 3203 3325 surdus
3230 3288 3331 3325 non
3372 3272 3679 3339 audiebant,‘
3702 3287 3755 3329 et

2153 3358 2283 3411 sicut
2305 3367 2472 3410 mutus
2491 3359 2579 3428 qui
2606 3375 2708 3415 non
2731 3363 2932 3430 aperuit
2956 3377 3013 3416 os
3039 3380 3207 3417 suum.
3238 3364 3375 3418 Nihil
3404 3375 3577 3431 potest
3618 3381 3755 3423 esse

2155 3448 2367 3516 fortius,
2402 3449 2534 3504 nihil
2588 3452 2852 3522 egregius,
2904 3468 3061 3523 quam
3107 3455 3291 3512 audire
3336 3458 3515 3525 noxia,
3547 3468 3751 3515 etnon

2156 3542 2479 3611 respondere
2534 3546 2823 3600 contraria.
2854 3544 2983 3599 Nam
3008 3547 3105 3601 etsi
3138 3548 3343 3603 loeutus
3364 3559 3447 3605 est
3472 3551 3634 3620 justa,
3667 3553 3748 3608 ad

2155 3634 2243 3689 illa
2276 3644 2450 3689 tamen
2488 3637 2676 3691 surdus
2714 3646 2852 3704 erat,
2894 3653 3012 3708 quae
3040 3642 3187 3709 quasi
3218 3643 3609 3697 consolantium
3640 3645 3752 3700 ini-

2156 3723 2331 3794 quitas
2372 3728 2710 3795 suggerebat.
2764 3728 2998 3795 Addidit,
3025 3741 3071 3785 et
3109 3733 3243 3787 sicut
3287 3743 3456 3789 mutus
3503 3743 3592 3806 qui
3643 3754 3757 3792 non

2158 3822 2358 3893 aperuit
2402 3838 2459 3876 os
2507 3840 2676 3879 suum.
2720 3824 2899 3880 Mutus
2931 3828 3030 3883 etsi
3080 3843 3201 3885 cum
3252 3830 3488 3887 clamore
3540 3833 3757 3903 aliquid

2161 3930 2267 3970 non
2295 3914 2441 3981 dicit,
2469 3916 2736 3973 interdum
2784 3920 3133 3977 balbutiendo
3178 3935 3556 3980 remurmurat.
3590 3925 3755 3982 Sicut

2160 4012 2329 4058 mutus
2353 4008 2652 4078 autem,qui
2678 4024 2779 4062 non
2812 4012 3012 4081 aperuit
3041 4030 3095 4067 os
3117 4030 3285 4078 suum,
3320 4014 3438 4084 fuit,
3473 4016 3563 4086 qui
3596 4018 3746 4074 labia

2159 4109 2252 4151 sua
2296 4097 2443 4151 nullo
2487 4113 2735 4155 sermone
2779 4115 2991 4172 aspero,
3026 4104 3168 4158 nulla
3211 4117 3397 4161 contra
3444 4107 3613 4163 Deum
3650 4126 3754 4166 re-

2159 4190 2582 4246 mnrmuratione
2598 4196 2909 4248 commovit.
2925 4194 2969 4250 0
2989 4196 3342 4265 tranquillitas
3359 4209 3559 4253 sanctae
3587 4184 3752 4255 men-

2161 4277 2256 4334 tis!
2290 4277 2443 4333 Foris
2463 4282 2738 4338 vermibus
2758 4286 3189 4352 consumebatur,
3221 4288 3363 4342 intus
3394 4290 3755 4359 impassibilis

2159 4377 2303 4435 erat;
2323 4377 2377 4425 et
2398 4380 2645 4441 tanquam
2676 4375 2949 4431 assisteret
2976 4377 3127 4431 altari
3150 4376 3317 4450 [mss.,
3352 4378 3505 4434 fleret
3536 4380 3753 4454 alteri],

484 4458 868 4527 imperturbata
901 4457 1111 4528 judicii,
1138 4474 1295 4528 quam
1334 4474 1516 4514 secum
1547 4459 1746 4516 habere
1772 4475 1877 4515 non
1906 4470 2053 4531 pote-
2087 4454 2139 4514 D
2164 4460 2243 4516 sic
2267 4463 2685 4533 cogno=cebatur
2722 4465 2917 4522 divinis
2950 4468 3189 4524 laudibus
3218 4471 3465 4538 occupari

482 4558 587 4615 rat,
618 4549 707 4619 qui
740 4549 981 4618 ingentes
1003 4548 1273 4603 molestias
1306 4550 1628 4606 sustinebat.

553 4640 706 4694 Vers.
746 4641 833 4695 Η.
887 4642 1047 4694 Amici
1091 4641 1187 4695 mei
1213 4651 1257 4694 et
1289 4641 1514 4708 proximi
1546 4643 1643 4696 mei
1682 4643 1956 4697 aduersum
1983 4661 2063 4699 nte

487 4733 650 4803 1‘30
668 4732 1208 4803 upprOpinquaverunt
1252 4742 1299 4785 et
1347 4741 1611 4788 steterunt.
1646 4734 1809 4787 Amici
1862 4744 1988 4789 sunt
2030 4750 2058 4789 a

484 4838 667 4881 nostro
693 4826 909 4895 quidem
936 4827 1194 4896 sanguine
1228 4826 1490 4893 extranei,
1521 4828 1614 4881 sed
1644 4826 1905 4882 eharitate
1933 4841 2063 4881 con-

480 4917 671 4986 juncti.
706 4918 918 4972 Amicus
954 4918 1097 4972 enim
1141 4917 1427 4973 dictus-est
1463 4918 1612 4987 quasi
1644 4917 1806 4971 animi
1852 4931 2056 4987 mquus,

480 5009 604 5076 quia
636 5010 824 5080 aequali
847 5009 1003 5065 nobis
1032 5010 1304 5063 voluntate
1328 5008 1683 5077 conjungitur.
1703 5009 1946 5063 Amicitia
1976 5019 2059 5065 est

481 5104 623 5157 enim
670 5104 912 5158 voluntas
940 5118 1067 5173 erga
1096 5102 1329 5173 aliquem
1366 5118 1544 5158 rerum
1588 5103 1848 5159 bonarum
1892 5105 2059 5174 ipsius

481 5209 640 5249 causa
667 5210 825 5264 quem
853 5194 1025 5265 diligit
1048 5196 1279 5263 compari
1310 5194 1848 5249 voluntate.Proximi
1874 5204 2055 5249 autem

481 5296 628 5356 sunt,
662 5288 750 5357 qui
782 5287 940 5342 nobis
970 5286 1240 5356 parentela
1284 5285 1578 5340 sociantur.
1609 5284 1734 5340 Ilaec
1778 5286 1923 5340 enim
1952 5286 2059 5341 duo

482 5388 628 5447 sunt,
653 5393 881 5450 quorum
915 5379 1213 5432 humanitas
1240 5378 1521 5433 consuevit
1561 5378 1795 5446 gaudere
1827 5379 2057 5436 solatiis.

483 5468 634 5526 Nunc
660 5479 839 5527 autem
871 5470 939 5526 de
958 5469 1062 5526 illis
1090 5470 1219 5525 dicit
1247 5468 1338 5538 qui
1366 5469 1432 5524 ad
1460 5479 1702 5524 sanctum
1727 5471 1899 5526 virum
1932 5486 2065 5527 eon-

485 5560 694 5615 solandi
743 5562 911 5630 gratia
957 5560 1262 5624 veniebant,
1321 5561 1457 5615 sicut
1511 5560 1630 5615 libri
1681 5562 1850 5630 ipsius
1882 5570 2062 5617 textus

488 5653 776 5725 eloquitur,
810 5663 863 5711 et
912 5656 1077 5726 magis
1125 5654 1329 5711 crebris
1384 5655 1891 5727 exprobrationibus
1944 5656 2060 5728 ejus

2238 4562 2393 4617 Vers.
2412 4562 2495 4617 l5.
2524 4562 2590 4616 Et
2613 4564 2779 4634 factus
2800 4582 2911 4620 sum
2933 4576 2989 4620 ut
3010 4566 3161 4621 homo
3184 4586 3285 4623 non
3315 4571 3549 4639 audiens,
3575 4582 3624 4625 et
3648 4590 3759 4629 non

2167 4654 2353 4707 habent
2378 4654 2429 4707 in
2451 4670 2537 4707 ore
2561 4670 2655 4709 suo
2683 4655 3074 4724 increpationes.
3091 4658 3293 4714 Sensus
3320 4659 3434 4729 ipse
3458 4666 3758 4729 repetitur,

2169 4756 2223 4799 ttt
2256 4746 2409 4800 nobis
2433 4760 2637 4812 magum
2683 4748 2954 4815 patientia:
2983 4749 3212 4805 validius
3242 4750 3538 4805 inculcetur
3565 4766 3761 4806 exeru-

2166 4836 2333 4905 plum.
2350 4835 2583 4891 Habebat
2604 4836 2787 4906 utique
2808 4837 3089 4892 veritatem
3121 4854 3296 4894 causa:
3317 4855 3448 4906 sum,
3464 4856 3558 4909 per
3587 4858 3759 4912 quam

2168 4928 2306 4981 mala
2348 4928 2633 4983 suadentes
2663 4929 2924 4998 potuisset
2973 4944 3240 5001 arguere:
3276 4934 3370 4989 sed
3413 4934 3493 4988 vir
3535 4938 3761 5001 patien-

2164 5020 2401 5075 tissimus
2420 5020 2521 5074 sibi
2552 5030 2804 5090 reputans
2825 5023 3026 5087 omnia,
3047 5025 3115 5078 ab
3146 5025 3356 5080 illorum
3379 5025 3761 5095 increpatione

2163 5110 2428 5173 cessabat,
2452 5110 2589 5164 sicut
2617 5110 2732 5179 ipse
2761 5111 2889 5165 dicit
2916 5130 2928 5166 :
2963 5112 3153 5168 Nonne
3176 5115 3498 5169 dissimulavi
3519 5117 3545 5170 ?
3574 5134 3759 5170 nonne

2162 5200 2330 5269 quievi
2364 5199 2506 5270 (Job
2537 5216 2623 5265 ut,
2656 5200 2787 5272 26)?
2817 5203 2945 5256 Nam
2988 5220 3106 5258 cum
3152 5220 3247 5259 eos
3297 5215 3477 5276 posset
3522 5222 3761 5275 arguere

2164 5293 2256 5361 qui
2286 5292 2432 5347 falsis
2462 5309 2582 5348 eum
2614 5291 3075 5349 criminationibus
3098 5297 3449 5367 impetebant,
3480 5300 3558 5353 sic
3583 5299 3761 5365 elegit

2173 5391 2369 5449 tacere,
2400 5384 2843 5451 quemadmodum
2874 5387 3011 5440 solet
3040 5385 3133 5441 ille
3182 5386 3357 5442 facere
3402 5388 3491 5458 qui
3538 5390 3756 5442 verita-

2168 5481 2273 5527 tem
2315 5477 2677 5544 responsionis
2723 5491 2857 5546 cogn
2883 5478 3063 5532 iscitur
3103 5495 3208 5533 non
3261 5479 3480 5535 habere.
3516 5479 3761 5546 Respice

2169 5581 2309 5620 nunc
2332 5568 2549 5635 singulis
2579 5568 2752 5621 causis
2782 5568 3015 5623 remedia
3050 5570 3370 5625 contributa.
3402 5572 3597 5625 Contra
3623 5589 3763 5626 conx-

2171 5672 2359 5728 poreos
2406 5658 2612 5716 dolores
2660 5673 2819 5731 supra
2876 5660 3116 5718 dixerat:
3153 5660 3433 5735 Rugiebam
3478 5678 3511 5715 a
3553 5666 3763 5732 gentitu
