4030 6172
231 240 338 293 977

1129 228 1477 290 EXPOSITIO
1518 231 1581 288 IN
1623 229 2083 290 PSALTEBIUM.
2127 225 2314 283 PSAL.
2359 223 2622 280 XXXVII.

3391 220 3495 275 9.78

228 351 403 406 cordis
434 349 576 403 mei:
604 361 745 404 nunc
791 348 1045 404 adversus
1089 348 1295 420 iniquas
1328 346 1694 417 suggestiones
1728 356 1821 413 po-
1856 347 1906 406 Α
1933 340 2180 397 fessionis
2210 341 2416 411 puritas
2436 344 2737 409 appareret.
2771 335 2985 390 Duobus
3013 334 3153 389 enim
3186 332 3358 389 modis
3384 348 3504 403 per-

236 444 382 499 suit:
422 442 537 512 Ego
564 452 732 496 autem
760 442 898 497 velut
927 442 1117 497 surdus
1146 458 1249 496 non
1278 442 1567 505 audiebam,
1596 446 1703 493 etc.
1731 435 1822 491 Sic

236 533 562 589 narrationis
617 531 776 589 istius
836 542 1015 590 textus
1064 532 1274 605 gemina
1320 530 1659 603 expositione
1705 527 1823 581 lini-

236 633 318 678 tus
344 631 451 679 est.

307 712 459 767 Vera.
495 711 584 768 16.
613 709 869 779 Quoniam
891 714 943 765 in
962 720 1029 778 te,
1052 710 1289 776 Domine,
1317 709 1541 781 speravi,
1578 716 1635 763 tu
1662 722 1823 762 exau-

240 806 340 859 dies
360 819 462 867 me,
486 802 708 857 Domine
736 801 877 857 Deus
901 817 1063 857 meus.
1091 802 1403 857 Passionutn
1436 813 1654 856 suarum
1692 812 1820 852 nar-

240 896 441 949 ratione
466 893 761 963 completa,
803 908 947 948 nunc
971 893 1120 948 venit
1146 892 1214 947 ad
1243 891 1525 948 medicina
1564 886 1821 945 salutaris

237 986 531 1041 auxilium:
563 985 815 1058 quoniam
867 985 1007 1040 inter
1052 984 1388 1039 calamitates
1438 995 1661 1051 asperas
1708 978 1823 1047 ejus

237 1075 565 1131 conﬁdentia
594 1090 700 1130 non
730 1073 949 1141 defecit,
989 1074 1083 1129 sed
1113 1070 1325 1142 semper
1354 1073 1571 1143 speravit
1619 1071 1673 1125 in
1714 1068 1824 1122 Do-

240 1170 393 1229 mino,
427 1167 520 1236 qui
552 1175 727 1236 potest
756 1165 1031 1220 tristitiam
1075 1165 1129 1218 in
1170 1163 1419 1233 gaudium
1464 1170 1823 1218 commutare.

241 1259 298 1313 Et
324 1258 451 1313 ideo
480 1257 796 1327 petitionem
840 1272 994 1311 suam
1048 1255 1437 1310 exaudiendam
1487 1262 1673 1323 putat:
1703 1253 1825 1321 quia

239 1368 293 1407 se
316 1353 368 1404 in
402 1350 633 1404 Domino
679 1364 918 1419 sperasse
961 1346 1201 1403 confidit.
1232 1346 1362 1399 Nam
1395 1354 1451 1401 et
1497 1346 1610 1413 ipse
1654 1342 1822 1397 dicit:

241 1438 455 1495 Etiamsi
498 1440 698 1495 occidat
742 1456 845 1505 me,
888 1439 941 1492 in
987 1438 1099 1508 ipso
1138 1437 1351 1503 sperabo
1391 1434 1513 1506 (Job
1544 1450 1660 1501 snt,
1706 1434 1820 1505 15).

246 1534 331 1587 Sic
363 1541 426 1587 et
455 1540 565 1587 tres
589 1530 741 1602 pueri
767 1531 1115 1601 profitentur:
1140 1528 1330 1583 Potens
1357 1538 1428 1584 est
1456 1528 1594 1582 Deus
1633 1529 1694 1582 de
1741 1543 1827 1580 ca-

241 1627 372 1679 uti-to
404 1624 540 1695 ignis
569 1624 787 1678 liberare
833 1638 946 1678 nos.
981 1621 1132 1689 Quod
1170 1622 1214 1675 si
1242 1621 1483 1685 noluerit,
1512 1628 1686 1673 nolunt
1735 1618 1826 1673 tibi

1927 434 2081 489 fcctm
2112 432 2437 503 paenitentiae
2466 431 2633 485 virtus
2674 427 2992 483 ostenditur.
3035 425 3272 481 Primum
3312 435 3417 489 est,
3446 433 3506 479 ut

1927 534 2239 593 peccatores
2271 538 2369 577 nos
2398 522 2626 578 Domino
2657 520 3086 588 pronuntiemus,
3114 517 3255 574 sicut
3280 518 3410 572 dicit
3447 516 3506 571 in

1926 613 2062 668 libro
2083 628 2182 669 suo
2206 631 2219 667 :
2250 612 2486 678 Peccavi,
2505 611 2627 681 quid
2656 611 2842 682 faciam
2865 609 2974 675 tibi,
2997 624 3027 663 ο
3049 617 3218 662 custos
3242 606 3508 661 [taurinum

1926 707 2048 779 (Job
2082 723 2186 771 vu,
2226 706 2354 776 20)?
2386 705 2523 761 Ecce
2573 703 2930 772 pronuntiatio
2973 701 3143 757 sancti
3179 700 3324 768 viri,
3371 713 3503 756 ecce

1928 811 2055 852 vera
2084 796 2372 862 confessio,
2402 811 2523 865 qua:
2548 796 2709 849 vitam
2742 810 2848 849 non
2899 794 3139 858 abstulit,
3179 792 3272 848 sed
3315 792 3504 848 salutis

1927 891 2116 963 gaudia
2140 891 2450 962 geminavit.
2480 890 2677 946 Verum
2707 904 2773 945 ne
2799 889 3050 946 crederes
3076 891 3127 944 in
3154 888 3507 945 confessioni-

1928 982 2027 1037 bus
2076 982 2212 1037 hanc
2244 982 2410 1037 solam
2455 980 2947 1051 pronuntiationem
2996 972 3209 1048 semper
3256 980 3509 1035 sufficere

1930 1075 2187 1140 potuisse,
2228 1071 2447 1137 addidit,
2478 1082 2527 1127 et
2567 1071 2797 1142 cogitabo
2828 1088 2918 1143 pro
2949 1081 3152 1141 peccato
3178 1088 3320 1135 meo;
3349 1072 3400 1125 id
3426 1079 3510 1127 est

1929 1163 2075 1229 talia,
2104 1171 2158 1217 te
2184 1162 2433 1229 donante,
2465 1163 2676 1231 faciam,
2702 1179 2819 1231 quas
2848 1177 3025 1219 meum
3057 1164 3263 1233 possint
3290 1163 3509 1218 abolere

1932 1260 2235 1321 peccatum;
2269 1254 2475 1309 scilicet
2511 1253 2669 1309 ﬂetus
2695 1254 3001 1319 adhibeam,
3032 1255 3400 1325 eleetnosynas
3432 1253 3509 1307 fa-

1927 1344 2086 1406 ciam,
2115 1351 2171 1398 et
2217 1345 2285 1399 ab
2321 1344 2423 1399 hoc
2451 1344 2590 1414 quod
2618 1344 2838 1415 deliqui,
2884 1343 3253 1399 mandatorum
3295 1352 3508 1399 tuorum

1929 1451 2013 1490 me
2043 1435 2421 1491 observatione
2454 1436 2724 1507 purgabis.

2002 1548 2154 1603 Vers.
2185 1548 2276 1603 ΞΟ.
2307 1546 2511 1601 Inimici
2544 1556 2737 1601 autem
2762 1547 2859 1601 mei
2904 1548 3094 1613 vivunt,
3139 1555 3186 1601 et
3219 1544 3495 1616 confortati

1928 1646 2045 1689 sunt
2074 1652 2224 1707 super
2258 1654 2337 1691 me
2365 1651 2383 1691 :
2416 1645 2463 1691 et
2512 1636 2837 1703 multiplicati
2864 1646 2984 1691 sunt
3030 1637 3119 1705 qui
3162 1639 3377 1692 oderunt
3424 1652 3504 1690 nte

239 1721 319 1783 sit,
350 1734 468 1781 res,
506 1717 624 1787 quia
653 1716 750 1770 diis
780 1715 883 1769 tuis
923 1731 1025 1769 non
1067 1714 1341 1770 serviemus
1374 1711 1538 1782 (Dan.
1592 1726 1674 1777 ιιι,
1734 1711 1821 1776 Π,

1935 1726 2122 1794 inique.
2153 1725 2400 1780 Inimicos
2426 1740 2551 1781 suos
2585 1726 2893 1793 Spirituales
2918 1728 3181 1797 nequitias
3206 1726 3354 1791 dicit,
3377 1742 3525 1797 quas

247 1813 348 1878 13).
402 1809 552 1864 Talis
603 1820 683 1865 est
730 1811 871 1864 enim
914 1817 1224 1865 sanctorum
1264 1807 1527 1872 voluntas,
1573 1805 1682 1861 tale
1724 1803 1829 1859 lixa

242 1912 422 1959 mente
472 1902 782 1967 consilium,
817 1910 875 1957 ut
916 1916 1021 1957 non
1068 1901 1435 1957 emolumento
1484 1900 1663 1970 aliquo
1695 1914 1831 1968 pra:-

242 1997 408 2050 sentis
460 1997 743 2063 temporis,
780 1995 876 2050 sed
922 2001 1127 2048 tantum
1178 1992 1344 2062 ipsius
1381 1991 1595 2046 Domini
1647 2004 1831 2047 arnore

246 2092 551 2159 rapiantur.

314 2179 465 2235 Vers.
502 2181 586 2235 Π.
644 2180 775 2246 Quia
797 2179 935 2234 dixi:
961 2176 1249 2245 Nequando
1278 2176 1515 2231 insultent
1539 2175 1593 2229 in
1623 2190 1703 2228 me
1730 2174 1829 2229 ini-

244 2270 351 2322 mici
378 2271 481 2324 mei
496 2280 581 2325 :et
612 2272 735 2323 dum
756 2278 1127 2323 commoventur
1152 2266 1302 2335 pedes
1330 2267 1448 2332 mei,
1478 2266 1530 2319 in
1550 2281 1628 2319 me
1649 2280 1831 2335 magna

247 2362 393 2415 locuti
414 2359 731 2415 sunt.Nunc
759 2375 949 2415 causas
979 2368 1393 2425 enutnerat,cur
1419 2372 1543 2413 eum
1572 2357 1829 2412 Dominus

245 2451 491 2522 dignetur
516 2450 724 2506 audire.
750 2449 883 2505 Nam
911 2451 1049 2505 inter
1072 2449 1420 2520 gravissimos
1449 2457 1613 2505 mstus
1659 2450 1832 2505 malo-

246 2560 373 2608 rum,
406 2544 560 2598 illam
588 2551 792 2613 partem
823 2541 905 2597 vir
931 2543 1179 2613 egregius
1210 2538 1534 2612 magnopere
1559 2540 1831 2597 custodie—

247 2633 344 2699 bat,
382 2649 453 2689 ne
485 2635 554 2689 de
580 2634 731 2703 lapsu
757 2633 924 2703 ipsius
953 2634 1232 2689 insultarat
1262 2633 1525 2689 inimicus.
1556 2632 1823 2690 Insultant

244 2727 379 2779 enim
412 2724 497 2779 illi
522 2725 739 2794 quando
761 2724 1030 2780 hominem
1059 2725 1122 2779 ad
1152 2724 1403 2796 nequitiae
1424 2740 1533 2787 suae
1556 2734 1673 2780 vota
1702 2740 1831 2781 con-

245 2817 544 2882 verterint;
576 2815 704 2871 dum
736 2815 969 2872 fidelium
1014 2817 1242 2884 ruinam,
1274 2824 1461 2886 putant
1501 2831 1623 2872 esse
1666 2816 1833 2871 victo-

245 2909 396 2964 riam.
428 2907 600 2965 Pedes
634 2908 775 2965 enim
799 2908 886 2963 hic
925 2907 1231 2978 significant
1272 2917 1577 2961 nostrorum
1611 2918 1826 2961 actuum

245 2999 581 3067 qualitatem,
606 3012 697 3066 per
723 3012 882 3068 quam
908 2998 958 3051 in
980 2998 1077 3052 hac
1095 2999 1199 3051 vita
1219 2997 1534 3067 quibusdam
1559 2998 1833 3066 gressibus

1932 1817 1996 1871 ad
2042 1817 2410 1885 probationem
2447 1818 2528 1872 sui
2578 1818 2840 1887 permissu
2872 1818 3081 1874 Domini
3118 1820 3196 1874 vir
3229 1821 3509 1875 sattcti~si-

1930 1924 2049 1963 rnus
2076 1908 2393 1964 sustinebat.
2433 1907 2650 1975 Vivunt,
2675 1922 2796 1962 cum
2825 1907 3013 1963 dolore
3048 1909 3503 1978 pronuntiandum

1930 2008 2033 2065 est,
2066 1999 2115 2053 id
2149 2009 2265 2067 est,
2301 1998 2588 2055 voluntatis
2618 2014 2729 2053 sua:
2775 1999 3023 2054 libertate
3071 1998 3374 2068 potiuntur;
3410 2014 3512 2054 nec

1934 2098 2158 2145 mortem
2183 2098 2446 2156 metuunt,
2471 2104 2627 2159 quam
2660 2104 2755 2144 nos
2794 2089 2847 2144 in
2884 2103 3111 2159 corpore
3155 2090 3511 2144 sustinemus.

1929 2177 2027 2234 Cui
2054 2195 2158 2235 non
2188 2181 2361 2236 solum
2404 2178 2602 2235 sufficit
2626 2177 2826 2243 dicere,
2860 2180 3059 2243 vivunt,
3089 2179 3192 2234 nisi
3223 2180 3382 2234 etiam
3407 2178 3504 2233 ad-

1931 2270 2190 2337 didisset,
2230 2278 2279 2325 et
2317 2268 2591 2341 confortati
2618 2279 2736 2322 sunt
2774 2284 2925 2339 super
2960 2284 3059 2322 me.
3109 2268 3310 2324 Deinde
3358 2269 3511 2338 quod

1931 2361 2143 2427 gravius
2162 2360 2380 2428 horret,
2404 2360 2617 2431 adjecit,
2636 2361 2959 2431 multiplicati
2986 2370 3123 2415 sunt.
3157 2362 3266 2416 lloc
3289 2362 3505 2416 schema

1932 2453 2126 2508 dicitur
2152 2452 2447 2523 emphasis,
2474 2453 2614 2522 quod
2646 2453 2903 2522 gradatim
2946 2454 3141 2509 crescit
3184 2454 3250 2509 ad
3296 2465 3499 2509 morum

1932 2538 2096 2594 animi
2126 2541 2521 2599 concitandum.
2572 2540 2907 2611 Multiplicati
2932 2551 3048 2595 sunt
3093 2556 3221 2597 vero
3252 2543 3337 2611 qui
3378 2557 3501 2597 eum

1934 2631 2148 2685 oderant
2172 2632 2368 2701 inique,
2421 2632 2633 2701 quando
2678 2645 2837 2701 supra
2884 2633 3056 2701 ipsum
3095 2632 3379 2701 spirituum
3410 2634 3505 2687 im-
3600 2668 3603 2669 ν

1936 2723 2254 2778 mundorum
2289 2739 2543 2779 numerus
2568 2724 2876 2794 augebatur.
2906 2723 3057 2780 Unus
3081 2725 3222 2779 enim
3242 2726 3506 2794 peculium

1937 2815 2203 2881 vastabat,
2251 2816 2386 2871 alter
2424 2816 2744 2886 patrimonia
2794 2818 3091 2882 lacerabat,
3122 2818 3261 2873 filios
3300 2834 3527 2889 quoque-

1937 2906 2108 2975 ipsius
2129 2904 2218 2961 alii
2267 2906 2635 2973 trucidabant;
2666 2916 2718 2963 et
2770 2922 2989 2963 necesse
3038 2917 3152 2970 erat
3196 2916 3253 2963 ut
3290 2908 3339 2965 ei
3372 2910 3521 2965 inter.

1944 3007 2021 3052 tot
2047 2996 2379 3053 calamitatis
2402 2998 2581 3053 hostes
2609 3006 2944 3062 crescerent,
2972 3000 3061 3068 qui
3088 3007 3194 3053 tam
3225 3014 3508 3056 numerosa

246 3088 605 3142 ambulamus.
632 3086 739 3142 Sed
772 3087 857 3141 isti
888 3087 1012 3141 dum
1055 3087 1253 3142 fuerint
1299 3086 1644 3142 humanitatis
1675 3086 1835 3157 fragi-
1868 3099 1913 3162 ρ
1946 3090 2201 3161 probatus
2230 3099 2311 3145 est
2343 3089 2575 3160 pericula
2603 3089 2882 3145 tolerasse.
2910 3088 3093 3158 Inique
3120 3106 3245 3145 vero
3272 3090 3509 3148 additum

246 3180 389 3236 litate
436 3181 719 3244 commoti,
760 3182 939 3235 statim
988 3180 1181 3250 impios
1232 3182 1512 3237 inveniunt
1559 3182 1827 3250 irrisores,

248 3274 327 3343 qui
352 3287 550 3343 magna
579 3273 631 3327 in
656 3287 752 3328 eos
791 3272 1095 3330 invectione
1131 3284 1494 3345 consurgunt:
1538 3290 1564 3332 s
1586 3283 1675 3331 cut
1704 3278 1831 3333 alibi

249 3365 403 3418 dcit:
454 3364 560 3430 Qui
605 3364 849 3419 tribulant
899 3381 995 3431 me,
1039 3366 1363 3420 exsultabant
1401 3367 1445 3421 si
1473 3377 1639 3421 motus
1687 3368 1833 3438 fuero

250 3453 417 3523 (Psal.
470 3470 571 3519 ιιι,
606 3454 688 3525 5).
720 3455 799 3510 Pii
848 3470 978 3511 vero
1029 3464 1214 3511 contra
1267 3456 1491 3521 faciunt,
1524 3456 1833 3530 afﬂiguntur

251 3550 458 3604 tribus
500 3549 715 3616 alienis,
754 3548 1175 3605 consolationem
1210 3551 1390 3619 laps?s,
1433 3551 1680 3606 solatium
1734 3533 1831 3606 eu-

254 3652 394 3708 punt
446 3641 645 3696 allerre
690 3640 960 3710 deceptis;
1010 3642 1148 3696 sicut
1176 3643 1461 3711 Apostolus
1490 3641 1657 3696 dicit:
1692 3638 1824 3694 Fra-

251 3743 365 3799 tm,
382 3735 430 3786 si
459 3740 852 3801 praeoccupatus
877 3734 1028 3803 fuerit
1051 3733 1200 3787 homo
1228 3735 1279 3787 in
1304 3732 1473 3803 aliquo
1504 3733 1710 3799 delicto,
1738 3749 1824 3788 vos

253 3826 331 3889 qui
383 3824 685 3894 spiritualcs
733 3825 873 3889 estis,
912 3825 1147 3880 instruite
1194 3824 1489 3895 lmjusmodi
1542 3826 1593 3878 in
1643 3827 1830 3894 spiritu

253 3915 661 3969 mansuetudinis
687 3912 881 3985 (Galat.
903 3932 943 3983 ι,
973 3917 1049 3985 6).

318 4003 478 4059 \‘ers.
512 4005 600 4060 18.
634 4007 890 4072 Quoniam
928 4023 1019 4079 ego
1048 4010 1099 4062 in
1122 4006 1333 4081 ﬂagella
1377 4017 1589 4081 paratus
1620 4023 1756 4074 sum,
1786 4018 1835 4063 et

255 4093 395 4147 dolor
422 4112 570 4150 meus
596 4109 715 4151 ante
742 4115 821 4153 me
848 4108 919 4154 est
950 4116 1163 4170 semper.
1199 4101 1339 4156 Ecce
1379 4114 1548 4171 quare
1580 4101 1836 4157 Dominus

252 4188 547 4256 supplicem
576 4188 892 4259 dignabatur
918 4192 1133 4259 audire,
1166 4194 1289 4263 quia
1322 4192 1445 4247 dum
1495 4192 1833 4264 fragilitatem

252 4291 396 4334 suam
446 4291 634 4336 nosset
679 4281 993 4354 deliquisse,
1024 4286 1214 4339 merito
1247 4301 1306 4341 se
1353 4284 1419 4341 ad
1453 4300 1664 4356 pcenam
1696 4286 1837 4342 vide-

253 4370 404 4425 batur
452 4384 659 4440 aptare.
692 4372 782 4429 Sic
820 4376 1060 4431 sentiunt
1089 4378 1176 4446 qui
1218 4391 1276 4432 se
1304 4392 1517 4447 semper
1545 4378 1830 4443 addieunt;

1939 3194 2052 3247 est,
2077 3189 2329 3254 quoniam
2356 3184 2436 3238 vir
2464 3182 2833 3237 sanctissimus
2866 3197 2893 3236 a
2925 3184 3100 3252 pravis
3129 3183 3402 3253 spiritibus
3432 3184 3511 3239 in-

1932 3273 2079 3344 juste
2108 3288 2319 3344 semper
2356 3274 2624 3330 horretur.
2656 3273 2806 3340 Quod
2829 3273 2893 3328 ad
2918 3276 3238 3330 voluntatem
3269 3275 3513 3334 videlicet

1936 3356 2256 3422 diabolicam
2289 3366 2522 3436 pertinet
2566 3366 3008 3435 exprimendam,
3054 3382 3160 3423 non
3199 3366 3264 3422 ad
3294 3368 3511 3424 merito-

1936 3472 2058 3513 rum
2090 3472 2308 3527 pravam
2339 3457 2665 3529 inanemque
2691 3458 3001 3528 jactantiam
3158 3460 3159 3463 “

1974 3595 1980 3601 .
2006 3550 2160 3606 Vers.
2190 3551 2280 3607 51.
2316 3549 2417 3619 Qui
2444 3549 2785 3605 relribuebant
2812 3551 2949 3605 mala
2988 3566 3080 3620 pro
3107 3550 3251 3606 bonis
3277 3550 3513 3607 detrahe-

1935 3643 2055 3697 bant
2082 3644 2228 3709 milti,
2253 3643 2491 3710 quoniam
2517 3643 2813 3698 subsecutus
2840 3659 2953 3698 sum
2965 3643 3248 3716 justitiam.
3282 3644 3357 3699 Ad
3380 3646 3514 3698 ami-

1933 3750 2028 3791 cos
2065 3736 2393 3793 laceratores
2438 3737 2611 3803 redit,
2665 3736 2755 3805 qui
2803 3736 3139 3792 sanctissimo
3190 3738 3307 3791 viro
3356 3751 3513 3792 casus

1935 3842 2155 3897 asperos
2185 3826 2542 3896 imputabant,
2576 3835 2631 3882 et
2662 3826 3038 3893 detrahebant,
3070 3842 3192 3881 cum
3223 3826 3389 3897 magis
3411 3826 3509 3881 utin

1939 3932 2045 3986 que
2074 3915 2385 3985 patientiam
2404 3916 2519 3985 ejus
2541 3916 2757 3971 laudare
2782 3915 3108 3971 debuissent.
3141 3916 3272 3970 Nam
3296 3928 3347 3970 et
3376 3930 3515 3970 uxor

1931 4007 2152 4078 iustitiae
2184 4008 2350 4077 ipsius
2379 4006 2722 4071 detrahebat,
2757 4006 2969 4075 quando
2998 4006 3209 4061 dicebat
3236 4026 3247 4059 :
3278 4007 3371 4060 Dic
3396 4023 3507 4062 vcr-

1936 4098 2053 4152 bum
2079 4098 2132 4152 in
2160 4096 2347 4165 Deam,
2389 4105 2437 4153 et
2473 4112 2665 4151 morere
2701 4095 2821 4167 (Job
2864 4114 2921 4164 tt,
2950 4096 3026 4164 9).
3066 4097 3208 4151 Bene
3234 4107 3408 4149 autem
3452 4113 3512 4153 se

1936 4189 2068 4244 dixit
2085 4189 2347 4261 justiriam
2390 4187 2880 4256 subsecutum,quia
2924 4186 3071 4241 illam
3120 4202 3223 4240 non
3256 4186 3511 4253 probatus

1935 4288 2021 4335 est
2048 4278 2337 4350 aliquando
2367 4278 2667 4349 reliquisse.
2694 4278 2785 4332 Sic
2810 4278 2952 4332 enim
2977 4278 3090 4347 ipse
3115 4286 3369 4331 testatur:
3388 4275 3509 4331 Non

1938 4373 2205 4428 invenietis
2234 4373 2288 4426 in
2314 4373 2491 4443 lingua
2520 4387 2631 4425 mea
2679 4370 3029 4441 iniquitatem,
3071 4384 3161 4423 nec
3190 4368 3242 4422 in
3282 4368 3514 4437 faucibus

254 4473 305 4515 ιιι
344 4464 399 4517 in
430 4464 521 4517 illa
547 4462 876 4533 judicatione
904 4469 1110 4537 possint
1132 4470 1358 4536 absolvi,
1388 4471 1475 4541 qui
1509 4470 1594 4525 hic
1625 4486 1830 4526 merue-

1938 4466 2061 4519 meis
2096 4464 2309 4519 stultitia
2340 4462 2628 4532 personabit
2657 4461 2779 4531 (Job
2822 4476 2904 4526 vr,
2949 4458 3064 4530 30).
3109 4459 3275 4526 Quam
3306 4457 3513 4528 profes-

253 4555 354 4609 rint
399 4558 642 4625 propriis
668 4559 1095 4615 confessionibus
1138 4563 1401 4616 accusari.
1431 4559 1671 4631 Flagella
1698 4564 1843 4617 enim

256 4648 361 4713 hic,
397 4666 507 4704 non
540 4650 941 4709 serberationes
974 4653 1149 4709 loreas
1179 4653 1324 4718 dicit,
1356 4654 1449 4709 sed
1479 4654 1722 4709 dolorum
1753 4670 1843 4709 as-

256 4741 521 4805 p-rritnas
573 4742 869 4809 passiones.
910 4743 1166 4811 Sequitur
1210 4746 1378 4811 enim,
1420 4756 1465 4799 et
1510 4744 1660 4799 dolor
1700 4762 1839 4801 meus

256 4840 369 4882 ante
394 4846 477 4883 me
500 4839 576 4885 est
604 4847 824 4901 semper.
856 4831 1022 4887 Dolor
1059 4844 1247 4889 contra
1274 4851 1332 4890 se
1371 4844 1487 4891 erat
1516 4837 1631 4892 viro
1654 4838 1839 4906 justis-

256 4921 417 4988 simo,
459 4938 559 4977 cur
589 4939 619 4977 a
648 4924 915 4979 mandatis
954 4927 1162 4981 Domini
1203 4929 1502 4985 declinasse
1543 4930 1836 4998 videretur,

256 5021 311 5065 ut
330 5016 623 5071 salutarem
658 5016 1018 5075 innocentiam
1046 5022 1317 5091 perderet,
1346 5035 1396 5079 et
1423 5023 1727 5079 mortiferas
1748 5039 1839 5079 ac-

255 5106 512 5174 quisisset
540 5124 772 5165 errores.
800 5111 1094 5166 Imitandus
1123 5112 1299 5182 dolor,
1325 5124 1526 5170 rectum
1550 5114 1837 5185 judicium,

256 5206 446 5251 contra
476 5211 534 5252 se
557 5198 759 5267 justum
812 5202 1081 5256 hominem
1122 5203 1317 5258 irasci:
1350 5208 1469 5274 quia
1518 5208 1719 5275 impius
1745 5207 1839 5261 de-

258 5284 462 5354 fensor,
488 5288 665 5345 fautor
693 5291 821 5362 [ed..
855 5290 1045 5364 factor]
1086 5296 1166 5350 sui
1206 5296 1460 5365 probatur
1489 5299 1662 5353 exitii.

326 5377 485 5434 Vera.
523 5382 608 5437 i9.
655 5384 909 5448 Quoniam
938 5385 1254 5455 iniquitatem
1282 5406 1444 5443 nteant
1469 5392 1830 5459 pronuntiabo,

256 5481 299 5523 et
333 5474 568 5543 cogitabo
596 5492 690 5545 pro
737 5488 943 5541 peccato
974 5496 1101 5533 meo.
1136 5482 1356 5550 Aperuit
1400 5483 1539 5537 unde
1564 5484 1658 5539 ille
1701 5501 1837 5554 pra:-

256 5564 460 5621 niissus
482 5567 632 5624 dolor
663 5573 897 5625 existere
921 5574 1196 5640 potuisset.
1216 5575 1345 5629 Nam
1378 5577 1420 5629 si
1446 5577 1511 5631 de
1543 5578 1835 5648 131px-

258 5668 377 5712 cato
408 5672 511 5713 suo
555 5661 776 5718 minime
816 5663 1094 5730 doluisset,
1128 5681 1461 5738 nequaquam
1514 5678 1669 5724 tanta:
1713 5686 1839 5725 con-

1945 4557 2149 4609 sionem
2194 4568 2258 4609 ex
2308 4557 2516 4623 integra
2560 4551 2737 4607 cordis
2763 4553 2991 4620 puritate
3020 4548 3231 4604 venisse
3262 4547 3413 4603 testis
3435 4556 3516 4602 est

1946 4644 2157 4700 Domini
2185 4645 2391 4714 prolata
2419 4643 2716 4709 sententia,
2749 4642 2836 4696 ubi
2867 4640 2930 4694 ad
2954 4642 3153 4695 amicos
3174 4639 3290 4710 ejus
3315 4638 3367 4692 in
3393 4638 3513 4693 libri

1943 4736 2109 4806 ipsius
2138 4736 2243 4791 line
2268 4744 2648 4792 commemorat
2676 4734 2859 4787 dicens
2876 4751 2887 4784 :
2906 4730 3080 4786 Iratus
3102 4742 3175 4785 est
3205 4733 3350 4801 furor
3372 4745 3513 4783 meus

1942 4838 2119 4882 contra
2147 4845 2255 4895 vos,
2284 4827 2521 4897 quoniam
2552 4843 2651 4881 non
2665 4827 2781 4880 estis
2810 4825 2963 4879 locuti
2992 4840 3160 4877 coram
3190 4840 3267 4877 me
3288 4829 3479 4877 rectum
3497 4862 3513 4888 ,

1940 4925 2257 4976 sicutscrvus
2284 4938 2420 4975 meus
2446 4920 2545 4975 Job
2574 4919 2693 4992 (Job
2736 4936 2860 4986 XLII,
2894 4921 2972 4988 5).
3008 4917 3178 4973 Finita
3207 4927 3317 4984 est,
3350 4931 3508 4987 quam

1941 5014 2171 5068 dixlmus
2228 5014 2282 5067 in
2333 5013 2485 5067 tertia
2531 5022 2707 5081 parte,
2765 5010 3002 5076 collatio,
3053 5024 3171 5080 qua:
3206 5016 3289 5063 est
3329 5006 3517 5077 procul

1941 5104 2102 5158 dubio
2131 5103 2393 5158 medicina
2425 5104 2697 5158 salutaris.
2730 5103 2878 5157 Nunc
2904 5102 3301 5156 conclusionem
3330 5099 3516 5153 videa-

1943 5208 2061 5247 mus
2084 5194 2245 5248 totius
2274 5192 2557 5249 terminum
2590 5192 2857 5247 dictionis.

2008 5306 2159 5361 Vers.
2182 5306 2269 5360 9.2.
2303 5306 2386 5361 Ne
2406 5307 2747 5377 derelinquas,
2783 5322 2887 5373 me,
2918 5304 3128 5359 Domfne
3166 5304 3301 5358 Deus
3340 5318 3477 5355 meus
3494 5318 3515 5369 ;

1940 5415 2004 5453 ne
2038 5399 2326 5453 discesseris
2354 5416 2384 5451 a
2431 5415 2529 5453 me.
2563 5399 2838 5455 Pmnitens
2884 5399 2985 5453 iste
3031 5396 3406 5452 sanetissimus
3438 5396 3517 5449 iu~

1942 5488 2212 5557 dulgentia
2254 5488 2461 5543 Dotnini
2493 5490 2559 5544 de
2597 5488 2884 5557 prmteritis
2925 5488 3180 5557 periculis
3206 5486 3512 5549 absolutus,

1938 5579 2049 5651 jam
2086 5582 2236 5633 Iaztus
2274 5580 2533 5635 exclamat
2563 5581 2628 5636 ad
2662 5580 2968 5647 Dominum,
3002 5594 3068 5634 ne
3106 5580 3174 5635 ab
3204 5579 3321 5650 ipso
3352 5582 3518 5637 relin-

1946 5680 2156 5741 quatur,
2189 5685 2292 5740 quo
2328 5669 2500 5726 fuerat
2534 5679 2822 5742 prmstante
2857 5673 3129 5728 liberatus.
3175 5671 3410 5729 Gravior
3437 5681 3525 5729 est
