3982 6184
526 210 625 269 279

1733 213 1796 267 Μ.
1839 212 2116 268 AUltELll
2154 209 2549 268 C.\SSlOl)Olil

3668 209 3767 264 220

522 328 666 382 enim
702 327 855 384 bona:
886 326 1226 384 conscientiae
1259 336 1431 380 metus
1462 339 1643 379 errare
1687 336 1807 393 post
1847 328 2085 391 veniam;
2121 328 2169 385 A
2198 328 2401 381 ctiones
2446 340 2604 392 suas,
2638 341 2704 381 ne
2732 323 3019 396 pntares'et
3048 325 3185 380 hunc
3212 324 3471 394 psalmum
3503 324 3761 392 pten'tten-

526 432 577 471 ιιι
613 417 702 486 qui
747 416 905 472 debet
929 421 1173 488 gratiam,
1206 416 1396 473 iterum
1428 414 1665 469 incurrat
1704 414 1979 469 offensam.
2006 415 2096 470 llle

529 507 673 561 enim
702 507 913 576 quando
941 522 969 559 a
1004 505 1157 559 nobis
1186 504 1433 569 discedit,
1472 505 1620 558 avios
1650 513 1919 558 sectamur
1948 520 2097 559 erro-

526 614 618 653 res
648 615 662 649 :
688 598 808 666 quia
847 612 1070 652 necesse
1100 607 1181 652 est
1211 596 1430 652 absente
1461 598 1540 649 via
1568 595 1863 651 rectissima
1885 610 2097 665 semper

526 703 729 741 errare.

602 778 753 832 Vers.
783 776 873 833 ‘25.
928 777 1148 833 Intende
1183 781 1238 833 in
1279 780 1597 851 adjuturium
1636 795 1824 847 meum,
1880 776 2097 834 Domine

527 869 664 923 Deus
689 869 869 923 salutis
901 885 1042 925 metr.
1073 870 1227 924 l’rius
1270 871 1419 939 petiit
1474 886 1538 924 ne
1574 870 2032 941 derelinqueretur
2068 885 2096 924 a

533 952 944 1028 Domino,'nunc
967 960 1174 1015 enixius
1199 960 1456 1029 supplicat
1483 970 1539 1014 ut
1563 962 1614 1013 in
1640 962 1955 1033 adjutorium
1981 960 2097 1029 ejus

528 1049 777 1121 dignetur
797 1052 1056 1106 intendere
1087 1068 1103 1105 :
1128 1054 1377 1121 qu0niatn
1407 1063 1592 1107 contra
1621 1054 1766 1107 illum
1791 1068 1850 1108 se
1872 1061 2099 1107 noverat

526 1152 800 1197 certamen
836 1143 1054 1209 habere,
1085 1145 1172 1214 qui
1220 1144 1427 1199 dixerat
1462 1164 1475 1197 :
1523 1144 1719 1198 Ponam
1742 1145 1908 1198 sed.m
1939 1161 2099 1198 meam

528 1233 595 1285 ad
621 1233 943 1301 Aquilonem,
971 1243 1016 1287 et
1049 1252 1134 1288 ero
1161 1234 1341 1287 similis
1372 1236 1630 1289 Allissimo
1675 1233 1823 1306 (Isai.
1851 1250 1960 1301 xtv,
1991 1234 2098 1303 t3).

530 1323 730 1389 Quibus
763 1325 904 1379 enim
948 1323 1150 1378 viribus
1181 1323 1352 1378 hostis
1400 1324 1489 1379 ille
1537 1332 1645 1379 tam
1686 1323 2103 1377 immanissimus

529 1414 850 1477 vinceretur,
882 1414 982 1468 nisi
1009 1415 1099 1468 ille
1138 1414 1561 1483 intenderet,quo
1588 1413 1911 1481 respiciente
1947 1424 2099 1481 pote-

522 1517 611 1561 .rat
639 1521 743 1561 non
776 1506 951 1576 perire
1002 1504 1103 1579 [τά.
1135 1514 1181 1558 et
1214 1521 1308 1558 ms.
1339 1504 1437 1571 G.,
1467 1504 1715 1575 parere)?
1743 1504 1810 1558 Et
1835 1512 1892 1558 ut
1921 1520 2102 1573 per-o-

531 1593 694 1649 lutam
756 1604 1043 1663 gratarum
1090 1608 1441 1663 cognosceres
1500 1594 1804 1660 actionem,
1858 1594 2098 1659 addidit,

532 1678 670 1739 Deus
718 1685 900 1739 salutis
928 1700 1083 1749 tum;
1126 1685 1306 1754 utique
1334 1684 1422 1754 qui
1448 1699 1568 1739 eum
1611 1686 1818 1739 salvum
1868 1684 2102 1739 reddidit
2133 1688 2179 1748 Β

454 1823 459 1829 .
533 1782 653 1844 post
683 1782 759 1827 tot
782 1773 999 1828 vulnera
1047 1773 1187 1842 passi
1229 1788 1387 1838 num,
1428 1780 1483 1827 et
1527 1772 1835 1842 sospitatem
1876 1773 2103 1828 contulit

532 1865 747 1931 animm,
782 1877 937 1931 quam
976 1863 1224 1932 antiquus
1250 1862 1343 1917 ille
1389 1871 1647 1934 tyrannus
1673 1879 1775 1918 non
1802 1865 1968 1933 possit
1997 1865 2103 1919 eri-

532 1968 679 2021 pere.
718 1953 857 2008 Ecce
895 1954 1077 2021 regula
1106 1952 1411 2022 pmnitentis
1451 1953 1666 2021 impleta
1710 1962 1822 2020 est,
1869 1955 2103 2010 salvatus

532 2044 781 2111 exsultat,
815 2043 902 2112 qui
932 2042 1137 2114 pridem
1163 2042 1396 2097 ulcerum
1427 2044 1548 2098 tabe
1580 2053 1871 2112 putruerat.
1905 2045 1993 2101 Sic
2037 2046 2101 2100 ad

533 2137 806 2191 victoriam
856 2136 1203 2207 perveniunt,
1250 2150 1372 2191 eum
1432 2137 1640 2192 Domini
1684 2138 1881 2193 milites
1935 2140 2102 2209 impe-

534 2236 733 2282 tuntur.

1062 2316 1333 2373 Conclusio
1371 2317 1574 2388 psalmi.

603 2432 771 2498 Quam
818 2429 1002 2498 fortis,
1045 2447 1201 2502 quam
1230 2432 1298 2487 de
1328 2447 1386 2486 se
1417 2430 1756 2501 triumphalis
1810 2430 1981 2487 factus
2026 2441 2108 2487 est

533 2521 635 2577 Job
667 2521 767 2577 iste
788 2521 1093 2592 Davidicus,
1115 2531 1173 2576 ttt
1199 2523 1338 2578 inter
1355 2530 1430 2577 tot
1454 2522 1775 2578 acerbitates
1796 2524 2101 2590 vulnerum,

539 2615 853 2670 modestiam
886 2630 991 2668 non
1050 2614 1319 2669 destiterit
1368 2624 1614 2669 eructare
1652 2614 2108 2670 sermonumlla-

541 2708 696 2762 cebat
721 2722 945 2777 corpore
966 2707 1020 2762 in
1042 2707 1395 2777 sterquilinio,
1426 2706 1520 2762 sed
1549 2708 1728 2762 animo
1759 2707 2024 2762 habitabat
2054 2710 2108 2762 in

539 2798 697 2852 caelo.
728 2796 1154 2852 Consumebatur
1183 2798 1483 2865 vermibus,
1514 2797 1605 2869 qui
1641 2799 1859 2868 spiritus
1888 2813 2107 2867 supera-

536 2892 625 2944 bat
664 2888 984 2944 immundos.
1012 2888 1177 2942 Parva
1227 2896 1351 2944 sunt
1377 2904 1496 2959 qua:
1523 2889 1763 2958 pertulit,
1789 2891 1832 2945 si
1863 2891 2110 2946 conside-

533 2996 621 3036 res
662 2996 780 3052 qum
808 2983 1029 3051 recepit.
1084 2980 1175 3036 Sic
1207 2982 1296 3050 pio
1323 2981 1548 3036 Domino
1588 2982 1823 3052 prolicne
1852 2982 2104 3049 servitur,

2200 420 2339 475 tibus
2361 421 2728 490 applicandum
2745 462 2759 484 ,
2784 421 3057 490 subjunxit
3074 469 3086 490 ,
3117 420 3400 487 Canticum,
3426 419 3566 487 quod
3591 419 3768 488 utique

2199 512 2395 569 talibus
2417 528 2521 567 non
2554 521 2728 582 potest
2749 513 3034 568 convenire
3064 513 3216 584 132
3248 510 3508 580 personis.
3537 509 3769 564 Cantare

2199 606 2342 660 enim
2380 606 2607 660 laetantis
2636 616 2751 673 est,
2798 605 3064 660 interdum
3105 615 3158 659 et
3202 603 3451 672 dolentis,
3497 616 3768 671 nunquam

2201 711 2327 753 vero
2356 697 2677 768 paenitentis.

2769 806 2960 861 Divisio
2998 806 3195 878 psalmi.

2272 919 2495 973 ldithum
2528 919 2659 981 iste,
2714 933 2871 988 quem
2910 918 3141 972 diximus
3186 915 3432 969 vitiorum
3464 912 3774 969 nocentium

2202 1011 2600 1077 transilitorem,
2625 1008 2846 1064 formam
2873 1008 3025 1063 nobis
3045 1006 3176 1077 justi
3204 1005 3437 1061 hominis
3460 1003 3678 1072 praebet.
3716 1002 3775 1056 In

2203 1102 2375 1170 primo
2399 1102 2584 1156 ordine
2616 1100 2801 1171 psalmi
2842 1110 3028 1154 contra
3068 1096 3406 1151 insidiatores
3436 1094 3679 1148 inimicos
3721 1093 3781 1147 in

2203 1193 2487 1247 maximam
2532 1204 2591 1245 se
2632 1190 2878 1260 perhibet
2928 1188 3205 1242 utilitatem
3256 1184 3658 1253 remediumque
3693 1190 3780 1236 ta-

2202 1284 2420 1339 cuisse:
2457 1290 2640 1353 petens
2674 1284 2795 1336 vitae
2843 1296 2952 1336 sua;
2990 1279 3151 1333 ﬁnem
3193 1277 3391 1333 debere
3417 1289 3781 1346 cognoscere,

2204 1378 2249 1431 si
2278 1376 2415 1431 forte
2444 1376 2863 1431 incarnationem
2890 1371 3099 1428 Domini
3122 1370 3282 1425 etiam
3307 1367 3580 1438 corporeis
3608 1367 3784 1423 oculis

2203 1472 2384 1527 videre
2410 1480 2725 1526 mereretur.
2778 1466 3026 1523 Secundo
3071 1480 3169 1536 per
3212 1463 3579 1535 syllogismum
3616 1461 3784 1530 quin-

2204 1562 2565 1632 quepartitum
2600 1561 2845 1615 timorem
2866 1573 3057 1612 vanum
3086 1556 3273 1627 probat
3302 1568 3420 1609 esse
3446 1552 3782 1615 mortalium,

2207 1654 2453 1722 quoniam
2476 1661 2599 1706 sunt
2619 1650 2795 1705 omnia
2841 1649 2893 1703 in
2924 1656 3183 1717 potestate
3212 1644 3422 1700 Domini
3464 1644 3783 1698 constituta.

2205 1742 2388 1797 Tertio
2438 1751 2589 1811 rogat
2633 1749 2690 1793 ut
2717 1738 2768 1794 ei
2796 1737 2993 1793 delicta
3020 1735 3179 1792 noxia
3208 1734 3561 1799 dimittantur,
3589 1741 3787 1803 quate-

2207 1849 2307 1889 nus
2333 1833 2437 1888 vita
2468 1831 2583 1901 ejus
2615 1844 2868 1900 prospero
2895 1828 3000 1883 ﬁne
3028 1827 3322 1883 claudatur.

2742 1938 3007 2010 Expositio
3037 1940 3244 2006 psalmi.

2282 2044 2431 2100 Vers.
2466 2045 2516 2098 l.
2551 2043 2670 2097 Dixi
2694 2058 2714 2096 :
2744 2040 3042 2095 Custodiam
3073 2040 3179 2092 vias
3208 2053 3367 2101 meas,
3397 2044 3450 2090 ut
3476 2052 3579 2089 non
3610 2037 3789 2089 delin-

2207 2154 2357 2208 quam
2393 2137 2446 2190 in
2483 2136 2657 2206 lingua
2696 2149 2826 2188 mea.
2857 2129 3196 2187 Consuetudo
3224 2136 3305 2184 est
3323 2128 3687 2192 immanitatis,
3728 2138 3791 2181 ut

2209 2244 2329 2284 cum
2371 2241 2429 2282 se
2476 2226 2666 2296 aliquis
2694 2221 2943 2278 laudabili
2987 2220 3396 2275 conversatione
3451 2219 3789 2281 tractaverit,

2208 2321 2642 2376 calumniantium
2675 2318 2880 2373 insidiis
2910 2316 3150 2386 protinus
3188 2324 3490 2384 appetatur.
3515 2313 3620 2368 Iste
3646 2329 3788 2384 ergo

2212 2412 2463 2477 Idithum,
2496 2410 2587 2480 qui
2618 2410 2683 2464 de
2715 2407 2975 2479 probabili
2994 2405 3247 2475 Opinione
3271 2406 3628 2474 pessimorum
3648 2419 3790 2459 con-

2211 2504 2365 2558 traxit
2392 2501 2641 2556 invidiam
2667 2541 2681 2566 ,
2706 2514 2886 2554 serum
2918 2499 3034 2567 ipse
3064 2498 3365 2552 deliberans
3398 2495 3547 2557 dicit,
3587 2494 3790 2548 melius

2210 2607 2330 2649 esse
2358 2591 2626 2646 silentium
2660 2599 2872 2654 tenere,
2905 2602 3062 2657 quam
3095 2584 3291 2655 aliquid
3341 2583 3617 2639 malitiosis
3660 2582 3790 2637 edi.

2210 2698 2332 2738 cere
2358 2681 2484 2756 [ed.,
2516 2680 2781 2735 malitiose
2808 2676 3028 2750 dicere].
3058 2678 3188 2744 Quis
3228 2675 3369 2731 enim
3402 2676 3673 2729 hominum
3705 2674 3791 2728 sic

2211 2787 2397 2830 cautus
2425 2777 2524 2840 sit,
2550 2784 2608 2827 ut
2636 2772 2681 2827 si
2713 2773 2849 2826 inter
2876 2771 3098 2825 aemulos
3142 2770 3408 2839 loquatur,
3436 2767 3637 2821 nullum
3663 2783 3791 2820 vcr—

2211 2869 2337 2924 bum
2383 2867 2497 2935 ejus
2529 2866 2765 2920 incurrat
2793 2862 3023 2933 aliquam
3063 2860 3450 2931 quaastionem?
3476 2858 3629 2913 Nunc
3662 2874 3789 2926 par-

2214 2960 2470 3015 ticulatim
2516 2956 2721 3027 singula
2746 2955 3044 3009 videamus.
3083 2953 3223 3015 Dixi,
3253 2952 3354 3006 hoc
3382 2959 3493 3016 est,
3526 2951 3663 3020 apud
3702 2967 3793 3006 me

535 3074 613 3128 sic
640 3047 1257 3129 clementia-Divinitatis
1293 3047 1630 3143 agnoscitur;
1665 3083 1721 3128 ut
1752 3088 1873 3128 cum
1905 3076 1955 3129 ei
1984 3047 2109 3131 suas
2138 3057 2182 3119 ο
2216 3052 2269 3107 in
2296 3052 2458 3107 corde
2498 3066 2638 3143 mf”,
2683 3049 2772 3143 “lii
2813 3050 3083 3143 “Flentes
3114 3047 3581 3143 3"‘§_d°'i!{el_‘3"'o
3623 3061 3792 3143 (Ιξιίιῐξι

537 3162 809 3231 largitates
841 3161 1119 3217 offerimus
1141 3205 1154 3229 ,
1187 3164 1567 3218 retributiones
1589 3164 1780 3218 iterum
1804 3166 2113 3234 copiosissi-

543 3264 657 3304 mas
682 3252 1050 3322 exigamusJ)
1090 3250 1459 3319 paenitentiam
1484 3251 1639 3305 beata
1669 3254 1964 3308 securitas!
1994 3269 2026 3310 ο
2052 3269 2113 3312 se

540 3341 929 3396 humiliantium
959 3342 1220 3397 mirabilis
1249 3342 1573 3397 altitudolut
1597 3343 1899 3399 conﬁtendo
1926 3348 2113 3403 redeat

538 3432 603 3486 ad
621 3432 867 3502 gratiam,
883 3433 972 3503 qui
988 3433 1202 3503 prapria
1215 3448 1275 3488 se
1286 3433 1637 3490 mstimatione
1650 3434 1941 3491 damnavit.
1956 3437 2112 3494 Certe

541 3521 901 3592 intelligamus
930 3538 1048 3592 qua:
1091 3524 1161 3578 sit
1200 3523 1429 3595 dignitas
1473 3526 1867 3594 pmnitentium,
1898 3528 2111 3598 quando

538 3627 637 3667 nec
665 3613 754 3668 ille
774 3613 842 3668 ab
882 3615 981 3669 hac
1010 3615 1294 3686 excipitur,
1324 3616 1410 3686 qui
1449 3616 1578 3670 tanti
1609 3615 1806 3685 judieis
1847 3632 1979 3675 voce
2000 3620 2112 3675 lau-

538 3704 690 3761 datus
718 3714 820 3763 est.

742 3819 1107 3877 EXPOSITIO
1148 3822 1212 3877 IN
1254 3822 1576 3881 PSALMUM
1616 3825 1902 3882 XXXVI”.

740 3932 807 3989 In
843 3935 997 4004 finem
1033 3953 1126 4007 pro
1164 3935 1397 3991 Iditltum
1433 3944 1685 3994 canticum
1716 3941 1903 3997 David.

606 4046 814 4102 Titulus
841 4050 928 4105 hic
956 4064 1147 4105 novum
1188 4051 1343 4107 nobis
1369 4052 1544 4107 intulit
1573 4069 1794 4121 nomen;
1827 4064 2106 4125 propterea

536 4156 653 4210 qua:
682 4156 842 4196 causa
873 4142 944 4197 sit
988 4142 1142 4198 istius
1194 4145 1494 4214 positionis,
1537 4158 1626 4199 aut
1676 4147 1801 4217 quid
1847 4149 2109 4218 signiﬁcet

536 4233 839 4302 diligentius
892 4234 1246 4304 inquiramus.
1292 4235 1349 4290 In
1402 4239 1709 4306 prwlatione
1753 4240 1862 4307 jam
1902 4232 2104 4295 dictum

537 4330 621 4376 est
662 4322 760 4377 hos
809 4322 954 4377 viros
983 4334 1233 4379 auctores
1272 4341 1378 4379 non
1432 4327 1593 4382 luisse
1618 4329 1978 4396 psalmorum;
2010 4330 2105 4384 sed

2217 3145 2518 3213 loquantur.
2540 3139 2834 3196 Custodiam
2880 3141 2987 3195 vias
3032 3155 3184 3194 meas.
3219 3137 3332 3193 Non
3362 3136 3512 3203 dicit,
3542 3152 3571 3191 a
3603 3136 3793 3192 eritni~

2216 3241 2371 3296 nibus
2392 3253 2478 3293 me
2505 3237 2835 3301 abstineam,
2866 3236 2987 3305 quia
3029 3235 3136 3304 jam
3181 3243 3397 3289 sanctus
3440 3240 3588 3298 erat;
3626 3231 3728 3285 sed
3764 3247 3793 3287 a

2216 3331 2498 3402 superﬂuis
2534 3329 2734 3394 verbis,
2782 3344 2901 3399 qua:
2929 3342 3052 3382 raro
3093 3335 3267 3397 potest
3298 3326 3465 3380 vitare
3495 3325 3575 3379 vel
3613 3327 3793 3377 conti~

2216 3434 2384 3486 nens;
2428 3418 2564 3472 sicut
2592 3417 2821 3473 Jacobns
2859 3415 3132 3485 apostolus
3158 3414 3321 3468 dicit:
3352 3412 3601 3482 Linguam
3649 3413 3795 3465 enim

2216 3512 2387 3567 nullus
2409 3511 2666 3565 hominum
2693 3509 2898 3562 domare
2918 3514 3101 3575 potest.
3136 3503 3394 3559 Modicum
3407 3504 3607 3572 quidem
3636 3521 3795 3557 mem-

2216 3604 2358 3658 brum
2403 3611 2504 3666 est,
2554 3600 2642 3655 sed
2688 3616 2873 3668 ntagna
2907 3599 3094 3654 exultat
3149 3595 3284 3667 (Jac.
3316 3611 3396 3662 ttt,
3426 3594 3502 3667 8).
3547 3595 3795 3651 Dillicilis

2214 3694 2409 3765 quippe
2437 3706 2523 3747 res
2552 3699 2633 3745 est
2661 3690 2892 3759 linguam
2934 3688 2985 3741 in
3027 3688 3232 3744 lubrico
3263 3686 3495 3741 faucium
3521 3686 3794 3741 constitu-

2213 3795 2343 3849 tam,
2386 3781 2624 3837 veritatis
2669 3778 2851 3849 rigida:
2888 3789 3071 3832 tenere
3120 3790 3468 3831 mensuram:
3500 3777 3583 3831 cui
3626 3777 3671 3831 si
3710 3778 3794 3831 in-

2211 3882 2366 3929 caute
2395 3872 2539 3926 irena
2585 3870 2850 3932 laxentur,
2882 3866 3187 3935 frequenter
3213 3874 3396 3919 contra
3428 3880 3488 3920 se
3517 3864 3786 3935 loquitur.

2215 3965 2444 4021 Facilius
2497 3962 2638 4018 enim
2693 3959 2916 4016 tacendo
2970 3960 3123 4027 culpa
3175 3958 3455 4028 refugitur,
3502 3972 3663 4027 quam
3711 3959 3791 4013 lo-

2210 4057 2441 4128 quendo.

2284 4161 2432 4215 \‘ers.
2466 4158 2519 4210 2.
2557 4156 2716 4210 Posni
2760 4156 2838 4209 ori
2869 4170 2979 4209 meo
3029 4155 3313 4208 custodiam
3337 4195 3352 4220 ,
3385 4153 3508 4206 dum
3553 4155 3792 4208 consistit

2212 4259 2444 4321 peccator
2468 4248 2729 4301 adversum
2756 4262 2852 4301 me.
2878 4245 3070 4316 Figura
3111 4254 3195 4300 est
3221 4244 3553 4316 epexegesis,
3581 4244 3631 4298 id
3676 4255 3785 4310 cst,

2210 4339 2512 4409 explanatio
2541 4336 2667 4390 dicti
2702 4336 3011 4405 superioris.
3046 4335 3182 4390 Dicit
3209 4337 3353 4390 enim
3400 4349 3614 4389 causam
3648 4350 3789 4404 quo-

533 4412 783 4478 quoniatn
814 4413 1137 4468 excellentes
1164 4425 1411 4470 cantores
1454 4426 1642 4483 erant,
1691 4428 1906 4490 propter
1935 4423 2104 4477 nomi-
2135 4434 2182 4494 ῐ)
2210 4427 2367 4482 modo
2409 4426 2682 4495 delinquat
2729 4424 2784 4479 in
2832 4423 3011 4495 lingua
3071 4438 3187 4478 sua.
3246 4424 3464 4495 Linguae
3516 4422 3786 4493 siquidem

538 4517 667 4555 num
711 4504 1151 4572 significationem
1201 4516 1409 4561 constat
1460 4510 1758 4577 adhibitos;
1808 4522 1865 4566 ut
1896 4522 1949 4567 et
1978 4530 2102 4585 pro-

538 4592 797 4647 batissimi
844 4594 1004 4649 cilicii
1048 4598 1128 4651 sui
1188 4596 1445 4652 honorem
1494 4600 1557 4653 de
1598 4602 1685 4654 tuli
1717 4618 2106 4660 commemora-

538 4688 682 4742 tione
698 4688 1053 4757 perciperent,
1077 4701 1131 4744 et
1159 4705 1350 4745 arcana
1380 4693 1699 4761 psalmorum
1730 4694 1796 4749 de
1829 4698 2099 4752 nominum

536 4778 771 4846 ipsorum
840 4781 1369 4849 interpretationibus
1434 4767 1810 4851 penderentur.
1872 4784 2101 4841 Idithum

535 4871 676 4925 enim
703 4869 981 4926 Hebraeum
1004 4887 1197 4928 nomen
1225 4874 1478 4944 est,quod
1505 4875 1680 4943 lingua
1702 4875 1883 4931 Latina
1908 4878 2103 4933 dicitur

535 4962 859 5029 transilitor;
894 4980 998 5019 non
1042 4967 1129 5035 qui
1176 4968 1447 5035 gressibus
1492 4968 1692 5037 aliquid
1744 4970 1964 5038 transit,
2014 4981 2105 5024 aut

532 5058 669 5111 saltu
706 5058 948 5126 corporis
994 5056 1189 5111 hiantia
1237 5073 1458 5128 qumque
1490 5061 1824 5125 transmittit;
1872 5061 1966 5116 sed
2013 5063 2103 5132 qui

531 5161 692 5216 supra
720 5147 901 5202 mundi
948 5147 1099 5203 istius
1128 5150 1405 5204 varietates
1432 5150 1483 5203 in
1515 5166 1573 5205 ea
1592 5152 1699 5220 jam
1726 5153 1950 5221 puritate
1978 5167 2106 5207 con-

530 5238 703 5305 sistit,
747 5246 802 5292 ut
828 5237 1018 5292 futurae
1052 5248 1253 5293 tantum
1296 5238 1634 5294 beatitudinis
1666 5243 1877 5309 prtetltia
1918 5258 2106 5298 conse-

529 5339 740 5398 quatur.
794 5328 936 5398 Ergo
982 5328 1032 5383 in
1084 5330 1184 5384 hoc
1233 5330 1435 5398 psalmo
1482 5347 1706 5399 persona
1752 5333 2106 5389 introducitur

529 5430 730 5476 sanctae
762 5420 1213 5484 conversationis,
1246 5436 1364 5490 qua:
1399 5422 1651 5475 humanas
1680 5424 1894 5492 quidem
1928 5424 2105 5480 illece-

532 5511 654 5565 bras
698 5513 1052 5577 transilierat,
1078 5513 1169 5567 sed
1210 5512 1382 5566 adhuc
1409 5514 1595 5582 gaudia
1624 5513 1794 5569 futura
1828 5515 2097 5584 poscebat.

533 5601 596 5657 Et
622 5602 868 5671 quoniam
906 5605 982 5660 vir
1009 5604 1373 5661 sane-tissimus
1406 5615 1681 5661 enumerat
1721 5608 1924 5672 aliquas
1961 5606 2100 5663 allii-

2206 4520 2401 4576 ostium
2437 4532 2499 4573 os
2530 4517 2785 4583 habetur,
2811 4527 2865 4572 et
2893 4516 3029 4571 bene
3060 4516 3147 4570 illa
3176 4516 3356 4594 clausa
3381 4516 3708 4579 servabitur,
3737 4516 3783 4570 si

2205 4613 2320 4680 ejus
2341 4612 2500 4681 janua
2522 4611 2838 4666 custoditur.
2872 4609 3122 4666 Salomon
3154 4611 3351 4680 quippe
3372 4609 3539 4663 dicit:
3576 4607 3670 4661 Ori
3697 4618 3787 4661 tuo

2202 4704 2360 4773 facito
2388 4702 2575 4755 ostium
2597 4708 2645 4754 et
2673 4717 2861 4767 seram,
2894 4709 2940 4753 et
2969 4701 3128 4753 verbis
3149 4701 3332 4771 jugum
3363 4708 3513 4768 atque
3538 4708 3787 4753 stateram

2206 4791 2396 4861 (Ereti.
2444 4806 2645 4855 xxvut,
2692 4790 2782 4854 28,
2825 4790 2940 4859 29).
2974 4792 3106 4846 Sera
3138 4792 3278 4845 enim
3317 4790 3460 4845 dicta
3489 4799 3605 4858 est,
3640 4792 3783 4861 quod

2204 4897 2327 4939 sero
2357 4882 2510 4937 osdis
2529 4881 2860 4937 adhibeatur.
2895 4881 2998 4936 Sed
3030 4882 3126 4935 ista
3163 4889 3305 4935 tanta
3336 4882 3575 4937 custodia
3619 4898 3781 4953 quant

2208 4971 2460 5042 praemisit
2486 5012 2501 5038 ,
2525 4973 2766 5040 sequitur
2788 4970 2998 5040 quando
3027 4972 3255 5027 maxime
3277 4970 3465 5025 debeat
3497 4971 3781 5036 adhiberi;

2207 5063 2412 5118 scilicet
2441 5062 2652 5131 quando
2678 5061 2886 5116 invidus
2932 5061 3176 5131 cuiquam
3220 5062 3774 5130 consistitadversus,

2207 5167 2454 5223 quaerens
2483 5151 2686 5214 audire,
2717 5150 2856 5206 unde
2876 5150 3193 5206 calumniam
3219 5152 3385 5220 possit
3406 5152 3641 5205 efﬁcere.

2285 5244 2434 5299 Vers.
2453 5234 2510 5298 δῖ
2542 5244 2803 5309 Obmutui,
2842 5254 2888 5298 et
2916 5244 3212 5298 humiliatus
3234 5260 3368 5307 sum,
3401 5252 3447 5298 et
3475 5244 3595 5296 silui
3622 5259 3651 5294 a
3683 5243 3781 5295 bo-

2209 5337 2287 5389 nis
2314 5353 2332 5390 :
2359 5345 2407 5389 et
2449 5336 2597 5389 dolor
2628 5353 2765 5390 meus
2812 5345 3085 5389 renovatus
3113 5344 3206 5389 est.
3230 5334 3523 5390 Prudenter
3565 5334 3781 5402 decepti

2208 5436 2333 5481 sunt
2362 5426 2706 5492 insidiantes;
2750 5436 2804 5480 ut
2853 5426 2979 5482 dum
3025 5441 3326 5481 sermonem
3373 5425 3611 5495 captiose
3640 5440 3784 5493 quite-

2209 5525 2422 5580 rerent,
2469 5516 2738 5571 silentium
2784 5519 3128 5586 reperissent.
3172 5517 3275 5572 Sed
3321 5525 3545 5587 possunt
3594 5525 3647 5571 et
3701 5515 3781 5569 illi

2209 5608 2582 5674 obmutcscere,
2643 5623 2867 5676 quorum
2926 5623 2985 5665 os
3039 5608 3344 5678 frequenter
3382 5609 3547 5667 nimio
3599 5608 3782 5664 lurore
