4030 6172
351 244 439 297 281

1201 245 1557 304 EXPOSlTIO
1597 246 1661 302 IN
1701 248 2157 306 PSALTERIUM.
2204 253 2393 309 PSAL.
2440 252 2721 308 XXXVIII.

3498 256 3604 309 £82

348 358 693 413 conc'utlitztr.
728 353 963 425 Adlidit,
1015 369 1061 415 et
1085 361 1388 416 humiliatus
1417 381 1552 430 sum,
1595 373 1652 418 ιιι
1682 364 1807 418 illud
1840 365 1913 418 si—
1942 369 1988 427 A
2016 383 2159 423 cere.
2201 369 2418 423 Addidit
2462 370 2655 435 etiam,
2689 377 2739 423 ut
2783 370 2939 423 sciam
2989 372 3111 441 quid
3143 371 3267 425 desit
3309 374 3455 427 mihi.
3490 374 3599 429 Suo

349 449 562 504 lentium
590 465 694 503 non
725 450 1002 519 dolosam,
1047 454 1140 509 sed
1174 456 1499 527 intelligeres
1546 472 1666 511 esse
1698 457 1923 525 purissi-

345 555 507 594 mum.
562 539 880 596 Humiliatus
910 544 1053 598 enim
1104 546 1370 613 significat
1415 546 1560 600 humi
1609 555 1923 615 prnstratus.

348 633 565 687 Siluisse
594 648 806 703 quoque
851 650 910 690 se
950 637 1077 690 dicit
1103 655 1133 691 a
1160 638 1301 692 bonis
1333 638 1820 707 prtedicattonibus,
1851 654 1918 694 ne

343 723 557 778 doceret
596 732 1050 782 contemnentem.
1082 727 1188 783 Sed
1230 730 1351 798 quia
1393 730 1725 784 consuetudo
1756 730 1925 785 malo-

342 830 453 867 rum
505 822 623 875 est.
669 822 727 868 ut
756 816 998 884 quamvis
1020 816 1155 871 bona
1182 818 1436 885 audiant,
1486 819 1787 874 nullatenus
1832 835 1923 873 ac-

340 905 654 973 quiescant,
714 914 1039 976 quapropter
1069 924 1099 961 a
1146 908 1288 963 bonis
1337 924 1393 964 se
1438 910 1566 965 dicit
1608 911 1925 967 necessitate

340 996 580 1060 siluisse;
608 997 730 1066 quia
765 998 1030 1054 salubrem
1054 1003 1523 1058 commonitionem
1550 1004 1791 1073 recipere
1818 1022 1921 1061 non

344 1098 625 1157 poterant,
675 1091 766 1159 qui
810 1094 1216 1149 contentionum
1264 1097 1467 1151 semina
1525 1099 1921 1166 perquirebant.

346 1182 597 1235 Dominus
627 1183 771 1236 enim
804 1183 857 1237 in
882 1184 1171 1253 Evangelio
1191 1185 1318 1240 dicit
1349 1202 1361 1242 :
1400 1186 1483 1240 Ne
1520 1188 1757 1241 miseritis
1790 1204 1924 1241 mar-

341 1271 529 1339 garitas
570 1280 767 1325 vestras
796 1281 916 1325 ante
946 1290 1127 1342 porcos
1156 1275 1365 1345 (Matt/1.
1404 1290 1507 1340 vn,
1541 1276 1616 1343 υ).
1648 1276 1779 1331 Nam
1803 1291 1922 1331 cum

340 1360 468 1414 dicit
492 1405 507 1425 ,
539 1372 811 1415 renovatus
839 1372 912 1417 est
943 1364 1090 1417 dolor
1118 1382 1277 1430 meus,
1304 1367 1568 1436 signilicat
1597 1368 1695 1422 sibi
1727 1384 1846 1421 cum
1871 1377 1925 1422 et

339 1463 460 1508 ante
505 1452 705 1519 fuisse,
764 1454 979 1524 quando
1027 1467 1150 1511 vota
1200 1458 1503 1527 iniquorum
1557 1459 1924 1528 intelligentiae

340 1542 536 1601 virtute
579 1546 854 1601 noscebat.
890 1547 1044 1601 Modo
1089 1560 1267 1602 autem
1308 1564 1427 1604 cum
1487 1549 1692 1605 videret
1732 1542 1926 1621 iniqui-

341 1650 474 1695 tates
507 1641 782 1694 hominum
806 1650 989 1695 contra
1012 1656 1072 1696 se
1103 1642 1276 1711 potius
1304 1642 1615 1713 exercitati,
1648 1658 1922 1697 renovatus

2031 457 2173 510 enim
2212 457 2315 512 line
2364 460 2657 531 recognito,
2711 458 2849 513 scire
2892 469 3101 528 poterat
3139 469 3395 528 quantum
3432 478 3600 529 usque

2028 548 2094 603 ad
2117 549 2406 603 adventum
2431 549 2545 617 ejus
2568 560 2771 604 restare
2795 551 3072 618 potuisset.
3109 552 3172 603 Et
3214 552 3346 605 bene
3371 552 3603 605 ιιόιιίιιιιιι

2028 653 2141 708 est,
2172 644 2295 713 quid
2325 644 2451 696 desit
2482 643 2637 706 mihi;
2664 645 2786 713 quia
2808 660 2990 697 revera
3017 644 3187 697 deesse
3208 644 3306 699 sibi
3334 646 3608 713 judicabat

2027 735 2091 789 ad
2116 737 2273 789 vitam
2292 775 2308 801 ,
2336 736 2381 789 si
2408 739 2524 804 ejus
2558 751 2659 788 non
2695 736 2974 789 meruisset
3015 736 3197 790 videre
3228 738 3593 804 pra-sentiam.

2027 828 2113 881 Sic
2140 827 2314 893 magni
2345 826 2549 881 ardoris
2581 825 2719 879 illius
2764 826 3090 880 desiderium
3110 869 3124 889 ,
3157 828 3417 882 sermonis
3451 828 3605 881 istius

2030 918 2280 987 qualitate
2314 925 2523 971 constat
2563 930 2901 984 expressum.

2101 1009 2253 1064 Vers.
2280 1010 2333 1063 6.
2363 1008 2493 1061 Ecce
2519 1016 2703 1061 veteres
2728 1007 2944 1074 posuisti
2972 1007 3079 1059 dies
3110 1024 3265 1071 meos,
3297 1016 3343 1061 et
3370 1010 3606 1062 substan-

2027 1103 2095 1154 tia
2125 1117 2234 1155 mea
2266 1110 2506 1170 tanquam
2534 1100 2664 1152 nihil
2695 1109 2811 1152 ante
2831 1109 2877 1152 te
2904 1109 2995 1154 est.
3028 1099 3189 1153 Vides
3224 1102 3415 1155 merito
3445 1102 3599 1172 133

2027 1193 2219 1247 Christi
2272 1194 2481 1247 Domini
2536 1194 2877 1262 prtesentiam
2929 1193 3271 1259 postulatam,
3323 1196 3607 1260 antequam

2026 1296 2210 1339 vetrres
2240 1286 2346 1340 dies
2383 1301 2508 1341 suos
2554 1301 2671 1341 8556
2724 1286 3027 1355 profitetur.
3059 1286 3187 1340 Nam
3221 1288 3466 1353 quamvis
3498 1289 3607 1342 Deo

2027 1377 2218 1447 placita
2251 1393 2309 1432 se
2352 1378 2760 1433 conversatione
2808 1388 3094 1447 tractaret,
3146 1380 3198 1433 itt
3229 1380 3498 1435 veteribus
3532 1391 3612 1435 ta-

2026 1484 2147 1522 men
2176 1469 2359 1523 diebus
2381 1480 2524 1533 erat,
2559 1470 2770 1538 quando
2812 1471 3039 1524 necdum
3072 1471 3137 1524 ad
3183 1473 3407 1539 gratiam
3455 1487 3608 1527 novae

2026 1561 2445 1629 regenerationis
2492 1562 2800 1615 advenerat.
2842 1561 3047 1615 Veteres
3080 1562 3220 1615 enim
3250 1561 3341 1616 illo
3372 1572 3612 1626 tempore

2025 1653 2240 1707 fuerunt
2260 1651 2389 1719 dies,
2413 1652 2499 1721 qui
2530 1653 2817 1705 humanum
2844 1668 3011 1722 genus
3036 1652 3101 1705 ad
3127 1652 3390 1705 defectum
3422 1652 3612 1707 mortis

338 1743 405 1785 est
446 1731 601 1785 dolor
647 1733 763 1801 ejus
800 1733 1010 1801 pietatis
1045 1735 1267 1799 intuitu;
1319 1734 1716 1790 tribulationem
1764 1751 1914 1790 suam
1949 1733 1995 1792 B
2022 1743 2263 1812 protinus
2294 1742 2659 1806 adducebant;
2686 1757 2784 1796 nec
2809 1752 2923 1795 erat
2952 1744 3004 1795 in
3033 1742 3133 1796 illis
3158 1742 3356 1810 aliquid
3387 1757 3600 1811 novum,
3679 1766 3681 1769 -

340 1823 542 1880 faciens
574 1824 832 1879 delictum
854 1825 1101 1879 videlicet
1138 1825 1393 1880 alienum.

410 1914 566 1968 Vers.
596 1913 649 1967 4.
684 1913 947 1969 Concaluit
982 1932 1070 1968 cor
1115 1932 1281 1970 meum
1304 1918 1440 1969 intra
1478 1933 1576 1984 me,
1604 1928 1649 1970 et
1681 1918 1733 1970 in
1763 1916 1926 1970 medi-

340 2007 530 2060 tatione
561 2023 672 2059 mea
722 2008 1005 2061 exardescit
1052 2008 1227 2079 ignis:
1258 2008 1455 2061 locutus
1500 2025 1613 2061 sum
1660 2010 1711 2063 in
1753 2009 1928 2079 lingua

341 2114 469 2149 mea.
507 2096 635 2150 Post
658 2097 932 2151 silentium
958 2097 1099 2166 quod
1122 2111 1181 2150 se
1208 2098 1491 2167 pertulisse
1524 2098 1652 2152 dicit
1679 2099 1929 2166 invitum,

341 2201 386 2243 ut
422 2190 735 2245 hominibus
758 2190 1053 2259 praedicare
1095 2191 1314 2245 minime
1357 2191 1593 2244 salubria
1638 2191 1925 2258 potuisset,

338 2298 638 2337 conversus
669 2293 748 2337 est
778 2297 971 2350 magno
1017 2292 1148 2337 testu
1182 2282 1491 2346 cbaritatis,
1538 2284 1811 2338 locuturus
1860 2284 1928 2337 ad

342 2376 651 2430 Dominum.
679 2373 785 2429 Sed
817 2363 1095 2428 audiamus
1118 2388 1277 2443 quam
1311 2383 1555 2441 potenter
1578 2374 1919 2429 deliberatio-

338 2468 414 2522 nis
438 2468 617 2535 ipsius
639 2467 799 2521 ardor
819 2467 1123 2536 esponitur.
1139 2464 1431 2533 Concaluit,
1463 2465 1615 2531 dixit,
1633 2481 1720 2519 cor
1736 2482 1924 2533 meum,

338 2559 385 2612 id
409 2568 519 2625 est,
548 2562 618 2612 ab
642 2560 788 2614 omni
834 2565 987 2627 parte
1030 2571 1344 2611 succensum
1370 2565 1479 2621 est,
1516 2564 1572 2609 ut
1617 2566 1790 2610 motus
1828 2558 1929 2613 iste

338 2661 442 2706 tam
477 2666 706 2723 magnus
734 2651 800 2707 ad
845 2652 1222 2721 cogitationem
1257 2665 1434 2705 rerum
1475 2650 1776 2706 cmlestium
1811 2666 1928 2719 per-

338 2746 569 2797 veniret.
622 2742 772 2795 Intra
799 2758 897 2809 me,
931 2743 986 2795 in
1033 2742 1249 2795 homine
1280 2741 1489 2795 scilicet
1526 2741 1807 2804 interiore,
1838 2741 1926 2794 ubi

339 2837 478 2890 ratio
509 2833 669 2889 tacita
716 2834 969 2904 loquitur,
1002 2841 1055 2887 et
1081 2847 1109 2885 a
1144 2831 1366 2887 Domino
1390 2832 1670 2901 dignanter
1694 2818 1924 2884 auditur.

338 2925 617 2994 Sequitur,
651 2933 698 2978 et
742 2925 797 2977 in
823 2923 1152 2977 meditatione
1192 2938 1300 2975 mea
1339 2921 1626 2975 exardescit
1667 2920 1823 2990 ignis.
1851 2918 1929 2974 Ne

340 3027 559 3087 putares
618 3017 794 3087 ignem
836 3014 1039 3069 insanis
1094 3012 1327 3067 metibus
1374 3020 1622 3078 aestuare,
1664 3012 1718 3063 in
1764 3009 1925 3063 medi-

2028 1835 2118 1887 ubi
2158 1834 2378 1887 minime
2412 1832 2706 1887 radiaverat
2755 1833 2961 1887 Domini
2997 1832 3292 1888 Salvatoris
3320 1832 3609 1887 adventus.

2032 1923 2181 1978 Unde
2209 1923 2493 1993 Apostolus
2522 1924 2643 1976 dicit
2671 1941 2684 1977 :
2722 1921 2896 1974 Vetera
2944 1922 3250 1974 transierunt
3284 1938 3434 1980 ,‘ecce
3465 1924 3606 1991 facta

2026 2024 2143 2068 sunt
2158 2016 2328 2067 omnia
2358 2029 2486 2066 nova
2507 2011 2594 2083 (ll
2618 2010 2737 2065 Cor.
2769 2027 2821 2080 v,
2856 2012 2961 2081 l7).
2985 2010 3261 2079 Sequitur:
3282 2010 3596 2064 Etsubstan-

2030 2106 2103 2158 tia
2152 2121 2263 2158 mea
2303 2113 2543 2171 tanquam
2594 2104 2721 2156 niltil
2765 2112 2883 2155 ante
2932 2114 2978 2156 te
3019 2110 3111 2155 est.
3156 2100 3269 2155 Non
3301 2102 3430 2156 dicit
3460 2113 3610 2156 actus

2029 2210 2158 2251 suos
2188 2195 2322 2249 nihil
2363 2209 2480 2250 esse
2535 2178 2657 2248 ante
2689 2194 2883 2259 Deum,
2935 2193 3028 2247 sed
3069 2194 3398 2246 substantiam
3442 2210 3610 2247 suam.

2030 2285 2160 2340 Nam
2192 2300 2369 2356 quouu
2391 2284 2461 2338 do
2494 2292 2699 2352 poterat
2744 2284 2881 2348 ﬁeri,
2915 2292 2971 2336 ut
3011 2282 3102 2353 qui
3132 2283 3384 2336 tnttndum
3416 2285 3612 2337 transi-

2031 2377 2187 2432 lierat
2206 2419 2221 2440 ,
2245 2382 2593 2444 superaverat
2618 2375 2792 2429 carnis
2821 2390 2928 2428 suae
2970 2374 3095 2428 vitia
3115 2416 3129 2440 ,
3163 2388 3283 2429 ante
3308 2376 3477 2429 Deum
3515 2376 3610 2429 ha-

2029 2468 2249 2523 beretur
2294 2476 2352 2521 ut
2403 2466 2662 2520 nihilum?
2691 2466 2797 2521 Sed
2849 2466 3038 2519 merito
3086 2467 3421 2519 substantiam
3464 2481 3611 2520 suam

2031 2568 2149 2614 ante
2209 2556 2371 2612 Deum
2415 2558 2541 2612 dicit
2596 2558 2729 2609 nihil
2781 2573 2916 2621 esse,
2962 2572 3082 2625 qttte
3140 2557 3307 2610 Adam
3362 2563 3611 2624 peccante

2030 2652 2283 2708 damnata
2312 2658 2412 2705 est.
2445 2650 2543 2704 Cui
2590 2649 2691 2703 nisi
2739 2648 2936 2717 aliquid
2991 2648 3248 2702 Divinitas
3292 2648 3608 2714 contulerit,

2032 2747 2095 2802 de
2121 2745 2335 2816 proprio
2355 2759 2460 2797 non
2493 2742 2653 2796 habet
2678 2757 2841 2810 opere
2871 2741 3009 2810 quod
3042 2751 3348 2809 praesumat.

2101 2837 2253 2891 Vers.
2282 2836 2337 2887 7.
2361 2833 2721 2887 Verumtamen
2751 2834 2985 2885 universa
3012 2834 3234 2895 t'anitas,
3267 2832 3432 2883 omnis
3462 2833 3609 2883 homo

2033 2928 2217 2982 vivens.
2254 2924 2388 2979 Cum
2418 2923 2710 2977 transilitor
2748 2922 2848 2975 iste
2872 2920 3144 2981 vitiorum.
3166 2920 3275 2972 veri
3306 2935 3363 2973 se
3394 2913 3610 2974 lumiitis

2032 3020 2363 3092 inspectione
2402 3018 2744 3085 complesset,
2777 3023 2831 3070 et
2859 3014 3093 3068 futurum
3123 3013 3335 3066 Domini
3368 3012 3610 3067 Salvato-

338 3110 534 3162 tau'one
563 3124 675 3160 mea
715 3105 921 3175 posuit,
957 3103 1007 3158 id
1031 3112 1145 3171 est,
1178 3104 1231 3157 in
1278 3101 1502 3157 consilio
1522 3141 1537 3165 ,
1584 3101 1636 3154 in
1662 3099 1924 3155 delibera-
1955 3096 2000 3162 C
2031 3111 2104 3165 ris
2134 3110 2420 3164 adventum
2451 3107 2628 3163 cordis
2675 3105 2829 3160 oculo
2870 3104 3205 3174 pervidisset,
3238 3119 3304 3157 ne
3331 3104 3608 3172 quisquam

340 3204 521 3267 tione,
576 3200 668 3253 ubi
717 3198 876 3253 ardor
924 3197 1123 3252 mentis
1184 3195 1284 3251 sub
1330 3195 1588 3250 modestia
1640 3193 1932 3264 prudenter

336 3292 677 3356 accenditur,
743 3299 797 3345 et
844 3290 1199 3343 illuminatam
1246 3297 1480 3342 mentem
1524 3285 1931 3355 disciplinabilis

339 3385 559 3439 ﬂamma
597 3381 964 3439 circumvolat.
995 3379 1132 3446 Quid
1163 3378 1305 3432 enim
1337 3378 1570 3446 amplius
1610 3391 1765 3446 quam
1801 3376 1929 3432 cha-

337 3478 472 3531 ritas
495 3474 703 3529 fervet?
725 3472 829 3529 Sed
853 3472 1032 3526 fervor
1056 3471 1143 3525 ille
1167 3470 1484 3537 tranquillus
1503 3476 1618 3534 est,
1650 3476 1927 3523 mansueta

338 3567 719 3631 inﬂammatio,
754 3575 930 3620 motus
954 3563 1307 3632 inculpabilis,
1334 3561 1603 3617 festinatio
1636 3562 1928 3616 moderata.

338 3663 683 3731 Quapropter
711 3658 792 3712 vir
820 3659 916 3712 iste
939 3657 1331 3721 sanctissimus,
1356 3656 1496 3714 quod
1523 3654 1931 3715 perfectissimis

338 3756 574 3822 accidit,
621 3762 677 3809 et
720 3760 1087 3820 competenter
1120 3749 1303 3812 tacuit,
1349 3756 1404 3802 et
1432 3759 1555 3816 apte
1585 3747 1794 3803 locutus
1826 3756 1928 3800 est.

339 3847 477 3901 Nam
518 3843 614 3914 qui
666 3842 888 3896 siluerat
932 3840 1135 3895 dolosis
1176 3838 1442 3903 inimicis,
1495 3839 1664 3892 veraci
1704 3838 1931 3891 Domine

340 3936 693 3993 conscientia:
717 3935 893 4004 lingua
917 3931 1284 4004 proclamavit.
1310 3929 1417 3984 Nec
1445 3940 1594 3983 vacat
1614 3928 1753 3997 quod
1781 3929 1927 3993 dicit,

341 4032 519 4100 lingua
549 4042 688 4093 mea,
723 4025 822 4079 hoc
849 4034 929 4079 cst
954 4038 1057 4092 qua
1101 4037 1229 4090 pura
1260 4029 1438 4075 tuente
1473 4020 1680 4074 solebat
1709 4018 1931 4074 Domino

338 4119 625 4183 confiteri,
684 4127 739 4172 et
780 4115 1074 4169 adventum
1120 4111 1236 4182 ejus
1268 4111 1447 4166 studio
1486 4109 1589 4180 piae
1625 4108 1928 4164 dileCtionis

340 4220 630 4265 expetere.

490 4225 630 4264 tere.

414 4225 571 4352 sits.
600 4297 651 4350 5.
689 4293 881 4348 Notum
909 4295 991 4362 fac
1022 4292 1167 4358 mihi,
1203 4289 1443 4356 Domine,
1477 4290 1631 4358 linem
1659 4305 1846 4352 meum,
1880 4297 1927 4342 et

338 4404 619 4443 numerum
646 4386 844 4439 dierum
875 4399 1102 4436 meorum
1131 4383 1247 4453 quis
1278 4390 1373 4446 est,
1401 4390 1455 4433 ut
1475 4384 1631 4433 sciam
1651 4380 1774 4449 quid
1798 4379 1928 4432 desit

2032 3204 2274 3258 crederet
2305 3211 2516 3255 sanctos
2537 3200 2683 3255 viros
2714 3213 2744 3252 a
2781 3198 3167 3254 tentationihus
3206 3197 3434 3265 alienos,
3470 3197 3611 3252 redit

2031 3295 2097 3349 ad
2137 3295 2499 3349 infirmitatem
2538 3308 2690 3347 suam
2711 3335 2725 3358 ,
2758 3307 2915 3362 quam
2951 3292 3089 3345 inter
3116 3291 3338 3345 virtutes
3367 3290 3611 3360 egregias

2033 3388 2209 3442 carnis
2238 3387 2364 3440 vitio
2393 3386 2705 3452 sustinebat,
2750 3383 2934 3438 dicens
2967 3400 2980 3437 :
3011 3382 3192 3451 Magna
3238 3391 3363 3435 sunt
3398 3380 3609 3447 quidem

2030 3476 2132 3532 ista
2159 3492 2277 3547 qua:
2326 3475 2556 3531 diximus
2576 3518 2590 3541 ,
2624 3490 2812 3543 magna
2859 3489 2976 3542 qua:
3007 3474 3313 3526 credimus:
3342 3482 3610 3526 verumta-

2032 3584 2153 3622 men
2184 3569 2433 3636 quoniam
2459 3568 2510 3620 itt
2539 3566 2637 3620 hac
2666 3564 2990 3619 mortalitate
3015 3577 3313 3627 versamur,
3342 3561 3427 3614 ubi
3460 3576 3610 3615 men-

2034 3667 2138 3714 tem
2162 3668 2397 3713 nostram
2422 3657 2679 3726 fragilitas
2711 3656 2887 3723 pulsat
2918 3653 3147 3706 humana
3170 3693 3185 3715 ,
3209 3667 3306 3705 nec
3334 3658 3416 3704 est
3435 3650 3607 3703 adhuc.

2033 3767 2197 3806 unum
2228 3750 2355 3805 illud
2377 3758 2635 3804 aeternum
2660 3746 2803 3817 quod
2831 3760 2929 3799 nos
2962 3744 3012 3797 in
3044 3758 3140 3798 sua
3172 3743 3331 3796 faciat
3361 3742 3609 3796 firmitate

2034 3843 2348 3903 consistere,
2372 3840 2603 3891 universa
2640 3837 2836 3890 vanitas
2865 3836 3028 3887 omnis
3046 3834 3196 3886 homo
3228 3835 3411 3886 vivens.
3454 3830 3612 3884 Vani-

2034 3939 2111 3985 tus
2140 3930 2356 3996 etenim,
2389 3931 2525 3983 sicut
2545 3941 2686 3996 sa-pe
2711 3926 2967 3989 diximus,
3004 3923 3411 3977 mutabiiitatem
3444 3921 3610 3991 signi-

2034 4022 2189 4087 ﬁcat,
2219 4036 2377 4090 quam
2420 4023 2595 4074 omnis
2619 4018 2778 4071 homo
2822 4023 3016 4083 praeter
3051 4016 3322 4067 Christum
3348 4013 3606 4076 sustinet,

2033 4113 2124 4183 qui
2150 4113 2245 4165 hac
2269 4124 2429 4166 carne
2458 4110 2682 4163 vestitus
2729 4116 2831 4161 est.
2861 4104 3159 4173 Exprobrat
3197 4104 3338 4156 enim
3382 4102 3459 4156 vir
3486 4118 3609 4157 sau~

2034 4204 2302 4259 ctissimus
2334 4197 2613 4255 mundanae
2642 4198 2764 4253 vita:
2799 4196 3241 4253 censuetttdinem
3275 4196 3467 4247 malam
3488 4238 3500 4259 ,
3537 4193 3601 4247 ad

2034 4294 2177 4350 illam
2218 4303 2471 4347 aeternam
2515 4289 2827 4345 desiderans
2860 4287 3140 4356 pervenire
3182 4284 3561 4339 beatitudinem
3590 4328 3605 4351 ,

2034 4385 2123 4439 ubi
2176 4398 2236 4439 se
2294 4379 2624 4450 intelligebat
2680 4376 2984 4433 habiturum
3039 4390 3160 4431 cum
3220 4375 3426 4445 angelis
3490 4372 3609 4444 por-

337 4483 491 4535 mihi.
520 4480 649 4534 Post
679 4477 817 4530 illam
847 4486 952 4529 tam
996 4488 1239 4543 magnam
1267 4471 1577 4541 patientiam
1600 4509 1615 4533 ,
1660 4481 1714 4525 et
1746 4469 1930 4523 invicti
1961 4483 2014 4543 ι)
2038 4474 2260 4529 tionem.

338 4571 511 4625 animi
534 4569 701 4623 robur
722 4566 976 4621 eximium
995 4608 1009 4633 ,
1034 4564 1324 4618 absurdum
1352 4572 1432 4616 est
1452 4564 1670 4615 credere
1690 4576 1930 4615 sanctum

342 4662 521 4716 virum
553 4657 823 4712 desiderio
871 4656 1025 4725 hujus
1067 4655 1191 4709 vita:
1240 4668 1500 4708 annorum
1553 4652 1652 4705 sibi
1691 4654 1931 4705 notitiam

344 4752 652 4819 postulasse
682 4763 697 4802 :
725 4749 817 4803 sed
850 4748 1037 4817 plenus
1084 4744 1357 4800 desiderio
1393 4745 1596 4799 Domini
1633 4742 1930 4799 Salvatoris

342 4848 532 4913 (quem
568 4850 682 4895 tcta
731 4847 909 4894 mente
954 4837 1131 4892 decuit
1188 4835 1441 4907 perquiri)
1473 4835 1613 4890 scire
1648 4835 1812 4889 voluit
1840 4839 1931 4904 qui

340 4940 391 4989 ei
426 4936 563 4988 lucis
605 4932 865 4987 terminus
912 4940 1189 4998 pararetur
1229 4930 1319 4985 :si
1371 4930 1631 4999 potuisset
1677 4929 1742 4983 ad
1788 4929 1929 4983 illam

342 5036 594 5082 sanctam
641 5025 1064 5081 incarnationem
1083 5063 1099 5089 ,
1130 5039 1287 5093 quam
1314 5024 1554 5093 gestabat
1583 5034 1794 5088 mente,
1816 5023 1932 5091 ejus

344 5120 665 5187 longaevitas
692 5116 991 5186 pervenire.
1018 5116 1154 5171 Petit
1175 5131 1303 5186 ergo
1334 5126 1391 5171 ut
1413 5133 1566 5171 suum
1592 5117 1745 5185 ﬁnem
1768 5133 1933 5171 nove-

346 5212 420 5262 rit
440 5250 458 5272 ,
485 5208 537 5262 id
567 5218 684 5272 est,
712 5206 995 5261 Dominum
1044 5206 1395 5262 Salvatorem.
1426 5208 1540 5277 Ipse
1568 5208 1709 5261 enim
1749 5217 1931 5261 noster

341 5311 433 5357 est
459 5301 602 5370 ﬁnis,
622 5300 688 5353 ad
710 5314 866 5369 quem
893 5300 1199 5369 pervenisse
1227 5302 1331 5353 vita
1352 5308 1434 5355 est
1451 5300 1797 5355 nihilominus
1818 5301 1933 5355 sine

344 5396 487 5459 fine;
518 5396 561 5448 si
604 5404 784 5447 tamen
830 5407 953 5446 eum
999 5393 1171 5461 culpis
1216 5393 1562 5462 sequentibus
1610 5408 1713 5445 non
1745 5393 1937 5447 redda-

343 5502 475 5539 mus
506 5485 793 5540 inl’ensutn.
830 5483 1028 5538 Deinde
1046 5500 1315 5537 numerum
1353 5497 1571 5538 suorum
1594 5482 1794 5536 dierum
1836 5485 1933 5539 de—

343 5579 556 5633 siderat
599 5577 917 5644 advertere,
973 5585 1033 5630 ut
1070 5575 1370 5631 evidentius
1400 5582 1682 5643 appareret
1728 5576 1772 5630 si
1820 5575 1936 5645 ejus

344 5679 706 5739 ci-nspcctum
730 5669 889 5725 etiam
914 5668 1187 5739 corporeis
1228 5669 1397 5726 oculis
1448 5678 1746 5725 mereretur
1788 5669 1931 5738 aspi-

2110 4568 2263 4625 Vers.
2285 4567 2336 4622 8.
2365 4565 2667 4635 Quanquam
2694 4563 2744 4617 in
2768 4564 2987 4634 imagine
3036 4560 3131 4615 Dei
3177 4563 3401 4615 ambulet
3439 4564 3608 4627 homo,

2036 4673 2201 4717 tamen
2230 4676 2356 4714 vane
2376 4659 2761 4712 conturbabitur
2782 4672 2799 4713 :
2824 4656 3132 4709 thesaurizat
3152 4696 3165 4719 ,
3197 4666 3245 4709 et
3282 4655 3484 4724 ignorat
3527 4657 3610 4708 cui

2033 4761 2307 4825 congregat
2335 4768 2415 4806 ea.
2446 4751 2597 4817 Quod
2628 4764 2749 4803 vere
2778 4747 3107 4815 sipientibus
3135 4747 3290 4811 inest,
3325 4755 3607 4815 potquam

2038 4845 2385 4916 probabiliter
2416 4843 2599 4903 tacuit.
2644 4851 2695 4896 et
2728 4841 2972 4910 religiose
3002 4840 3207 4893 locutus
3228 4847 3330 4901 est,
3363 4839 3505 4891 venit
3546 4839 3610 4891 ad

2037 4936 2280 4994 ordinem
2310 4933 2600 4989 secundum
2625 4974 2640 5000 ,
2690 4932 2778 4987 ubi
2828 4923 3259 5000 qttinquepartito
3300 4931 3611 4997 syllogismo

2037 5026 2227 5096 probat
2250 5035 2443 5095 praeter
2484 5024 2575 5078 Dei
2606 5037 2753 5092 spem
2785 5032 2943 5091 atque
2974 5022 3446 5091 exSpeetationem,
3485 5027 3600 5088 post

2038 5120 2196 5189 primi
2226 5117 2457 5172 hominis
2484 5114 2960 5184 transgressionem
3008 5115 3298 5166 humanum
3330 5127 3494 5181 genus
3518 5125 3600 5162 va-

2040 5213 2194 5267 nitati
2255 5226 2373 5265 esse
2430 5209 2751 5279 subjectum.
2812 5207 2916 5262 Sed
2966 5206 3222 5274 dicendo,
3278 5218 3607 5275 quanquam,

2041 5304 2220 5360 nescio
2250 5301 2373 5372 quid
2405 5303 2637 5370 amplum
2659 5343 2673 5367 ,
2709 5299 2890 5353 nescio
2920 5296 3045 5367 quid
3078 5297 3283 5365 insigne
3321 5295 3431 5347 vult
3462 5293 3613 5346 intel-

2042 5396 2163 5465 ligi;
2196 5394 2337 5464 quod
2366 5393 2491 5449 licet
2522 5393 2682 5447 homo
2709 5401 2898 5461 gestet,
2930 5399 3106 5443 tamen
3151 5388 3300 5440 vanis
3331 5386 3612 5441 desideriis

2040 5493 2350 5554 occupatur.
2374 5484 2477 5539 Sed
2507 5484 2631 5553 quid
2663 5483 2731 5537 sit
2761 5480 2899 5535 istud
2921 5478 3190 5534 excelsum
3218 5487 3611 5545 consequenter

2040 5576 2261 5649 exponit
2291 5594 2303 5627 :
2332 5575 2396 5628 In
2426 5576 2647 5645 imagine
2679 5573 2771 5627 Dei
2813 5572 3030 5624 ambulet
3078 5569 3250 5622 homo.
3296 5568 3471 5638 lmago
3524 5568 3615 5625 Dei

2042 5675 2125 5724 est
2175 5665 2261 5721 illa
2298 5679 2455 5735 quam
2484 5664 2642 5720 homo
2682 5663 2734 5719 in
2785 5676 2964 5717 rerum
3011 5657 3317 5716 conditione
3359 5660 3596 5730 suscepit
