4030 6172
339 236 444 293 235
879 218 885 224 '
1588 230 1656 286 ti.
1701 226 1933 286 suam.

2041 184 2430 284 :ASSlODORl
3495 223 3598 280 εει

341 352 555 424 quando
585 351 788 408 dictum
818 357 902 406 est
937 365 951 402 :
988 345 1260 402 Faciamus
1279 345 1535 401 hominem
1565 344 1633 398 ad
1657 343 1926 416 imaginem
1958 345 2002 404 A
2033 355 2188 398 cesse
2237 347 2354 395 erat
2407 347 2464 394 ut
2511 337 2639 394 illud
2689 347 2897 408 tempus
2941 343 3254 405 expectare
3303 333 3604 406 debuisset,

343 459 390 501 et
414 447 801 502 similitudinem
822 453 1049 498 nostram
1079 441 1282 513 (lienes.
1310 455 1352 506 ι,
1378 437 1492 509 96).
1519 438 1639 494 lltcc
1661 436 1926 492 sententia

343 540 420 595 sic
451 539 602 596 nobis
632 535 864 592 breviter
902 533 1069 587 divisa
1102 531 1390 597 constabit,
1420 529 1463 584 si
1496 530 1741 598 primitus
1771 527 1929 583 intel-

345 629 568 700 ligamus
605 626 747 682 aliud
797 639 919 680 esse
959 622 1261 700 imaginem,
1310 620 1448 674 aliud
1496 618 1924 674 similitudinem.

352 699 534 793 Imago
589 717 785 787 quippe
831 715 995 769 habet
1038 699 1442 769 similitudinem
1481 711 1598 780 ejus
1643 710 1719 764 rei
1774 708 1926 779 cujus

342 812 520 880 imago
542 816 643 863 est.
670 805 977 862 Similitudo
1005 814 1182 859 autem
1215 817 1320 858 non
1359 816 1573 872 semper
1620 800 1782 856 habet
1810 799 1927 870 ejus

343 901 629 972 imaginem
685 900 770 954 cui
823 897 1016 954 similis
1046 905 1147 952 est.
1192 895 1260 950 Et
1315 893 1436 950 ideo
1475 893 1700 948 interior
1741 895 1925 961 homo,

341 995 430 1064 qui
449 1037 463 1059 ,
495 993 636 1048 sicut
655 990 787 1048 dicit
813 987 1101 1061 Apostolus
1131 1001 1145 1040 :
1181 984 1477 1039 Renavatur
1504 985 1566 1039 de
1606 981 1689 1035 die
1715 982 1768 1034 in
1795 981 1929 1034 diem

346 1083 432 1156 (11
463 1084 582 1139 Cor.
612 1097 688 1148 tv,
725 1080 835 1152 16),
872 1082 924 1135 in
956 1094 1063 1150 quo
1092 1086 1175 1134 est
1202 1074 1556 1147 intelligentia
1586 1073 1844 1136 rationis,
1873 1079 1930 1127 et

344 1174 582 1230 veritatis
606 1173 828 1244 agnitio,
862 1181 918 1227 et
944 1169 1317 1226 immortalitas
1337 1183 1368 1222 a
1398 1165 1690 1222 Divinitate
1707 1165 1923 1229 collata,

347 1265 542 1321 merito
583 1263 780 1318 dicitur
803 1262 998 1318 habere
1043 1261 1320 1334 imaginem
1363 1259 1456 1314 Del
1480 1273 1500 1314 :
1526 1258 1779 1329 quoniam
1832 1269 1928 1324 pro

343 1353 603 1422 spirituali
658 1361 874 1408 actuum
920 1366 1139 1406 suorum
1185 1350 1538 1420 dispositione
1589 1345 1932 1417 praestantior

345 1453 450 1499 est.
481 1443 729 1498 Exterior
757 1457 885 1497 vero
914 1441 1100 1508 homo,
1131 1440 1198 1496 de
1228 1454 1334 1510 quo
1365 1439 1507 1494 idem
1540 1438 1672 1493 dicit
1700 1437 1933 1508 Aposto-

345 1539 431 1590 lus
450 1576 464 1601 ,
494 1535 585 1604 qui
617 1535 962 1599 corrumpitur
993 1531 1258 1604 (Ibidem),
1286 1540 1340 1587 et
1376 1531 1588 1587 diverso
1620 1531 1930 1599 passionum

327 1627 489 1680 lusce
517 1631 899 1694 prtegravatur,
936 1621 1098 1676 habet
1133 1629 1314 1674 tamen
1359 1619 1588 1690 aliquam
1619 1617 1931 1674 similitudi-

2029 432 2241 504 quando
2264 447 2385 486 eum
2412 439 2612 486 mterna
2640 429 2861 501 prmmia
2883 436 3224 483 coronarent.
3251 427 3608 485 Substantiam

2030 537 2158 580 vero
2211 538 2388 592 suam,
2449 521 2533 575 hic
2582 536 2687 576 non
2722 519 2865 575 illam
2914 516 3044 572 Adae
3069 558 3084 584 ,
3117 532 3274 586 quam
3307 528 3432 574 ante
3470 519 3608 576 duos

2028 628 2216 670 versus
2242 612 2440 683 posuit,
2472 611 2620 666 dicit.
2652 610 2745 664 llla
2773 609 2916 666 enim
2942 611 2994 665 in
3022 610 3194 676 malo,
3235 609 3336 663 ista
3377 609 3430 663 in
3465 609 3609 666 bono

2028 713 2320 760 memorata
2353 711 2436 759 est
2470 722 2482 756 :
2519 703 2644 773 quia
2695 717 2892 758 nomen
2937 704 3270 774 tequivocum
3319 711 3422 756 est.
3465 703 3608 770 Qua-

2030 805 2247 868 ptOptet'
2266 796 2355 850 hic
2398 795 2739 851 substantiam
2787 793 2840 850 in
2867 794 3062 849 bonam
3099 801 3306 865 partem
3352 793 3612 850 debemus

2030 891 2318 959 accipere,
2363 887 2570 944 scilicet
2627 886 2971 942 conscientias
3024 885 3452 956 possessionem,
3505 899 3611 955 qua

2035 979 2459 1048 sustentabatur,
2492 992 2594 1048 qua
2617 976 2960 1049 pascebatur,
2985 991 3090 1046 qua
3119 975 3274 1031 dives
3297 984 3351 1030 ct
3379 975 3613 1045 paterfa-

2032 1072 2209 1126 milias
2234 1081 2370 1126 erat.
2418 1071 2546 1124 Ante
2575 1082 2620 1124 te
2645 1078 2741 1137 est,
2763 1067 2934 1134 dixit,
2959 1082 3067 1124 non
3109 1068 3162 1122 in
3193 1067 3422 1122 sacculis
3446 1067 3608 1130 meis,

2032 1172 2088 1218 ut
2128 1178 2288 1234 supra
2334 1163 2403 1216 de
2437 1161 2616 1217 avaris
2656 1169 2739 1214 est
2782 1159 3052 1230 positum:
3087 1159 3137 1212 in
3168 1166 3456 1226 conspectu
3488 1167 3612 1222 tuo,

2032 1267 2139 1307 non
2190 1253 2242 1307 in
2266 1250 2486 1306 occultis
2525 1250 2691 1316 meis,
2740 1249 2833 1304 ubi
2879 1248 3281 1304 inextricabiles
3324 1247 3617 1316 probantur

2032 1363 2155 1404 esse
2195 1348 2421 1404 divitias.
2476 1347 2551 1402 De
2594 1346 2685 1402 illa
2740 1348 2884 1402 enim
2935 1361 3057 1416 qua:
3109 1345 3476 1414 vituperabilis
3518 1345 3617 1399 luit

2032 1439 2236 1494 dictum
2279 1449 2363 1494 est
2396 1438 2703 1508 :Tanquam
2745 1438 2966 1491 nihilum
3008 1447 3126 1492 ante
3178 1447 3226 1490 te
3268 1446 3384 1491 est:
3415 1436 3482 1492 de
3517 1438 3616 1492 ista

2032 1546 2163 1586 vero
2194 1531 2425 1600 positum
2454 1540 2566 1594 est,
2593 1539 2713 1583 ante
2751 1538 2798 1584 te
2825 1538 2898 1583 est
2930 1545 2950 1586 :
2976 1529 3065 1584 ubi
3091 1544 3214 1585 esse
3240 1529 3372 1583 nihil
3407 1536 3616 1600 potest,

2035 1623 2135 1678 nisi
2162 1621 2304 1690 quod
2332 1622 2564 1692 gloriosa
2605 1619 2769 1674 fuerit
2805 1619 3017 1674 actione
3046 1619 3363 1690 perlectum.

346 1732 466 1771 nem
499 1716 790 1778 Creatoris,
815 1729 881 1768 ex
915 1728 980 1768 eo
1011 1711 1151 1782 quod
1200 1711 1350 1778 vivit,
1403 1710 1546 1781 quod
1591 1711 1758 1778 videt,
1783 1709 1924 1778 quod
1959 1724 2007 1785 Β
2105 1713 2257 1770 Vers.
2291 1714 2378 1767 it).
2402 1712 2476 1766 Ab
2497 1711 2729 1765 cornibus
2769 1710 3121 1782 iniquitatibus
3165 1713 3292 1766 meis
3315 1713 3453 1780 eripe
3494 1725 3617 1765 me:

346 1819 448 1877 est,
475 1808 617 1878 quod
647 1807 715 1862 ad
746 1815 981 1862 mentem
1005 1807 1340 1860 convertitur
1365 1820 1425 1860 se
1451 1813 1752 1875 regentem,
1783 1805 1928 1874 quod

349 1903 490 1956 inter
512 1909 789 1956 creaturas
818 1899 1050 1968 reliquas
1079 1898 1230 1952 valde
1255 1897 1451 1952 dicitur
1472 1897 1702 1959 bonum;
1745 1913 1932 1966 quatu—

350 1995 428 2049 vis
459 1993 638 2048 hacin
663 1993 772 2047 Deo
801 1991 957 2060 longe
983 1990 1137 2045 aliter
1169 2004 1488 2059 summeque
1509 1991 1640 2056 sint,
1675 2002 1831 2058 quant
1875 1989 1929 2043 iu

349 2087 608 2142 creaturis
634 2099 756 2140 es=e
802 2084 1071 2138 dicuntur.
1113 2081 1219 2137 Sed
1272 2081 1398 2153 quid
1430 2081 1609 2136 dicam
1656 2079 1930 2135 hominem

349 2177 706 2234 exteriorem?
755 2177 1106 2244 Comparatur
1136 2173 1214 2227 illi
1249 2180 1306 2228 et
1336 2173 1558 2239 vermis,
1589 2179 1933 2241 comparatur

348 2278 404 2322 et
429 2269 535 2336 lco,
558 2273 900 2336 comparatur
925 2273 978 2320 et
1007 2264 1162 2332 lapis,
1183 2278 1289 2318 non
1308 2262 1568 2334 dignitate
1596 2262 1749 2316 subst
1767 2269 1930 2328 entia),

349 2361 442 2416 sed
465 2377 528 2415 ex
557 2359 733 2429 aliqua
762 2357 1131 2414 similitudinis
1155 2366 1326 2428 parte.
1359 2355 1449 2410 Sic
1468 2354 1536 2410 ad
1567 2355 1851 2424 imaginem
1879 2362 1935 2408 et

349 2451 754 2508 similitudinem
801 2464 952 2504 suam
991 2449 1181 2504 fecisse
1230 2449 1504 2504 hominem
1545 2454 1692 2502 recte
1738 2446 1934 2500 intelli-

349 2547 492 2614 gitur
533 2544 694 2609 Deus,
740 2543 789 2598 si
817 2545 929 2598 suis
960 2541 1200 2613 partibus
1231 2541 1402 2596 divisa
1430 2539 1746 2596 reddantur.
1779 2539 1933 2607 Quod

351 2636 511 2692 Pater
534 2634 930 2706 Augustinusin
963 2635 1100 2691 libro
1130 2634 1494 2702 Quaestionum
1514 2633 1668 2688 titu'o
1697 2632 1934 2687 secundo

351 2725 493 2793 (Lib.
541 2741 743 2780 Lxxxnt
776 2725 995 2792 Quint,
1027 2733 1209 2797 quazst.
1262 2726 1357 2794 51)
1404 2723 1654 2779 subtilius
1712 2723 1935 2794 diligen-

352 2822 564 2890 tiusque
607 2818 876 2876 tractavit.
906 2818 1012 2874 Sed
1054 2819 1175 2873 licet
1208 2817 1383 2887 imago
1413 2817 1514 2871 ista
1545 2831 1735 2886 magna
1763 2816 1853 2880 sit,
1882 2823 1938 2870 et

352 2911 481 2963 tanti
527 2910 760 2964 auctoris
812 2909 988 2980 aliqua
1040 2908 1394 2963 similitudine
1440 2907 1735 2978 glorietur,
1791 2905 1934 2977 quod

351 3003 502 3069 vivit,
549 3003 689 3073 quod
734 3002 1035 3069 rat'onalis,
1079 3002 1221 3071 quod
1262 3000 1582 3055 immortalis
1611 3007 1740 3056 est:
1775 3000 1935 3053 homo

2035 1807 2371 1874 opprobrium
2400 1806 2661 1874 insipienti
2676 1803 2860 1858 dedisti
2875 1820 2971 1858 me.
3000 1802 3259 1872 Quamvis
3282 1805 3382 1858 iste
3402 1812 3619 1861 sanctus

2033 1897 2295 1969 probabili
2326 1911 2382 1950 se
2412 1895 2698 1950 devotione
2729 1904 2984 1950 tractaret
3017 1937 3031 1962 ,
3073 1904 3253 1950 tamen
3287 1893 3442 1966 134
3473 1901 3623 1966 rogat

2035 1997 2093 2044 ut
2122 1989 2186 2042 ab
2215 1986 2452 2058 omnibus
2482 1987 2832 2054 iniquitatibus
2862 1986 2976 2040 suis
3020 1985 3228 2041 Domini
3273 1986 3624 2043 miseratione

2037 2078 2328 2145 liberetur;
2374 2087 2432 2133 ut
2481 2091 2836 2147 agnoscamus
2881 2077 3148 2132 neminem
3194 2076 3282 2132 hic
3321 2091 3442 2132 esse
3471 2092 3625 2133 secu-

2038 2188 2186 2236 rum,
2209 2174 2456 2242 quamvis
2488 2171 2744 2226 bcnelicia
2777 2171 2956 2224 divina
2986 2173 3310 2240 perceperit.
3344 2173 3473 2225 Nam
3502 2187 3622 2226 cum

2035 2265 2191 2331 dicit,
2217 2263 2277 2317 ab
2301 2263 2555 2329 omnibus,
2583 2262 2852 2333 signiﬁcat
2877 2262 3214 2332 iniquitatum
3238 2263 3479 2318 diversas
3501 2278 3624 2318 esse

2037 2355 2314 2420 minutias;
2345 2355 2485 2408 sicut
2511 2355 2563 2408 in
2592 2354 2805 2410 decimo
2826 2364 3017 2410 octavo
3044 2356 3251 2426 psalmo
3272 2355 3475 2412 dictum
3499 2366 3583 2412 est
3608 2371 3622 2409 :

2038 2446 2236 2501 Delicta
2262 2448 2374 2516 quis
2393 2447 2749 2518 intelligitiab
2780 2447 2991 2503 occultis
3020 2449 3143 2502 meis
3164 2450 3354 2503 munda
3385 2466 3487 2518 me,
3515 2450 3624 2505 Do-

2035 2540 2193 2604 mine,
2232 2539 2365 2592 etab
2406 2539 2588 2592 alienis
2637 2554 2791 2610 parce
2831 2555 2974 2593 servo
3013 2550 3100 2594 tuo
3130 2538 3300 2609 (Psal.
3331 2557 3479 2606 XVIII,
3513 2544 3624 2611 1'5).

2036 2628 2308 2698 Sequitur,
2341 2629 2672 2699 opprobrium
2703 2631 2960 2701 insipienti
2985 2632 3170 2686 dedisti
3201 2649 3299 2710 me:
3329 2635 3628 2690 Stultorum

2036 2720 2368 2777 consuetudo
2416 2722 2535 2775 talis
2583 2730 2683 2785 est,
2714 2731 2774 2776 ut
2802 2721 2922 2777 illos
2958 2723 3128 2794 magis
3159 2725 3444 2791 irrideant,
3489 2740 3630 2796 quos

2037 2812 2191 2868 bonis
2222 2813 2461 2868 moribus
2488 2813 2706 2869 studere
2743 2824 3093 2882 cognoscunt.
3125 2815 3353 2871 Sanctus
3381 2832 3507 2887 ergo
3542 2817 3626 2872 \ir

2038 2905 2366 2973 opprobrium
2407 2915 2522 2959 erat
2551 2906 2727 2961 stultis
2747 2947 2762 2972 ,
2792 2908 2913 2975 quia
2938 2905 3038 2961 sibi
3062 2906 3377 2963 dissimilem
3409 2923 3634 2977 respue-

2039 2996 2185 3051 btnt.
2217 2997 2340 3052 Sola
2368 2997 2511 3053 enim
2541 2998 2792 3054 scelerati
2822 3000 3040 3056 laudant
3089 3017 3210 3072 quae
3253 3003 3497 3059 videntur
3523 3004 3624 3061 ba-

352 3104 532 3151 tatnen
560 3096 680 3167 quia
704 3095 815 3166 jam
840 3095 1012 3150 factus
1032 3104 1116 3150 est
1143 3095 1374 3164 peccatis
1397 3094 1684 3159 obnoxius,
1708 3102 1762 3148 et
1782 3093 1935 3163 primi
1964 3098 2011 3161 ο
2045 3089 2172 3144 here
2199 3091 2522 3146 communia.

353 3188 518 3256 patris
540 3195 661 3241 ante
687 3190 1166 3256 transgressionem
1190 3185 1405 3255 puritati
1428 3184 1729 3249 dissimilis,
1755 3192 1934 3238 tamen

352 3278 569 3334 caducis
598 3278 879 3335 desideriis
903 3281 1143 3334 turbatur
1166 3288 1327 3349 atque
1355 3278 1704 3334 confunditur
1733 3294 1746 3331 :
1779 3281 1938 3334 modo

352 3371 547 3423 victum
579 3371 845 3442 cogitans,
889 3370 1049 3424 modo
1099 3385 1163 3425 ve
1195 3378 1300 3425 tem
1331 3371 1574 3439 corporis
1617 3371 1938 3426 necessitate

353 3461 704 3531 perquirens,
730 3462 812 3517 vel
840 3462 940 3517 alia
987 3461 1146 3515 nimis
1178 3463 1459 3516 innumera
1480 3505 1493 3529 ,
1528 3460 1721 3530 quibus
1750 3461 1803 3514 in
1837 3462 1938 3515 hoc

353 3551 552 3606 mundo
587 3550 798 3606 subdita
848 3559 1058 3605 tenetur
1097 3550 1420 3604 humanitas.
1469 3550 1536 3604 Et
1583 3551 1717 3605 bene
1766 3549 1936 3616 dixit,

351 3640 774 3694 t'o.turbabitur:
802 3641 926 3711 quia
968 3640 1254 3709 puritatem
1300 3641 1498 3696 mentis
1543 3640 1808 3710 perdunt,
1847 3642 1938 3717 qui

352 3735 634 3790 desideriis
663 3737 1049 3805 temporalibus
1079 3745 1428 3806 occupantur.
1462 3737 1700 3802 Addidit,
1726 3738 1932 3792 thesau-

351 3828 480 3881 νῖκαι
507 3835 552 3880 et
577 3828 779 3898 ignorat
802 3828 883 3881 cui
912 3836 1189 3899 congregat
1215 3843 1294 3882 ea.
1330 3828 1464 3883 llinc
1493 3828 1750 3896 probatur
1773 3829 1935 3884 stulta

353 3919 583 3984 vanitas,
607 3923 861 3990 quoniam
881 3921 1028 3991 cupit
1044 3921 1280 3992 peritura
1306 3935 1523 3976 servare
1551 3930 1604 3976 et
1626 3921 1938 3978 transitoria

351 4011 651 4078 custodire;
681 4013 914 4069 maxime
963 4027 1083 4068 cum
1133 4013 1407 4083 possessio
1443 4027 1628 4068 eorum
1682 4013 1940 4083 probetur

352 4101 572 4160 incerta.
600 4106 733 4170 Nam
781 4107 870 4178 qui
913 4121 973 4162 se
1005 4113 1158 4176 putat
1199 4106 1379 4161 charis
1431 4106 1555 4161 [iliis
1605 4106 1935 4176 relinquere,

352 4196 562 4264 igni-rat
592 4197 635 4252 si
667 4213 730 4253 ea
761 4213 867 4253 non
894 4197 1173 4269 contingat
1200 4195 1602 4253 inimicissimos
1637 4197 1936 4267 possidere.

355 4289 418 4342 lit
462 4289 671 4345 intuere
697 4291 820 4360 quia
841 4331 858 4355 ,
897 4291 1024 4346 licet
1069 4291 1236 4344 multa
1278 4291 1386 4344 sint
1419 4289 1541 4345 simi
1566 4291 1637 4356 ia,
1669 4291 1719 4344 in
1747 4290 1938 4359 quibus

355 4379 629 4432 hominum
701 4380 1031 4434 mutabilitas
1101 4389 1406 4446 accusetur,
1486 4379 1708 4434 avaritia
1755 4390 1934 4436 tamen

2113 3178 2264 3235 Vers.
2291 3182 2377 3236 H.
2407 3181 2670 3251 Obmutui,
2699 3191 2747 3237 et
2777 3199 2876 3237 non
2892 3187 3070 3253 aperui
3091 3201 3148 3240 os
3170 3188 3630 3257 meum;quoniam

2041 3282 2095 3327 tu
2124 3273 2288 3340 fecisti
2319 3290 2417 3330 me.
2444 3274 2597 3330 Redit
2633 3277 2701 3328 ad
2734 3277 3010 3343 superiora
3057 3294 3176 3347 quas
3201 3279 3439 3343 dixerat,
3484 3295 3638 3336 asse-

2041 3379 2166 3419 rens
2193 3381 2297 3419 non
2321 3366 2662 3434 reSpoudisse
2683 3367 2910 3422 inimicis
2931 3369 3072 3436 suis;
3102 3369 3202 3426 hoc
3227 3371 3385 3425 etiam
3408 3371 3509 3426 add
3548 3387 3640 3438 ns,

2039 3458 2278 3527 quoniam
2329 3467 2384 3512 tu
2429 3459 2613 3529 fet-isti.
2658 3460 2775 3528 Ipse
2819 3462 3000 3532 utique
3039 3463 3178 3532 fecit,
3224 3465 3315 3534 qui
3363 3466 3642 3534 patien'ita

2041 3547 2179 3604 dona
2207 3551 2498 3606 concessit.
2529 3551 2657 3606 Nam
2688 3551 2789 3608 hoc
2818 3563 2924 3608 tam
2968 3554 3185 3610 salubre
3214 3555 3483 3612 silentium
3523 3573 3640 3614 non

2042 3640 2348 3710 habuisset,
2382 3643 2483 3697 nisi
2514 3643 2752 3699 caelestis
2781 3644 2998 3714 largitas
3023 3645 3274 3704 dedisset.

2117 3732 2268 3788 Vcrs.
2301 3731 2386 3789 12.
2414 3734 2601 3789 Amove
2647 3751 2681 3789 a
2725 3751 2806 3789 me
2842 3736 3024 3806 plagas
3075 3745 3224 3804 tuas,
3277 3756 3308 3792 a
3334 3740 3648 3809 fortitudine

2041 3823 2172 3878 enim
2203 3841 2385 3878 manus
2427 3834 2527 3880 tua:
2558 3841 2650 3896 ego
2675 3826 2857 3897 defeci.
2891 3827 3168 3883 Prtemissa
3199 3843 3357 3885 causa
3385 3830 3608 3887 dev0tio
3627 3865 3642 3874 ε

2041 3913 2147 3981 nis,
2193 3913 2427 3969 Iditlmm
2452 3925 2820 3986 competenter
2852 3920 3062 3973 veniam
3109 3919 3269 3990 petit;
3299 3931 3355 3975 ut
3379 3924 3465 3991 qui
3500 3939 3644 3991 prm-

2041 4014 2198 4074 cepta
2213 4015 2426 4062 secutus
2447 4005 2620 4063 fuerat
2642 4008 2881 4076 Domini,
2910 4021 3209 4066 mereretur
3232 4012 3426 4067 audiri.
3453 4011 3646 4081 Plaga

2041 4105 2167 4150 sunt
2219 4099 2590 4167 correptiones
2639 4115 2758 4168 qutc
2801 4099 2868 4156 de
2912 4101 3124 4171 ﬂagello
3154 4103 3403 4170 veniunt,
3438 4107 3642 4174 quibus

2041 4201 2139 4256 pro
2181 4189 2388 4247 nostris
2434 4192 2669 4261 peccatis
2709 4191 3008 4261 justissime
3063 4195 3432 4251 verberamur.
3490 4197 3646 4266 lpsas

2041 4295 2170 4349 ergo
2218 4283 2590 4337 sanctissimus
2634 4283 2716 4337 vir
2759 4285 3028 4341 desiderat
3066 4289 3288 4342 amoveri
3315 4304 3433 4358 qua:
3460 4289 3646 4360 culpis

2041 4370 2371 4427 debebantur
2397 4373 2672 4430 admissis.
2701 4376 2875 4432 Fortis
2897 4392 3086 4432 manus
3111 4379 3344 4449 graviter
3371 4380 3641 4452 ﬂagellat;
3681 4411 3694 4416 -

351 4468 522 4520 electa
564 4474 677 4533 est,
719 4468 803 4521 cui
853 4468 970 4522 hmc
1024 4469 1200 4537 potius
1240 4468 1607 4536 imputentur;
1641 4477 1699 4524 ut
1728 4469 1938 4540 insigne
1971 4475 2014 4535 υ
2043 4475 2094 4519 et
2125 4479 2349 4520 necesse
2377 4474 2497 4521 erat
2525 4467 2818 4535 quemlibet
2858 4468 3008 4524 illum
3038 4469 3300 4541 deficere,
3333 4486 3488 4543 quem
3523 4486 3649 4527 ma-

357 4561 552 4616 malum
605 4561 814 4616 audiret
852 4561 993 4630 quod
1039 4561 1138 4616 sibi
1187 4561 1412 4626 dictum,
1455 4569 1510 4636 et
1557 4560 1685 4614 vitia
1728 4561 1934 4632 minora

353 4641 771 4723 cognoscerent;
813 4655 1070 4724 scriptum
1124 4662 1208 4707 est
1255 4654 1401 4706 enim
1436 4667 1451 4704 :
1485 4651 1663 4706 Radix
1709 4652 1936 4706 omnium

357 4743 614 4798 titulorum
634 4744 892 4812 cupiditas
921 4741 973 4815 (I
1000 4741 1138 4798 Tim.
1163 4757 1236 4809 Vl,
1272 4741 1384 4813 10.)

427 4836 578 4891 Vcrs.
610 4835 663 4892 9.
696 4834 763 4888 Et
791 4851 927 4888 nunc
955 4850 1067 4903 quae
1117 4843 1190 4890 est
1235 4835 1544 4905 exspectatio
1573 4850 1687 4888 mea
1713 4835 1738 4889 ?
1766 4851 1935 4890 nonne

356 4928 642 4983 Dominus?
685 4937 732 4980 et
784 4927 1070 4980 substantia
1115 4943 1227 4980 utea
1268 4937 1386 4980 ante.
1423 4936 1470 4980 te
1514 4934 1612 4980 est.
1671 4927 1936 4982 Prtedicta

353 5017 572 5073 humani
621 5016 835 5088 generis
878 5018 1225 5074 vitiosissima
1282 5017 1549 5083 vanitate,
1612 5033 1753 5072 nunc
1796 5019 1938 5074 redit

351 5110 418 5164 ad
449 5124 733 5180 personam
756 5125 909 5166 suam
934 5151 951 5176 ,
999 5110 1350 5180 pronuntians
1381 5111 1804 5180 exspectationem
1833 5111 1963 5167 sibi'

351 5215 474 5257 esse
515 5198 795 5254 Dominum
819 5197 1114 5268 Christum,
1151 5215 1251 5255 nec
1299 5200 1353 5253 in
1401 5200 1620 5254 caducis
1655 5199 1936 5256 desideriis

351 5308 413 5348 se
481 5292 679 5347 habere
735 5290 968 5362 aliquam
1045 5291 1552 5360 praesumptionem;
1615 5291 1713 5346 sed
1786 5293 1934 5349 illm

353 5393 700 5454 exspectare,
726 5379 820 5454 qui
857 5382 966 5451 jam
1011 5374 1326 5438 salutariter
1347 5382 1547 5437 mundo
1591 5386 1937 5450 cognoscitur

351 5476 656 5532 advenisse.
687 5476 872 5532 Potest
897 5483 1080 5531 autem
1109 5482 1222 5530 tunc
1252 5477 1560 5546 exspectatio
1587 5487 1642 5530 et
1668 5476 1932 5546 judicium

353 5565 680 5635 signiﬁcare,
708 5567 762 5622 in
805 5582 914 5638 quo
935 5566 1107 5623 sancti
1137 5577 1430 5622 noscuntur
1457 5582 1712 5638 perpetua
1743 5569 1932 5641 g-tudia

355 5658 672 5724 promereri.
703 5656 837 5713 Nam
892 5661 1148 5716 vitiorum
1191 5657 1486 5716 transilitor
1529 5661 1795 5732 egregius,
1841 5677 1934 5717 nc-

2047 4571 2146 4610 nus
2169 4558 2380 4613 excelsa
2410 4567 2735 4629 percuteret.

2115 4647 2274 4704 Vers.
2325 4648 2410 4704 15.
2463 4647 2531 4704 1η
2585 4650 3020 4720 increpationibus
3062 4662 3272 4723 propter
3312 4653 3473 4723 iniqui
3496 4665 3645 4712 atem

2043 4739 2340 4808 corripuisti
2373 4740 2648 4806 hominem,
2677 4750 2726 4794 et
2747 4741 3001 4796 tabescere
3029 4743 3194 4811 fecisti
3218 4744 3348 4798 sicut
3382 4759 3646 4800 araneam

2042 4831 2270 4883 animam
2319 4834 2432 4898 ejus
2477 4846 2497 4884 :
2535 4840 2882 4886 verumtamen
2928 4849 3054 4899 uane
3091 4835 3426 4888 conturbatur
3467 4838 3647 4891 cautis

2037 4922 2192 4978 homo
2221 4923 2408 4976 vivens.
2435 4923 2532 4977 llic
2560 4923 2732 4993 pietas
2763 4924 2974 4980 Domini
3001 4924 3282 4982 evidenter
3305 4927 3641 4995 ostenditur,

2041 5017 2132 5086 qui
2168 5031 2273 5070 non
2304 5015 2476 5086 diligit
2513 5017 2908 5088 increpationes,
2933 5019 3035 5084 nisi
3076 5028 3133 5074 ut
3179 5019 3424 5076 homines
3453 5021 3643 5075 corri-

2041 5118 2253 5177 gautur.
2287 5107 2540 5177 Iniquitas
2569 5109 2768 5179 quippe
2795 5111 3100 5166 mortalium
3133 5127 3282 5168 more
3337 5111 3649 5182 putredinis

2047 5198 2166 5254 sine
2211 5198 2317 5254 ﬁne
2363 5209 2666 5268 vagaretur,
2717 5201 2762 5256 si
2811 5216 2928 5257 eam
2976 5202 3308 5258 medicinalis
3344 5206 3651 5273 increpatio

2047 5291 2269 5345 n‘iinime
2319 5291 2621 5349 desecaret.
2653 5293 2804 5348 Tunc
2841 5293 2984 5349 enim
3027 5298 3412 5361 convertimur,
3453 5305 3578 5349 tunc
3614 5313 3650 5350 a

2046 5385 2186 5440 mala
2225 5383 2523 5440 intentione
2562 5386 2921 5456 discedimus,
2974 5389 3188 5459 quando
3231 5404 3327 5444 nos
3357 5389 3651 5458 praeceptis

2043 5477 2329 5534 dominicis
2357 5480 2508 5550 argui
2544 5496 2705 5552 posse
2734 5483 3014 5539 sentimus.
3049 5482 3250 5538 Aranea
3273 5498 3399 5538 vero
3437 5496 3652 5550 corpus

2044 5567 2206 5624 habet
2229 5575 2414 5638 tenue,
2440 5569 2491 5625 in
2517 5579 2657 5627 terra
2689 5587 2795 5626 non
2820 5570 3060 5641 habitat,
3087 5575 3181 5629 sed
3212 5588 3307 5643 per
3334 5573 3448 5627 loca
3480 5573 3656 5628 altio-

2043 5678 2100 5719 ra
2133 5663 2264 5720 telas
2316 5663 2572 5734 quasdam
2625 5666 2966 5725 tenuissimas
3007 5669 3276 5725 viscerum
3331 5668 3656 5740 digestione

3421 5825 3436 5856 I

3949 489 3978 524 ,Ξ
3991 469 4030 522 illi

3952 960 3963 992 ’ἶ
3976 954 4030 998 ἰδ’-ξιξ
