4030 6172
331 260 444 319 235

1217 265 1581 325 EXPOSITIO
1618 268 1683 325 IN
1715 272 2171 333 PSALTERIUM.
2212 277 2405 337 PSAL.
2450 281 2691 339 XXXIX.

3512 284 3615 341 286

329 379 566 436 Contexit
587 381 761 446 ;sicut
787 389 840 435 et
865 396 894 436 a
925 381 1241 451 quibusdam
1272 385 1544 442 vermibus
1574 389 1801 442 sericum
1833 388 1914 443 di-
1941 393 1992 454 Α
2024 394 2115 448 Dic
2137 397 2320 451 anima:
2344 414 2503 452 mem:
2531 398 2686 454 Salus
2716 409 2804 452 tua
2832 415 2923 471 ego
2945 416 3057 453 sum
3090 399 3264 469 (Psal.
3301 416 3451 461 xuu,
3483 401 3540 470 ὅ)
3574 417 3591 465 ;

326 472 472 528 citur
515 473 742 528 exﬁlari.
796 474 930 530 lluic
983 489 1114 545 ergo
1154 478 1348 547 exiguo
1396 479 1715 547 corpusculo
1769 489 1916 536 recte

325 564 580 618 conversi
628 572 684 619 et
726 563 912 619 amicti
958 568 1135 621 anima
1193 578 1556 636 comparatur,
1606 571 1694 640 qui
1745 570 1917 641 longis

325 657 802 712 observationibus
850 658 1154 728 vigiliisque
1198 659 1465 729 fatigatus,
1512 669 1722 716 terrena
1760 662 1919 718 dese-

326 763 475 815 rens,
511 749 888 804 subtilissimas
910 750 1253 818 operationes
1272 750 1528 807 virtutum
1551 752 1733 808 divino
1761 756 1918 809 timo-

327 859 385 898 re
435 843 760 899 tabeiicatus
786 842 971 899 efficit.
1014 843 1140 899 Post
1187 844 1302 900 haec
1338 846 1630 901 revertitur
1675 846 1739 901 ad
1784 846 1915 902 illud

324 949 438 988 suae
486 932 877 1004 propositionis
928 933 1138 989 initium
1189 953 1205 989 :
1258 934 1381 1006 quia
1404 936 1533 991 licet
1586 937 1911 1007 increpetur,

324 1026 452 1080 licet
485 1026 739 1092 tabeﬂat,
774 1033 952 1080 tamen
983 1025 1267 1096 fragilitate
1296 1027 1640 1082 humanitatis
1678 1027 1917 1083 diversa-

326 1133 445 1170 rum
491 1132 675 1172 rerum
719 1118 977 1173 varietate
1005 1118 1373 1174 confunditur.
1423 1119 1527 1174 Sed
1557 1119 1624 1173 ab
1665 1119 1764 1173 hac
1794 1134 1914 1189 per-

325 1208 635 1262 turbatione
678 1207 768 1262 ille
814 1208 962 1263 solus
996 1208 1280 1278 excipitur,
1311 1209 1400 1276 qui
1430 1208 1495 1263 ad
1525 1210 1758 1265 divinam
1788 1224 1917 1264 con-

320 1299 728 1366 b-mplationem
761 1312 891 1367 pura
924 1308 1102 1352 mente
1140 1298 1476 1353 transfertur.
1531 1299 1775 1354 Perfecta
1807 1310 1911 1365 est,

321 1400 374 1441 ut
389 1389 625 1455 aestimo,
649 1388 905 1445 rhetorici
926 1390 1221 1461 syllogismi
1239 1391 1326 1461 qui
1349 1390 1672 1460 epichirema
1695 1391 1912 1459 dicitur,

315 1482 757 1551 quinquepartita
794 1480 1071 1550 probatio,
1120 1497 1279 1552 quam
1313 1498 1457 1537 nunc
1493 1484 1751 1539 membris
1777 1485 1911 1549 suis,

316 1581 372 1627 ut
399 1588 709 1641 possumus,
735 1572 1085 1642 versibusquo
1115 1573 1424 1628 reddamus.
1470 1574 1770 1644 Propositio
1799 1575 1914 1630 eius

310 1674 398 1719 est
425 1681 439 1716 :
471 1663 792 1731 Quanquam
814 1664 867 1717 in
892 1663 1120 1733 imagine
1138 1663 1231 1717 Dei
1260 1663 1499 1719 ambulet
1521 1664 1701 1730 homo,
1735 1674 1910 1719 tamen

2021 489 2136 544 sive
2185 489 2356 544 illud:
2401 489 2603 553 Venite,
2647 490 2896 545 benedicti
2948 491 3124 547 Patris
3168 494 3297 558 ntei,
3357 494 3601 563 percipit:

2020 596 2230 649 regnum
2288 582 2425 648 quod
2473 582 2611 635 vobis
2656 592 2893 651 paratum
2936 592 3010 636 est
3050 583 3116 637 ab
3160 585 3357 653 origine
3417 585 3598 637 mundi

2020 668 2234 739 (Matth.
2255 686 2384 738 xxv,
2410 670 2522 740 54).
2548 672 2805 738 Quocirca
2834 675 3101 741 convenit,
3133 675 3382 743 quidquid
3401 675 3595 730 horum

2019 759 2223 815 sentire
2265 761 2516 815 volueris.
2581 760 2761 815 lncola
2810 778 2934 818 vero
2987 763 3208 830 dicitur,
3253 765 3342 834 qui
3402 775 3599 819 terram

2018 849 2166 917 colit,
2189 848 2256 903 ad
2283 860 2493 918 tempus
2518 852 2899 919 superveniens
2929 862 3240 918 cxtraneus,
3281 868 3386 907 non
3416 855 3502 923 qui
3543 854 3598 909 in

2019 940 2203 1005 patriae
2230 955 2338 993 sua;
2368 941 2580 1009 regione
2611 943 2887 1007 consistit;
2919 943 3059 1011 quod
3084 944 3230 998 omni
3259 954 3443 999 sancto
3472 958 3601 1000 eve-

2020 1028 2125 1095 nit,
2153 1028 2240 1097 qui
2274 1029 2325 1082 in
2357 1029 2533 1083 divina
2562 1030 2779 1086 civitate
2808 1031 3081 1100 recipitur.
3107 1030 3306 1087 Omnes
3325 1034 3466 1087 enim
3493 1048 3592 1088 nos

2020 1128 2297 1188 peccatum
2327 1120 2451 1175 fecit
2478 1132 2794 1191 extraneos,
2829 1132 2882 1177 et
2910 1123 2961 1177 in
2991 1122 3193 1178 nefaria
3227 1125 3395 1179 tenuit
3422 1126 3597 1195 regio-

2018 1225 2087 1266 ne
2137 1212 2400 1281 cap:ivos.
2467 1212 2574 1269 Sed
2645 1214 2858 1284 quando
2910 1230 3008 1271 nos
3077 1215 3441 1271 misericordia
3483 1217 3600 1286 ejus

2015 1302 2260 1371 suscipit,
2298 1301 2486 1357 incolae
2516 1319 2701 1358 sumus
2733 1317 2745 1361 :
2777 1305 3026 1374 quoniam
3073 1305 3201 1360 illuc
3243 1306 3555 1360 advenimus
3579 1350 3593 1371 ,

2017 1389 2067 1443 id
2099 1400 2213 1455 est,
2241 1391 2307 1445 de
2338 1392 2628 1462 Babylonia
2674 1393 2739 1447 ad
2791 1393 3088 1449 Jerusalem
3136 1395 3250 1464 ipso
3296 1397 3599 1450 attrahente

2018 1487 2435 1548 transponimur.
2464 1484 2588 1538 ldeo
2618 1484 2761 1539 enim
2790 1485 2997 1555 posuit,
3029 1487 3169 1556 apud
3212 1496 3279 1553 te,
3317 1495 3373 1540 ut
3402 1503 3505 1543 non
3539 1488 3589 1542 in

2016 1570 2245 1635 diaboli,
2279 1574 2371 1627 sed
2414 1574 2473 1629 in‘
2500 1574 2711 1628 Domini
2752 1577 2971 1631 civitate
3019 1577 3247 1631 incolam
3278 1592 3397 1632 eum
3429 1577 3595 1633 fuisse

2016 1661 2261 1717 sentires.
2294 1664 2606 1733 Subjunxit,
2654 1675 2699 1717 et
2731 1667 3027 1736 peregrinus
3055 1668 3186 1720 sicut
3224 1683 3395 1721 omnes
3423 1677 3592 1738 patres

308 1772 445 1811 vane
476 1755 913 1811 conturbibitur.
939 1756 1191 1811 Probatio
1218 1757 1895 1824 propositionisletesau—
1939 1754 1981 1813 Β
2015 1752 2132 1807 mei.
2191 1752 2466 1821 Expressit
2517 1755 2657 1823 quod
2712 1755 2960 1823 superius
3000 1755 3163 1813 dixit;
3218 1757 3392 1811 omnis
3442 1756 3588 1811 enim

312 1848 443 1903 rizat
470 1856 523 1901 et
554 1847 765 1916 ignorat
794 1847 882 1901 cui
912 1856 1199 1917 congregat
1221 1861 1307 1901 ea.
1328 1847 1583 1915 Sequitur
1604 1849 1901 1917 assumptio

309 1948 545 2007 quatuor
586 1936 831 1995 versibus
861 1937 1203 2005 procedens:
1249 1938 1311 1991 Et
1341 1953 1483 1993 nunc
1521 1954 1638 2009 quae
1682 1948 1765 1995 est
1808 1954 1905 1995 ex-

306 2030 579 2096 spectatio
604 2028 759 2082 mea?
784 2042 960 2081 nonne
976 2027 1263 2081 Dominus?
1285 2038 1339 2083 et
1365 2038 1579 2085 caetera.
1608 2029 1716 2084 Nec
1741 2029 1909 2085 offen-

306 2123 399 2175 dat
448 2120 596 2190 quod
653 2130 758 2174 tam
818 2120 979 2189 longa
1024 2119 1235 2175 videtur
1291 2122 1611 2189 assumptio.
1666 2122 1905 2177 Diximus

306 2215 450 2267 enim
509 2212 801 2267 brevitates
854 2212 1217 2268 membrorum
1276 2212 1499 2268 istorum
1556 2230 1586 2268 a
1631 2217 1903 2283 magistris

302 2304 663 2359 secularibus
716 2315 902 2373 postea
959 2303 1122 2358 fuisse
1173 2306 1511 2359 constrictas.
1569 2305 1667 2359 Hic
1722 2314 1899 2361 autem

307 2394 608 2464 (ψει-ωδε)
653 2404 779 2449 sunt
820 2394 1048 2463 partium
1078 2394 1313 2463 ipsarum
1355 2410 1462 2450 non
1513 2404 1617 2449 tam
1648 2411 1899 2465 expressa

300 2499 462 2554 quam
495 2468 777 2555 designata
822 2484 1068 2554 vestigia.
1101 2484 1361 2552 Adjuncta
1406 2491 1490 2539 est
1515 2487 1901 2554 assuiuptionis

299 2577 573 2645 probatio.
603 2577 656 2630 ln
690 2576 1143 2647 increpationibus
1174 2584 1391 2645 propter
1416 2575 1900 2646 iniquitatem‘cor-

298 2670 509 2733 ripuisti
543 2668 839 2734 hominem,
878 2678 930 2723 et
962 2668 1237 2724 tabescere
1271 2668 1445 2724 fecisti
1478 2670 1618 2724 sicut
1646 2684 1894 2725 araneam

298 2759 537 2813 animam
591 2759 729 2829 ejus.
761 2758 1051 2824 Provenit,
1079 2758 1181 2814 nisi
1222 2758 1395 2825 fallor,
1427 2768 1741 2828 exspectata
1769 2774 1897 2814 con-

297 2852 473 2907 clusio
500 2850 855 2921 propositioni
886 2864 999 2905 suae
1040 2861 1162 2919 apte
1199 2850 1531 2920 respondens
1568 2868 1580 2904 :
1618 2851 1897 2906 Verumta-

298 2958 421 2997 men
490 2957 635 2996 vane
682 2941 1032 2997 conturbatur
1092 2942 1269 2997 omnis
1324 2943 1484 2996 homo
1534 2943 1743 2997 vivens.
1805 2944 1895 2999 Sic

298 3032 724 3102 quinquepartiti
794 3032 1122 3103 syllogismi,
1206 3030 1344 3087 sicut
1397 3031 1625 3102 opinor,
1678 3041 1891 3102 peracta

300 3124 554 3192 probatio
582 3132 684 3178 est.

370 3208 529 3271 Vers.
565 3217 651 3270 N.
672 3215 899 3280 Exaudi,
925 3214 1079 3280 Deus,
1098 3216 1377 3271 orationem
1393 3232 1555 3270 meam
1575 3217 1892 3299 etgdeprecm

296 3315 491 3364 tionem
513 3325 679 3362 meam
698 3325 716 3362 :
743 3308 951 3362 auribus
978 3310 1180 3379 percipe
1196 3309 1450 3379 lacrymas
1473 3326 1629 3364 meas.
1656 3309 1889 3365 IJithum

296 3407 397 3459 iste
430 3411 635 3468 quanto
687 3401 837 3470 plura
870 3401 1120 3471 mysteria
1164 3400 1455 3466 didicerat,
1488 3410 1634 3456 tanto
1677 3416 1736 3458 se
1764 3412 1888 3458 ante

296 3493 585 3548 Dominum
632 3491 788 3546 enixa
828 3490 1219 3561 supplicatione
1266 3490 1543 3547 fundebat.
1572 3492 1729 3547 Venit
1761 3509 1887 3562 ergo

295 3585 357 3639 ad
389 3583 644 3639 ordinem
696 3582 948 3652 tertium,
998 3582 1087 3637 ubi
1140 3581 1412 3637 humiliter
1457 3592 1512 3638 et
1556 3584 1888 3639 confidenter

296 3684 491 3730 exorat
534 3673 739 3729 remitti
770 3673 877 3728 sibi
907 3681 1157 3743 peccata,
1188 3674 1492 3743 priusquam
1523 3676 1686 3729 vitam
1716 3675 1882 3730 finiat.

295 3768 646 3836 Quapropter
672 3769 1035 3821 necessarium
1069 3774 1153 3822 est
1178 3766 1521 3822 considerare
1545 3811 1558 3835 ,
1594 3776 1650 3822 ut
1679 3768 1767 3824 ille
1794 3769 1883 3837 qui

294 3860 474 3914 dictus
510 3867 597 3914 est
644 3858 828 3913 mundi
880 3859 1003 3913 vitia
1045 3859 1381 3925 lransiliisse,
1426 3875 1523 3915 cur
1561 3861 1733 3917 adhuc
1777 3872 1881 3916 tam

294 3956 539 4019 graviter
567 3951 815 4006 videatur
844 3952 1149 4021 ingemere?
1169 3952 1386 4008 Scilicet
1415 3954 1538 4022 quia
1572 3953 1701 4007 nulli
1729 3953 1881 4009 suffi-

292 4044 363 4097 cit
402 4044 477 4097 de
517 4040 664 4096 vitiis
702 4042 958 4111 acquisita
990 4043 1229 4109 victoria,
1262 4043 1364 4097 nisi
1412 4043 1523 4113 jugi
1575 4042 1731 4099 fuerit
1759 4058 1884 4113 sup-

294 4137 590 4204 plicatione
638 4144 873 4190 servata.
930 4134 1082 4190 Prius
1134 4138 1313 4206 itaque
1372 4139 1653 4192 orationem
1707 4138 1880 4205 dixit,

295 4238 421 4295 post
452 4228 879 4297 deprecationem.
907 4227 1083 4281 Oratio
1114 4238 1195 4282 est
1222 4229 1331 4283 oris
1361 4228 1516 4294 ratio,
1542 4243 1699 4299 quam
1728 4234 1879 4299 proni

290 4318 595 4385 alie-gamus
635 4327 758 4370 νοω
809 4325 990 4371 nostra
1045 4317 1363 4387 pandentes.
1407 4317 1708 4391 Deprecatio
1751 4336 1881 4376 vero

289 4418 373 4460 est
410 4406 665 4475 frequens
716 4416 769 4461 et
816 4407 1029 4461 assidua
1085 4408 1432 4477 supplicatio,
1486 4425 1605 4478 quae
1650 4410 1719 4465 ab
1772 4411 1879 4466 imo

291 4496 530 4566 peetoris
564 4497 831 4566 profertur
858 4512 1074 4553 arcano.
1108 4498 1244 4553 Audi
1278 4501 1418 4554 enim
1447 4501 1587 4569 qttod
1614 4503 1875 4572 sequitur,
1908 4488 1955 4547 Β

290 4586 508 4639 auribus
552 4588 754 4657 percipe
776 4588 1026 4658 lacrymas
1070 4604 1228 4643 meas.
1282 4590 1609 4660 Frequenter
1648 4593 1882 4649 diximus

293 4675 489 4740 Deum,
523 4676 665 4743 quod
696 4675 858 4740 videt,
890 4677 1103 4741 audire;
1138 4679 1277 4747 quod
1310 4681 1477 4747 audit,
1505 4682 1687 4738 videre
1718 4703 1731 4737 :
1757 4686 1877 4754 quia

293 4782 401 4819 non
451 4766 824 4834 corporalibus
870 4767 1126 4822 membris
1170 4770 1533 4839 distinguitur,
1576 4774 1670 4829 sed
1700 4777 1878 4831 omnia

291 4857 488 4911 virtute
514 4870 629 4909 sua:
676 4855 973 4911 divinitatis
1002 4868 1273 4928 operatur.
1318 4861 1385 4916 Et
1418 4878 1487 4917 ne
1519 4874 1735 4933 putares
1764 4882 1894 4936 sup-

294 4950 640 5013 plieationem
680 4958 885 5004 tantum
927 4951 1220 5009 adhibitam
1262 4954 1429 5012 fuisse
1459 4959 1772 5027 verborum,
1810 4964 1888 5016 la-

289 5058 492 5111 crymas
543 5057 681 5096 meos
714 5042 883 5109 dixit,
938 5060 1057 5114 qute
1106 5048 1355 5103 violenta:
1396 5060 1520 5106 sunt
1569 5068 1783 5125 semper
1833 5058 1884 5112 in

292 5134 570 5199 precibus,
625 5144 678 5189 et
723 5135 788 5189 ad
840 5136 1178 5193 clementiam
1226 5140 1599 5199 medicinalem
1644 5148 1881 5204 animum

292 5225 599 5279 miserantis
627 5226 920 5285 adducunt.

366 5315 517 5370 Vers.
564 5315 649 5372 15.
684 5317 765 5370 Ne
786 5318 946 5372 sileas
972 5338 1003 5372 a
1042 5338 1141 5389 me,
1183 5324 1424 5393 qudniam
1451 5342 1543 5398 ego
1566 5328 1735 5383 incola
1760 5346 1874 5385 sum

287 5409 428 5469 apud
474 5418 523 5462 te
568 5410 624 5461 in
664 5418 820 5475 terra,
864 5420 913 5465 et
960 5415 1275 5484 peregrinus,
1316 5416 1447 5469 sicut
1486 5435 1659 5472 omnes
1705 5431 1874 5489 patres

290 5498 406 5550 mei.
453 5497 535 5552 Ne
571 5500 747 5563 sileas,
779 5500 944 5571 dixit;
990 5503 1047 5557 id
1088 5512 1210 5570 est,
1259 5506 1471 5561 audiam
1504 5517 1557 5563 te
1605 5509 1872 5567 dicentem

288 5587 428 5651 quod
457 5587 807 5659 Evangelium
841 5601 1065 5649 testatur
1096 5613 1109 5649 :
1147 5597 1375 5652 Remissa
1404 5610 1520 5654 sunt
1543 5602 1638 5654 tibi
1667 5615 1873 5670 peccata

290 5677 551 5749 (Luavu,
579 5680 687 5753 47).
708 5682 837 5739 Sive
859 5685 988 5740 illud
1002 5703 1073 5757 qu
1096 5688 1141 5743 id
1168 5689 1271 5747 alio
1295 5690 1415 5748 loco
1437 5691 1670 5762 psalmus
1700 5694 1825 5751 dicit
1856 5713 1869 5749 :

2012 1842 2173 1899 homo
2205 1846 2291 1913 qui
2326 1846 2580 1915 recipitur
2603 1846 2652 1898 in
2687 1845 3014 1900 beatitudine
3037 1848 3333 1917 peregrinus
3353 1848 3549 1902 dicitur
3574 1890 3590 1913 ,

2010 1935 2131 2004 quia
2160 1934 2344 2003 incipit
2382 1950 2503 1990 esse
2530 1935 2616 1989 ubi
2652 1951 2754 1990 non
2784 1947 2920 1991 erat.
2951 1935 3262 2007 Peregrinus
3291 1938 3431 1992 enim
3460 1941 3591 1993 dici-

2013 2034 2119 2093 tur,
2150 2028 2298 2096 quasi
2344 2042 2569 2097 pergens
2619 2028 2844 2096 longius.
2896 2028 2959 2081 Et
3004 2038 3059 2082 ttt
3098 2030 3404 2098 generalem
3455 2031 3592 2088 hanc

2008 2129 2361 2185 cognosceres
2414 2117 2576 2172 fuisse
2622 2118 2975 2185 sententiam,
3026 2118 3190 2187 dicit,
3244 2121 3374 2174 sicut
3423 2139 3596 2178 omnes

2006 2216 2177 2275 patres
2229 2207 2358 2275 mei,
2406 2221 2475 2262 ne
2518 2206 2639 2276 quis
2685 2207 2753 2262 ab
2793 2206 2897 2264 hac
2946 2207 3257 2264 conditione
3309 2219 3589 2279 putaretur

2005 2308 2284 2367 exceptus.

2077 2388 2231 2444 Vers.
2278 2387 2366 2442 16.
2412 2387 2631 2442 Remitte
2666 2387 2831 2453 mihi,
2880 2398 2936 2443 ut
2969 2392 3244 2462 refrigerer
3289 2392 3593 2462 priusquam

2002 2498 2154 2548 eam,
2196 2491 2243 2536 et
2270 2483 2494 2549 amplius
2529 2498 2631 2535 non
2673 2497 2781 2535 ero.
2829 2481 2920 2535 Vir
2970 2483 3224 2552 providus
3252 2491 3307 2539 et
3350 2485 3593 2541 veritatis

2004 2572 2172 2642 ipsius
2222 2572 2611 2628 illumittatione
2674 2573 3000 2642 completus,
3074 2575 3159 2629 hic
3208 2575 3311 2632 sibi
3375 2578 3591 2646 petebat

2001 2665 2220 2733 dimitti,
2277 2674 2335 2719 ut.
2376 2673 2555 2720 certus
2599 2666 2665 2718 ad
2694 2664 2889 2734 _futura
2912 2666 3109 2735 judicia
3160 2671 3489 2737 perveniret,
3536 2680 3591 2728 et

2000 2756 2284 2827 quamdam
2332 2759 2723 2811 recreationem
2769 2767 3009 2814 sumeret
3049 2758 3101 2813 in
3149 2762 3302 2832 135
3337 2763 3587 2830 praesenti

1998 2846 2143 2911 vita,
2194 2845 2335 2900 illius
2386 2848 2535 2915 regni
2572 2848 2858 2902 securitate
2899 2860 3168 2919 suscepta.
3200 2851 3477 2907 Professus
3503 2865 3588 2908 est

1999 2937 2140 2991 enim
2172 2944 2436 2992 aestuante
2463 2950 2523 2991 se
2559 2951 2687 2991 cura
2715 2939 3002 3003 succendi,
3053 2940 3141 3008 qui
3178 2954 3237 2995 se
3282 2941 3588 3007 postulabat

1999 3028 2170 3083 imbre
2213 3027 2599 3083 misericordia:
2632 3028 2947 3098 temperari;
2983 3030 3121 3084 sicut
3167 3044 3327 3100 supra
3373 3031 3488 3101 ipse
3515 3032 3586 3088 de

1917 3125 1963 3188 C
2002 3139 2062 3180 se
2096 3124 2227 3179 dicit
2258 3141 2271 3177 :
2302 3122 2571 3179 Concaluit
2599 3139 2686 3176 cor
2720 3138 2891 3177 meum
2928 3124 3063 3177 intra
3094 3139 3204 3192 me;
3245 3134 3292 3178 et
3334 3125 3386 3178 in
3417 3128 3583 3179 medi-

1994 3219 2183 3271 tatione
2211 3231 2323 3269 mea
2354 3213 2642 3269 exardescit
2667 3214 2821 3283 ignis.
2855 3214 3048 3269 Merito
3076 3229 3203 3285 ergo
3235 3215 3323 3270 hic
3352 3216 3572 3284 κείν-ἱρε-

1991 3312 2096 3365 rari
2122 3309 2221 3364 sibi
2248 3307 2489 3378 petebat,
2531 3307 2620 3377 qui
2654 3307 2785 3361 tanti
2815 3307 3073 3363 desiderii
3098 3309 3280 3365 calore
3309 3309 3573 3379 ﬂagrave-

1992 3410 2093 3457 rat.
2128 3401 2377 3467 Addidit,
2435 3401 2731 3472 priusquam
2783 3416 2928 3463 eam,
2975 3399 3028 3454 id
3077 3410 3158 3455 est
3198 3410 3480 3472 antequam
3512 3401 3581 3458 de

1989 3496 2090 3550 ista
2138 3493 2256 3548 luce
2301 3492 2595 3547 discedam.
2633 3490 2697 3544 Et
2746 3492 2973 3562 amplius
3013 3508 3114 3545 non
3145 3510 3252 3558 ero,
3284 3496 3467 3564 utique
3521 3496 3579 3549 in

1991 3588 2093 3642 hoc
2114 3588 2311 3642 mundo
2332 3627 2346 3651 ,
2379 3586 2470 3641 ubi
2503 3593 2846 3655 peccatorum
2877 3588 3208 3643 facinoribus
3239 3587 3574 3656 subvenitur,

1988 3677 2112 3731 dum
2145 3691 2204 3732 se
2244 3691 2272 3729 a
2318 3676 2550 3731 Domino
2592 3677 2963 3731 conversionis
3001 3687 3223 3746 accepta
3269 3678 3576 3734 humilitate

1986 3767 2343 3822 correxerint.
2369 3766 2497 3822 Sive
2525 3765 2685 3831 dicit,
2720 3768 2940 3837 amplius
2970 3784 3072 3821 non
3113 3784 3233 3834 ero,
3280 3769 3325 3823 si
3362 3768 3577 3823 desinas

1987 3857 2313 3922 subvenire;
2346 3857 2470 3926 quia
2497 3872 2603 3911 non
2627 3868 2708 3911 est
2736 3873 2886 3922 esse,
2922 3858 2973 3911 itt
3009 3860 3227 3914 aeternis
3262 3860 3576 3915 afﬂictioni-

1984 3948 2085 4003 bus
2117 3964 2457 4017 permanere.
2504 3948 2631 4005 Esse
2658 3946 2800 4004 enim
2828 3951 3045 4020 proprie
3072 3951 3210 4005 beati
3237 3961 3339 4007 est.
3388 3952 3578 4007 Merito

1987 4056 2119 4111 ergo
2168 4057 2274 4097 non
2314 4056 2373 4097 se
2401 4040 2616 4098 dicebat
2663 4058 2791 4109 esse,
2840 4043 2886 4097 si
2926 4057 2986 4098 se
3017 4042 3215 4098 habere
3242 4057 3364 4099 cum
3392 4044 3577 4099 electis

1986 4150 2091 4190 non
2132 4136 2450 4205 intelligeret
2474 4133 2799 4203 portionem.

2520 4242 2791 4298 Conclusio
2817 4242 3025 4315 psalmi.

2056 4361 2190 4415 Ecce
2219 4360 2467 4413 vitiorum
2496 4358 2792 4413 transilitor
2816 4358 3062 4429 egregius
3089 4366 3287 4429 quanta
3316 4375 3413 4416 nos
3444 4361 3571 4417 bea-

1983 4452 2203 4507 tissima:
2254 4451 2608 4506 institutionis
2657 4450 2974 4506 salubritate
3025 4453 3387 4519 commonuit,
3436 4455 3574 4510 inter

1986 4544 2329 4613 blasphemas
2358 4552 2411 4598 et
2441 4543 2652 4612 iniquos
2686 4542 2884 4598 habere
2927 4544 3121 4614 linguae
3151 4545 3573 4611 continentiam,

1985 4636 2142 4690 noxia
2191 4635 2364 4689 vitare
2412 4635 2737 4699 certamina,
2786 4635 2928 4689 rixas
2971 4635 3283 4706 gravissima
3329 4637 3574 4691 modera-

1986 4726 2132 4780 tione
2171 4725 2552 4793 comprimere.
2589 4725 2870 4779 Silentium
2910 4734 2994 4780 est
3031 4726 3227 4795 quippe
3259 4726 3570 4795 probabile,

1986 4816 2126 4886 quod
2158 4831 2256 4870 nos
2284 4815 2505 4870 minime
2533 4815 2771 4884 perducit
2801 4815 2867 4870 ad
2896 4816 3106 4885 culpam
3125 4858 3140 4883 ,
3182 4816 3323 4886 quod
3355 4819 3569 4885 sapien-

1995 4918 2075 4963 tes
2104 4908 2308 4977 prodit,
2340 4908 2480 4977 quod
2518 4908 2865 4978 gravissimos
2911 4909 3068 4973 facit,
3112 4910 3250 4980 quod
3290 4912 3569 4967 consilium

1991 4998 2191 5063 nutrit,
2243 4999 2382 5068 quod
2435 5000 2606 5067 ipsum
2664 5015 2874 5068 quoque
2921 5001 3283 5070 gratissimum
3334 5003 3575 5057 ostendit

1988 5104 2108 5144 esse
2135 5104 2460 5145 sermonem.
2492 5090 2828 5158 Quapropter
2858 5092 3166 5147 hauriamus
3194 5094 3417 5148 remedii
3459 5094 3560 5147 ltu-

1980 5183 2069 5251 jus
2096 5183 2498 5238 saluberrimam
2530 5185 2795 5253 potionem
2822 5227 2837 5250 ,
2868 5194 2921 5240 ut
2944 5186 3031 5256 qui
3060 5198 3277 5241 sanctos
3306 5196 3409 5242 tam
3439 5202 3567 5256 pro-

1984 5278 2117 5331 ticue
2146 5276 2374 5331 tacuisse
2404 5278 2804 5345 cognoscimus,
2840 5290 3180 5349 peccatorum
3224 5280 3559 5334 immodera-

1978 5376 2083 5422 tam
2112 5367 2305 5438 lingua:
2336 5368 2599 5424 licentiam
2630 5383 2736 5424 non
2765 5384 3005 5425 amemus

2226 5499 2585 5557 LXPOSITIO
2615 5501 2682 5557 ΙΝ
2713 5500 3041 5559 PSALMUM
3072 5502 3316 5558 XXXIX.

2410 5611 2473 5665 In
2502 5614 2654 5682 ﬁnem
2682 5615 2909 5685 psalmus
2938 5614 3127 5670 David.

2043 5703 2199 5772 Saepe
2228 5703 2442 5773 quidem
2470 5704 2698 5763 diximus
2719 5720 2815 5778 per
2838 5708 2994 5770 ﬁnem
3017 5718 3067 5765 ct
3099 5707 3265 5764 David
3285 5710 3565 5769 Christum
