  <div class='ocr_page' id='page_1' title='image "/cluster/home/n/w/nwhite01/storage/ocr_20150623/70/hvd.32044054758735/149.png"; bbox 0 0 4030 6172; ppageno 0'>
   <div class='ocr_carea' id='block_1_1' title="bbox 307 256 3570 318">
    <p class='ocr_par' dir='ltr' id='par_1_1' title="bbox 307 256 3570 318">
     <span class='ocr_line' id='line_1_1' title="bbox 307 256 3570 318; baseline 0 -4"><span class='ocrx_word' id='word_1_1' title='bbox 307 259 407 314; x_wconf 76' lang='lat'><strong>237</strong></span> <span class='ocrx_word' id='word_1_2' title='bbox 1471 260 1541 317; x_wconf 76' lang='grc' dir='ltr'><strong>Μ.</strong></span> <span class='ocrx_word' id='word_1_3' title='bbox 1585 261 1860 317; x_wconf 61' lang='grc' dir='ltr'><strong>Αυιίειιι</strong></span> <span class='ocrx_word' id='word_1_4' title='bbox 1897 258 1980 318; x_wconf 79' lang='grc' dir='ltr'>ΟΛ</span> <span class='ocrx_word' id='word_1_5' title='bbox 1990 261 2289 317; x_wconf 76' lang='lat' dir='ltr'><strong>SSIODORI</strong></span> <span class='ocrx_word' id='word_1_6' title='bbox 3465 256 3570 315; x_wconf 65' lang='lat'><strong>21-38</strong></span> 
     </span>
    </p>
   </div>
   <div class='ocr_carea' id='block_1_2' title="bbox 308 371 3569 445">
    <p class='ocr_par' dir='ltr' id='par_1_2' title="bbox 308 371 3569 445">
     <span class='ocr_line' id='line_1_2' title="bbox 308 371 3569 445; baseline 0.001 -20"><span class='ocrx_word' id='word_1_7' title='bbox 308 371 585 427; x_wconf 88' lang='lat' dir='ltr'><strong>Dominum</strong></span> <span class='ocrx_word' id='word_1_8' title='bbox 618 372 934 445; x_wconf 79' lang='lat' dir='ltr'><strong>significari,</strong></span> <span class='ocrx_word' id='word_1_9' title='bbox 963 372 1044 427; x_wconf 86' lang='lat' dir='ltr'><strong>cui</strong></span> <span class='ocrx_word' id='word_1_10' title='bbox 1075 373 1176 428; x_wconf 88' lang='lat' dir='ltr'><strong>iste</strong></span> <span class='ocrx_word' id='word_1_11' title='bbox 1208 373 1443 441; x_wconf 80' lang='lat' dir='ltr'><strong>psalmus</strong></span> <span class='ocrx_word' id='word_1_12' title='bbox 1469 374 1729 441; x_wconf 87' lang='lat' dir='ltr'><strong>aptandus</strong></span> <span class='ocrx_word' id='word_1_13' title='bbox 1775 384 1879 428; x_wconf 88' lang='lat' dir='ltr'><strong>est.</strong></span> <span class='ocrx_word' id='word_1_14' title='bbox 1913 382 1960 437; x_wconf 78' lang='grc' dir='ltr'>Α</span> <span class='ocrx_word' id='word_1_15' title='bbox 1992 386 2073 428; x_wconf 89' lang='lat' dir='ltr'><strong>tur</strong></span> <span class='ocrx_word' id='word_1_16' title='bbox 2102 389 2221 428; x_wconf 76' lang='lat' dir='ltr'><strong>esse</strong></span> <span class='ocrx_word' id='word_1_17' title='bbox 2251 373 2557 430; x_wconf 83' lang='lat' dir='ltr'><strong>dissimiles.</strong></span> <span class='ocrx_word' id='word_1_18' title='bbox 2606 375 2697 430; x_wconf 91' lang='lat' dir='ltr'><strong>Illa</strong></span> <span class='ocrx_word' id='word_1_19' title='bbox 2743 376 2883 431; x_wconf 87' lang='lat' dir='ltr'><strong>enim</strong></span> <span class='ocrx_word' id='word_1_20' title='bbox 2934 376 3072 430; x_wconf 91' lang='lat' dir='ltr'><strong>sicut</strong></span> <span class='ocrx_word' id='word_1_21' title='bbox 3119 385 3238 428; x_wconf 89' lang='lat' dir='ltr'><strong>sunt</strong></span> <span class='ocrx_word' id='word_1_22' title='bbox 3289 372 3468 428; x_wconf 92' lang='lat' dir='ltr'><strong>mollia</strong></span> <span class='ocrx_word' id='word_1_23' title='bbox 3514 386 3569 430; x_wconf 85' lang='lat' dir='ltr'><strong>et</strong></span> 
     </span>
    </p>
   </div>
   <div class='ocr_carea' id='block_1_3' title="bbox 305 466 1884 537">
    <p class='ocr_par' dir='ltr' id='par_1_3' title="bbox 305 466 1884 537">
     <span class='ocr_line' id='line_1_3' title="bbox 305 466 1884 537; baseline 0 -16"><span class='ocrx_word' id='word_1_24' title='bbox 305 468 408 521; x_wconf 79' lang='lat' dir='ltr'><strong>Sed</strong></span> <span class='ocrx_word' id='word_1_25' title='bbox 457 469 511 521; x_wconf 93' lang='lat' dir='ltr'><strong>in</strong></span> <span class='ocrx_word' id='word_1_26' title='bbox 560 468 866 537; x_wconf 83' lang='lat' dir='ltr'><strong>primordiis</strong></span> <span class='ocrx_word' id='word_1_27' title='bbox 911 466 1028 535; x_wconf 90' lang='lat' dir='ltr'><strong>ejus</strong></span> <span class='ocrx_word' id='word_1_28' title='bbox 1073 466 1314 521; x_wconf 85' lang='lat' dir='ltr'><strong>Ecclesia</strong></span> <span class='ocrx_word' id='word_1_29' title='bbox 1361 467 1613 535; x_wconf 84' lang='lat' dir='ltr'><strong>loquitur,</strong></span> <span class='ocrx_word' id='word_1_30' title='bbox 1659 468 1757 521; x_wconf 88' lang='lat' dir='ltr'><strong>hoc</strong></span> <span class='ocrx_word' id='word_1_31' title='bbox 1801 476 1884 521; x_wconf 88' lang='lat' dir='ltr'><strong>est</strong></span> 
     </span>
    </p>
   </div>
   <div class='ocr_carea' id='block_1_4' title="bbox 305 559 1885 627">
    <p class='ocr_par' dir='ltr' id='par_1_4' title="bbox 305 559 1885 627">
     <span class='ocr_line' id='line_1_4' title="bbox 305 559 1885 627; baseline -0.001 -16"><span class='ocrx_word' id='word_1_32' title='bbox 305 574 497 627; x_wconf 87' lang='lat' dir='ltr'><strong>sponsa</strong></span> <span class='ocrx_word' id='word_1_33' title='bbox 550 560 824 624; x_wconf 72' lang='lat' dir='ltr'><strong>cmlestis,</strong></span> <span class='ocrx_word' id='word_1_34' title='bbox 872 559 1110 613; x_wconf 87' lang='lat' dir='ltr'><strong>membra</strong></span> <span class='ocrx_word' id='word_1_35' title='bbox 1152 559 1379 626; x_wconf 77' lang='lat' dir='ltr'><strong>Christi,</strong></span> <span class='ocrx_word' id='word_1_36' title='bbox 1430 560 1661 613; x_wconf 83' lang='lat' dir='ltr'><strong>fidelium</strong></span> <span class='ocrx_word' id='word_1_37' title='bbox 1709 559 1885 613; x_wconf 86' lang='lat' dir='ltr'><strong>multi-</strong></span> 
     </span>
    </p>
   </div>
   <div class='ocr_carea' id='block_1_5' title="bbox 283 650 1880 725">
    <p class='ocr_par' dir='ltr' id='par_1_5' title="bbox 283 650 1880 725">
     <span class='ocr_line' id='line_1_5' title="bbox 283 650 1880 725; baseline 0.003 -23"><span class='ocrx_word' id='word_1_38' title='bbox 283 650 453 725; x_wconf 34' lang='lat' dir='ltr'><strong>.tudo.</strong></span> <span class='ocrx_word' id='word_1_39' title='bbox 491 651 691 704; x_wconf 85' lang='lat' dir='ltr'><strong>Deinde</strong></span> <span class='ocrx_word' id='word_1_40' title='bbox 721 652 865 705; x_wconf 88' lang='lat' dir='ltr'><strong>venit</strong></span> <span class='ocrx_word' id='word_1_41' title='bbox 894 652 957 703; x_wconf 91' lang='lat' dir='ltr'><strong>ad</strong></span> <span class='ocrx_word' id='word_1_42' title='bbox 986 667 1071 716; x_wconf 56' lang='lat' dir='ltr'><strong>ea;</strong></span> <span class='ocrx_word' id='word_1_43' title='bbox 1095 660 1153 706; x_wconf 93' lang='lat' dir='ltr'><strong>ut</strong></span> <span class='ocrx_word' id='word_1_44' title='bbox 1182 662 1417 706; x_wconf 74' lang='lat' dir='ltr'><strong>nostrum</strong></span> <span class='ocrx_word' id='word_1_45' title='bbox 1450 653 1728 708; x_wconf 89' lang='lat' dir='ltr'><strong>Dominum</strong></span> <span class='ocrx_word' id='word_1_46' title='bbox 1762 654 1880 708; x_wconf 54' lang='grc' dir='ltr'><strong>εει.</strong></span> 
     </span>
    </p>
   </div>
   <div class='ocr_carea' id='block_1_6' title="bbox 306 744 1883 815">
    <p class='ocr_par' dir='ltr' id='par_1_6' title="bbox 306 744 1883 815">
     <span class='ocr_line' id='line_1_6' title="bbox 306 744 1883 815; baseline 0.004 -21"><span class='ocrx_word' id='word_1_47' title='bbox 306 756 362 794; x_wconf 81' lang='lat' dir='ltr'><strong>va</strong></span> <span class='ocrx_word' id='word_1_48' title='bbox 376 751 542 796; x_wconf 90' lang='lat' dir='ltr'><strong>torem</strong></span> <span class='ocrx_word' id='word_1_49' title='bbox 563 782 577 805; x_wconf 91' lang='lat'><strong>,</strong></span> <span class='ocrx_word' id='word_1_50' title='bbox 609 751 663 796; x_wconf 91' lang='lat' dir='ltr'><strong>ut</strong></span> <span class='ocrx_word' id='word_1_51' title='bbox 696 744 858 797; x_wconf 90' lang='lat' dir='ltr'><strong>totius</strong></span> <span class='ocrx_word' id='word_1_52' title='bbox 890 744 1078 813; x_wconf 87' lang='lat' dir='ltr'><strong>psalmi</strong></span> <span class='ocrx_word' id='word_1_53' title='bbox 1106 745 1377 800; x_wconf 84' lang='lat' dir='ltr'><strong>contextio</strong></span> <span class='ocrx_word' id='word_1_54' title='bbox 1403 746 1494 800; x_wconf 92' lang='lat' dir='ltr'><strong>uni</strong></span> <span class='ocrx_word' id='word_1_55' title='bbox 1518 747 1728 815; x_wconf 87' lang='lat' dir='ltr'><strong>corpori</strong></span> <span class='ocrx_word' id='word_1_56' title='bbox 1753 760 1883 801; x_wconf 86' lang='lat' dir='ltr'><strong>con-</strong></span> 
     </span>
    </p>
   </div>
   <div class='ocr_carea' id='block_1_7' title="bbox 306 843 810 903">
    <p class='ocr_par' dir='ltr' id='par_1_7' title="bbox 306 843 810 903">
     <span class='ocr_line' id='line_1_7' title="bbox 306 843 810 903; baseline 0.01 -17"><span class='ocrx_word' id='word_1_57' title='bbox 306 843 555 903; x_wconf 84' lang='lat' dir='ltr'><strong>gruenter</strong></span> <span class='ocrx_word' id='word_1_58' title='bbox 583 844 810 902; x_wconf 84' lang='lat' dir='ltr'><strong>aptetur.</strong></span> 
     </span>
    </p>
   </div>
   <div class='ocr_carea' id='block_1_8' title="bbox 873 947 1309 1017">
    <p class='ocr_par' dir='ltr' id='par_1_8' title="bbox 873 947 1309 1017">
     <span class='ocr_line' id='line_1_8' title="bbox 873 947 1309 1017; baseline 0.002 -16"><span class='ocrx_word' id='word_1_59' title='bbox 873 947 1069 1002; x_wconf 75' lang='lat' dir='ltr'><strong>Divisio</strong></span> <span class='ocrx_word' id='word_1_60' title='bbox 1106 949 1309 1017; x_wconf 79' lang='lat' dir='ltr'><strong>psalmi.</strong></span> 
     </span>
    </p>
   </div>
   <div class='ocr_carea' id='block_1_9' title="bbox 381 1060 1885 1132">
    <p class='ocr_par' dir='ltr' id='par_1_9' title="bbox 381 1060 1885 1132">
     <span class='ocr_line' id='line_1_9' title="bbox 381 1060 1885 1132; baseline 0.001 -19"><span class='ocrx_word' id='word_1_61' title='bbox 381 1060 557 1113; x_wconf 90' lang='lat' dir='ltr'><strong>Prima</strong></span> <span class='ocrx_word' id='word_1_62' title='bbox 590 1061 895 1115; x_wconf 83' lang='lat' dir='ltr'><strong>narratione</strong></span> <span class='ocrx_word' id='word_1_63' title='bbox 924 1062 1122 1128; x_wconf 83' lang='lat' dir='ltr'><strong>gratias</strong></span> <span class='ocrx_word' id='word_1_64' title='bbox 1149 1061 1257 1131; x_wconf 82' lang='lat' dir='ltr'><strong>agit</strong></span> <span class='ocrx_word' id='word_1_65' title='bbox 1285 1061 1555 1127; x_wconf 88' lang='lat' dir='ltr'><strong>Ecclesia,</strong></span> <span class='ocrx_word' id='word_1_66' title='bbox 1587 1075 1706 1132; x_wconf 66' lang='lat' dir='ltr'><strong>qua:</strong></span> <span class='ocrx_word' id='word_1_67' title='bbox 1736 1062 1885 1116; x_wconf 83' lang='lat' dir='ltr'><strong>venit</strong></span> 
     </span>
    </p>
   </div>
   <div class='ocr_carea' id='block_1_10' title="bbox 308 1152 1884 1221">
    <p class='ocr_par' dir='ltr' id='par_1_10' title="bbox 308 1152 1884 1221">
     <span class='ocr_line' id='line_1_10' title="bbox 308 1152 1884 1221; baseline 0.001 -15"><span class='ocrx_word' id='word_1_68' title='bbox 308 1165 372 1206; x_wconf 85' lang='lat' dir='ltr'><strong>ex</strong></span> <span class='ocrx_word' id='word_1_69' title='bbox 401 1152 649 1221; x_wconf 80' lang='lat' dir='ltr'><strong>gentibus</strong></span> <span class='ocrx_word' id='word_1_70' title='bbox 674 1164 689 1204; x_wconf 85' lang='lat'><strong>:</strong></span> <span class='ocrx_word' id='word_1_71' title='bbox 720 1152 840 1221; x_wconf 90' lang='lat' dir='ltr'><strong>quia</strong></span> <span class='ocrx_word' id='word_1_72' title='bbox 868 1152 934 1207; x_wconf 91' lang='lat' dir='ltr'><strong>de</strong></span> <span class='ocrx_word' id='word_1_73' title='bbox 958 1152 1137 1206; x_wconf 90' lang='lat' dir='ltr'><strong>mttndi</strong></span> <span class='ocrx_word' id='word_1_74' title='bbox 1168 1154 1317 1207; x_wconf 88' lang='lat' dir='ltr'><strong>istius</strong></span> <span class='ocrx_word' id='word_1_75' title='bbox 1344 1163 1627 1208; x_wconf 89' lang='lat' dir='ltr'><strong>veteruoso</strong></span> <span class='ocrx_word' id='word_1_76' title='bbox 1654 1169 1884 1209; x_wconf 85' lang='lat' dir='ltr'><strong>maerore</strong></span> 
     </span>
    </p>
   </div>
   <div class='ocr_carea' id='block_1_11' title="bbox 314 1242 1884 1315">
    <p class='ocr_par' dir='ltr' id='par_1_11' title="bbox 314 1242 1884 1315">
     <span class='ocr_line' id='line_1_11' title="bbox 314 1242 1884 1315; baseline 0.004 -18"><span class='ocrx_word' id='word_1_77' title='bbox 314 1242 571 1310; x_wconf 86' lang='lat' dir='ltr'><strong>liberata,</strong></span> <span class='ocrx_word' id='word_1_78' title='bbox 608 1244 674 1297; x_wconf 90' lang='lat' dir='ltr'><strong>ad</strong></span> <span class='ocrx_word' id='word_1_79' title='bbox 702 1244 834 1299; x_wconf 83' lang='lat' dir='ltr'><strong>Novi</strong></span> <span class='ocrx_word' id='word_1_80' title='bbox 865 1243 1195 1300; x_wconf 88' lang='lat' dir='ltr'><strong>Testamenti</strong></span> <span class='ocrx_word' id='word_1_81' title='bbox 1228 1248 1421 1301; x_wconf 90' lang='lat' dir='ltr'><strong>meruit</strong></span> <span class='ocrx_word' id='word_1_82' title='bbox 1462 1246 1653 1315; x_wconf 85' lang='lat' dir='ltr'><strong>gaudia</strong></span> <span class='ocrx_word' id='word_1_83' title='bbox 1700 1262 1884 1315; x_wconf 78' lang='lat' dir='ltr'><strong>perve-</strong></span> 
     </span>
    </p>
   </div>
   <div class='ocr_carea' id='block_1_12' title="bbox 307 1334 1884 1405">
    <p class='ocr_par' dir='ltr' id='par_1_12' title="bbox 307 1334 1884 1405">
     <span class='ocr_line' id='line_1_12' title="bbox 307 1334 1884 1405; baseline 0.001 -16"><span class='ocrx_word' id='word_1_84' title='bbox 307 1338 446 1389; x_wconf 87' lang='lat' dir='ltr'><strong>nire.</strong></span> <span class='ocrx_word' id='word_1_85' title='bbox 480 1334 725 1389; x_wconf 90' lang='lat' dir='ltr'><strong>Secunda</strong></span> <span class='ocrx_word' id='word_1_86' title='bbox 759 1336 870 1403; x_wconf 87' lang='lat' dir='ltr'><strong>ipse</strong></span> <span class='ocrx_word' id='word_1_87' title='bbox 903 1335 1157 1389; x_wconf 81' lang='lat' dir='ltr'><strong>Dominus</strong></span> <span class='ocrx_word' id='word_1_88' title='bbox 1203 1337 1436 1405; x_wconf 90' lang='lat' dir='ltr'><strong>loquitur</strong></span> <span class='ocrx_word' id='word_1_89' title='bbox 1463 1336 1729 1403; x_wconf 80' lang='lat' dir='ltr'><strong>Christus,</strong></span> <span class='ocrx_word' id='word_1_90' title='bbox 1764 1353 1884 1390; x_wconf 90' lang='lat' dir='ltr'><strong>san-</strong></span> 
     </span>
    </p>
   </div>
   <div class='ocr_carea' id='block_1_13' title="bbox 307 1426 1884 1495">
    <p class='ocr_par' dir='ltr' id='par_1_13' title="bbox 307 1426 1884 1495">
     <span class='ocr_line' id='line_1_13' title="bbox 307 1426 1884 1495; baseline 0.002 -16"><span class='ocrx_word' id='word_1_91' title='bbox 307 1434 449 1479; x_wconf 89' lang='lat' dir='ltr'><strong>etam</strong></span> <span class='ocrx_word' id='word_1_92' title='bbox 482 1426 901 1479; x_wconf 86' lang='lat' dir='ltr'><strong>incarnationem</strong></span> <span class='ocrx_word' id='word_1_93' title='bbox 942 1434 995 1479; x_wconf 89' lang='lat' dir='ltr'><strong>et</strong></span> <span class='ocrx_word' id='word_1_94' title='bbox 1031 1427 1292 1495; x_wconf 87' lang='lat' dir='ltr'><strong>justitiam</strong></span> <span class='ocrx_word' id='word_1_95' title='bbox 1336 1442 1447 1480; x_wconf 86' lang='lat' dir='ltr'><strong>suae</strong></span> <span class='ocrx_word' id='word_1_96' title='bbox 1492 1427 1884 1495; x_wconf 83' lang='lat' dir='ltr'><strong>praedicationis</strong></span> 
     </span>
    </p>
   </div>
   <div class='ocr_carea' id='block_1_14' title="bbox 307 1517 1885 1587">
    <p class='ocr_par' dir='ltr' id='par_1_14' title="bbox 307 1517 1885 1587">
     <span class='ocr_line' id='line_1_14' title="bbox 307 1517 1885 1587; baseline -0.001 -15"><span class='ocrx_word' id='word_1_97' title='bbox 307 1531 623 1586; x_wconf 83' lang='lat' dir='ltr'><strong>exponens;</strong></span> <span class='ocrx_word' id='word_1_98' title='bbox 677 1518 747 1573; x_wconf 94' lang='lat' dir='ltr'><strong>ob</strong></span> <span class='ocrx_word' id='word_1_99' title='bbox 796 1517 896 1573; x_wconf 90' lang='lat' dir='ltr'><strong>hoc</strong></span> <span class='ocrx_word' id='word_1_100' title='bbox 946 1517 1117 1571; x_wconf 86' lang='lat' dir='ltr'><strong>Patris</strong></span> <span class='ocrx_word' id='word_1_101' title='bbox 1162 1518 1414 1572; x_wconf 84' lang='lat' dir='ltr'><strong>auxilium</strong></span> <span class='ocrx_word' id='word_1_102' title='bbox 1461 1519 1796 1587; x_wconf 89' lang='lat' dir='ltr'><strong>deprecatur,</strong></span> <span class='ocrx_word' id='word_1_103' title='bbox 1831 1526 1885 1571; x_wconf 93' lang='lat' dir='ltr'><strong>ut</strong></span> 
     </span>
    </p>
   </div>
   <div class='ocr_carea' id='block_1_15' title="bbox 308 1606 1880 1677">
    <p class='ocr_par' dir='ltr' id='par_1_15' title="bbox 308 1606 1880 1677">
     <span class='ocr_line' id='line_1_15' title="bbox 308 1606 1880 1677; baseline -0.001 -16"><span class='ocrx_word' id='word_1_104' title='bbox 308 1607 543 1675; x_wconf 87' lang='lat' dir='ltr'><strong>pericula</strong></span> <span class='ocrx_word' id='word_1_105' title='bbox 580 1608 750 1675; x_wconf 91' lang='lat' dir='ltr'><strong>possit</strong></span> <span class='ocrx_word' id='word_1_106' title='bbox 787 1621 815 1659; x_wconf 90' lang='lat' dir='ltr'><strong>a</strong></span> <span class='ocrx_word' id='word_1_107' title='bbox 861 1606 1059 1661; x_wconf 70' lang='lat' dir='ltr'><strong>Judmis</strong></span> <span class='ocrx_word' id='word_1_108' title='bbox 1105 1608 1246 1661; x_wconf 82' lang='lat' dir='ltr'><strong>illata</strong></span> <span class='ocrx_word' id='word_1_109' title='bbox 1290 1623 1586 1677; x_wconf 88' lang='lat' dir='ltr'><strong>superare:</strong></span> <span class='ocrx_word' id='word_1_110' title='bbox 1632 1608 1880 1663; x_wconf 84' lang='lat' dir='ltr'><strong>confundi</strong></span> 
     </span>
    </p>
   </div>
   <div class='ocr_carea' id='block_1_16' title="bbox 308 1699 1885 1769">
    <p class='ocr_par' dir='ltr' id='par_1_16' title="bbox 308 1699 1885 1769">
     <span class='ocr_line' id='line_1_16' title="bbox 308 1699 1885 1769; baseline 0.001 -18"><span class='ocrx_word' id='word_1_111' title='bbox 308 1699 581 1767; x_wconf 90' lang='lat' dir='ltr'><strong>postulans</strong></span> <span class='ocrx_word' id='word_1_112' title='bbox 631 1699 910 1766; x_wconf 88' lang='lat' dir='ltr'><strong>inimicos,</strong></span> <span class='ocrx_word' id='word_1_113' title='bbox 961 1706 1017 1753; x_wconf 90' lang='lat' dir='ltr'><strong>et</strong></span> <span class='ocrx_word' id='word_1_114' title='bbox 1067 1699 1234 1753; x_wconf 53' lang='lat' dir='ltr'><strong>laetari</strong></span> <span class='ocrx_word' id='word_1_115' title='bbox 1285 1714 1473 1754; x_wconf 90' lang='lat' dir='ltr'><strong>omnes</strong></span> <span class='ocrx_word' id='word_1_116' title='bbox 1524 1700 1613 1769; x_wconf 90' lang='lat' dir='ltr'><strong>qui</strong></span> <span class='ocrx_word' id='word_1_117' title='bbox 1669 1710 1885 1768; x_wconf 86' lang='lat' dir='ltr'><strong>sperant</strong></span> 
     </span>
    </p>
   </div>
   <div class='ocr_carea' id='block_1_17' title="bbox 308 1803 529 1843">
    <p class='ocr_par' dir='ltr' id='par_1_17' title="bbox 308 1803 529 1843">
     <span class='ocr_line' id='line_1_17' title="bbox 308 1803 529 1843; baseline -0.005 -1"><span class='ocrx_word' id='word_1_118' title='bbox 308 1803 358 1843; x_wconf 83' lang='grc' dir='ltr'><strong>ιη</strong></span> <span class='ocrx_word' id='word_1_119' title='bbox 388 1804 529 1843; x_wconf 89' lang='lat' dir='ltr'><strong>eum.</strong></span> 
     </span>
    </p>
   </div>
   <div class='ocr_carea' id='block_1_18' title="bbox 834 1902 1348 1975">
    <p class='ocr_par' dir='ltr' id='par_1_18' title="bbox 834 1902 1348 1975">
     <span class='ocr_line' id='line_1_18' title="bbox 834 1902 1348 1975; baseline 0.002 -19"><span class='ocrx_word' id='word_1_120' title='bbox 834 1902 1103 1973; x_wconf 71' lang='lat' dir='ltr'><strong>Expositio</strong></span> <span class='ocrx_word' id='word_1_121' title='bbox 1140 1904 1325 1975; x_wconf 82' lang='lat' dir='ltr'><strong>psalmi</strong></span> <span class='ocrx_word' id='word_1_122' title='bbox 1336 1944 1348 1957; x_wconf 94' lang='lat'><strong>.</strong></span> 
     </span>
    </p>
   </div>
   <div class='ocr_carea' id='block_1_19' title="bbox 385 2013 1887 2087">
    <p class='ocr_par' dir='ltr' id='par_1_19' title="bbox 385 2013 1887 2087">
     <span class='ocr_line' id='line_1_19' title="bbox 385 2013 1887 2087; baseline -0.001 -18"><span class='ocrx_word' id='word_1_123' title='bbox 385 2015 536 2070; x_wconf 83' lang='lat' dir='ltr'><strong>Vers.</strong></span> <span class='ocrx_word' id='word_1_124' title='bbox 572 2015 622 2069; x_wconf 74' lang='grc' dir='ltr'><strong>Ι.</strong></span> <span class='ocrx_word' id='word_1_125' title='bbox 659 2013 974 2086; x_wconf 74' lang='lat' dir='ltr'><strong>Exspectans</strong></span> <span class='ocrx_word' id='word_1_126' title='bbox 1002 2017 1283 2087; x_wconf 70' lang='lat' dir='ltr'><strong>exspectavi</strong></span> <span class='ocrx_word' id='word_1_127' title='bbox 1310 2016 1614 2083; x_wconf 86' lang='lat' dir='ltr'><strong>Dominum,</strong></span> <span class='ocrx_word' id='word_1_128' title='bbox 1644 2025 1692 2069; x_wconf 88' lang='lat' dir='ltr'><strong>et</strong></span> <span class='ocrx_word' id='word_1_129' title='bbox 1718 2031 1887 2081; x_wconf 85' lang='lat' dir='ltr'><strong>respe-</strong></span> 
     </span>
    </p>
   </div>
   <div class='ocr_carea' id='block_1_20' title="bbox 303 2105 1884 2176">
    <p class='ocr_par' dir='ltr' id='par_1_20' title="bbox 303 2105 1884 2176">
     <span class='ocr_line' id='line_1_20' title="bbox 303 2105 1884 2176; baseline 0 -17"><span class='ocrx_word' id='word_1_130' title='bbox 303 2105 380 2159; x_wconf 72' lang='lat' dir='ltr'><strong>xit</strong></span> <span class='ocrx_word' id='word_1_131' title='bbox 424 2121 501 2159; x_wconf 89' lang='lat' dir='ltr'><strong>me</strong></span> <span class='ocrx_word' id='word_1_132' title='bbox 526 2118 546 2159; x_wconf 86' lang='lat'><strong>.&#39;</strong></span> <span class='ocrx_word' id='word_1_133' title='bbox 585 2116 630 2159; x_wconf 86' lang='lat' dir='ltr'><strong>et</strong></span> <span class='ocrx_word' id='word_1_134' title='bbox 671 2106 930 2158; x_wconf 76' lang='lat' dir='ltr'><strong>exaudivit</strong></span> <span class='ocrx_word' id='word_1_135' title='bbox 972 2106 1375 2176; x_wconf 85' lang='lat' dir='ltr'><strong>deprecationem</strong></span> <span class='ocrx_word' id='word_1_136' title='bbox 1420 2123 1604 2161; x_wconf 85' lang='lat' dir='ltr'><strong>meam.</strong></span> <span class='ocrx_word' id='word_1_137' title='bbox 1646 2106 1884 2161; x_wconf 82' lang='lat' dir='ltr'><strong>Ecclesia</strong></span> 
     </span>
    </p>
   </div>
   <div class='ocr_carea' id='block_1_21' title="bbox 309 2192 1886 2265">
    <p class='ocr_par' dir='ltr' id='par_1_21' title="bbox 309 2192 1886 2265">
     <span class='ocr_line' id='line_1_21' title="bbox 309 2192 1886 2265; baseline 0.001 -18"><span class='ocrx_word' id='word_1_138' title='bbox 309 2193 603 2260; x_wconf 84' lang='lat' dir='ltr'><strong>catholica,</strong></span> <span class='ocrx_word' id='word_1_139' title='bbox 635 2209 754 2262; x_wconf 66' lang='lat' dir='ltr'><strong>quze</strong></span> <span class='ocrx_word' id='word_1_140' title='bbox 783 2192 956 2247; x_wconf 83' lang='lat' dir='ltr'><strong>fuerat</strong></span> <span class='ocrx_word' id='word_1_141' title='bbox 984 2195 1052 2247; x_wconf 86' lang='lat' dir='ltr'><strong>de</strong></span> <span class='ocrx_word' id='word_1_142' title='bbox 1088 2195 1248 2248; x_wconf 89' lang='lat' dir='ltr'><strong>totius</strong></span> <span class='ocrx_word' id='word_1_143' title='bbox 1279 2194 1460 2249; x_wconf 91' lang='lat' dir='ltr'><strong>mundi</strong></span> <span class='ocrx_word' id='word_1_144' title='bbox 1493 2195 1729 2265; x_wconf 90' lang='lat' dir='ltr'><strong>partibus</strong></span> <span class='ocrx_word' id='word_1_145' title='bbox 1758 2211 1886 2248; x_wconf 85' lang='lat' dir='ltr'><strong>con-</strong></span> 
     </span>
    </p>
   </div>
   <div class='ocr_carea' id='block_1_22' title="bbox 310 2283 1885 2354">
    <p class='ocr_par' dir='ltr' id='par_1_22' title="bbox 310 2283 1885 2354">
     <span class='ocr_line' id='line_1_22' title="bbox 310 2283 1885 2354; baseline 0.003 -18"><span class='ocrx_word' id='word_1_146' title='bbox 310 2283 577 2350; x_wconf 88' lang='lat' dir='ltr'><strong>greganda</strong></span> <span class='ocrx_word' id='word_1_147' title='bbox 605 2323 619 2347; x_wconf 91' lang='lat'><strong>,</strong></span> <span class='ocrx_word' id='word_1_148' title='bbox 653 2285 920 2352; x_wconf 76' lang='lat' dir='ltr'><strong>patientia:</strong></span> <span class='ocrx_word' id='word_1_149' title='bbox 950 2283 1198 2338; x_wconf 85' lang='lat' dir='ltr'><strong>virtutem</strong></span> <span class='ocrx_word' id='word_1_150' title='bbox 1232 2285 1485 2353; x_wconf 75' lang='lat' dir='ltr'><strong>praedicat</strong></span> <span class='ocrx_word' id='word_1_151' title='bbox 1512 2327 1526 2349; x_wconf 92' lang='lat'><strong>,</strong></span> <span class='ocrx_word' id='word_1_152' title='bbox 1558 2301 1716 2354; x_wconf 89' lang='lat' dir='ltr'><strong>quam</strong></span> <span class='ocrx_word' id='word_1_153' title='bbox 1744 2285 1885 2340; x_wconf 86' lang='lat' dir='ltr'><strong>inter</strong></span> 
     </span>
    </p>
   </div>
   <div class='ocr_carea' id='block_1_23' title="bbox 312 2376 1886 2446">
    <p class='ocr_par' dir='ltr' id='par_1_23' title="bbox 312 2376 1886 2446">
     <span class='ocr_line' id='line_1_23' title="bbox 312 2376 1886 2446; baseline 0.002 -17"><span class='ocrx_word' id='word_1_154' title='bbox 312 2390 550 2430; x_wconf 88' lang='lat' dir='ltr'><strong>summas</strong></span> <span class='ocrx_word' id='word_1_155' title='bbox 578 2376 758 2431; x_wconf 88' lang='lat' dir='ltr'><strong>laudes</strong></span> <span class='ocrx_word' id='word_1_156' title='bbox 788 2376 986 2445; x_wconf 80' lang='lat' dir='ltr'><strong>habere</strong></span> <span class='ocrx_word' id='word_1_157' title='bbox 1013 2379 1259 2431; x_wconf 86' lang='lat' dir='ltr'><strong>convenit</strong></span> <span class='ocrx_word' id='word_1_158' title='bbox 1283 2378 1662 2433; x_wconf 84' lang='lat' dir='ltr'><strong>Christianum.</strong></span> <span class='ocrx_word' id='word_1_159' title='bbox 1690 2378 1886 2446; x_wconf 85' lang='lat' dir='ltr'><strong>Quem-</strong></span> 
     </span>
    </p>
   </div>
   <div class='ocr_carea' id='block_1_24' title="bbox 313 2469 1885 2539">
    <p class='ocr_par' dir='ltr' id='par_1_24' title="bbox 313 2469 1885 2539">
     <span class='ocr_line' id='line_1_24' title="bbox 313 2469 1885 2539; baseline 0.002 -16"><span class='ocrx_word' id='word_1_160' title='bbox 313 2469 598 2523; x_wconf 87' lang='lat' dir='ltr'><strong>admodum</strong></span> <span class='ocrx_word' id='word_1_161' title='bbox 640 2470 779 2524; x_wconf 91' lang='lat' dir='ltr'><strong>enim</strong></span> <span class='ocrx_word' id='word_1_162' title='bbox 822 2479 911 2523; x_wconf 90' lang='lat' dir='ltr'><strong>aut</strong></span> <span class='ocrx_word' id='word_1_163' title='bbox 952 2470 1315 2525; x_wconf 51' lang='lat' dir='ltr'><strong>tribulatione;</strong></span> <span class='ocrx_word' id='word_1_164' title='bbox 1357 2470 1607 2538; x_wconf 73' lang='lat' dir='ltr'><strong>sufferat,</strong></span> <span class='ocrx_word' id='word_1_165' title='bbox 1658 2480 1749 2525; x_wconf 88' lang='lat' dir='ltr'><strong>aut</strong></span> <span class='ocrx_word' id='word_1_166' title='bbox 1790 2487 1885 2539; x_wconf 83' lang='lat' dir='ltr'><strong>pe-</strong></span> 
     </span>
    </p>
   </div>
   <div class='ocr_carea' id='block_1_25' title="bbox 316 2561 1887 2629">
    <p class='ocr_par' dir='ltr' id='par_1_25' title="bbox 316 2561 1887 2629">
     <span class='ocr_line' id='line_1_25' title="bbox 316 2561 1887 2629; baseline 0.003 -15"><span class='ocrx_word' id='word_1_167' title='bbox 316 2561 605 2615; x_wconf 75' lang='lat' dir='ltr'><strong>riculorum</strong></span> <span class='ocrx_word' id='word_1_168' title='bbox 640 2562 847 2629; x_wconf 88' lang='lat' dir='ltr'><strong>pondus</strong></span> <span class='ocrx_word' id='word_1_169' title='bbox 873 2562 1091 2626; x_wconf 80' lang='lat' dir='ltr'><strong>evadat,</strong></span> <span class='ocrx_word' id='word_1_170' title='bbox 1122 2561 1226 2615; x_wconf 90' lang='lat' dir='ltr'><strong>nisi</strong></span> <span class='ocrx_word' id='word_1_171' title='bbox 1252 2562 1434 2616; x_wconf 90' lang='lat' dir='ltr'><strong>divino</strong></span> <span class='ocrx_word' id='word_1_172' title='bbox 1466 2563 1725 2618; x_wconf 84' lang='lat' dir='ltr'><strong>beneﬁcio</strong></span> <span class='ocrx_word' id='word_1_173' title='bbox 1757 2566 1887 2618; x_wconf 89' lang='lat' dir='ltr'><strong>tole-</strong></span> 
     </span>
    </p>
   </div>
   <div class='ocr_carea' id='block_1_26' title="bbox 312 2649 1887 2709">
    <p class='ocr_par' dir='ltr' id='par_1_26' title="bbox 312 2649 1887 2709">
     <span class='ocr_line' id='line_1_26' title="bbox 312 2649 1887 2709; baseline 0.003 -4"><span class='ocrx_word' id='word_1_174' title='bbox 312 2652 498 2705; x_wconf 73' lang='lat' dir='ltr'><strong>rantia:</strong></span> <span class='ocrx_word' id='word_1_175' title='bbox 537 2650 730 2705; x_wconf 86' lang='lat' dir='ltr'><strong>robore</strong></span> <span class='ocrx_word' id='word_1_176' title='bbox 762 2649 1047 2706; x_wconf 87' lang='lat' dir='ltr'><strong>fulciatur?</strong></span> <span class='ocrx_word' id='word_1_177' title='bbox 1080 2651 1185 2707; x_wconf 89' lang='lat' dir='ltr'><strong>Sed</strong></span> <span class='ocrx_word' id='word_1_178' title='bbox 1216 2653 1635 2708; x_wconf 82' lang='lat' dir='ltr'><strong>considerandus</strong></span> <span class='ocrx_word' id='word_1_179' title='bbox 1676 2663 1758 2708; x_wconf 91' lang='lat' dir='ltr'><strong>est</strong></span> <span class='ocrx_word' id='word_1_180' title='bbox 1802 2654 1887 2709; x_wconf 88' lang='lat' dir='ltr'><strong>hic</strong></span> 
     </span>
    </p>
   </div>
   <div class='ocr_carea' id='block_1_27' title="bbox 313 2740 1883 2811">
    <p class='ocr_par' dir='ltr' id='par_1_27' title="bbox 313 2740 1883 2811">
     <span class='ocr_line' id='line_1_27' title="bbox 313 2740 1883 2811; baseline 0.004 -19"><span class='ocrx_word' id='word_1_181' title='bbox 313 2753 492 2793; x_wconf 91' lang='lat' dir='ltr'><strong>sermo</strong></span> <span class='ocrx_word' id='word_1_182' title='bbox 517 2740 819 2810; x_wconf 76' lang='lat' dir='ltr'><strong>geminatus</strong></span> <span class='ocrx_word' id='word_1_183' title='bbox 839 2780 853 2805; x_wconf 89' lang='lat'><strong>,</strong></span> <span class='ocrx_word' id='word_1_184' title='bbox 883 2743 1005 2810; x_wconf 87' lang='lat' dir='ltr'><strong>quia</strong></span> <span class='ocrx_word' id='word_1_185' title='bbox 1032 2742 1294 2811; x_wconf 86' lang='lat' dir='ltr'><strong>superﬂua</strong></span> <span class='ocrx_word' id='word_1_186' title='bbox 1321 2758 1427 2798; x_wconf 91' lang='lat' dir='ltr'><strong>nou</strong></span> <span class='ocrx_word' id='word_1_187' title='bbox 1453 2754 1535 2799; x_wconf 90' lang='lat' dir='ltr'><strong>est</strong></span> <span class='ocrx_word' id='word_1_188' title='bbox 1562 2755 1663 2799; x_wconf 88' lang='lat' dir='ltr'><strong>tam</strong></span> <span class='ocrx_word' id='word_1_189' title='bbox 1693 2746 1883 2799; x_wconf 86' lang='lat' dir='ltr'><strong>decora</strong></span> 
     </span>
    </p>
   </div>
   <div class='ocr_carea' id='block_1_28' title="bbox 312 2829 1882 2907">
    <p class='ocr_par' dir='ltr' id='par_1_28' title="bbox 312 2829 1882 2907">
     <span class='ocr_line' id='line_1_28' title="bbox 312 2829 1882 2907; baseline 0.004 -22"><span class='ocrx_word' id='word_1_190' title='bbox 312 2830 582 2899; x_wconf 77' lang='lat' dir='ltr'><strong>repetitio.</strong></span> <span class='ocrx_word' id='word_1_191' title='bbox 616 2829 926 2902; x_wconf 76' lang='lat' dir='ltr'><strong>Exspectare</strong></span> <span class='ocrx_word' id='word_1_192' title='bbox 956 2833 1214 2902; x_wconf 86' lang='lat' dir='ltr'><strong>siquidem</strong></span> <span class='ocrx_word' id='word_1_193' title='bbox 1261 2849 1543 2905; x_wconf 91' lang='lat' dir='ltr'><strong>possumus</strong></span> <span class='ocrx_word' id='word_1_194' title='bbox 1582 2846 1634 2891; x_wconf 88' lang='lat' dir='ltr'><strong>et</strong></span> <span class='ocrx_word' id='word_1_195' title='bbox 1673 2838 1882 2907; x_wconf 82' lang='lat' dir='ltr'><strong>ingra&#39;i.</strong></span> 
     </span>
    </p>
   </div>
   <div class='ocr_carea' id='block_1_29' title="bbox 314 2923 1888 2998">
    <p class='ocr_par' dir='ltr' id='par_1_29' title="bbox 314 2923 1888 2998">
     <span class='ocr_line' id='line_1_29' title="bbox 314 2923 1888 2998; baseline 0.003 -22"><span class='ocrx_word' id='word_1_196' title='bbox 314 2923 678 2995; x_wconf 72' lang='lat' dir='ltr'><strong>Exspectantes</strong></span> <span class='ocrx_word' id='word_1_197' title='bbox 706 2935 882 2981; x_wconf 89' lang='lat' dir='ltr'><strong>autem</strong></span> <span class='ocrx_word' id='word_1_198' title='bbox 920 2937 1299 2996; x_wconf 68' lang='lat' dir='ltr'><strong>exspestamus,</strong></span> <span class='ocrx_word' id='word_1_199' title='bbox 1342 2927 1555 2998; x_wconf 89' lang='lat' dir='ltr'><strong>quando</strong></span> <span class='ocrx_word' id='word_1_200' title='bbox 1597 2930 1752 2984; x_wconf 87' lang='lat' dir='ltr'><strong>mites</strong></span> <span class='ocrx_word' id='word_1_201' title='bbox 1792 2930 1888 2981; x_wconf 85' lang='lat' dir='ltr'><strong>ali-</strong></span> 
     </span>
    </p>
   </div>
   <div class='ocr_carea' id='block_1_30' title="bbox 313 3018 1889 3093">
    <p class='ocr_par' dir='ltr' id='par_1_30' title="bbox 313 3018 1889 3093">
     <span class='ocr_line' id='line_1_30' title="bbox 313 3018 1889 3093; baseline 0.004 -24"><span class='ocrx_word' id='word_1_202' title='bbox 313 3018 437 3087; x_wconf 92' lang='lat' dir='ltr'><strong>quid</strong></span> <span class='ocrx_word' id='word_1_203' title='bbox 463 3034 583 3072; x_wconf 91' lang='lat' dir='ltr'><strong>cum</strong></span> <span class='ocrx_word' id='word_1_204' title='bbox 614 3034 803 3089; x_wconf 89' lang='lat' dir='ltr'><strong>magno</strong></span> <span class='ocrx_word' id='word_1_205' title='bbox 824 3020 1087 3075; x_wconf 90' lang='lat' dir='ltr'><strong>desiderio</strong></span> <span class='ocrx_word' id='word_1_206' title='bbox 1109 3024 1451 3076; x_wconf 88' lang='lat' dir='ltr'><strong>sustinemus.</strong></span> <span class='ocrx_word' id='word_1_207' title='bbox 1477 3021 1588 3076; x_wconf 82' lang='lat' dir='ltr'><strong>Hoc</strong></span> <span class='ocrx_word' id='word_1_208' title='bbox 1608 3036 1889 3093; x_wconf 83' lang='lat' dir='ltr'><strong>argumen-</strong></span> 
     </span>
    </p>
   </div>
   <div class='ocr_carea' id='block_1_31' title="bbox 314 3111 1958 3185">
    <p class='ocr_par' dir='ltr' id='par_1_31' title="bbox 314 3111 1958 3185">
     <span class='ocr_line' id='line_1_31' title="bbox 314 3111 1958 3185; baseline 0.004 -22"><span class='ocrx_word' id='word_1_209' title='bbox 314 3117 426 3164; x_wconf 90' lang='lat' dir='ltr'><strong>tum</strong></span> <span class='ocrx_word' id='word_1_210' title='bbox 462 3111 655 3166; x_wconf 76' lang='lat' dir='ltr'><strong>dit-itur</strong></span> <span class='ocrx_word' id='word_1_211' title='bbox 685 3128 711 3165; x_wconf 90' lang='lat' dir='ltr'><strong>a</strong></span> <span class='ocrx_word' id='word_1_212' title='bbox 742 3113 1072 3185; x_wconf 86' lang='lat' dir='ltr'><strong>conjugatis,</strong></span> <span class='ocrx_word' id='word_1_213' title='bbox 1118 3114 1331 3184; x_wconf 87' lang='lat' dir='ltr'><strong>quando</strong></span> <span class='ocrx_word' id='word_1_214' title='bbox 1359 3131 1519 3169; x_wconf 91' lang='lat' dir='ltr'><strong>unum</strong></span> <span class='ocrx_word' id='word_1_215' title='bbox 1554 3116 1769 3169; x_wconf 90' lang='lat' dir='ltr'><strong>verbum</strong></span> <span class='ocrx_word' id='word_1_216' title='bbox 1800 3131 1885 3169; x_wconf 86' lang='lat' dir='ltr'><strong>or-</strong></span> <span class='ocrx_word' id='word_1_217' title='bbox 1912 3112 1958 3177; x_wconf 90' lang='lat' dir='ltr'><strong><em>C</em></strong></span> 
     </span>
    </p>
   </div>
   <div class='ocr_carea' id='block_1_32' title="bbox 313 3201 1882 3272">
    <p class='ocr_par' dir='ltr' id='par_1_32' title="bbox 313 3201 1882 3272">
     <span class='ocr_line' id='line_1_32' title="bbox 313 3201 1882 3272; baseline 0.002 -19"><span class='ocrx_word' id='word_1_218' title='bbox 313 3208 421 3255; x_wconf 91' lang='lat' dir='ltr'><strong>tum</strong></span> <span class='ocrx_word' id='word_1_219' title='bbox 445 3202 511 3255; x_wconf 89' lang='lat' dir='ltr'><strong>ab</strong></span> <span class='ocrx_word' id='word_1_220' title='bbox 542 3201 647 3255; x_wconf 88' lang='lat' dir='ltr'><strong>alio</strong></span> <span class='ocrx_word' id='word_1_221' title='bbox 669 3203 814 3258; x_wconf 89' lang='lat' dir='ltr'><strong>varie</strong></span> <span class='ocrx_word' id='word_1_222' title='bbox 835 3211 1254 3271; x_wconf 89' lang='lat' dir='ltr'><strong>commutamus,</strong></span> <span class='ocrx_word' id='word_1_223' title='bbox 1282 3214 1337 3257; x_wconf 92' lang='lat' dir='ltr'><strong>ut</strong></span> <span class='ocrx_word' id='word_1_224' title='bbox 1359 3205 1572 3271; x_wconf 90' lang='lat' dir='ltr'><strong>sapiens</strong></span> <span class='ocrx_word' id='word_1_225' title='bbox 1593 3205 1882 3272; x_wconf 76' lang='lat' dir='ltr'><strong>sapienter,</strong></span> 
     </span>
    </p>
   </div>
   <div class='ocr_carea' id='block_1_33' title="bbox 313 3291 1883 3365">
    <p class='ocr_par' dir='ltr' id='par_1_33' title="bbox 313 3291 1883 3365">
     <span class='ocr_line' id='line_1_33' title="bbox 313 3291 1883 3365; baseline 0.005 -24"><span class='ocrx_word' id='word_1_226' title='bbox 313 3291 551 3356; x_wconf 77' lang='lat' dir='ltr'><strong>prudens</strong></span> <span class='ocrx_word' id='word_1_227' title='bbox 594 3291 904 3359; x_wconf 89' lang='lat' dir='ltr'><strong>prudenter,</strong></span> <span class='ocrx_word' id='word_1_228' title='bbox 951 3301 1006 3347; x_wconf 91' lang='lat' dir='ltr'><strong>et</strong></span> <span class='ocrx_word' id='word_1_229' title='bbox 1049 3293 1133 3347; x_wconf 86' lang='lat' dir='ltr'><strong>his</strong></span> <span class='ocrx_word' id='word_1_230' title='bbox 1175 3294 1390 3349; x_wconf 88' lang='lat' dir='ltr'><strong>similia.</strong></span> <span class='ocrx_word' id='word_1_231' title='bbox 1438 3294 1724 3364; x_wconf 74' lang='lat' dir='ltr'><strong>Respexit:</strong></span> <span class='ocrx_word' id='word_1_232' title='bbox 1760 3295 1883 3365; x_wconf 84' lang='lat' dir='ltr'><strong>quia</strong></span> 
     </span>
    </p>
   </div>
   <div class='ocr_carea' id='block_1_34' title="bbox 314 3378 1887 3455">
    <p class='ocr_par' dir='ltr' id='par_1_34' title="bbox 314 3378 1887 3455">
     <span class='ocr_line' id='line_1_34' title="bbox 314 3378 1887 3455; baseline 0.006 -26"><span class='ocrx_word' id='word_1_233' title='bbox 314 3378 569 3445; x_wconf 71' lang='lat' dir='ltr'><strong>praevertit</strong></span> <span class='ocrx_word' id='word_1_234' title='bbox 596 3393 755 3434; x_wconf 91' lang='lat' dir='ltr'><strong>omne</strong></span> <span class='ocrx_word' id='word_1_235' title='bbox 783 3380 980 3435; x_wconf 90' lang='lat' dir='ltr'><strong>bonum</strong></span> <span class='ocrx_word' id='word_1_236' title='bbox 1009 3390 1266 3438; x_wconf 87' lang='lat' dir='ltr'><strong>nostrum.</strong></span> <span class='ocrx_word' id='word_1_237' title='bbox 1297 3384 1498 3440; x_wconf 86' lang='lat' dir='ltr'><strong>Lumen</strong></span> <span class='ocrx_word' id='word_1_238' title='bbox 1528 3386 1721 3455; x_wconf 90' lang='lat' dir='ltr'><strong>quippe</strong></span> <span class='ocrx_word' id='word_1_239' title='bbox 1750 3385 1887 3440; x_wconf 88' lang='lat' dir='ltr'><strong>veri-</strong></span> 
     </span>
    </p>
   </div>
   <div class='ocr_carea' id='block_1_35' title="bbox 313 3468 1884 3545">
    <p class='ocr_par' dir='ltr' id='par_1_35' title="bbox 313 3468 1884 3545">
     <span class='ocr_line' id='line_1_35' title="bbox 313 3468 1884 3545; baseline 0.008 -26"><span class='ocrx_word' id='word_1_240' title='bbox 313 3468 438 3521; x_wconf 87' lang='lat' dir='ltr'><strong>tatis</strong></span> <span class='ocrx_word' id='word_1_241' title='bbox 471 3468 665 3523; x_wconf 72' lang='lat' dir='ltr'><strong>ltabere</strong></span> <span class='ocrx_word' id='word_1_242' title='bbox 696 3484 802 3524; x_wconf 89' lang='lat' dir='ltr'><strong>non</strong></span> <span class='ocrx_word' id='word_1_243' title='bbox 850 3486 1161 3540; x_wconf 84' lang='lat' dir='ltr'><strong>possumus,</strong></span> <span class='ocrx_word' id='word_1_244' title='bbox 1210 3476 1312 3530; x_wconf 91' lang='lat' dir='ltr'><strong>nisi</strong></span> <span class='ocrx_word' id='word_1_245' title='bbox 1356 3475 1423 3530; x_wconf 90' lang='lat' dir='ltr'><strong>ab</strong></span> <span class='ocrx_word' id='word_1_246' title='bbox 1466 3474 1607 3530; x_wconf 89' lang='lat' dir='ltr'><strong>illius</strong></span> <span class='ocrx_word' id='word_1_247' title='bbox 1648 3477 1884 3545; x_wconf 89' lang='lat' dir='ltr'><strong>conspici</strong></span> 
     </span>
    </p>
   </div>
   <div class='ocr_carea' id='block_1_36' title="bbox 314 3556 1888 3637">
    <p class='ocr_par' dir='ltr' id='par_1_36' title="bbox 314 3556 1888 3637">
     <span class='ocr_line' id='line_1_36' title="bbox 314 3556 1888 3637; baseline 0.007 -27"><span class='ocrx_word' id='word_1_248' title='bbox 314 3556 553 3612; x_wconf 87' lang='lat' dir='ltr'><strong>claritate</strong></span> <span class='ocrx_word' id='word_1_249' title='bbox 598 3574 919 3615; x_wconf 91' lang='lat' dir='ltr'><strong>mereamur.</strong></span> <span class='ocrx_word' id='word_1_250' title='bbox 972 3563 1334 3634; x_wconf 87' lang='lat' dir='ltr'><strong>Subjungitur,</strong></span> <span class='ocrx_word' id='word_1_251' title='bbox 1384 3567 1641 3620; x_wconf 67' lang='lat' dir='ltr'><strong>exaudirit</strong></span> <span class='ocrx_word' id='word_1_252' title='bbox 1680 3583 1786 3637; x_wconf 88' lang='lat' dir='ltr'><strong>me,</strong></span> <span class='ocrx_word' id='word_1_253' title='bbox 1829 3577 1888 3621; x_wconf 90' lang='lat' dir='ltr'><strong>ut</strong></span> 
     </span>
    </p>
   </div>
   <div class='ocr_carea' id='block_1_37' title="bbox 314 3648 1885 3729">
    <p class='ocr_par' dir='ltr' id='par_1_37' title="bbox 314 3648 1885 3729">
     <span class='ocr_line' id='line_1_37' title="bbox 314 3648 1885 3729; baseline 0.006 -26"><span class='ocrx_word' id='word_1_254' title='bbox 314 3648 399 3717; x_wconf 90' lang='lat' dir='ltr'><strong>pie</strong></span> <span class='ocrx_word' id='word_1_255' title='bbox 429 3660 586 3718; x_wconf 89' lang='lat' dir='ltr'><strong>atque</strong></span> <span class='ocrx_word' id='word_1_256' title='bbox 616 3649 907 3708; x_wconf 73' lang='lat' dir='ltr'><strong>efficaciter</strong></span> <span class='ocrx_word' id='word_1_257' title='bbox 943 3667 1260 3724; x_wconf 77' lang='lat' dir='ltr'><strong>exspectasse</strong></span> <span class='ocrx_word' id='word_1_258' title='bbox 1290 3657 1552 3711; x_wconf 88' lang='lat' dir='ltr'><strong>videatur.</strong></span> <span class='ocrx_word' id='word_1_259' title='bbox 1586 3656 1885 3729; x_wconf 75' lang='lat' dir='ltr'><strong>Deprecatio</strong></span> 
     </span>
    </p>
   </div>
   <div class='ocr_carea' id='block_1_38' title="bbox 314 3740 1884 3818">
    <p class='ocr_par' dir='ltr' id='par_1_38' title="bbox 314 3740 1884 3818">
     <span class='ocr_line' id='line_1_38' title="bbox 314 3740 1884 3818; baseline 0.008 -26"><span class='ocrx_word' id='word_1_260' title='bbox 314 3754 522 3808; x_wconf 92' lang='lat' dir='ltr'><strong>quoque</strong></span> <span class='ocrx_word' id='word_1_261' title='bbox 562 3740 826 3810; x_wconf 79' lang='lat' dir='ltr'><strong>signiﬁcat</strong></span> <span class='ocrx_word' id='word_1_262' title='bbox 867 3744 966 3813; x_wconf 92' lang='lat' dir='ltr'><strong>(ut</strong></span> <span class='ocrx_word' id='word_1_263' title='bbox 1006 3746 1204 3800; x_wconf 89' lang='lat' dir='ltr'><strong>dictum</strong></span> <span class='ocrx_word' id='word_1_264' title='bbox 1233 3749 1353 3815; x_wconf 91' lang='lat' dir='ltr'><strong>est)</strong></span> <span class='ocrx_word' id='word_1_265' title='bbox 1396 3748 1884 3818; x_wconf 81' lang='lat' dir='ltr'><strong>frequentissimam</strong></span> 
     </span>
    </p>
   </div>
   <div class='ocr_carea' id='block_1_39' title="bbox 314 3834 1887 3914">
    <p class='ocr_par' dir='ltr' id='par_1_39' title="bbox 314 3834 1887 3914">
     <span class='ocr_line' id='line_1_39' title="bbox 314 3834 1887 3914; baseline 0.008 -29"><span class='ocrx_word' id='word_1_266' title='bbox 314 3845 564 3899; x_wconf 87' lang='lat' dir='ltr'><strong>precem:</strong></span> <span class='ocrx_word' id='word_1_267' title='bbox 619 3834 868 3902; x_wconf 88' lang='lat' dir='ltr'><strong>quoniam</strong></span> <span class='ocrx_word' id='word_1_268' title='bbox 924 3836 1097 3891; x_wconf 86' lang='lat' dir='ltr'><strong>rarius</strong></span> <span class='ocrx_word' id='word_1_269' title='bbox 1136 3853 1294 3894; x_wconf 89' lang='lat' dir='ltr'><strong>orare</strong></span> <span class='ocrx_word' id='word_1_270' title='bbox 1330 3854 1433 3895; x_wconf 93' lang='lat' dir='ltr'><strong>non</strong></span> <span class='ocrx_word' id='word_1_271' title='bbox 1476 3850 1718 3912; x_wconf 88' lang='lat' dir='ltr'><strong>poterat,</strong></span> <span class='ocrx_word' id='word_1_272' title='bbox 1767 3858 1887 3914; x_wconf 61' lang='lat' dir='ltr'><strong>quae</strong></span> 
     </span>
    </p>
   </div>
   <div class='ocr_carea' id='block_1_40' title="bbox 314 3921 1227 3983">
    <p class='ocr_par' dir='ltr' id='par_1_40' title="bbox 314 3921 1227 3983">
     <span class='ocr_line' id='line_1_40' title="bbox 314 3921 1227 3983; baseline 0.008 -7"><span class='ocrx_word' id='word_1_273' title='bbox 314 3921 581 3976; x_wconf 85' lang='lat' dir='ltr'><strong>sustinens</strong></span> <span class='ocrx_word' id='word_1_274' title='bbox 609 3922 886 3978; x_wconf 91' lang='lat' dir='ltr'><strong>Dominum</strong></span> <span class='ocrx_word' id='word_1_275' title='bbox 917 3927 1227 3983; x_wconf 79' lang='lat' dir='ltr'><strong>sustinebat.</strong></span> 
     </span>
    </p>
   </div>
   <div class='ocr_carea' id='block_1_41' title="bbox 387 4009 1887 4089">
    <p class='ocr_par' dir='ltr' id='par_1_41' title="bbox 387 4009 1887 4089">
     <span class='ocr_line' id='line_1_41' title="bbox 387 4009 1887 4089; baseline 0.011 -27"><span class='ocrx_word' id='word_1_276' title='bbox 387 4009 538 4065; x_wconf 86' lang='lat' dir='ltr'><strong>Vers.</strong></span> <span class='ocrx_word' id='word_1_277' title='bbox 577 4012 632 4066; x_wconf 80' lang='lat'><strong>‘2.</strong></span> <span class='ocrx_word' id='word_1_278' title='bbox 678 4012 741 4065; x_wconf 82' lang='lat' dir='ltr'><strong>Et</strong></span> <span class='ocrx_word' id='word_1_279' title='bbox 781 4014 959 4068; x_wconf 78' lang='lat' dir='ltr'><strong>eduxit</strong></span> <span class='ocrx_word' id='word_1_280' title='bbox 991 4032 1068 4069; x_wconf 91' lang='lat' dir='ltr'><strong>me</strong></span> <span class='ocrx_word' id='word_1_281' title='bbox 1103 4018 1164 4070; x_wconf 83' lang='lat' dir='ltr'><strong>de</strong></span> <span class='ocrx_word' id='word_1_282' title='bbox 1202 4018 1314 4072; x_wconf 87' lang='lat' dir='ltr'><strong>lacu</strong></span> <span class='ocrx_word' id='word_1_283' title='bbox 1340 4021 1587 4089; x_wconf 67' lang='lat' dir='ltr'><strong>miseriae,</strong></span> <span class='ocrx_word' id='word_1_284' title='bbox 1616 4031 1663 4077; x_wconf 88' lang='lat' dir='ltr'><strong>et</strong></span> <span class='ocrx_word' id='word_1_285' title='bbox 1694 4023 1755 4076; x_wconf 84' lang='lat' dir='ltr'><strong>rte</strong></span> <span class='ocrx_word' id='word_1_286' title='bbox 1781 4024 1887 4078; x_wconf 86' lang='lat' dir='ltr'><strong>luto</strong></span> 
     </span>
    </p>
   </div>
   <div class='ocr_carea' id='block_1_42' title="bbox 314 4102 1888 4183">
    <p class='ocr_par' dir='ltr' id='par_1_42' title="bbox 314 4102 1888 4183">
     <span class='ocr_line' id='line_1_42' title="bbox 314 4102 1888 4183; baseline 0.01 -30"><span class='ocrx_word' id='word_1_287' title='bbox 314 4102 426 4170; x_wconf 74' lang='lat' dir='ltr'><strong>{wci</strong></span> <span class='ocrx_word' id='word_1_288' title='bbox 478 4120 495 4157; x_wconf 90' lang='lat'><strong><em>:</em></strong></span> <span class='ocrx_word' id='word_1_289' title='bbox 527 4114 573 4157; x_wconf 90' lang='lat' dir='ltr'><strong>et</strong></span> <span class='ocrx_word' id='word_1_290' title='bbox 601 4108 777 4159; x_wconf 83' lang='lat' dir='ltr'><strong>statuit</strong></span> <span class='ocrx_word' id='word_1_291' title='bbox 806 4124 963 4176; x_wconf 81' lang='lat' dir='ltr'><strong>supra</strong></span> <span class='ocrx_word' id='word_1_292' title='bbox 992 4120 1185 4180; x_wconf 81' lang='lat' dir='ltr'><strong>petram</strong></span> <span class='ocrx_word' id='word_1_293' title='bbox 1216 4113 1365 4183; x_wconf 85' lang='lat' dir='ltr'><strong>pedes</strong></span> <span class='ocrx_word' id='word_1_294' title='bbox 1403 4130 1574 4182; x_wconf 85' lang='lat' dir='ltr'><strong>meos,</strong></span> <span class='ocrx_word' id='word_1_295' title='bbox 1619 4124 1666 4170; x_wconf 88' lang='lat' dir='ltr'><strong>et</strong></span> <span class='ocrx_word' id='word_1_296' title='bbox 1703 4118 1888 4171; x_wconf 73' lang='lat' dir='ltr'><strong>direxit</strong></span> 
     </span>
    </p>
   </div>
   <div class='ocr_carea' id='block_1_43' title="bbox 314 4197 1891 4276">
    <p class='ocr_par' dir='ltr' id='par_1_43' title="bbox 314 4197 1891 4276">
     <span class='ocr_line' id='line_1_43' title="bbox 314 4197 1891 4276; baseline 0.01 -31"><span class='ocrx_word' id='word_1_297' title='bbox 314 4210 510 4263; x_wconf 85' lang='lat' dir='ltr'><strong>gressus</strong></span> <span class='ocrx_word' id='word_1_298' title='bbox 543 4212 694 4250; x_wconf 87' lang='lat' dir='ltr'><strong>meos.</strong></span> <span class='ocrx_word' id='word_1_299' title='bbox 727 4197 877 4255; x_wconf 88' lang='lat' dir='ltr'><strong>Sicut</strong></span> <span class='ocrx_word' id='word_1_300' title='bbox 921 4200 1127 4254; x_wconf 90' lang='lat' dir='ltr'><strong>duobus</strong></span> <span class='ocrx_word' id='word_1_301' title='bbox 1171 4202 1346 4257; x_wconf 90' lang='lat' dir='ltr'><strong>modis</strong></span> <span class='ocrx_word' id='word_1_302' title='bbox 1392 4205 1603 4272; x_wconf 90' lang='lat' dir='ltr'><strong>operari</strong></span> <span class='ocrx_word' id='word_1_303' title='bbox 1651 4207 1891 4276; x_wconf 86' lang='lat' dir='ltr'><strong>praecipit</strong></span> 
     </span>
    </p>
   </div>
   <div class='ocr_carea' id='block_1_44' title="bbox 315 4283 1886 4361">
    <p class='ocr_par' dir='ltr' id='par_1_44' title="bbox 315 4283 1886 4361">
     <span class='ocr_line' id='line_1_44' title="bbox 315 4283 1886 4361; baseline 0.009 -25"><span class='ocrx_word' id='word_1_304' title='bbox 315 4283 701 4351; x_wconf 83' lang='lat' dir='ltr'><strong>Christianum,</strong></span> <span class='ocrx_word' id='word_1_305' title='bbox 737 4300 791 4341; x_wconf 89' lang='lat' dir='ltr'><strong>ut</strong></span> <span class='ocrx_word' id='word_1_306' title='bbox 820 4288 1051 4343; x_wconf 81' lang='lat' dir='ltr'><strong>declinet</strong></span> <span class='ocrx_word' id='word_1_307' title='bbox 1092 4306 1121 4344; x_wconf 91' lang='lat' dir='ltr'><strong>a</strong></span> <span class='ocrx_word' id='word_1_308' title='bbox 1170 4291 1309 4348; x_wconf 70' lang='lat' dir='ltr'><strong>malo</strong></span> <span class='ocrx_word' id='word_1_309' title='bbox 1351 4303 1404 4348; x_wconf 89' lang='lat' dir='ltr'><strong>et</strong></span> <span class='ocrx_word' id='word_1_310' title='bbox 1445 4293 1602 4348; x_wconf 81' lang='lat' dir='ltr'><strong>faciat</strong></span> <span class='ocrx_word' id='word_1_311' title='bbox 1646 4296 1886 4361; x_wconf 89' lang='lat' dir='ltr'><strong>bonum;</strong></span> 
     </span>
    </p>
   </div>
   <div class='ocr_carea' id='block_1_45' title="bbox 316 4371 1879 4453">
    <p class='ocr_par' dir='ltr' id='par_1_45' title="bbox 316 4371 1879 4453">
     <span class='ocr_line' id='line_1_45' title="bbox 316 4371 1879 4453; baseline 0.007 -24"><span class='ocrx_word' id='word_1_312' title='bbox 316 4371 386 4429; x_wconf 83' lang='lat' dir='ltr'><strong>ita</strong></span> <span class='ocrx_word' id='word_1_313' title='bbox 415 4375 613 4444; x_wconf 86' lang='lat' dir='ltr'><strong>duplici</strong></span> <span class='ocrx_word' id='word_1_314' title='bbox 644 4379 851 4433; x_wconf 88' lang='lat' dir='ltr'><strong>ratione</strong></span> <span class='ocrx_word' id='word_1_315' title='bbox 886 4380 1165 4433; x_wconf 90' lang='lat' dir='ltr'><strong>Dominum</strong></span> <span class='ocrx_word' id='word_1_316' title='bbox 1198 4382 1326 4436; x_wconf 91' lang='lat' dir='ltr'><strong>dicit</strong></span> <span class='ocrx_word' id='word_1_317' title='bbox 1372 4385 1643 4453; x_wconf 86' lang='lat' dir='ltr'><strong>profutura</strong></span> <span class='ocrx_word' id='word_1_318' title='bbox 1685 4401 1879 4440; x_wconf 50' lang='lat' dir='ltr'><strong>couces</strong></span> 
     </span>
    </p>
   </div>
   <div class='ocr_carea' id='block_1_46' title="bbox 1990 463 3570 529">
    <p class='ocr_par' dir='ltr' id='par_1_46' title="bbox 1990 463 3570 529">
     <span class='ocr_line' id='line_1_46' title="bbox 1990 463 3570 529; baseline 0.002 -13"><span class='ocrx_word' id='word_1_319' title='bbox 1990 463 2278 529; x_wconf 87' lang='lat' dir='ltr'><strong>dissoluta,</strong></span> <span class='ocrx_word' id='word_1_320' title='bbox 2316 467 2366 518; x_wconf 91' lang='lat' dir='ltr'><strong>in</strong></span> <span class='ocrx_word' id='word_1_321' title='bbox 2396 465 2602 521; x_wconf 89' lang='lat' dir='ltr'><strong>itineris</strong></span> <span class='ocrx_word' id='word_1_322' title='bbox 2632 467 2712 520; x_wconf 92' lang='lat' dir='ltr'><strong>sui</strong></span> <span class='ocrx_word' id='word_1_323' title='bbox 2743 470 3058 522; x_wconf 75' lang='lat' dir='ltr'><strong>coenositate</strong></span> <span class='ocrx_word' id='word_1_324' title='bbox 3086 464 3393 521; x_wconf 78' lang='lat' dir='ltr'><strong>volvuzttur.</strong></span> <span class='ocrx_word' id='word_1_325' title='bbox 3444 465 3570 519; x_wconf 82' lang='lat' dir='ltr'><strong>Vir-</strong></span> 
     </span>
    </p>
   </div>
   <div class='ocr_carea' id='block_1_47' title="bbox 1988 557 3570 627">
    <p class='ocr_par' dir='ltr' id='par_1_47' title="bbox 1988 557 3570 627">
     <span class='ocr_line' id='line_1_47' title="bbox 1988 557 3570 627; baseline 0.002 -19"><span class='ocrx_word' id='word_1_326' title='bbox 1988 563 2127 609; x_wconf 88' lang='lat' dir='ltr'><strong>tutes</strong></span> <span class='ocrx_word' id='word_1_327' title='bbox 2171 566 2345 610; x_wconf 90' lang='lat' dir='ltr'><strong>autem</strong></span> <span class='ocrx_word' id='word_1_328' title='bbox 2388 557 2833 627; x_wconf 86' lang='lat' dir='ltr'><strong>quemadmodum</strong></span> <span class='ocrx_word' id='word_1_329' title='bbox 2879 558 3059 627; x_wconf 70' lang='lat' dir='ltr'><strong>rigide</strong></span> <span class='ocrx_word' id='word_1_330' title='bbox 3107 566 3231 612; x_wconf 85' lang='lat' dir='ltr'><strong>sunt</strong></span> <span class='ocrx_word' id='word_1_331' title='bbox 3274 567 3326 612; x_wconf 91' lang='lat' dir='ltr'><strong>et</strong></span> <span class='ocrx_word' id='word_1_332' title='bbox 3374 559 3570 611; x_wconf 77' lang='lat' dir='ltr'><strong>illiillo-</strong></span> 
     </span>
    </p>
   </div>
   <div class='ocr_carea' id='block_1_48' title="bbox 1988 646 3569 718">
    <p class='ocr_par' dir='ltr' id='par_1_48' title="bbox 1988 646 3569 718">
     <span class='ocr_line' id='line_1_48' title="bbox 1988 646 3569 718; baseline 0 -18"><span class='ocrx_word' id='word_1_333' title='bbox 1988 646 2152 710; x_wconf 91' lang='lat' dir='ltr'><strong>biles,</strong></span> <span class='ocrx_word' id='word_1_334' title='bbox 2185 647 2261 699; x_wconf 91' lang='lat' dir='ltr'><strong>sic</strong></span> <span class='ocrx_word' id='word_1_335' title='bbox 2292 648 2488 702; x_wconf 82' lang='lat' dir='ltr'><strong>habent</strong></span> <span class='ocrx_word' id='word_1_336' title='bbox 2516 649 2652 702; x_wconf 88' lang='lat' dir='ltr'><strong>viam</strong></span> <span class='ocrx_word' id='word_1_337' title='bbox 2686 649 2968 716; x_wconf 77' lang='lat' dir='ltr'><strong>petraletn,</strong></span> <span class='ocrx_word' id='word_1_338' title='bbox 3000 646 3090 703; x_wconf 91' lang='lat' dir='ltr'><strong>ubi</strong></span> <span class='ocrx_word' id='word_1_339' title='bbox 3120 663 3224 703; x_wconf 91' lang='lat' dir='ltr'><strong>non</strong></span> <span class='ocrx_word' id='word_1_340' title='bbox 3254 649 3569 718; x_wconf 88' lang='lat' dir='ltr'><strong>inquinatis,</strong></span> 
     </span>
    </p>
   </div>
   <div class='ocr_carea' id='block_1_49' title="bbox 1987 736 2928 805">
    <p class='ocr_par' dir='ltr' id='par_1_49' title="bbox 1987 736 2928 805">
     <span class='ocr_line' id='line_1_49' title="bbox 1987 736 2928 805; baseline 0.001 -16"><span class='ocrx_word' id='word_1_341' title='bbox 1987 736 2080 791; x_wconf 93' lang='lat' dir='ltr'><strong>sed</strong></span> <span class='ocrx_word' id='word_1_342' title='bbox 2115 736 2325 791; x_wconf 87' lang='lat' dir='ltr'><strong>mundis</strong></span> <span class='ocrx_word' id='word_1_343' title='bbox 2355 738 2577 805; x_wconf 91' lang='lat' dir='ltr'><strong>pedibus</strong></span> <span class='ocrx_word' id='word_1_344' title='bbox 2606 739 2928 792; x_wconf 87' lang='lat' dir='ltr'><strong>ambulatur.</strong></span> 
     </span>
    </p>
   </div>
   <div class='ocr_carea' id='block_1_50' title="bbox 2063 826 3567 893">
    <p class='ocr_par' dir='ltr' id='par_1_50' title="bbox 2063 826 3567 893">
     <span class='ocr_line' id='line_1_50' title="bbox 2063 826 3567 893; baseline -0.001 -13"><span class='ocrx_word' id='word_1_345' title='bbox 2063 827 2211 882; x_wconf 90' lang='lat' dir='ltr'><strong>Vers.</strong></span> <span class='ocrx_word' id='word_1_346' title='bbox 2246 830 2300 884; x_wconf 78' lang='lat'><strong>&#39;5.</strong></span> <span class='ocrx_word' id='word_1_347' title='bbox 2334 826 2403 882; x_wconf 87' lang='lat' dir='ltr'><strong>Et</strong></span> <span class='ocrx_word' id='word_1_348' title='bbox 2435 829 2642 882; x_wconf 86' lang='lat' dir='ltr'><strong>immisit</strong></span> <span class='ocrx_word' id='word_1_349' title='bbox 2674 829 2724 881; x_wconf 88' lang='lat' dir='ltr'><strong>in</strong></span> <span class='ocrx_word' id='word_1_350' title='bbox 2755 845 2809 882; x_wconf 82' lang='lat' dir='ltr'><strong>os</strong></span> <span class='ocrx_word' id='word_1_351' title='bbox 2839 842 3007 882; x_wconf 87' lang='lat' dir='ltr'><strong>meum</strong></span> <span class='ocrx_word' id='word_1_352' title='bbox 3043 827 3299 881; x_wconf 83' lang='lat' dir='ltr'><strong>canticum</strong></span> <span class='ocrx_word' id='word_1_353' title='bbox 3336 842 3523 879; x_wconf 84' lang='lat' dir='ltr'><strong>novum</strong></span> <span class='ocrx_word' id='word_1_354' title='bbox 3553 869 3567 893; x_wconf 93' lang='lat'><strong>,</strong></span> 
     </span>
    </p>
   </div>
   <div class='ocr_carea' id='block_1_51' title="bbox 1986 916 3567 986">
    <p class='ocr_par' dir='ltr' id='par_1_51' title="bbox 1986 916 3567 986">
     <span class='ocr_line' id='line_1_51' title="bbox 1986 916 3567 986; baseline -0.001 -17"><span class='ocrx_word' id='word_1_355' title='bbox 1986 916 2053 986; x_wconf 82' lang='lat' dir='ltr'><strong>Ity</strong></span> <span class='ocrx_word' id='word_1_356' title='bbox 2077 933 2233 970; x_wconf 57' lang='lat' dir='ltr'><strong>unum</strong></span> <span class='ocrx_word' id='word_1_357' title='bbox 2275 916 2386 971; x_wconf 85' lang='lat' dir='ltr'><strong>Deo</strong></span> <span class='ocrx_word' id='word_1_358' title='bbox 2429 929 2601 972; x_wconf 84' lang='lat' dir='ltr'><strong>nostro</strong></span> <span class='ocrx_word' id='word_1_359' title='bbox 2623 934 2642 971; x_wconf 88' lang='lat'><strong><em>:</em></strong></span> <span class='ocrx_word' id='word_1_360' title='bbox 2674 918 2912 972; x_wconf 80' lang='lat' dir='ltr'><strong>videbunt</strong></span> <span class='ocrx_word' id='word_1_361' title='bbox 2950 917 3094 970; x_wconf 84' lang='lat' dir='ltr'><strong>multi</strong></span> <span class='ocrx_word' id='word_1_362' title='bbox 3124 927 3170 970; x_wconf 92' lang='lat' dir='ltr'><strong>et</strong></span> <span class='ocrx_word' id='word_1_363' title='bbox 3208 916 3451 969; x_wconf 84' lang='lat' dir='ltr'><strong>timebunt</strong></span> <span class='ocrx_word' id='word_1_364' title='bbox 3474 959 3487 982; x_wconf 91' lang='lat'><strong>,</strong></span> <span class='ocrx_word' id='word_1_365' title='bbox 3520 927 3567 968; x_wconf 83' lang='lat' dir='ltr'><strong>et</strong></span> 
     </span>
    </p>
   </div>
   <div class='ocr_carea' id='block_1_52' title="bbox 1984 1006 3569 1077">
    <p class='ocr_par' dir='ltr' id='par_1_52' title="bbox 1984 1006 3569 1077">
     <span class='ocr_line' id='line_1_52' title="bbox 1984 1006 3569 1077; baseline -0.001 -17"><span class='ocrx_word' id='word_1_366' title='bbox 1984 1008 2258 1073; x_wconf 86' lang='lat' dir='ltr'><strong>sperabunt</strong></span> <span class='ocrx_word' id='word_1_367' title='bbox 2289 1008 2340 1059; x_wconf 89' lang='lat' dir='ltr'><strong>in</strong></span> <span class='ocrx_word' id='word_1_368' title='bbox 2372 1006 2611 1063; x_wconf 88' lang='lat' dir='ltr'><strong>Domino.</strong></span> <span class='ocrx_word' id='word_1_369' title='bbox 2644 1008 2927 1077; x_wconf 82' lang='lat' dir='ltr'><strong>Superiora</strong></span> <span class='ocrx_word' id='word_1_370' title='bbox 2971 1007 3160 1077; x_wconf 90' lang='lat' dir='ltr'><strong>psalmi</strong></span> <span class='ocrx_word' id='word_1_371' title='bbox 3192 1007 3257 1061; x_wconf 90' lang='lat' dir='ltr'><strong>ad</strong></span> <span class='ocrx_word' id='word_1_372' title='bbox 3290 1008 3417 1061; x_wconf 87' lang='lat' dir='ltr'><strong>illud</strong></span> <span class='ocrx_word' id='word_1_373' title='bbox 3451 1022 3569 1075; x_wconf 85' lang='lat' dir='ltr'><strong>per-</strong></span> 
     </span>
    </p>
   </div>
   <div class='ocr_carea' id='block_1_53' title="bbox 1989 1095 3568 1167">
    <p class='ocr_par' dir='ltr' id='par_1_53' title="bbox 1989 1095 3568 1167">
     <span class='ocr_line' id='line_1_53' title="bbox 1989 1095 3568 1167; baseline 0.002 -19"><span class='ocrx_word' id='word_1_374' title='bbox 1989 1095 2195 1161; x_wconf 86' lang='lat' dir='ltr'><strong>tinent,</strong></span> <span class='ocrx_word' id='word_1_375' title='bbox 2250 1098 2501 1165; x_wconf 88' lang='lat' dir='ltr'><strong>quoniam</strong></span> <span class='ocrx_word' id='word_1_376' title='bbox 2552 1099 2690 1152; x_wconf 77' lang='lat' dir='ltr'><strong>Deus</strong></span> <span class='ocrx_word' id='word_1_377' title='bbox 2740 1100 3026 1152; x_wconf 85' lang='lat' dir='ltr'><strong>humanum</strong></span> <span class='ocrx_word' id='word_1_378' title='bbox 3075 1111 3242 1167; x_wconf 90' lang='lat' dir='ltr'><strong>genus</strong></span> <span class='ocrx_word' id='word_1_379' title='bbox 3289 1097 3341 1150; x_wconf 92' lang='lat' dir='ltr'><strong>in</strong></span> <span class='ocrx_word' id='word_1_380' title='bbox 3391 1096 3568 1151; x_wconf 89' lang='lat' dir='ltr'><strong>mundi</strong></span> 
     </span>
    </p>
   </div>
   <div class='ocr_carea' id='block_1_54' title="bbox 1985 1187 3567 1258">
    <p class='ocr_par' dir='ltr' id='par_1_54' title="bbox 1985 1187 3567 1258">
     <span class='ocr_line' id='line_1_54' title="bbox 1985 1187 3567 1258; baseline -0.001 -16"><span class='ocrx_word' id='word_1_381' title='bbox 1985 1187 2139 1245; x_wconf 89' lang='lat' dir='ltr'><strong>istius</strong></span> <span class='ocrx_word' id='word_1_382' title='bbox 2168 1191 2485 1245; x_wconf 62' lang='lat' dir='ltr'><strong>caenositate</strong></span> <span class='ocrx_word' id='word_1_383' title='bbox 2514 1190 2816 1245; x_wconf 89' lang='lat' dir='ltr'><strong>demersum</strong></span> <span class='ocrx_word' id='word_1_384' title='bbox 2838 1232 2851 1253; x_wconf 85' lang='lat'><strong>,</strong></span> <span class='ocrx_word' id='word_1_385' title='bbox 2886 1191 2948 1242; x_wconf 91' lang='lat' dir='ltr'><strong>ad</strong></span> <span class='ocrx_word' id='word_1_386' title='bbox 2985 1201 3145 1258; x_wconf 67' lang='lat' dir='ltr'><strong>petrae</strong></span> <span class='ocrx_word' id='word_1_387' title='bbox 3178 1189 3444 1242; x_wconf 78' lang='lat' dir='ltr'><strong>transtulit</strong></span> <span class='ocrx_word' id='word_1_388' title='bbox 3475 1188 3567 1241; x_wconf 81' lang='lat' dir='ltr'><strong>fir-</strong></span> 
     </span>
    </p>
   </div>
   <div class='ocr_carea' id='block_1_55' title="bbox 1989 1280 3568 1351">
    <p class='ocr_par' dir='ltr' id='par_1_55' title="bbox 1989 1280 3568 1351">
     <span class='ocr_line' id='line_1_55' title="bbox 1989 1280 3568 1351; baseline 0.001 -18"><span class='ocrx_word' id='word_1_389' title='bbox 1989 1281 2229 1335; x_wconf 90' lang='lat' dir='ltr'><strong>mitatem</strong></span> <span class='ocrx_word' id='word_1_390' title='bbox 2251 1321 2267 1347; x_wconf 92' lang='lat'><strong>,</strong></span> <span class='ocrx_word' id='word_1_391' title='bbox 2299 1280 2365 1335; x_wconf 90' lang='lat' dir='ltr'><strong>ad</strong></span> <span class='ocrx_word' id='word_1_392' title='bbox 2398 1282 2709 1351; x_wconf 79' lang='lat' dir='ltr'><strong>religionem</strong></span> <span class='ocrx_word' id='word_1_393' title='bbox 2741 1283 2985 1336; x_wconf 71' lang='lat' dir='ltr'><strong>videlicet</strong></span> <span class='ocrx_word' id='word_1_394' title='bbox 3014 1281 3391 1335; x_wconf 70' lang='lat' dir='ltr'><strong>Christianam.</strong></span> <span class='ocrx_word' id='word_1_395' title='bbox 3420 1280 3568 1346; x_wconf 90' lang='lat' dir='ltr'><strong>Quod</strong></span> 
     </span>
    </p>
   </div>
   <div class='ocr_carea' id='block_1_56' title="bbox 1985 1370 3569 1442">
    <p class='ocr_par' dir='ltr' id='par_1_56' title="bbox 1985 1370 3569 1442">
     <span class='ocr_line' id='line_1_56' title="bbox 1985 1370 3569 1442; baseline 0 -18"><span class='ocrx_word' id='word_1_396' title='bbox 1985 1386 2178 1427; x_wconf 88' lang='lat' dir='ltr'><strong>versus</strong></span> <span class='ocrx_word' id='word_1_397' title='bbox 2224 1373 2326 1426; x_wconf 89' lang='lat' dir='ltr'><strong>iste</strong></span> <span class='ocrx_word' id='word_1_398' title='bbox 2372 1387 2514 1428; x_wconf 88' lang='lat' dir='ltr'><strong>nunc</strong></span> <span class='ocrx_word' id='word_1_399' title='bbox 2556 1373 2725 1442; x_wconf 87' lang='lat' dir='ltr'><strong>aperit</strong></span> <span class='ocrx_word' id='word_1_400' title='bbox 2769 1372 3033 1426; x_wconf 88' lang='lat' dir='ltr'><strong>dicendo:</strong></span> <span class='ocrx_word' id='word_1_401' title='bbox 3075 1370 3141 1423; x_wconf 86' lang='lat' dir='ltr'><strong>Et</strong></span> <span class='ocrx_word' id='word_1_402' title='bbox 3180 1371 3387 1424; x_wconf 85' lang='lat' dir='ltr'><strong>immisit</strong></span> <span class='ocrx_word' id='word_1_403' title='bbox 3424 1371 3475 1423; x_wconf 81' lang='lat' dir='ltr'><strong>in</strong></span> <span class='ocrx_word' id='word_1_404' title='bbox 3514 1386 3569 1424; x_wconf 92' lang='lat' dir='ltr'><strong>os</strong></span> 
     </span>
    </p>
   </div>
   <div class='ocr_carea' id='block_1_57' title="bbox 1986 1461 3569 1527">
    <p class='ocr_par' dir='ltr' id='par_1_57' title="bbox 1986 1461 3569 1527">
     <span class='ocr_line' id='line_1_57' title="bbox 1986 1461 3569 1527; baseline -0.001 -14"><span class='ocrx_word' id='word_1_405' title='bbox 1986 1477 2153 1514; x_wconf 89' lang='lat' dir='ltr'><strong>meum</strong></span> <span class='ocrx_word' id='word_1_406' title='bbox 2181 1464 2432 1515; x_wconf 84' lang='lat' dir='ltr'><strong>canticum</strong></span> <span class='ocrx_word' id='word_1_407' title='bbox 2461 1478 2675 1527; x_wconf 87' lang='lat' dir='ltr'><strong>novum,</strong></span> <span class='ocrx_word' id='word_1_408' title='bbox 2710 1464 2757 1516; x_wconf 88' lang='lat' dir='ltr'><strong>id</strong></span> <span class='ocrx_word' id='word_1_409' title='bbox 2800 1472 2881 1515; x_wconf 90' lang='lat' dir='ltr'><strong>est</strong></span> <span class='ocrx_word' id='word_1_410' title='bbox 2911 1462 3039 1515; x_wconf 83' lang='lat' dir='ltr'><strong>Novi</strong></span> <span class='ocrx_word' id='word_1_411' title='bbox 3081 1461 3409 1515; x_wconf 85' lang='lat' dir='ltr'><strong>Testatnenti</strong></span> <span class='ocrx_word' id='word_1_412' title='bbox 3449 1475 3569 1513; x_wconf 83' lang='lat' dir='ltr'><strong>sau-</strong></span> 
     </span>
    </p>
   </div>
   <div class='ocr_carea' id='block_1_58' title="bbox 1988 1552 3565 1622">
    <p class='ocr_par' dir='ltr' id='par_1_58' title="bbox 1988 1552 3565 1622">
     <span class='ocr_line' id='line_1_58' title="bbox 1988 1552 3565 1622; baseline -0.003 -14"><span class='ocrx_word' id='word_1_413' title='bbox 1988 1552 2283 1608; x_wconf 76' lang='lat' dir='ltr'><strong>Ctissimam</strong></span> <span class='ocrx_word' id='word_1_414' title='bbox 2318 1553 2773 1622; x_wconf 79' lang='lat' dir='ltr'><strong>praedicationem.</strong></span> <span class='ocrx_word' id='word_1_415' title='bbox 2805 1552 2910 1607; x_wconf 91' lang='lat' dir='ltr'><strong>Sed</strong></span> <span class='ocrx_word' id='word_1_416' title='bbox 2954 1570 3137 1606; x_wconf 75' lang='lat' dir='ltr'><strong>not-um</strong></span> <span class='ocrx_word' id='word_1_417' title='bbox 3176 1552 3311 1607; x_wconf 90' lang='lat' dir='ltr'><strong>bene</strong></span> <span class='ocrx_word' id='word_1_418' title='bbox 3350 1552 3565 1615; x_wconf 66' lang='lat' dir='ltr'><strong>dicitur,</strong></span> 
     </span>
    </p>
   </div>
   <div class='ocr_carea' id='block_1_59' title="bbox 1988 1640 3567 1712">
    <p class='ocr_par' dir='ltr' id='par_1_59' title="bbox 1988 1640 3567 1712">
     <span class='ocr_line' id='line_1_59' title="bbox 1988 1640 3567 1712; baseline 0.001 -16"><span class='ocrx_word' id='word_1_419' title='bbox 1988 1643 2111 1710; x_wconf 87' lang='lat' dir='ltr'><strong>quia</strong></span> <span class='ocrx_word' id='word_1_420' title='bbox 2163 1640 2579 1698; x_wconf 88' lang='lat' dir='ltr'><strong>incarnationem</strong></span> <span class='ocrx_word' id='word_1_421' title='bbox 2636 1644 2845 1698; x_wconf 90' lang='lat' dir='ltr'><strong>Domini</strong></span> <span class='ocrx_word' id='word_1_422' title='bbox 2895 1643 3170 1712; x_wconf 81' lang='lat' dir='ltr'><strong>corporeis</strong></span> <span class='ocrx_word' id='word_1_423' title='bbox 3221 1643 3390 1697; x_wconf 78' lang='lat' dir='ltr'><strong>oculis</strong></span> <span class='ocrx_word' id='word_1_424' title='bbox 3438 1653 3567 1697; x_wconf 68' lang='lat' dir='ltr'><strong>aetas</strong></span> 
     </span>
    </p>
   </div>
   <div class='ocr_carea' id='block_1_60' title="bbox 1916 1719 3565 1804">
    <p class='ocr_par' dir='ltr' id='par_1_60' title="bbox 1916 1719 3565 1804">
     <span class='ocr_line' id='line_1_60' title="bbox 1916 1719 3565 1804; baseline 0.001 -17"><span class='ocrx_word' id='word_1_425' title='bbox 1916 1737 1962 1794; x_wconf 87' lang='lat' dir='ltr'><strong>B</strong></span> <span class='ocrx_word' id='word_1_426' title='bbox 1990 1744 2146 1788; x_wconf 86' lang='lat' dir='ltr'><strong>antea</strong></span> <span class='ocrx_word' id='word_1_427' title='bbox 2191 1734 2333 1788; x_wconf 90' lang='lat' dir='ltr'><strong>nulla</strong></span> <span class='ocrx_word' id='word_1_428' title='bbox 2377 1736 2678 1804; x_wconf 82' lang='lat' dir='ltr'><strong>conspexit.</strong></span> <span class='ocrx_word' id='word_1_429' title='bbox 2715 1736 2821 1790; x_wconf 92' lang='lat' dir='ltr'><strong>Deo</strong></span> <span class='ocrx_word' id='word_1_430' title='bbox 2850 1736 2989 1790; x_wconf 89' lang='lat' dir='ltr'><strong>enim</strong></span> <span class='ocrx_word' id='word_1_431' title='bbox 3032 1719 3163 1790; x_wconf 86' lang='lat' dir='ltr'><strong>nihil</strong></span> <span class='ocrx_word' id='word_1_432' title='bbox 3210 1751 3402 1789; x_wconf 88' lang='lat' dir='ltr'><strong>novmn</strong></span> <span class='ocrx_word' id='word_1_433' title='bbox 3444 1747 3565 1800; x_wconf 89' lang='lat' dir='ltr'><strong>est,</strong></span> 
     </span>
    </p>
   </div>
   <div class='ocr_carea' id='block_1_61' title="bbox 1989 1813 3654 1895">
    <p class='ocr_par' dir='ltr' id='par_1_61' title="bbox 1989 1813 3654 1895">
     <span class='ocr_line' id='line_1_61' title="bbox 1989 1813 3654 1895; baseline 0.002 -19"><span class='ocrx_word' id='word_1_434' title='bbox 1989 1825 2202 1895; x_wconf 79' lang='lat' dir='ltr'><strong>quando</strong></span> <span class='ocrx_word' id='word_1_435' title='bbox 2256 1836 2381 1881; x_wconf 87' lang='lat' dir='ltr'><strong>ante</strong></span> <span class='ocrx_word' id='word_1_436' title='bbox 2436 1827 2867 1881; x_wconf 90' lang='lat' dir='ltr'><strong>constitutionem</strong></span> <span class='ocrx_word' id='word_1_437' title='bbox 2927 1826 3105 1881; x_wconf 90' lang='lat' dir='ltr'><strong>tuundi</strong></span> <span class='ocrx_word' id='word_1_438' title='bbox 3158 1827 3566 1895; x_wconf 88' lang='lat' dir='ltr'><strong>dispensationis</strong></span> <span class='ocrx_word' id='word_1_439' title='bbox 3649 1813 3654 1815; x_wconf 48' lang='grc'><strong>’</strong></span> 
     </span>
    </p>
   </div>
   <div class='ocr_carea' id='block_1_62' title="bbox 1989 1914 3564 1986">
    <p class='ocr_par' dir='ltr' id='par_1_62' title="bbox 1989 1914 3564 1986">
     <span class='ocr_line' id='line_1_62' title="bbox 1989 1914 3564 1986; baseline 0 -16"><span class='ocrx_word' id='word_1_440' title='bbox 1989 1930 2100 1970; x_wconf 80' lang='lat' dir='ltr'><strong>sua:</strong></span> <span class='ocrx_word' id='word_1_441' title='bbox 2132 1917 2377 1971; x_wconf 87' lang='lat' dir='ltr'><strong>universa</strong></span> <span class='ocrx_word' id='word_1_442' title='bbox 2416 1916 2698 1985; x_wconf 73' lang='lat' dir='ltr'><strong>prmscivit.</strong></span> <span class='ocrx_word' id='word_1_443' title='bbox 2729 1914 2969 1986; x_wconf 79' lang='lat' dir='ltr'><strong>Hymnus</strong></span> <span class='ocrx_word' id='word_1_444' title='bbox 3000 1928 3173 1971; x_wconf 90' lang='lat' dir='ltr'><strong>autem</strong></span> <span class='ocrx_word' id='word_1_445' title='bbox 3206 1917 3424 1971; x_wconf 77' lang='lat' dir='ltr'><strong>Graecus</strong></span> <span class='ocrx_word' id='word_1_446' title='bbox 3453 1933 3564 1970; x_wconf 86' lang='lat' dir='ltr'><strong>scr-</strong></span> 
     </span>
    </p>
   </div>
   <div class='ocr_carea' id='block_1_63' title="bbox 1987 2008 3568 2078">
    <p class='ocr_par' dir='ltr' id='par_1_63' title="bbox 1987 2008 3568 2078">
     <span class='ocr_line' id='line_1_63' title="bbox 1987 2008 3568 2078; baseline 0 -15"><span class='ocrx_word' id='word_1_447' title='bbox 1987 2023 2077 2063; x_wconf 87' lang='lat' dir='ltr'><strong>mo</strong></span> <span class='ocrx_word' id='word_1_448' title='bbox 2119 2017 2225 2073; x_wconf 87' lang='lat' dir='ltr'><strong>est,</strong></span> <span class='ocrx_word' id='word_1_449' title='bbox 2258 2009 2305 2063; x_wconf 87' lang='lat' dir='ltr'><strong>id</strong></span> <span class='ocrx_word' id='word_1_450' title='bbox 2336 2018 2454 2073; x_wconf 89' lang='lat' dir='ltr'><strong>est,</strong></span> <span class='ocrx_word' id='word_1_451' title='bbox 2514 2009 2631 2063; x_wconf 88' lang='lat' dir='ltr'><strong>laus</strong></span> <span class='ocrx_word' id='word_1_452' title='bbox 2660 2010 2952 2063; x_wconf 88' lang='lat' dir='ltr'><strong>carminum</strong></span> <span class='ocrx_word' id='word_1_453' title='bbox 2998 2010 3110 2078; x_wconf 84' lang='lat' dir='ltr'><strong>lege</strong></span> <span class='ocrx_word' id='word_1_454' title='bbox 3149 2009 3464 2077; x_wconf 88' lang='lat' dir='ltr'><strong>composita.</strong></span> <span class='ocrx_word' id='word_1_455' title='bbox 3501 2008 3568 2063; x_wconf 85' lang='lat' dir='ltr'><strong>Et</strong></span> 
     </span>
    </p>
   </div>
   <div class='ocr_carea' id='block_1_64' title="bbox 1988 2099 3562 2170">
    <p class='ocr_par' dir='ltr' id='par_1_64' title="bbox 1988 2099 3562 2170">
     <span class='ocr_line' id='line_1_64' title="bbox 1988 2099 3562 2170; baseline 0.001 -18"><span class='ocrx_word' id='word_1_456' title='bbox 1988 2100 2235 2168; x_wconf 78' lang='lat' dir='ltr'><strong>quoniam</strong></span> <span class='ocrx_word' id='word_1_457' title='bbox 2266 2100 2447 2170; x_wconf 81' lang='lat' dir='ltr'><strong>hymni</strong></span> <span class='ocrx_word' id='word_1_458' title='bbox 2476 2110 2633 2154; x_wconf 89' lang='lat' dir='ltr'><strong>erant</strong></span> <span class='ocrx_word' id='word_1_459' title='bbox 2673 2115 2806 2170; x_wconf 91' lang='lat' dir='ltr'><strong>quos</strong></span> <span class='ocrx_word' id='word_1_460' title='bbox 2848 2100 3003 2154; x_wconf 88' lang='lat' dir='ltr'><strong>idolis</strong></span> <span class='ocrx_word' id='word_1_461' title='bbox 3040 2100 3151 2154; x_wconf 90' lang='lat' dir='ltr'><strong>suis</strong></span> <span class='ocrx_word' id='word_1_462' title='bbox 3193 2101 3353 2154; x_wconf 87' lang='lat' dir='ltr'><strong>etiam</strong></span> <span class='ocrx_word' id='word_1_463' title='bbox 3394 2099 3562 2170; x_wconf 85' lang='lat' dir='ltr'><strong>genti-</strong></span> 
     </span>
    </p>
   </div>
   <div class='ocr_carea' id='block_1_65' title="bbox 1990 2189 3566 2260">
    <p class='ocr_par' dir='ltr' id='par_1_65' title="bbox 1990 2189 3566 2260">
     <span class='ocr_line' id='line_1_65' title="bbox 1990 2189 3566 2260; baseline 0.001 -17"><span class='ocrx_word' id='word_1_464' title='bbox 1990 2189 2115 2243; x_wconf 88' lang='lat' dir='ltr'><strong>litas</strong></span> <span class='ocrx_word' id='word_1_465' title='bbox 2164 2191 2525 2258; x_wconf 88' lang='lat' dir='ltr'><strong>personabat,</strong></span> <span class='ocrx_word' id='word_1_466' title='bbox 2574 2191 2811 2255; x_wconf 87' lang='lat' dir='ltr'><strong>addidit,</strong></span> <span class='ocrx_word' id='word_1_467' title='bbox 2860 2191 2969 2244; x_wconf 85' lang='lat' dir='ltr'><strong>Deo</strong></span> <span class='ocrx_word' id='word_1_468' title='bbox 3012 2200 3223 2255; x_wconf 88' lang='lat' dir='ltr'><strong>nostra;</strong></span> <span class='ocrx_word' id='word_1_469' title='bbox 3264 2201 3320 2246; x_wconf 94' lang='lat' dir='ltr'><strong>ut</strong></span> <span class='ocrx_word' id='word_1_470' title='bbox 3357 2190 3566 2260; x_wconf 84' lang='lat' dir='ltr'><strong>qualem</strong></span> 
     </span>
    </p>
   </div>
   <div class='ocr_carea' id='block_1_66' title="bbox 1987 2278 3561 2352">
    <p class='ocr_par' dir='ltr' id='par_1_66' title="bbox 1987 2278 3561 2352">
     <span class='ocr_line' id='line_1_66' title="bbox 1987 2278 3561 2352; baseline 0.002 -19"><span class='ocrx_word' id='word_1_471' title='bbox 1987 2278 2243 2350; x_wconf 78' lang='lat' dir='ltr'><strong>hymnum</strong></span> <span class='ocrx_word' id='word_1_472' title='bbox 2290 2281 2485 2335; x_wconf 89' lang='lat' dir='ltr'><strong>diceret</strong></span> <span class='ocrx_word' id='word_1_473' title='bbox 2511 2321 2526 2347; x_wconf 93' lang='lat'><strong>,</strong></span> <span class='ocrx_word' id='word_1_474' title='bbox 2570 2281 2820 2337; x_wconf 62' lang='lat' dir='ltr'><strong>distincte</strong></span> <span class='ocrx_word' id='word_1_475' title='bbox 2861 2283 3218 2352; x_wconf 88' lang='lat' dir='ltr'><strong>potuissemus</strong></span> <span class='ocrx_word' id='word_1_476' title='bbox 3260 2283 3561 2339; x_wconf 79' lang='lat' dir='ltr'><strong>advertere.</strong></span> 
     </span>
    </p>
   </div>
   <div class='ocr_carea' id='block_1_67' title="bbox 1995 2368 3565 2443">
    <p class='ocr_par' dir='ltr' id='par_1_67' title="bbox 1995 2368 3565 2443">
     <span class='ocr_line' id='line_1_67' title="bbox 1995 2368 3565 2443; baseline 0.002 -21"><span class='ocrx_word' id='word_1_477' title='bbox 1995 2368 2249 2423; x_wconf 68' lang='lat' dir='ltr'><strong>Videbunt</strong></span> <span class='ocrx_word' id='word_1_478' title='bbox 2299 2368 2447 2423; x_wconf 82' lang='lat' dir='ltr'><strong>multi</strong></span> <span class='ocrx_word' id='word_1_479' title='bbox 2495 2381 2539 2424; x_wconf 91' lang='lat' dir='ltr'><strong>et</strong></span> <span class='ocrx_word' id='word_1_480' title='bbox 2591 2373 2854 2426; x_wconf 84' lang='lat' dir='ltr'><strong>timebunt.</strong></span> <span class='ocrx_word' id='word_1_481' title='bbox 2913 2374 2985 2428; x_wconf 91' lang='lat' dir='ltr'><strong>De</strong></span> <span class='ocrx_word' id='word_1_482' title='bbox 3032 2374 3362 2428; x_wconf 83' lang='lat' dir='ltr'><strong>mirabilibus</strong></span> <span class='ocrx_word' id='word_1_483' title='bbox 3403 2373 3565 2443; x_wconf 81' lang='lat' dir='ltr'><strong>dicit,</strong></span> 
     </span>
    </p>
   </div>
   <div class='ocr_carea' id='block_1_68' title="bbox 1987 2463 3568 2528">
    <p class='ocr_par' dir='ltr' id='par_1_68' title="bbox 1987 2463 3568 2528">
     <span class='ocr_line' id='line_1_68' title="bbox 1987 2463 3568 2528; baseline 0.005 -17"><span class='ocrx_word' id='word_1_484' title='bbox 1987 2473 2107 2528; x_wconf 60' lang='lat' dir='ltr'><strong>qua:</strong></span> <span class='ocrx_word' id='word_1_485' title='bbox 2142 2468 2379 2527; x_wconf 88' lang='lat' dir='ltr'><strong>tempore</strong></span> <span class='ocrx_word' id='word_1_486' title='bbox 2409 2474 2607 2516; x_wconf 75' lang='lat' dir='ltr'><strong>saneta:</strong></span> <span class='ocrx_word' id='word_1_487' title='bbox 2638 2463 3017 2518; x_wconf 84' lang='lat' dir='ltr'><strong>incarnationis</strong></span> <span class='ocrx_word' id='word_1_488' title='bbox 3061 2463 3245 2519; x_wconf 90' lang='lat' dir='ltr'><strong>effecta</strong></span> <span class='ocrx_word' id='word_1_489' title='bbox 3286 2474 3429 2519; x_wconf 90' lang='lat' dir='ltr'><strong>sunt.</strong></span> <span class='ocrx_word' id='word_1_490' title='bbox 3477 2464 3568 2519; x_wconf 80' lang='lat' dir='ltr'><strong>Vi-</strong></span> 
     </span>
    </p>
   </div>
   <div class='ocr_carea' id='block_1_69' title="bbox 1990 2550 3561 2621">
    <p class='ocr_par' dir='ltr' id='par_1_69' title="bbox 1990 2550 3561 2621">
     <span class='ocr_line' id='line_1_69' title="bbox 1990 2550 3561 2621; baseline 0.005 -18"><span class='ocrx_word' id='word_1_491' title='bbox 1990 2550 2180 2604; x_wconf 89' lang='lat' dir='ltr'><strong>dentes</strong></span> <span class='ocrx_word' id='word_1_492' title='bbox 2209 2552 2349 2605; x_wconf 91' lang='lat' dir='ltr'><strong>enim</strong></span> <span class='ocrx_word' id='word_1_493' title='bbox 2381 2550 2547 2606; x_wconf 64' lang='lat' dir='ltr'><strong>Judaei</strong></span> <span class='ocrx_word' id='word_1_494' title='bbox 2577 2555 2701 2607; x_wconf 62' lang='lat' dir='ltr'><strong>tilia</strong></span> <span class='ocrx_word' id='word_1_495' title='bbox 2722 2598 2735 2621; x_wconf 91' lang='lat'><strong>,</strong></span> <span class='ocrx_word' id='word_1_496' title='bbox 2775 2555 3093 2621; x_wconf 88' lang='lat' dir='ltr'><strong>timuerunt,</strong></span> <span class='ocrx_word' id='word_1_497' title='bbox 3128 2567 3180 2611; x_wconf 92' lang='lat' dir='ltr'><strong>et</strong></span> <span class='ocrx_word' id='word_1_498' title='bbox 3210 2557 3405 2611; x_wconf 86' lang='lat' dir='ltr'><strong>Christi</strong></span> <span class='ocrx_word' id='word_1_499' title='bbox 3454 2557 3561 2611; x_wconf 92' lang='lat' dir='ltr'><strong>Do-</strong></span> 
     </span>
    </p>
   </div>
   <div class='ocr_carea' id='block_1_70' title="bbox 1988 2640 3562 2715">
    <p class='ocr_par' dir='ltr' id='par_1_70' title="bbox 1988 2640 3562 2715">
     <span class='ocr_line' id='line_1_70' title="bbox 1988 2640 3562 2715; baseline 0.006 -22"><span class='ocrx_word' id='word_1_500' title='bbox 1988 2640 2122 2694; x_wconf 87' lang='lat' dir='ltr'><strong>mini</strong></span> <span class='ocrx_word' id='word_1_501' title='bbox 2148 2642 2614 2710; x_wconf 64' lang='lat' dir='ltr'><strong>praedicationibus</strong></span> <span class='ocrx_word' id='word_1_502' title='bbox 2635 2647 2945 2714; x_wconf 63' lang='lat' dir='ltr'><strong>populorum</strong></span> <span class='ocrx_word' id='word_1_503' title='bbox 2975 2648 3181 2715; x_wconf 83' lang='lat' dir='ltr'><strong>agmina</strong></span> <span class='ocrx_word' id='word_1_504' title='bbox 3206 2648 3562 2704; x_wconf 80' lang='lat' dir='ltr'><strong>crediderunt.</strong></span> 
     </span>
    </p>
   </div>
   <div class='ocr_carea' id='block_1_71' title="bbox 1990 2731 3568 2807">
    <p class='ocr_par' dir='ltr' id='par_1_71' title="bbox 1990 2731 3568 2807">
     <span class='ocr_line' id='line_1_71' title="bbox 1990 2731 3568 2807; baseline 0.005 -21"><span class='ocrx_word' id='word_1_505' title='bbox 1990 2731 2334 2801; x_wconf 81' lang='lat' dir='ltr'><strong>Speraverunt</strong></span> <span class='ocrx_word' id='word_1_506' title='bbox 2362 2743 2537 2788; x_wconf 91' lang='lat' dir='ltr'><strong>autem</strong></span> <span class='ocrx_word' id='word_1_507' title='bbox 2564 2736 2614 2788; x_wconf 85' lang='lat' dir='ltr'><strong>in</strong></span> <span class='ocrx_word' id='word_1_508' title='bbox 2642 2734 2878 2801; x_wconf 85' lang='lat' dir='ltr'><strong>Domino,</strong></span> <span class='ocrx_word' id='word_1_509' title='bbox 2902 2737 3112 2807; x_wconf 89' lang='lat' dir='ltr'><strong>quando</strong></span> <span class='ocrx_word' id='word_1_510' title='bbox 3136 2736 3420 2792; x_wconf 90' lang='lat' dir='ltr'><strong>Christiani</strong></span> <span class='ocrx_word' id='word_1_511' title='bbox 3448 2753 3568 2795; x_wconf 89' lang='lat' dir='ltr'><strong>esse</strong></span> 
     </span>
    </p>
   </div>
   <div class='ocr_carea' id='block_1_72' title="bbox 1989 2826 3570 2895">
    <p class='ocr_par' dir='ltr' id='par_1_72' title="bbox 1989 2826 3570 2895">
     <span class='ocr_line' id='line_1_72' title="bbox 1989 2826 3570 2895; baseline 0.006 -19"><span class='ocrx_word' id='word_1_512' title='bbox 1989 2834 2267 2891; x_wconf 63' lang='lat' dir='ltr'><strong>coeperunt</strong></span> <span class='ocrx_word' id='word_1_513' title='bbox 2294 2840 2309 2878; x_wconf 89' lang='lat'><strong>:</strong></span> <span class='ocrx_word' id='word_1_514' title='bbox 2341 2832 2397 2879; x_wconf 93' lang='lat' dir='ltr'><strong>ut</strong></span> <span class='ocrx_word' id='word_1_515' title='bbox 2426 2834 2547 2895; x_wconf 92' lang='lat' dir='ltr'><strong>post</strong></span> <span class='ocrx_word' id='word_1_516' title='bbox 2576 2826 2723 2881; x_wconf 91' lang='lat' dir='ltr'><strong>illum</strong></span> <span class='ocrx_word' id='word_1_517' title='bbox 2758 2832 3003 2882; x_wconf 65' lang='lat' dir='ltr'><strong>t‘morem</strong></span> <span class='ocrx_word' id='word_1_518' title='bbox 3038 2829 3409 2883; x_wconf 87' lang='lat' dir='ltr'><strong>miraculorum</strong></span> <span class='ocrx_word' id='word_1_519' title='bbox 3437 2844 3570 2884; x_wconf 91' lang='lat' dir='ltr'><strong>eon-</strong></span> 
     </span>
    </p>
   </div>
   <div class='ocr_carea' id='block_1_73' title="bbox 1989 2914 3571 2986">
    <p class='ocr_par' dir='ltr' id='par_1_73' title="bbox 1989 2914 3571 2986">
     <span class='ocr_line' id='line_1_73' title="bbox 1989 2914 3571 2986; baseline 0.004 -19"><span class='ocrx_word' id='word_1_520' title='bbox 1989 2915 2170 2982; x_wconf 88' lang='lat' dir='ltr'><strong>versi,</strong></span> <span class='ocrx_word' id='word_1_521' title='bbox 2220 2914 2376 2986; x_wconf 78' lang='lat'><strong>136</strong></span> <span class='ocrx_word' id='word_1_522' title='bbox 2415 2930 2567 2985; x_wconf 87' lang='lat' dir='ltr'><strong>spem</strong></span> <span class='ocrx_word' id='word_1_523' title='bbox 2612 2915 2664 2969; x_wconf 88' lang='lat' dir='ltr'><strong>in</strong></span> <span class='ocrx_word' id='word_1_524' title='bbox 2706 2917 2930 2972; x_wconf 89' lang='lat' dir='ltr'><strong>Domino</strong></span> <span class='ocrx_word' id='word_1_525' title='bbox 2975 2918 3329 2973; x_wconf 84' lang='lat' dir='ltr'><strong>firmissimam</strong></span> <span class='ocrx_word' id='word_1_526' title='bbox 3371 2918 3571 2975; x_wconf 86' lang='lat' dir='ltr'><strong>habere</strong></span> 
     </span>
    </p>
   </div>
   <div class='ocr_carea' id='block_1_74' title="bbox 1990 3004 2365 3074">
    <p class='ocr_par' dir='ltr' id='par_1_74' title="bbox 1990 3004 2365 3074">
     <span class='ocr_line' id='line_1_74' title="bbox 1990 3004 2365 3074; baseline 0.008 -17"><span class='ocrx_word' id='word_1_527' title='bbox 1990 3004 2365 3074; x_wconf 87' lang='lat' dir='ltr'><strong>probarentur.</strong></span> 
     </span>
    </p>
   </div>
   <div class='ocr_carea' id='block_1_75' title="bbox 2067 3095 3568 3168">
    <p class='ocr_par' dir='ltr' id='par_1_75' title="bbox 2067 3095 3568 3168">
     <span class='ocr_line' id='line_1_75' title="bbox 2067 3095 3568 3168; baseline 0.004 -21"><span class='ocrx_word' id='word_1_528' title='bbox 2067 3096 2215 3151; x_wconf 75' lang='lat' dir='ltr'><strong>Vers.</strong></span> <span class='ocrx_word' id='word_1_529' title='bbox 2259 3095 2315 3152; x_wconf 74' lang='grc'><strong>4.</strong></span> <span class='ocrx_word' id='word_1_530' title='bbox 2364 3095 2550 3151; x_wconf 86' lang='lat' dir='ltr'><strong>Beatus</strong></span> <span class='ocrx_word' id='word_1_531' title='bbox 2579 3097 2655 3151; x_wconf 81' lang='lat' dir='ltr'><strong>vir</strong></span> <span class='ocrx_word' id='word_1_532' title='bbox 2683 3097 2829 3167; x_wconf 84' lang='lat' dir='ltr'><strong>cujus</strong></span> <span class='ocrx_word' id='word_1_533' title='bbox 2875 3108 2945 3151; x_wconf 90' lang='lat' dir='ltr'><strong>est</strong></span> <span class='ocrx_word' id='word_1_534' title='bbox 2984 3114 3164 3153; x_wconf 82' lang='lat' dir='ltr'><strong>nomen</strong></span> <span class='ocrx_word' id='word_1_535' title='bbox 3203 3098 3411 3153; x_wconf 83' lang='lat' dir='ltr'><strong>Domini</strong></span> <span class='ocrx_word' id='word_1_536' title='bbox 3452 3116 3568 3168; x_wconf 84' lang='lat' dir='ltr'><strong>spes</strong></span> 
     </span>
    </p>
   </div>
   <div class='ocr_carea' id='block_1_76' title="bbox 1989 3184 3570 3258">
    <p class='ocr_par' dir='ltr' id='par_1_76' title="bbox 1989 3184 3570 3258">
     <span class='ocr_line' id='line_1_76' title="bbox 1989 3184 3570 3258; baseline 0.006 -20"><span class='ocrx_word' id='word_1_537' title='bbox 1989 3187 2121 3256; x_wconf 80' lang='lat' dir='ltr'><strong>ejus.</strong></span> <span class='ocrx_word' id='word_1_538' title='bbox 2168 3184 2354 3239; x_wconf 86' lang='lat' dir='ltr'><strong>Beatus</strong></span> <span class='ocrx_word' id='word_1_539' title='bbox 2384 3186 2483 3241; x_wconf 91' lang='lat' dir='ltr'><strong>iste</strong></span> <span class='ocrx_word' id='word_1_540' title='bbox 2511 3187 2586 3240; x_wconf 83' lang='lat' dir='ltr'><strong>vir</strong></span> <span class='ocrx_word' id='word_1_541' title='bbox 2613 3202 2706 3256; x_wconf 89' lang='lat' dir='ltr'><strong>per</strong></span> <span class='ocrx_word' id='word_1_542' title='bbox 2732 3188 3016 3243; x_wconf 87' lang='lat' dir='ltr'><strong>secundam</strong></span> <span class='ocrx_word' id='word_1_543' title='bbox 3047 3190 3276 3258; x_wconf 86' lang='lat' dir='ltr'><strong>speciem</strong></span> <span class='ocrx_word' id='word_1_544' title='bbox 3304 3190 3570 3246; x_wconf 80' lang='lat' dir='ltr'><strong>deﬁnitio-</strong></span> 
     </span>
    </p>
   </div>
   <div class='ocr_carea' id='block_1_77' title="bbox 1989 3274 3572 3347">
    <p class='ocr_par' dir='ltr' id='par_1_77' title="bbox 1989 3274 3572 3347">
     <span class='ocr_line' id='line_1_77' title="bbox 1989 3274 3572 3347; baseline 0.005 -18"><span class='ocrx_word' id='word_1_545' title='bbox 1989 3275 2074 3330; x_wconf 89' lang='lat' dir='ltr'><strong>nis</strong></span> <span class='ocrx_word' id='word_1_546' title='bbox 2129 3274 2458 3345; x_wconf 83' lang='lat' dir='ltr'><strong>exprimitur,</strong></span> <span class='ocrx_word' id='word_1_547' title='bbox 2514 3292 2631 3347; x_wconf 68' lang='lat' dir='ltr'><strong>qute</strong></span> <span class='ocrx_word' id='word_1_548' title='bbox 2682 3278 2873 3333; x_wconf 62' lang='lat' dir='ltr'><strong>Graece</strong></span> <span class='ocrx_word' id='word_1_549' title='bbox 2920 3281 3324 3347; x_wconf 41' lang='lat' dir='ltr'><strong>ennoematite,</strong></span> <span class='ocrx_word' id='word_1_550' title='bbox 3380 3281 3572 3338; x_wconf 79' lang='lat' dir='ltr'><strong>Latine</strong></span> 
     </span>
    </p>
   </div>
   <div class='ocr_carea' id='block_1_78' title="bbox 1991 3370 3574 3443">
    <p class='ocr_par' dir='ltr' id='par_1_78' title="bbox 1991 3370 3574 3443">
     <span class='ocr_line' id='line_1_78' title="bbox 1991 3370 3574 3443; baseline 0.004 -22"><span class='ocrx_word' id='word_1_551' title='bbox 1991 3370 2145 3423; x_wconf 72' lang='lat' dir='ltr'><strong>notio</strong></span> <span class='ocrx_word' id='word_1_552' title='bbox 2178 3378 2532 3438; x_wconf 90' lang='lat' dir='ltr'><strong>nuncupatur.</strong></span> <span class='ocrx_word' id='word_1_553' title='bbox 2582 3370 2705 3423; x_wconf 70' lang='lat' dir='ltr'><strong>Hart:</strong></span> <span class='ocrx_word' id='word_1_554' title='bbox 2752 3384 3177 3441; x_wconf 86' lang='lat' dir='ltr'><strong>unamquamque</strong></span> <span class='ocrx_word' id='word_1_555' title='bbox 3223 3388 3332 3425; x_wconf 92' lang='lat' dir='ltr'><strong>rem</strong></span> <span class='ocrx_word' id='word_1_556' title='bbox 3379 3386 3472 3443; x_wconf 89' lang='lat' dir='ltr'><strong>per</strong></span> <span class='ocrx_word' id='word_1_557' title='bbox 3513 3373 3574 3427; x_wconf 83' lang='lat' dir='ltr'><strong>id</strong></span> 
     </span>
    </p>
   </div>
   <div class='ocr_carea' id='block_1_79' title="bbox 1987 3457 3571 3529">
    <p class='ocr_par' dir='ltr' id='par_1_79' title="bbox 1987 3457 3571 3529">
     <span class='ocr_line' id='line_1_79' title="bbox 1987 3457 3571 3529; baseline 0.005 -19"><span class='ocrx_word' id='word_1_558' title='bbox 1987 3457 2131 3526; x_wconf 91' lang='lat' dir='ltr'><strong>quod</strong></span> <span class='ocrx_word' id='word_1_559' title='bbox 2163 3459 2311 3529; x_wconf 82' lang='lat' dir='ltr'><strong>agit,</strong></span> <span class='ocrx_word' id='word_1_560' title='bbox 2349 3475 2454 3513; x_wconf 92' lang='lat' dir='ltr'><strong>non</strong></span> <span class='ocrx_word' id='word_1_561' title='bbox 2488 3473 2579 3528; x_wconf 92' lang='lat' dir='ltr'><strong>per</strong></span> <span class='ocrx_word' id='word_1_562' title='bbox 2609 3460 2659 3513; x_wconf 90' lang='lat' dir='ltr'><strong>id</strong></span> <span class='ocrx_word' id='word_1_563' title='bbox 2691 3460 2832 3529; x_wconf 91' lang='lat' dir='ltr'><strong>quod</strong></span> <span class='ocrx_word' id='word_1_564' title='bbox 2861 3470 2979 3527; x_wconf 91' lang='lat' dir='ltr'><strong>est,</strong></span> <span class='ocrx_word' id='word_1_565' title='bbox 3013 3472 3236 3515; x_wconf 89' lang='lat' dir='ltr'><strong>conatur</strong></span> <span class='ocrx_word' id='word_1_566' title='bbox 3263 3463 3571 3518; x_wconf 87' lang='lat' dir='ltr'><strong>ostendere.</strong></span> 
     </span>
    </p>
   </div>
   <div class='ocr_carea' id='block_1_80' title="bbox 1988 3552 3578 3628">
    <p class='ocr_par' dir='ltr' id='par_1_80' title="bbox 1988 3552 3578 3628">
     <span class='ocr_line' id='line_1_80' title="bbox 1988 3552 3578 3628; baseline 0.003 -19"><span class='ocrx_word' id='word_1_567' title='bbox 1988 3552 2119 3609; x_wconf 82' lang='lat' dir='ltr'><strong>Nam</strong></span> <span class='ocrx_word' id='word_1_568' title='bbox 2148 3554 2238 3624; x_wconf 88' lang='lat' dir='ltr'><strong>qui</strong></span> <span class='ocrx_word' id='word_1_569' title='bbox 2266 3555 2337 3608; x_wconf 89' lang='lat' dir='ltr'><strong>sit</strong></span> <span class='ocrx_word' id='word_1_570' title='bbox 2366 3554 2467 3610; x_wconf 89' lang='lat' dir='ltr'><strong>iste</strong></span> <span class='ocrx_word' id='word_1_571' title='bbox 2500 3555 2675 3609; x_wconf 88' lang='lat' dir='ltr'><strong>beatus</strong></span> <span class='ocrx_word' id='word_1_572' title='bbox 2704 3558 2876 3624; x_wconf 88' lang='lat' dir='ltr'><strong>posita</strong></span> <span class='ocrx_word' id='word_1_573' title='bbox 2916 3556 3357 3613; x_wconf 89' lang='lat' dir='ltr'><strong>determinatione</strong></span> <span class='ocrx_word' id='word_1_574' title='bbox 3397 3560 3578 3628; x_wconf 65' lang='lat' dir='ltr'><strong>praeli-</strong></span> 
     </span>
    </p>
   </div>
   <div class='ocr_carea' id='block_1_81' title="bbox 1988 3644 3574 3720">
    <p class='ocr_par' dir='ltr' id='par_1_81' title="bbox 1988 3644 3574 3720">
     <span class='ocr_line' id='line_1_81' title="bbox 1988 3644 3574 3720; baseline 0.006 -23"><span class='ocrx_word' id='word_1_575' title='bbox 1988 3644 2155 3711; x_wconf 87' lang='lat' dir='ltr'><strong>nitur,</strong></span> <span class='ocrx_word' id='word_1_576' title='bbox 2186 3644 2236 3699; x_wconf 91' lang='lat' dir='ltr'><strong>id</strong></span> <span class='ocrx_word' id='word_1_577' title='bbox 2263 3654 2345 3699; x_wconf 90' lang='lat' dir='ltr'><strong>est</strong></span> <span class='ocrx_word' id='word_1_578' title='bbox 2378 3649 2527 3712; x_wconf 78' lang='lat' dir='ltr'><strong>cuius</strong></span> <span class='ocrx_word' id='word_1_579' title='bbox 2556 3656 2631 3700; x_wconf 86' lang='lat' dir='ltr'><strong>est</strong></span> <span class='ocrx_word' id='word_1_580' title='bbox 2660 3664 2775 3717; x_wconf 85' lang='lat' dir='ltr'><strong>spes</strong></span> <span class='ocrx_word' id='word_1_581' title='bbox 2802 3663 2984 3701; x_wconf 85' lang='lat' dir='ltr'><strong>nomen</strong></span> <span class='ocrx_word' id='word_1_582' title='bbox 3014 3647 3243 3703; x_wconf 84' lang='lat' dir='ltr'><strong>Domini.</strong></span> <span class='ocrx_word' id='word_1_583' title='bbox 3276 3650 3404 3720; x_wconf 87' lang='lat' dir='ltr'><strong>Spes</strong></span> <span class='ocrx_word' id='word_1_584' title='bbox 3424 3654 3574 3707; x_wconf 85' lang='lat' dir='ltr'><strong>enim</strong></span> 
     </span>
    </p>
   </div>
   <div class='ocr_carea' id='block_1_82' title="bbox 1988 3737 3575 3813">
    <p class='ocr_par' dir='ltr' id='par_1_82' title="bbox 1988 3737 3575 3813">
     <span class='ocr_line' id='line_1_82' title="bbox 1988 3737 3575 3813; baseline 0.004 -21"><span class='ocrx_word' id='word_1_585' title='bbox 1988 3737 2127 3792; x_wconf 90' lang='lat' dir='ltr'><strong>dicta</strong></span> <span class='ocrx_word' id='word_1_586' title='bbox 2150 3746 2230 3791; x_wconf 90' lang='lat' dir='ltr'><strong>est</strong></span> <span class='ocrx_word' id='word_1_587' title='bbox 2253 3738 2405 3805; x_wconf 88' lang='lat' dir='ltr'><strong>quasi</strong></span> <span class='ocrx_word' id='word_1_588' title='bbox 2438 3737 2643 3793; x_wconf 89' lang='lat' dir='ltr'><strong>stabilis</strong></span> <span class='ocrx_word' id='word_1_589' title='bbox 2672 3755 2784 3809; x_wconf 91' lang='lat' dir='ltr'><strong>pes.</strong></span> <span class='ocrx_word' id='word_1_590' title='bbox 2815 3740 2944 3794; x_wconf 87' lang='lat' dir='ltr'><strong>Nam</strong></span> <span class='ocrx_word' id='word_1_591' title='bbox 2973 3753 3024 3795; x_wconf 92' lang='lat' dir='ltr'><strong>et</strong></span> <span class='ocrx_word' id='word_1_592' title='bbox 3051 3742 3127 3795; x_wconf 94' lang='lat' dir='ltr'><strong>illi</strong></span> <span class='ocrx_word' id='word_1_593' title='bbox 3150 3742 3394 3798; x_wconf 88' lang='lat' dir='ltr'><strong>dicuntur</strong></span> <span class='ocrx_word' id='word_1_594' title='bbox 3418 3758 3575 3813; x_wconf 87' lang='lat' dir='ltr'><strong>spem</strong></span> 
     </span>
    </p>
   </div>
   <div class='ocr_carea' id='block_1_83' title="bbox 1988 3829 3577 3904">
    <p class='ocr_par' dir='ltr' id='par_1_83' title="bbox 1988 3829 3577 3904">
     <span class='ocr_line' id='line_1_83' title="bbox 1988 3829 3577 3904; baseline 0.003 -20"><span class='ocrx_word' id='word_1_595' title='bbox 1988 3844 2142 3885; x_wconf 89' lang='lat' dir='ltr'><strong>suam</strong></span> <span class='ocrx_word' id='word_1_596' title='bbox 2178 3830 2231 3883; x_wconf 93' lang='lat' dir='ltr'><strong>in</strong></span> <span class='ocrx_word' id='word_1_597' title='bbox 2263 3829 2491 3883; x_wconf 91' lang='lat' dir='ltr'><strong>Domino</strong></span> <span class='ocrx_word' id='word_1_598' title='bbox 2520 3844 2746 3899; x_wconf 89' lang='lat' dir='ltr'><strong>ponere,</strong></span> <span class='ocrx_word' id='word_1_599' title='bbox 2779 3832 2866 3900; x_wconf 91' lang='lat' dir='ltr'><strong>qui</strong></span> <span class='ocrx_word' id='word_1_600' title='bbox 2899 3831 2965 3884; x_wconf 86' lang='lat' dir='ltr'><strong>ab</strong></span> <span class='ocrx_word' id='word_1_601' title='bbox 2995 3847 3059 3885; x_wconf 88' lang='lat' dir='ltr'><strong>eo</strong></span> <span class='ocrx_word' id='word_1_602' title='bbox 3087 3832 3201 3886; x_wconf 88' lang='lat' dir='ltr'><strong>dari</strong></span> <span class='ocrx_word' id='word_1_603' title='bbox 3232 3834 3334 3887; x_wconf 91' lang='lat' dir='ltr'><strong>sibi</strong></span> <span class='ocrx_word' id='word_1_604' title='bbox 3369 3845 3577 3904; x_wconf 79' lang='lat' dir='ltr'><strong>tempo-</strong></span> 
     </span>
    </p>
   </div>
   <div class='ocr_carea' id='block_1_84' title="bbox 1988 3919 3571 3994">
    <p class='ocr_par' dir='ltr' id='par_1_84' title="bbox 1988 3919 3571 3994">
     <span class='ocr_line' id='line_1_84' title="bbox 1988 3919 3571 3994; baseline 0.003 -19"><span class='ocrx_word' id='word_1_605' title='bbox 1988 3921 2122 3975; x_wconf 75' lang='lat' dir='ltr'><strong>ralia</strong></span> <span class='ocrx_word' id='word_1_606' title='bbox 2151 3919 2529 3990; x_wconf 84' lang='lat' dir='ltr'><strong>deprecantur.</strong></span> <span class='ocrx_word' id='word_1_607' title='bbox 2566 3921 2623 3974; x_wconf 87' lang='lat' dir='ltr'><strong>lli</strong></span> <span class='ocrx_word' id='word_1_608' title='bbox 2656 3921 2902 3975; x_wconf 90' lang='lat' dir='ltr'><strong>videntur</strong></span> <span class='ocrx_word' id='word_1_609' title='bbox 2944 3938 3048 3976; x_wconf 92' lang='lat' dir='ltr'><strong>non</strong></span> <span class='ocrx_word' id='word_1_610' title='bbox 3092 3932 3310 3994; x_wconf 89' lang='lat' dir='ltr'><strong>propter</strong></span> <span class='ocrx_word' id='word_1_611' title='bbox 3349 3941 3407 3979; x_wconf 89' lang='lat' dir='ltr'><strong>se</strong></span> <span class='ocrx_word' id='word_1_612' title='bbox 3449 3928 3571 3981; x_wconf 73' lang='lat' dir='ltr'><strong>dili~</strong></span> 
     </span>
    </p>
   </div>
   <div class='ocr_carea' id='block_1_85' title="bbox 1988 4011 3575 4084">
    <p class='ocr_par' dir='ltr' id='par_1_85' title="bbox 1988 4011 3575 4084">
     <span class='ocr_line' id='line_1_85' title="bbox 1988 4011 3575 4084; baseline 0.006 -21"><span class='ocrx_word' id='word_1_613' title='bbox 1988 4027 2116 4082; x_wconf 85' lang='lat' dir='ltr'><strong>gere</strong></span> <span class='ocrx_word' id='word_1_614' title='bbox 2149 4012 2315 4066; x_wconf 84' lang='lat' dir='ltr'><strong>Deum</strong></span> <span class='ocrx_word' id='word_1_615' title='bbox 2337 4051 2352 4077; x_wconf 95' lang='lat'><strong>,</strong></span> <span class='ocrx_word' id='word_1_616' title='bbox 2383 4012 2477 4066; x_wconf 90' lang='lat' dir='ltr'><strong>sed</strong></span> <span class='ocrx_word' id='word_1_617' title='bbox 2509 4022 2723 4081; x_wconf 90' lang='lat' dir='ltr'><strong>propter</strong></span> <span class='ocrx_word' id='word_1_618' title='bbox 2754 4011 2840 4066; x_wconf 91' lang='lat' dir='ltr'><strong>illa</strong></span> <span class='ocrx_word' id='word_1_619' title='bbox 2871 4028 2990 4082; x_wconf 75' lang='lat' dir='ltr'><strong>quae</strong></span> <span class='ocrx_word' id='word_1_620' title='bbox 3020 4016 3311 4084; x_wconf 88' lang='lat' dir='ltr'><strong>postulant.</strong></span> <span class='ocrx_word' id='word_1_621' title='bbox 3357 4017 3446 4072; x_wconf 91' lang='lat' dir='ltr'><strong>Ille</strong></span> <span class='ocrx_word' id='word_1_622' title='bbox 3475 4034 3575 4073; x_wconf 88' lang='lat' dir='ltr'><strong>au-</strong></span> 
     </span>
    </p>
   </div>
   <div class='ocr_carea' id='block_1_86' title="bbox 1992 4102 3572 4177">
    <p class='ocr_par' dir='ltr' id='par_1_86' title="bbox 1992 4102 3572 4177">
     <span class='ocr_line' id='line_1_86' title="bbox 1992 4102 3572 4177; baseline 0.004 -20"><span class='ocrx_word' id='word_1_623' title='bbox 1992 4113 2094 4157; x_wconf 90' lang='lat' dir='ltr'><strong>tem</strong></span> <span class='ocrx_word' id='word_1_624' title='bbox 2126 4103 2390 4157; x_wconf 85' lang='lat' dir='ltr'><strong>veraciter</strong></span> <span class='ocrx_word' id='word_1_625' title='bbox 2417 4102 2575 4157; x_wconf 90' lang='lat' dir='ltr'><strong>habet</strong></span> <span class='ocrx_word' id='word_1_626' title='bbox 2601 4118 2739 4171; x_wconf 85' lang='lat' dir='ltr'><strong>spem</strong></span> <span class='ocrx_word' id='word_1_627' title='bbox 2768 4106 2985 4158; x_wconf 82' lang='lat' dir='ltr'><strong>nominis</strong></span> <span class='ocrx_word' id='word_1_628' title='bbox 3012 4104 3219 4159; x_wconf 81' lang='lat' dir='ltr'><strong>Domini</strong></span> <span class='ocrx_word' id='word_1_629' title='bbox 3239 4148 3252 4169; x_wconf 91' lang='lat'><strong>,</strong></span> <span class='ocrx_word' id='word_1_630' title='bbox 3282 4109 3368 4177; x_wconf 90' lang='lat' dir='ltr'><strong>qui</strong></span> <span class='ocrx_word' id='word_1_631' title='bbox 3400 4109 3572 4165; x_wconf 88' lang='lat' dir='ltr'><strong>solam</strong></span> 
     </span>
    </p>
   </div>
   <div class='ocr_carea' id='block_1_87' title="bbox 1988 4194 3574 4266">
    <p class='ocr_par' dir='ltr' id='par_1_87' title="bbox 1988 4194 3574 4266">
     <span class='ocr_line' id='line_1_87' title="bbox 1988 4194 3574 4266; baseline 0.003 -16"><span class='ocrx_word' id='word_1_632' title='bbox 1988 4194 2495 4263; x_wconf 78' lang='lat' dir='ltr'><strong>Contemplationem</strong></span> <span class='ocrx_word' id='word_1_633' title='bbox 2547 4194 2663 4264; x_wconf 85' lang='lat' dir='ltr'><strong>ejus</strong></span> <span class='ocrx_word' id='word_1_634' title='bbox 2708 4196 2913 4249; x_wconf 83' lang='lat' dir='ltr'><strong>avidius</strong></span> <span class='ocrx_word' id='word_1_635' title='bbox 2963 4198 3311 4266; x_wconf 90' lang='lat' dir='ltr'><strong>concupiscit.</strong></span> <span class='ocrx_word' id='word_1_636' title='bbox 3366 4199 3574 4255; x_wconf 84' lang='lat' dir='ltr'><strong>Nomen</strong></span> 
     </span>
    </p>
   </div>
   <div class='ocr_carea' id='block_1_88' title="bbox 1989 4285 3576 4355">
    <p class='ocr_par' dir='ltr' id='par_1_88' title="bbox 1989 4285 3576 4355">
     <span class='ocr_line' id='line_1_88' title="bbox 1989 4285 3576 4355; baseline 0.004 -15"><span class='ocrx_word' id='word_1_637' title='bbox 1989 4300 2120 4354; x_wconf 86' lang='lat' dir='ltr'><strong>ergo</strong></span> <span class='ocrx_word' id='word_1_638' title='bbox 2156 4285 2360 4338; x_wconf 84' lang='lat' dir='ltr'><strong>Domini</strong></span> <span class='ocrx_word' id='word_1_639' title='bbox 2393 4286 2532 4340; x_wconf 90' lang='lat' dir='ltr'><strong>inter</strong></span> <span class='ocrx_word' id='word_1_640' title='bbox 2559 4294 2751 4341; x_wconf 68' lang='lat' dir='ltr'><strong>cratera</strong></span> <span class='ocrx_word' id='word_1_641' title='bbox 2794 4286 3038 4341; x_wconf 78' lang='lat' dir='ltr'><strong>Salvator</strong></span> <span class='ocrx_word' id='word_1_642' title='bbox 3077 4302 3308 4343; x_wconf 79' lang='lat' dir='ltr'><strong>:eternus</strong></span> <span class='ocrx_word' id='word_1_643' title='bbox 3350 4301 3466 4355; x_wconf 90' lang='lat' dir='ltr'><strong>est;</strong></span> <span class='ocrx_word' id='word_1_644' title='bbox 3515 4301 3576 4347; x_wconf 88' lang='lat' dir='ltr'><strong>et</strong></span> 
     </span>
    </p>
   </div>
   <div class='ocr_carea' id='block_1_89' title="bbox 1990 4377 3555 4449">
    <p class='ocr_par' dir='ltr' id='par_1_89' title="bbox 1990 4377 3555 4449">
     <span class='ocr_line' id='line_1_89' title="bbox 1990 4377 3555 4449; baseline 0.004 -18"><span class='ocrx_word' id='word_1_645' title='bbox 1990 4378 2083 4432; x_wconf 90' lang='lat' dir='ltr'><strong>ille</strong></span> <span class='ocrx_word' id='word_1_646' title='bbox 2121 4391 2268 4447; x_wconf 88' lang='lat' dir='ltr'><strong>spem</strong></span> <span class='ocrx_word' id='word_1_647' title='bbox 2314 4392 2462 4431; x_wconf 88' lang='lat' dir='ltr'><strong>suam</strong></span> <span class='ocrx_word' id='word_1_648' title='bbox 2505 4377 2654 4445; x_wconf 91' lang='lat' dir='ltr'><strong>ponit</strong></span> <span class='ocrx_word' id='word_1_649' title='bbox 2696 4379 2748 4433; x_wconf 91' lang='lat' dir='ltr'><strong>in</strong></span> <span class='ocrx_word' id='word_1_650' title='bbox 2788 4378 2903 4447; x_wconf 89' lang='lat' dir='ltr'><strong>ejus</strong></span> <span class='ocrx_word' id='word_1_651' title='bbox 2949 4382 3198 4447; x_wconf 49' lang='lat' dir='ltr'><strong>nomine,</strong></span> <span class='ocrx_word' id='word_1_652' title='bbox 3240 4383 3327 4449; x_wconf 88' lang='lat' dir='ltr'><strong>qui</strong></span> <span class='ocrx_word' id='word_1_653' title='bbox 3359 4396 3415 4436; x_wconf 90' lang='lat' dir='ltr'><strong>se</strong></span> <span class='ocrx_word' id='word_1_654' title='bbox 3447 4399 3555 4437; x_wconf 74' lang='lat' dir='ltr'><strong>non</strong></span> 
     </span>
    </p>
   </div>
   <div class='ocr_carea' id='block_1_90' title="bbox 317 4464 1886 4539">
    <p class='ocr_par' dir='ltr' id='par_1_90' title="bbox 317 4464 1883 4533">
     <span class='ocr_line' id='line_1_90' title="bbox 317 4464 1883 4533; baseline 0.009 -17"><span class='ocrx_word' id='word_1_655' title='bbox 317 4464 463 4517; x_wconf 88' lang='lat' dir='ltr'><strong>dere.</strong></span> <span class='ocrx_word' id='word_1_656' title='bbox 510 4464 741 4518; x_wconf 88' lang='lat' dir='ltr'><strong>Primum</strong></span> <span class='ocrx_word' id='word_1_657' title='bbox 787 4478 869 4522; x_wconf 82' lang='lat' dir='ltr'><strong>est</strong></span> <span class='ocrx_word' id='word_1_658' title='bbox 907 4470 1082 4533; x_wconf 89' lang='lat' dir='ltr'><strong>enim,</strong></span> <span class='ocrx_word' id='word_1_659' title='bbox 1129 4480 1186 4524; x_wconf 87' lang='lat' dir='ltr'><strong>ttt</strong></span> <span class='ocrx_word' id='word_1_660' title='bbox 1224 4488 1321 4526; x_wconf 89' lang='lat' dir='ltr'><strong>nos</strong></span> <span class='ocrx_word' id='word_1_661' title='bbox 1368 4474 1548 4527; x_wconf 84' lang='lat' dir='ltr'><strong>educat</strong></span> <span class='ocrx_word' id='word_1_662' title='bbox 1594 4475 1661 4530; x_wconf 92' lang='lat' dir='ltr'><strong>de</strong></span> <span class='ocrx_word' id='word_1_663' title='bbox 1704 4477 1883 4530; x_wconf 88' lang='lat' dir='ltr'><strong>mundi</strong></span> 
     </span>
    </p>
   </div>
   <div class='ocr_carea' id='block_1_91' title="bbox 1987 4464 3570 4539">
    <p class='ocr_par' dir='ltr' id='par_1_91' title="bbox 1993 4465 3570 4537">
     <span class='ocr_line' id='line_1_91' title="bbox 1993 4465 3570 4537; baseline 0.004 -18"><span class='ocrx_word' id='word_1_664' title='bbox 1993 4467 2103 4520; x_wconf 92' lang='lat' dir='ltr'><strong>suis</strong></span> <span class='ocrx_word' id='word_1_665' title='bbox 2133 4466 2336 4520; x_wconf 87' lang='lat' dir='ltr'><strong>meritis</strong></span> <span class='ocrx_word' id='word_1_666' title='bbox 2358 4506 2371 4529; x_wconf 94' lang='lat'><strong>,</strong></span> <span class='ocrx_word' id='word_1_667' title='bbox 2403 4465 2495 4521; x_wconf 86' lang='lat' dir='ltr'><strong>sed</strong></span> <span class='ocrx_word' id='word_1_668' title='bbox 2528 4467 2593 4520; x_wconf 90' lang='lat' dir='ltr'><strong>ab</strong></span> <span class='ocrx_word' id='word_1_669' title='bbox 2621 4481 2686 4520; x_wconf 86' lang='lat' dir='ltr'><strong>eo</strong></span> <span class='ocrx_word' id='word_1_670' title='bbox 2718 4482 2810 4535; x_wconf 91' lang='lat' dir='ltr'><strong>per</strong></span> <span class='ocrx_word' id='word_1_671' title='bbox 2840 4467 2954 4536; x_wconf 86' lang='lat' dir='ltr'><strong>ejus</strong></span> <span class='ocrx_word' id='word_1_672' title='bbox 2984 4469 3204 4537; x_wconf 81' lang='lat' dir='ltr'><strong>gratiam</strong></span> <span class='ocrx_word' id='word_1_673' title='bbox 3235 4470 3402 4524; x_wconf 89' lang='lat' dir='ltr'><strong>credit</strong></span> <span class='ocrx_word' id='word_1_674' title='bbox 3443 4487 3570 4527; x_wconf 83' lang='lat' dir='ltr'><strong>esse</strong></span> 
     </span>
    </p>
   </div>
   <div class='ocr_carea' id='block_1_92' title="bbox 318 4553 1883 4633">
    <p class='ocr_par' dir='ltr' id='par_1_92' title="bbox 318 4553 1883 4633">
     <span class='ocr_line' id='line_1_92' title="bbox 318 4553 1883 4633; baseline 0.009 -26"><span class='ocrx_word' id='word_1_675' title='bbox 318 4553 471 4607; x_wconf 87' lang='lat' dir='ltr'><strong>istius</strong></span> <span class='ocrx_word' id='word_1_676' title='bbox 521 4555 932 4624; x_wconf 88' lang='lat' dir='ltr'><strong>profundissinta</strong></span> <span class='ocrx_word' id='word_1_677' title='bbox 981 4562 1314 4628; x_wconf 83' lang='lat' dir='ltr'><strong>calamitate,</strong></span> <span class='ocrx_word' id='word_1_678' title='bbox 1365 4565 1517 4631; x_wconf 91' lang='lat' dir='ltr'><strong>cujus</strong></span> <span class='ocrx_word' id='word_1_679' title='bbox 1568 4576 1687 4633; x_wconf 90' lang='lat' dir='ltr'><strong>apte</strong></span> <span class='ocrx_word' id='word_1_680' title='bbox 1739 4567 1883 4621; x_wconf 85' lang='lat' dir='ltr'><strong>desi—</strong></span> 
     </span>
    </p>
   </div>
   <div class='ocr_carea' id='block_1_93' title="bbox 318 4649 1885 4726">
    <p class='ocr_par' dir='ltr' id='par_1_93' title="bbox 318 4649 1885 4726">
     <span class='ocr_line' id='line_1_93' title="bbox 318 4649 1885 4726; baseline 0.01 -30"><span class='ocrx_word' id='word_1_681' title='bbox 318 4654 474 4714; x_wconf 89' lang='lat' dir='ltr'><strong>gnata</strong></span> <span class='ocrx_word' id='word_1_682' title='bbox 514 4656 596 4700; x_wconf 92' lang='lat' dir='ltr'><strong>est</strong></span> <span class='ocrx_word' id='word_1_683' title='bbox 634 4649 861 4718; x_wconf 86' lang='lat' dir='ltr'><strong>maligna</strong></span> <span class='ocrx_word' id='word_1_684' title='bbox 904 4650 1156 4716; x_wconf 86' lang='lat' dir='ltr'><strong>latitudo,</strong></span> <span class='ocrx_word' id='word_1_685' title='bbox 1202 4656 1344 4708; x_wconf 85' lang='lat' dir='ltr'><strong>lacus</strong></span> <span class='ocrx_word' id='word_1_686' title='bbox 1384 4656 1601 4709; x_wconf 69' lang='lat' dir='ltr'><strong>miseria:</strong></span> <span class='ocrx_word' id='word_1_687' title='bbox 1639 4656 1885 4726; x_wconf 83' lang='lat' dir='ltr'><strong>latusque</strong></span> 
     </span>
    </p>
   </div>
   <div class='ocr_carea' id='block_1_94' title="bbox 319 4736 1886 4810">
    <p class='ocr_par' dir='ltr' id='par_1_94' title="bbox 319 4736 1886 4810">
     <span class='ocr_line' id='line_1_94' title="bbox 319 4736 1886 4810; baseline 0.011 -21"><span class='ocrx_word' id='word_1_688' title='bbox 319 4736 634 4792; x_wconf 69' lang='lat' dir='ltr'><strong>faecilentus.</strong></span> <span class='ocrx_word' id='word_1_689' title='bbox 692 4739 756 4794; x_wconf 87' lang='lat' dir='ltr'><strong>Et</strong></span> <span class='ocrx_word' id='word_1_690' title='bbox 807 4750 862 4795; x_wconf 91' lang='lat' dir='ltr'><strong>ut</strong></span> <span class='ocrx_word' id='word_1_691' title='bbox 906 4744 1230 4810; x_wconf 69' lang='lat' dir='ltr'><strong>espritnere:</strong></span> <span class='ocrx_word' id='word_1_692' title='bbox 1270 4745 1583 4801; x_wconf 87' lang='lat' dir='ltr'><strong>delictorum</strong></span> <span class='ocrx_word' id='word_1_693' title='bbox 1632 4752 1886 4805; x_wconf 86' lang='lat' dir='ltr'><strong>crassitu-</strong></span> 
     </span>
    </p>
   </div>
   <div class='ocr_carea' id='block_1_95' title="bbox 321 4828 1889 4909">
    <p class='ocr_par' dir='ltr' id='par_1_95' title="bbox 321 4828 1889 4909">
     <span class='ocr_line' id='line_1_95' title="bbox 321 4828 1889 4909; baseline 0.008 -27"><span class='ocrx_word' id='word_1_694' title='bbox 321 4828 497 4883; x_wconf 76' lang='lat' dir='ltr'><strong>dinem</strong></span> <span class='ocrx_word' id='word_1_695' title='bbox 535 4832 899 4901; x_wconf 77' lang='lat' dir='ltr'><strong>corpulentam</strong></span> <span class='ocrx_word' id='word_1_696' title='bbox 927 4876 941 4893; x_wconf 90' lang='lat'><strong>.</strong></span> <span class='ocrx_word' id='word_1_697' title='bbox 972 4834 1139 4890; x_wconf 78' lang='lat' dir='ltr'><strong>lutum</strong></span> <span class='ocrx_word' id='word_1_698' title='bbox 1169 4837 1399 4906; x_wconf 88' lang='lat' dir='ltr'><strong>addidit,</strong></span> <span class='ocrx_word' id='word_1_699' title='bbox 1441 4840 1528 4909; x_wconf 93' lang='lat' dir='ltr'><strong>qui</strong></span> <span class='ocrx_word' id='word_1_700' title='bbox 1570 4839 1683 4894; x_wconf 73' lang='lat' dir='ltr'><strong>lat-tt</strong></span> <span class='ocrx_word' id='word_1_701' title='bbox 1719 4843 1889 4896; x_wconf 84' lang='lat' dir='ltr'><strong>conti-</strong></span> 
     </span>
    </p>
   </div>
   <div class='ocr_carea' id='block_1_96' title="bbox 322 4932 1889 5006">
    <p class='ocr_par' dir='ltr' id='par_1_96' title="bbox 322 4932 1889 5006">
     <span class='ocr_line' id='line_1_96' title="bbox 322 4932 1889 5006; baseline 0.007 -26"><span class='ocrx_word' id='word_1_702' title='bbox 322 4937 482 4981; x_wconf 90' lang='lat' dir='ltr'><strong>netur</strong></span> <span class='ocrx_word' id='word_1_703' title='bbox 514 4945 527 4981; x_wconf 74' lang='grc' dir='ltr'>ε</span> <span class='ocrx_word' id='word_1_704' title='bbox 563 4944 629 4984; x_wconf 90' lang='lat' dir='ltr'><strong>ne</strong></span> <span class='ocrx_word' id='word_1_705' title='bbox 661 4941 873 4999; x_wconf 82' lang='lat' dir='ltr'><strong>peccata</strong></span> <span class='ocrx_word' id='word_1_706' title='bbox 906 4932 1033 4987; x_wconf 90' lang='lat' dir='ltr'><strong>solis</strong></span> <span class='ocrx_word' id='word_1_707' title='bbox 1075 4934 1227 5002; x_wconf 73' lang='lat' dir='ltr'><strong>aquis</strong></span> <span class='ocrx_word' id='word_1_708' title='bbox 1265 4949 1610 5003; x_wconf 73' lang='lat' dir='ltr'><strong>engtiosecres</strong></span> <span class='ocrx_word' id='word_1_709' title='bbox 1650 4940 1889 5006; x_wconf 85' lang='lat' dir='ltr'><strong>quamvis</strong></span> 
     </span>
    </p>
   </div>
   <div class='ocr_carea' id='block_1_97' title="bbox 319 5017 1888 5090">
    <p class='ocr_par' dir='ltr' id='par_1_97' title="bbox 319 5017 1888 5090">
     <span class='ocr_line' id='line_1_97' title="bbox 319 5017 1888 5090; baseline 0.006 -19"><span class='ocrx_word' id='word_1_710' title='bbox 319 5017 656 5074; x_wconf 85' lang='lat' dir='ltr'><strong>densissimis</strong></span> <span class='ocrx_word' id='word_1_711' title='bbox 693 5030 1019 5090; x_wconf 67' lang='lat' dir='ltr'><strong>comparans.</strong></span> <span class='ocrx_word' id='word_1_712' title='bbox 1060 5022 1189 5077; x_wconf 79' lang='lat' dir='ltr'><strong>Nam</strong></span> <span class='ocrx_word' id='word_1_713' title='bbox 1220 5023 1359 5078; x_wconf 88' lang='lat' dir='ltr'><strong>sicut</strong></span> <span class='ocrx_word' id='word_1_714' title='bbox 1399 5025 1536 5079; x_wconf 86' lang='lat' dir='ltr'><strong>tutus</strong></span> <span class='ocrx_word' id='word_1_715' title='bbox 1567 5025 1665 5081; x_wconf 88' lang='lat' dir='ltr'><strong>laci</strong></span> <span class='ocrx_word' id='word_1_716' title='bbox 1697 5027 1888 5082; x_wconf 84' lang='lat' dir='ltr'><strong>fetidus</strong></span> 
     </span>
    </p>
   </div>
   <div class='ocr_carea' id='block_1_98' title="bbox 317 5112 1886 5185">
    <p class='ocr_par' dir='ltr' id='par_1_98' title="bbox 317 5112 1886 5185">
     <span class='ocr_line' id='line_1_98' title="bbox 317 5112 1886 5185; baseline 0.006 -24"><span class='ocrx_word' id='word_1_717' title='bbox 317 5116 475 5177; x_wconf 86' lang='lat' dir='ltr'><strong>atque</strong></span> <span class='ocrx_word' id='word_1_718' title='bbox 521 5112 698 5177; x_wconf 86' lang='lat' dir='ltr'><strong>gravis</strong></span> <span class='ocrx_word' id='word_1_719' title='bbox 741 5123 852 5185; x_wconf 82' lang='lat' dir='ltr'><strong>est,</strong></span> <span class='ocrx_word' id='word_1_720' title='bbox 911 5112 982 5166; x_wconf 87' lang='lat' dir='ltr'><strong>ita</strong></span> <span class='ocrx_word' id='word_1_721' title='bbox 1027 5123 1079 5167; x_wconf 91' lang='lat' dir='ltr'><strong>et</strong></span> <span class='ocrx_word' id='word_1_722' title='bbox 1128 5113 1403 5170; x_wconf 90' lang='lat' dir='ltr'><strong>hominum</strong></span> <span class='ocrx_word' id='word_1_723' title='bbox 1449 5116 1647 5170; x_wconf 87' lang='lat' dir='ltr'><strong>delicta</strong></span> <span class='ocrx_word' id='word_1_724' title='bbox 1696 5117 1886 5173; x_wconf 89' lang='lat' dir='ltr'><strong>limosa</strong></span> 
     </span>
    </p>
   </div>
   <div class='ocr_carea' id='block_1_99' title="bbox 315 5202 1888 5277">
    <p class='ocr_par' dir='ltr' id='par_1_99' title="bbox 315 5202 1888 5277">
     <span class='ocr_line' id='line_1_99' title="bbox 315 5202 1888 5277; baseline 0.007 -22"><span class='ocrx_word' id='word_1_725' title='bbox 315 5209 470 5265; x_wconf 87' lang='lat' dir='ltr'><strong>sunt,</strong></span> <span class='ocrx_word' id='word_1_726' title='bbox 499 5216 618 5271; x_wconf 70' lang='lat' dir='ltr'><strong>quae</strong></span> <span class='ocrx_word' id='word_1_727' title='bbox 646 5212 698 5257; x_wconf 91' lang='lat' dir='ltr'><strong>et</strong></span> <span class='ocrx_word' id='word_1_728' title='bbox 728 5202 983 5259; x_wconf 90' lang='lat' dir='ltr'><strong>fetoribus</strong></span> <span class='ocrx_word' id='word_1_729' title='bbox 1016 5204 1369 5273; x_wconf 86' lang='lat' dir='ltr'><strong>horrescunt,</strong></span> <span class='ocrx_word' id='word_1_730' title='bbox 1403 5216 1461 5262; x_wconf 88' lang='lat' dir='ltr'><strong>et</strong></span> <span class='ocrx_word' id='word_1_731' title='bbox 1501 5210 1763 5277; x_wconf 85' lang='lat' dir='ltr'><strong>gravitate</strong></span> <span class='ocrx_word' id='word_1_732' title='bbox 1794 5212 1888 5265; x_wconf 88' lang='lat' dir='ltr'><strong>dc-</strong></span> 
     </span>
    </p>
   </div>
   <div class='ocr_carea' id='block_1_100' title="bbox 316 5294 1883 5368">
    <p class='ocr_par' dir='ltr' id='par_1_100' title="bbox 316 5294 1883 5368">
     <span class='ocr_line' id='line_1_100' title="bbox 316 5294 1883 5368; baseline 0.004 -20"><span class='ocrx_word' id='word_1_733' title='bbox 316 5303 582 5361; x_wconf 82' lang='lat' dir='ltr'><strong>nterguut.</strong></span> <span class='ocrx_word' id='word_1_734' title='bbox 613 5294 812 5349; x_wconf 89' lang='lat' dir='ltr'><strong>Deinde</strong></span> <span class='ocrx_word' id='word_1_735' title='bbox 839 5296 990 5363; x_wconf 86' lang='lat' dir='ltr'><strong>pedes</strong></span> <span class='ocrx_word' id='word_1_736' title='bbox 1021 5306 1233 5352; x_wconf 90' lang='lat' dir='ltr'><strong>nostros</strong></span> <span class='ocrx_word' id='word_1_737' title='bbox 1261 5315 1415 5368; x_wconf 84' lang='lat' dir='ltr'><strong>supra</strong></span> <span class='ocrx_word' id='word_1_738' title='bbox 1447 5309 1644 5368; x_wconf 87' lang='lat' dir='ltr'><strong>petram</strong></span> <span class='ocrx_word' id='word_1_739' title='bbox 1673 5304 1883 5366; x_wconf 85' lang='lat' dir='ltr'><strong>statuit,</strong></span> 
     </span>
    </p>
   </div>
   <div class='ocr_carea' id='block_1_101' title="bbox 312 5384 1883 5460">
    <p class='ocr_par' dir='ltr' id='par_1_101' title="bbox 312 5384 1883 5460">
     <span class='ocr_line' id='line_1_101' title="bbox 312 5384 1883 5460; baseline 0.006 -23"><span class='ocrx_word' id='word_1_740' title='bbox 312 5396 435 5438; x_wconf 87' lang='lat' dir='ltr'><strong>cum</strong></span> <span class='ocrx_word' id='word_1_741' title='bbox 466 5384 516 5439; x_wconf 92' lang='lat' dir='ltr'><strong>in</strong></span> <span class='ocrx_word' id='word_1_742' title='bbox 548 5384 743 5440; x_wconf 77' lang='lat' dir='ltr'><strong>Chrisd</strong></span> <span class='ocrx_word' id='word_1_743' title='bbox 775 5386 982 5442; x_wconf 90' lang='lat' dir='ltr'><strong>Domini</strong></span> <span class='ocrx_word' id='word_1_744' title='bbox 1009 5387 1333 5456; x_wconf 89' lang='lat' dir='ltr'><strong>jussionibus</strong></span> <span class='ocrx_word' id='word_1_745' title='bbox 1361 5390 1720 5447; x_wconf 90' lang='lat' dir='ltr'><strong>ambulamus.</strong></span> <span class='ocrx_word' id='word_1_746' title='bbox 1765 5391 1883 5460; x_wconf 84' lang='lat' dir='ltr'><strong>Ipse</strong></span> 
     </span>
    </p>
   </div>
   <div class='ocr_carea' id='block_1_102' title="bbox 314 5476 1876 5549">
    <p class='ocr_par' dir='ltr' id='par_1_102' title="bbox 314 5476 1876 5549">
     <span class='ocr_line' id='line_1_102' title="bbox 314 5476 1876 5549; baseline 0.004 -20"><span class='ocrx_word' id='word_1_747' title='bbox 314 5483 395 5529; x_wconf 86' lang='lat' dir='ltr'><strong>est</strong></span> <span class='ocrx_word' id='word_1_748' title='bbox 420 5476 561 5528; x_wconf 89' lang='lat' dir='ltr'><strong>enim</strong></span> <span class='ocrx_word' id='word_1_749' title='bbox 592 5476 746 5531; x_wconf 87' lang='lat' dir='ltr'><strong>nobis</strong></span> <span class='ocrx_word' id='word_1_750' title='bbox 776 5477 1061 5543; x_wconf 89' lang='lat' dir='ltr'><strong>spiritualis</strong></span> <span class='ocrx_word' id='word_1_751' title='bbox 1092 5487 1238 5548; x_wconf 86' lang='lat' dir='ltr'><strong>petra</strong></span> <span class='ocrx_word' id='word_1_752' title='bbox 1260 5518 1275 5545; x_wconf 92' lang='lat'><strong>,</strong></span> <span class='ocrx_word' id='word_1_753' title='bbox 1306 5495 1424 5549; x_wconf 66' lang='lat' dir='ltr'><strong>qua:</strong></span> <span class='ocrx_word' id='word_1_754' title='bbox 1457 5482 1506 5535; x_wconf 91' lang='lat' dir='ltr'><strong>in</strong></span> <span class='ocrx_word' id='word_1_755' title='bbox 1538 5496 1598 5537; x_wconf 93' lang='lat' dir='ltr'><strong>se</strong></span> <span class='ocrx_word' id='word_1_756' title='bbox 1628 5482 1730 5536; x_wconf 81' lang='lat' dir='ltr'><strong>ﬁxa</strong></span> <span class='ocrx_word' id='word_1_757' title='bbox 1774 5498 1876 5536; x_wconf 91' lang='lat' dir='ltr'><strong>non</strong></span> 
     </span>
    </p>
   </div>
   <div class='ocr_carea' id='block_1_103' title="bbox 319 5564 1875 5643">
    <p class='ocr_par' dir='ltr' id='par_1_103' title="bbox 319 5564 1875 5643">
     <span class='ocr_line' id='line_1_103' title="bbox 319 5564 1875 5643; baseline 0.004 -23"><span class='ocrx_word' id='word_1_758' title='bbox 319 5564 446 5620; x_wconf 85' lang='lat' dir='ltr'><strong>sinit</strong></span> <span class='ocrx_word' id='word_1_759' title='bbox 474 5567 707 5638; x_wconf 87' lang='lat' dir='ltr'><strong>demergi</strong></span> <span class='ocrx_word' id='word_1_760' title='bbox 737 5570 971 5638; x_wconf 89' lang='lat' dir='ltr'><strong>vestigia.</strong></span> <span class='ocrx_word' id='word_1_761' title='bbox 1007 5569 1073 5625; x_wconf 85' lang='lat' dir='ltr'><strong>Et</strong></span> <span class='ocrx_word' id='word_1_762' title='bbox 1102 5570 1309 5640; x_wconf 86' lang='lat' dir='ltr'><strong>respice</strong></span> <span class='ocrx_word' id='word_1_763' title='bbox 1339 5572 1459 5639; x_wconf 86' lang='lat' dir='ltr'><strong>quia</strong></span> <span class='ocrx_word' id='word_1_764' title='bbox 1492 5575 1629 5628; x_wconf 90' lang='lat' dir='ltr'><strong>sicut</strong></span> <span class='ocrx_word' id='word_1_765' title='bbox 1658 5584 1875 5643; x_wconf 87' lang='lat' dir='ltr'><strong>peccata</strong></span> 
     </span>
    </p>
   </div>
   <div class='ocr_carea' id='block_1_104' title="bbox 315 5656 1879 5736">
    <p class='ocr_par' dir='ltr' id='par_1_104' title="bbox 315 5656 1879 5736">
     <span class='ocr_line' id='line_1_104' title="bbox 315 5656 1879 5736; baseline 0.009 -29"><span class='ocrx_word' id='word_1_766' title='bbox 315 5656 600 5713; x_wconf 87' lang='lat' dir='ltr'><strong>virtutibus</strong></span> <span class='ocrx_word' id='word_1_767' title='bbox 628 5660 892 5718; x_wconf 88' lang='lat' dir='ltr'><strong>contraria</strong></span> <span class='ocrx_word' id='word_1_768' title='bbox 921 5668 1074 5731; x_wconf 81' lang='lat' dir='ltr'><strong>sunt,</strong></span> <span class='ocrx_word' id='word_1_769' title='bbox 1110 5662 1179 5719; x_wconf 86' lang='lat' dir='ltr'><strong>ita</strong></span> <span class='ocrx_word' id='word_1_770' title='bbox 1211 5672 1263 5720; x_wconf 89' lang='lat' dir='ltr'><strong>et</strong></span> <span class='ocrx_word' id='word_1_771' title='bbox 1291 5678 1475 5719; x_wconf 87' lang='lat' dir='ltr'><strong>corum</strong></span> <span class='ocrx_word' id='word_1_772' title='bbox 1511 5666 1608 5720; x_wconf 79' lang='lat' dir='ltr'><strong>via:</strong></span> <span class='ocrx_word' id='word_1_773' title='bbox 1649 5666 1879 5736; x_wconf 88' lang='lat' dir='ltr'><strong>proban-</strong></span> 
     </span>
    </p>
   </div>
   <div class='ocr_carea' id='block_1_105' title="bbox 1990 4561 3571 4631">
    <p class='ocr_par' dir='ltr' id='par_1_105' title="bbox 1990 4561 3571 4631">
     <span class='ocr_line' id='line_1_105' title="bbox 1990 4561 3571 4631; baseline 0.001 -16"><span class='ocrx_word' id='word_1_774' title='bbox 1990 4562 2323 4615; x_wconf 84' lang='lat' dir='ltr'><strong>salvandum.</strong></span> <span class='ocrx_word' id='word_1_775' title='bbox 2362 4561 2494 4615; x_wconf 73' lang='grc' dir='ltr'><strong>ῡίοίί</strong></span> <span class='ocrx_word' id='word_1_776' title='bbox 2528 4570 2651 4615; x_wconf 91' lang='lat' dir='ltr'><strong>sunt</strong></span> <span class='ocrx_word' id='word_1_777' title='bbox 2677 4572 2731 4616; x_wconf 88' lang='lat' dir='ltr'><strong>et</strong></span> <span class='ocrx_word' id='word_1_778' title='bbox 2762 4562 2811 4615; x_wconf 90' lang='lat' dir='ltr'><strong>in</strong></span> <span class='ocrx_word' id='word_1_779' title='bbox 2858 4561 3141 4631; x_wconf 86' lang='lat' dir='ltr'><strong>Evangelio</strong></span> <span class='ocrx_word' id='word_1_780' title='bbox 3182 4564 3347 4617; x_wconf 87' lang='lat' dir='ltr'><strong>octies</strong></span> <span class='ocrx_word' id='word_1_781' title='bbox 3387 4564 3525 4617; x_wconf 86' lang='lat' dir='ltr'><strong>beati</strong></span> <span class='ocrx_word' id='word_1_782' title='bbox 3559 4586 3571 4625; x_wconf 85' lang='lat'><strong>;</strong></span> 
     </span>
    </p>
   </div>
   <div class='ocr_carea' id='block_1_106' title="bbox 1989 4650 3572 4722">
    <p class='ocr_par' dir='ltr' id='par_1_106' title="bbox 1989 4650 3572 4722">
     <span class='ocr_line' id='line_1_106' title="bbox 1989 4650 3572 4722; baseline 0.003 -19"><span class='ocrx_word' id='word_1_783' title='bbox 1989 4660 2047 4704; x_wconf 88' lang='lat' dir='ltr'><strong>ttt</strong></span> <span class='ocrx_word' id='word_1_784' title='bbox 2073 4661 2153 4705; x_wconf 87' lang='lat' dir='ltr'><strong>est</strong></span> <span class='ocrx_word' id='word_1_785' title='bbox 2180 4651 2306 4705; x_wconf 89' lang='lat' dir='ltr'><strong>illud</strong></span> <span class='ocrx_word' id='word_1_786' title='bbox 2335 4668 2347 4704; x_wconf 91' lang='lat'><strong>:</strong></span> <span class='ocrx_word' id='word_1_787' title='bbox 2380 4650 2523 4703; x_wconf 85' lang='lat' dir='ltr'><strong>Beati</strong></span> <span class='ocrx_word' id='word_1_788' title='bbox 2552 4668 2801 4721; x_wconf 85' lang='lat' dir='ltr'><strong>pauperes</strong></span> <span class='ocrx_word' id='word_1_789' title='bbox 2832 4653 3015 4722; x_wconf 81' lang='lat' dir='ltr'><strong>spiritu</strong></span> <span class='ocrx_word' id='word_1_790' title='bbox 3034 4694 3046 4717; x_wconf 89' lang='lat'><strong>,</strong></span> <span class='ocrx_word' id='word_1_791' title='bbox 3075 4654 3312 4719; x_wconf 86' lang='lat' dir='ltr'><strong>quoniam</strong></span> <span class='ocrx_word' id='word_1_792' title='bbox 3338 4655 3572 4721; x_wconf 81' lang='lat' dir='ltr'><strong>ipsorum</strong></span> 
     </span>
    </p>
   </div>
   <div class='ocr_carea' id='block_1_107' title="bbox 1990 4738 3572 4811">
    <p class='ocr_par' dir='ltr' id='par_1_107' title="bbox 1990 4738 3572 4811">
     <span class='ocr_line' id='line_1_107' title="bbox 1990 4738 3572 4811; baseline 0.003 -19"><span class='ocrx_word' id='word_1_793' title='bbox 1990 4748 2062 4792; x_wconf 88' lang='lat' dir='ltr'><strong>est</strong></span> <span class='ocrx_word' id='word_1_794' title='bbox 2093 4756 2301 4811; x_wconf 84' lang='lat' dir='ltr'><strong>regnum</strong></span> <span class='ocrx_word' id='word_1_795' title='bbox 2331 4738 2570 4793; x_wconf 77' lang='lat' dir='ltr'><strong>cwlorum</strong></span> <span class='ocrx_word' id='word_1_796' title='bbox 2601 4738 2821 4807; x_wconf 83' lang='lat' dir='ltr'><strong>(Matth.</strong></span> <span class='ocrx_word' id='word_1_797' title='bbox 2848 4755 2901 4804; x_wconf 90' lang='lat' dir='ltr'><strong>v,</strong></span> <span class='ocrx_word' id='word_1_798' title='bbox 2926 4740 3025 4810; x_wconf 62' lang='grc' dir='ltr'><strong>ὃ),</strong></span> <span class='ocrx_word' id='word_1_799' title='bbox 3059 4753 3163 4794; x_wconf 88' lang='lat' dir='ltr'><strong>etc.</strong></span> <span class='ocrx_word' id='word_1_800' title='bbox 3199 4743 3260 4795; x_wconf 83' lang='lat' dir='ltr'><strong>Et</strong></span> <span class='ocrx_word' id='word_1_801' title='bbox 3288 4743 3337 4795; x_wconf 93' lang='lat' dir='ltr'><strong>in</strong></span> <span class='ocrx_word' id='word_1_802' title='bbox 3372 4744 3572 4798; x_wconf 79' lang='lat' dir='ltr'><strong>Dente-</strong></span> 
     </span>
    </p>
   </div>
   <div class='ocr_carea' id='block_1_108' title="bbox 1990 4831 3571 4903">
    <p class='ocr_par' dir='ltr' id='par_1_108' title="bbox 1990 4831 3571 4903">
     <span class='ocr_line' id='line_1_108' title="bbox 1990 4831 3571 4903; baseline 0.002 -18"><span class='ocrx_word' id='word_1_803' title='bbox 1990 4832 2235 4886; x_wconf 88' lang='lat' dir='ltr'><strong>rouomio</strong></span> <span class='ocrx_word' id='word_1_804' title='bbox 2290 4831 2540 4898; x_wconf 82' lang='lat' dir='ltr'><strong>(Denter.</strong></span> <span class='ocrx_word' id='word_1_805' title='bbox 2575 4846 2744 4885; x_wconf 75' lang='lat' dir='ltr'><strong>sxxttt</strong></span> <span class='ocrx_word' id='word_1_806' title='bbox 2766 4873 2781 4899; x_wconf 90' lang='lat'><strong>,</strong></span> <span class='ocrx_word' id='word_1_807' title='bbox 2810 4832 2921 4903; x_wconf 70' lang='lat'><strong>29)</strong></span> <span class='ocrx_word' id='word_1_808' title='bbox 2972 4834 3216 4888; x_wconf 83' lang='lat' dir='ltr'><strong>similiter</strong></span> <span class='ocrx_word' id='word_1_809' title='bbox 3262 4834 3527 4901; x_wconf 88' lang='lat' dir='ltr'><strong>reperitur</strong></span> <span class='ocrx_word' id='word_1_810' title='bbox 3556 4856 3571 4902; x_wconf 89' lang='lat'><strong>;</strong></span> 
     </span>
    </p>
   </div>
   <div class='ocr_carea' id='block_1_109' title="bbox 1990 4922 3573 4993">
    <p class='ocr_par' dir='ltr' id='par_1_109' title="bbox 1990 4922 3573 4993">
     <span class='ocr_line' id='line_1_109' title="bbox 1990 4922 3573 4993; baseline 0.004 -16"><span class='ocrx_word' id='word_1_811' title='bbox 1990 4938 2105 4977; x_wconf 88' lang='lat' dir='ltr'><strong>cum</strong></span> <span class='ocrx_word' id='word_1_812' title='bbox 2161 4924 2383 4993; x_wconf 88' lang='lat' dir='ltr'><strong>populus</strong></span> <span class='ocrx_word' id='word_1_813' title='bbox 2460 4922 2776 4978; x_wconf 89' lang='lat' dir='ltr'><strong>lsraeliticus</strong></span> <span class='ocrx_word' id='word_1_814' title='bbox 2858 4933 3052 4979; x_wconf 90' lang='lat' dir='ltr'><strong>terram</strong></span> <span class='ocrx_word' id='word_1_815' title='bbox 3128 4928 3573 4993; x_wconf 76' lang='lat' dir='ltr'><strong>repromissionis</strong></span> 
     </span>
    </p>
   </div>
   <div class='ocr_carea' id='block_1_110' title="bbox 1994 5011 3573 5084">
    <p class='ocr_par' dir='ltr' id='par_1_110' title="bbox 1994 5011 3573 5084">
     <span class='ocr_line' id='line_1_110' title="bbox 1994 5011 3573 5084; baseline 0.004 -18"><span class='ocrx_word' id='word_1_816' title='bbox 1994 5011 2257 5077; x_wconf 86' lang='lat' dir='ltr'><strong>intraret;</strong></span> <span class='ocrx_word' id='word_1_817' title='bbox 2301 5012 2443 5081; x_wconf 89' lang='lat' dir='ltr'><strong>quod</strong></span> <span class='ocrx_word' id='word_1_818' title='bbox 2477 5012 2595 5066; x_wconf 90' lang='lat' dir='ltr'><strong>ideo</strong></span> <span class='ocrx_word' id='word_1_819' title='bbox 2626 5013 2908 5067; x_wconf 76' lang='lat' dir='ltr'><strong>multifario</strong></span> <span class='ocrx_word' id='word_1_820' title='bbox 2939 5014 3149 5079; x_wconf 89' lang='lat' dir='ltr'><strong>dicitur,</strong></span> <span class='ocrx_word' id='word_1_821' title='bbox 3186 5016 3307 5084; x_wconf 90' lang='lat' dir='ltr'><strong>quia</strong></span> <span class='ocrx_word' id='word_1_822' title='bbox 3338 5016 3573 5073; x_wconf 81' lang='lat' dir='ltr'><strong>diversis</strong></span> 
     </span>
    </p>
   </div>
   <div class='ocr_carea' id='block_1_111' title="bbox 1992 5102 3574 5176">
    <p class='ocr_par' dir='ltr' id='par_1_111' title="bbox 1992 5102 3574 5176">
     <span class='ocr_line' id='line_1_111' title="bbox 1992 5102 3574 5176; baseline 0.004 -22"><span class='ocrx_word' id='word_1_823' title='bbox 1992 5103 2165 5156; x_wconf 79' lang='lat' dir='ltr'><strong>modis</strong></span> <span class='ocrx_word' id='word_1_824' title='bbox 2203 5102 2470 5156; x_wconf 87' lang='lat' dir='ltr'><strong>beatitudo</strong></span> <span class='ocrx_word' id='word_1_825' title='bbox 2501 5113 2803 5171; x_wconf 64' lang='lat' dir='ltr'><strong>praestatur.</strong></span> <span class='ocrx_word' id='word_1_826' title='bbox 2849 5104 2951 5157; x_wconf 83' lang='lat' dir='ltr'><strong>Sed</strong></span> <span class='ocrx_word' id='word_1_827' title='bbox 2985 5104 3097 5158; x_wconf 85' lang='lat' dir='ltr'><strong>haec</strong></span> <span class='ocrx_word' id='word_1_828' title='bbox 3126 5106 3304 5160; x_wconf 91' lang='lat' dir='ltr'><strong>omnia</strong></span> <span class='ocrx_word' id='word_1_829' title='bbox 3336 5122 3427 5176; x_wconf 86' lang='lat' dir='ltr'><strong>per</strong></span> <span class='ocrx_word' id='word_1_830' title='bbox 3457 5109 3574 5161; x_wconf 87' lang='lat' dir='ltr'><strong>sin-</strong></span> 
     </span>
    </p>
   </div>
   <div class='ocr_carea' id='block_1_112' title="bbox 1988 5193 3571 5268">
    <p class='ocr_par' dir='ltr' id='par_1_112' title="bbox 1988 5193 3571 5268">
     <span class='ocr_line' id='line_1_112' title="bbox 1988 5193 3571 5268; baseline 0.005 -23"><span class='ocrx_word' id='word_1_831' title='bbox 1988 5194 2139 5262; x_wconf 88' lang='lat' dir='ltr'><strong>gulas</strong></span> <span class='ocrx_word' id='word_1_832' title='bbox 2168 5195 2373 5258; x_wconf 88' lang='lat' dir='ltr'><strong>species</strong></span> <span class='ocrx_word' id='word_1_833' title='bbox 2404 5193 2772 5249; x_wconf 85' lang='lat' dir='ltr'><strong>deﬁnitionum</strong></span> <span class='ocrx_word' id='word_1_834' title='bbox 2815 5196 3093 5265; x_wconf 79' lang='lat' dir='ltr'><strong>diligenter</strong></span> <span class='ocrx_word' id='word_1_835' title='bbox 3124 5213 3373 5268; x_wconf 71' lang='lat' dir='ltr'><strong>expressa</strong></span> <span class='ocrx_word' id='word_1_836' title='bbox 3398 5239 3414 5263; x_wconf 91' lang='lat'><strong>,</strong></span> <span class='ocrx_word' id='word_1_837' title='bbox 3452 5210 3571 5253; x_wconf 84' lang='lat' dir='ltr'><strong>stu-</strong></span> 
     </span>
    </p>
   </div>
   <div class='ocr_carea' id='block_1_113' title="bbox 1987 5284 2645 5340">
    <p class='ocr_par' dir='ltr' id='par_1_113' title="bbox 1987 5284 2645 5340">
     <span class='ocr_line' id='line_1_113' title="bbox 1987 5284 2645 5340; baseline -0.005 0"><span class='ocrx_word' id='word_1_838' title='bbox 1987 5285 2170 5340; x_wconf 88' lang='lat' dir='ltr'><strong>diosus</strong></span> <span class='ocrx_word' id='word_1_839' title='bbox 2197 5284 2363 5339; x_wconf 91' lang='lat' dir='ltr'><strong>lector</strong></span> <span class='ocrx_word' id='word_1_840' title='bbox 2393 5284 2645 5339; x_wconf 86' lang='lat' dir='ltr'><strong>inveniet.</strong></span> 
     </span>
    </p>
   </div>
   <div class='ocr_carea' id='block_1_114' title="bbox 2062 5392 3572 5465">
    <p class='ocr_par' dir='ltr' id='par_1_114' title="bbox 2062 5392 3572 5465">
     <span class='ocr_line' id='line_1_114' title="bbox 2062 5392 3572 5465; baseline 0.003 -18"><span class='ocrx_word' id='word_1_841' title='bbox 2062 5393 2211 5449; x_wconf 85' lang='lat' dir='ltr'><strong>Vers.</strong></span> <span class='ocrx_word' id='word_1_842' title='bbox 2257 5394 2311 5447; x_wconf 83' lang='lat'><strong>5.</strong></span> <span class='ocrx_word' id='word_1_843' title='bbox 2353 5392 2419 5446; x_wconf 85' lang='lat' dir='ltr'><strong>Et</strong></span> <span class='ocrx_word' id='word_1_844' title='bbox 2460 5410 2559 5446; x_wconf 87' lang='lat' dir='ltr'><strong>non</strong></span> <span class='ocrx_word' id='word_1_845' title='bbox 2598 5396 2816 5465; x_wconf 79' lang='lat' dir='ltr'><strong>respexit</strong></span> <span class='ocrx_word' id='word_1_846' title='bbox 2854 5393 2906 5446; x_wconf 90' lang='lat' dir='ltr'><strong>in</strong></span> <span class='ocrx_word' id='word_1_847' title='bbox 2944 5396 3189 5449; x_wconf 71' lang='lat' dir='ltr'><strong>vanitates</strong></span> <span class='ocrx_word' id='word_1_848' title='bbox 3228 5405 3273 5449; x_wconf 88' lang='lat' dir='ltr'><strong>et</strong></span> <span class='ocrx_word' id='word_1_849' title='bbox 3336 5397 3572 5453; x_wconf 83' lang='lat' dir='ltr'><strong>insanias</strong></span> 
     </span>
    </p>
   </div>
   <div class='ocr_carea' id='block_1_115' title="bbox 1990 5486 3560 5558">
    <p class='ocr_par' dir='ltr' id='par_1_115' title="bbox 1990 5486 3560 5558">
     <span class='ocr_line' id='line_1_115' title="bbox 1990 5486 3560 5558; baseline 0.003 -19"><span class='ocrx_word' id='word_1_850' title='bbox 1990 5489 2166 5558; x_wconf 76' lang='lat' dir='ltr'><strong>falsas.</strong></span> <span class='ocrx_word' id='word_1_851' title='bbox 2203 5489 2265 5540; x_wconf 78' lang='lat' dir='ltr'><strong>Et</strong></span> <span class='ocrx_word' id='word_1_852' title='bbox 2295 5486 2380 5542; x_wconf 90' lang='lat' dir='ltr'><strong>hic</strong></span> <span class='ocrx_word' id='word_1_853' title='bbox 2409 5502 2593 5541; x_wconf 88' lang='lat' dir='ltr'><strong>versus</strong></span> <span class='ocrx_word' id='word_1_854' title='bbox 2624 5487 2815 5557; x_wconf 89' lang='lat' dir='ltr'><strong>pendet</strong></span> <span class='ocrx_word' id='word_1_855' title='bbox 2847 5487 2912 5542; x_wconf 88' lang='lat' dir='ltr'><strong>dc</strong></span> <span class='ocrx_word' id='word_1_856' title='bbox 2942 5488 3215 5556; x_wconf 89' lang='lat' dir='ltr'><strong>superiore</strong></span> <span class='ocrx_word' id='word_1_857' title='bbox 3245 5492 3514 5544; x_wconf 87' lang='lat' dir='ltr'><strong>sententia</strong></span> <span class='ocrx_word' id='word_1_858' title='bbox 3543 5534 3560 5556; x_wconf 91' lang='lat'><strong>,</strong></span> 
     </span>
    </p>
   </div>
   <div class='ocr_carea' id='block_1_116' title="bbox 1987 5575 3569 5647">
    <p class='ocr_par' dir='ltr' id='par_1_116' title="bbox 1987 5575 3569 5647">
     <span class='ocr_line' id='line_1_116' title="bbox 1987 5575 3569 5647; baseline 0.003 -15"><span class='ocrx_word' id='word_1_859' title='bbox 1987 5577 2205 5647; x_wconf 75' lang='lat' dir='ltr'><strong>exponit</strong></span> <span class='ocrx_word' id='word_1_860' title='bbox 2231 5575 2371 5631; x_wconf 91' lang='lat' dir='ltr'><strong>enim</strong></span> <span class='ocrx_word' id='word_1_861' title='bbox 2398 5577 2481 5631; x_wconf 90' lang='lat' dir='ltr'><strong>cui</strong></span> <span class='ocrx_word' id='word_1_862' title='bbox 2507 5579 2575 5631; x_wconf 87' lang='lat' dir='ltr'><strong>sit</strong></span> <span class='ocrx_word' id='word_1_863' title='bbox 2600 5591 2724 5645; x_wconf 89' lang='lat' dir='ltr'><strong>spes</strong></span> <span class='ocrx_word' id='word_1_864' title='bbox 2754 5578 2805 5632; x_wconf 90' lang='lat' dir='ltr'><strong>in</strong></span> <span class='ocrx_word' id='word_1_865' title='bbox 2836 5579 3049 5633; x_wconf 90' lang='lat' dir='ltr'><strong>nomine</strong></span> <span class='ocrx_word' id='word_1_866' title='bbox 3081 5578 3285 5632; x_wconf 79' lang='lat' dir='ltr'><strong>Dmnini</strong></span> <span class='ocrx_word' id='word_1_867' title='bbox 3308 5619 3321 5639; x_wconf 89' lang='lat'><strong>,</strong></span> <span class='ocrx_word' id='word_1_868' title='bbox 3353 5581 3569 5636; x_wconf 75' lang='lat' dir='ltr'><strong>sciliret</strong></span> 
     </span>
    </p>
   </div>
   <div class='ocr_carea' id='block_1_117' title="bbox 1987 5668 3567 5742">
    <p class='ocr_par' dir='ltr' id='par_1_117' title="bbox 1987 5668 3567 5742">
     <span class='ocr_line' id='line_1_117' title="bbox 1987 5668 3567 5742; baseline 0.005 -23"><span class='ocrx_word' id='word_1_869' title='bbox 1987 5668 2073 5740; x_wconf 76' lang='lat' dir='ltr'><strong>qui</strong></span> <span class='ocrx_word' id='word_1_870' title='bbox 2105 5684 2199 5723; x_wconf 85' lang='lat' dir='ltr'><strong>non</strong></span> <span class='ocrx_word' id='word_1_871' title='bbox 2231 5668 2445 5738; x_wconf 69' lang='lat' dir='ltr'><strong>respexit</strong></span> <span class='ocrx_word' id='word_1_872' title='bbox 2476 5668 2527 5721; x_wconf 88' lang='lat' dir='ltr'><strong>in</strong></span> <span class='ocrx_word' id='word_1_873' title='bbox 2557 5668 2797 5724; x_wconf 77' lang='lat' dir='ltr'><strong>vanitates</strong></span> <span class='ocrx_word' id='word_1_874' title='bbox 2842 5678 2887 5723; x_wconf 90' lang='lat' dir='ltr'><strong>et</strong></span> <span class='ocrx_word' id='word_1_875' title='bbox 2939 5670 3161 5723; x_wconf 83' lang='lat' dir='ltr'><strong>insanias</strong></span> <span class='ocrx_word' id='word_1_876' title='bbox 3190 5670 3369 5739; x_wconf 76' lang='lat' dir='ltr'><strong>falsas.</strong></span> <span class='ocrx_word' id='word_1_877' title='bbox 3404 5670 3567 5742; x_wconf 81' lang='lat' dir='ltr'><strong>Legi-</strong></span> 
     </span>
    </p>
   </div>
   <div class='ocr_carea' id='block_1_118' title="bbox 3940 647 4030 698">
    <p class='ocr_par' dir='ltr' id='par_1_118' title="bbox 3940 647 4030 698">
     <span class='ocr_line' id='line_1_118' title="bbox 3940 647 4030 698; baseline -0.022 0"><span class='ocrx_word' id='word_1_878' title='bbox 3940 664 3966 698; x_wconf 64' lang='grc' dir='ltr'><strong>ῖ</strong></span> <span class='ocrx_word' id='word_1_879' title='bbox 3980 647 4030 697; x_wconf 56' lang='lat' dir='ltr'><strong>uti</strong></span> 
     </span>
    </p>
   </div>
  </div>
