4030 6172
346 346 444 404 383

1227 359 1589 420 EXPOSITKO
1628 365 1690 421 IN
1731 366 2183 429 PSALTERIUM.
2229 376 2417 433 l’SAL.
2461 379 2700 438 ΧΧΧἚΧ.

3509 394 3612 449 290

343 470 433 516 tur
451 462 596 519 enim
619 482 631 517 :
658 465 821 521 Nemo
841 478 999 539 potest
1019 462 1223 527 duobus
1259 477 1477 534 dominis
1504 483 1690 536 servire
1720 482 1932 554 (Matth.
1965 488 2017 546 Α
2118 486 2264 542 Vers.
2295 490 2346 544 8.
2384 491 2710 560 Sacriﬁcium
2744 502 2795 547 et
2825 496 3128 553 oblationem
3149 500 3385 569 noluisti;
3429 520 3615 577 corpus

343 567 397 577 ,η
456 554 781 577 ηιμ-μ,
829 560 988 577 _.
1103 564 1163 577 ..
1679 572 1722 577 --
1914 575 1923 577 -

342 554 602 623 imis);
642 559 781 626 quod
820 567 874 614 et
912 560 1059 616 locus
1100 564 1200 619 iste
1240 581 1644 626 commemorat.
1679 572 1811 627 Nam
1839 575 1927 644 qui

340 660 492 713 spem
525 647 689 703 habet
714 650 766 704 in
799 650 1026 710 Domino
1055 671 1235 713 rerum
1266 663 1502 716 omnium
1535 674 1784 734 potente,
1846 682 1931 722 re-

340 738 555 805 spicere
587 756 692 796 non
725 744 882 797 debet
910 746 975 799 ad
1000 748 1217 804 caduca.
1239 751 1448 808 Vattilas
1474 763 1557 810 est
1582 758 1721 811 enim
1751 773 1781 811 a
1807 773 1929 813 san-

340 837 424 882 eta
453 831 717 900 religione
744 836 916 891 subita
945 841 1200 896 varietate
1232 847 1455 911 mutari,
1484 856 1539 901 et
1568 860 1801 904 mentem
1836 850 1929 905 fal-

341 918 439 973 laci
489 921 741 980 illusione
784 937 1118 985 convertere.
1172 931 1399 990 Insania:
1443 953 1574 992 vero
1623 941 1766 1008 {alsia
1807 953 1928 998 sunt

340 1012 482 1066 saxis
514 1012 780 1072 formasse
818 1019 1011 1088 deum,
1039 1039 1194 1092 quem
1224 1028 1494 1096 gentilitas
1524 1030 1771 1087 adoraret
1790 1077 1805 1102 ,
1840 1035 1927 1089 ubi

340 1102 645 1160 futurorum
687 1109 930 1165 ordinem
972 1114 1300 1172 mendaciter
1337 1119 1696 1189 inquirebant.
1743 1125 1809 1177 Et
1848 1137 1929 1179 est

339 1194 617 1262 epitheton
650 1199 871 1255 insania:
903 1204 1313 1271 pulcherrimum
1336 1251 1350 1276 ,
1383 1209 1433 1265 id
1465 1220 1547 1265 est
1577 1212 1799 1268 falsitas.
1834 1214 1926 1268 ln-

338 1288 500 1339 sania:
546 1289 745 1359 quippe
790 1302 1022 1349 mentem
1067 1296 1285 1365 fallunt,
1336 1302 1584 1370 quoniam
1629 1318 1659 1359 a
1706 1306 1929 1360 veritate

338 1379 694 1435 dissentiunt.
740 1382 920 1439 Potest
961 1388 1059 1442 hoc
1088 1396 1145 1442 ct
1171 1391 1235 1443 ad
1277 1391 1397 1447 illos
1433 1396 1636 1463 aptari,
1678 1398 1764 1465 qui
1807 1411 1928 1466 spe-

339 1472 679 1526 ctaculorum
730 1474 998 1531 fallacium
1045 1478 1399 1538 delectatione
1449 1486 1747 1553 capiuntur.
1803 1488 1925 1543 Ideo

340 1565 484 1618 cnim
537 1566 731 1634 plurali
780 1584 1001 1625 numero
1045 1574 1231 1642 positae
1273 1585 1399 1631 sunt
1444 1578 1692 1645 insaniae,
1735 1590 1792 1635 ut
1832 1596 1926 1650 per

338 1654 723 1711 similitudines
752 1673 928 1714 rerum
960 1660 1119 1716 latius
1142 1663 1443 1721 discurrere
1473 1668 1779 1725 debeamus.

409 1748 569 1803 Vers.
603 1750 657 1805 6.
693 1749 861 1806 Multa
889 1753 1055 1821 fecisti
1084 1766 1170 1822 tu,
1204 1756 1423 1813 Domine
1454 1759 1587 1814 Deus
1616 1779 1755 1817 meus
1776 1805 1788 1827 ,
1827 1766 1920 1818 mi-

2031 588 2200 633 autem
2227 584 2476 652 perfecisti
2505 587 2662 640 mihi:
2689 588 2984 643 holocausta
3006 592 3157 644 etiam
3184 609 3277 662 pro
3302 595 3487 650 delicto
3513 614 3613 651 non

2033 676 2323 741 postulasti.
2383 677 2475 732 llic
2521 694 2707 733 versus
2746 681 2878 735 Νονὶ
2924 691 2979 736 et
3024 682 3230 739 Veteris
3279 686 3611 744 Testamenti

2030 774 2361 819 sacramenta
2414 771 2805 836 comp'ectitur.
2860 771 2996 825 Dicit
3031 774 3173 827 enim
3214 778 3524 842 sacriﬁcium
3562 790 3613 834 et

2031 850 2369 917 oblationem,
2416 871 2534 924 quae
2585 858 2636 910 in
2681 860 2934 914 honorem
2987 862 3192 917 Domini
3243 864 3441 922 ﬁebant
3489 879 3614 923 ante

2035 946 2318 1011 pecoribus
2359 948 2647 1002 immolatis
2667 991 2680 1014 ,
2717 967 2786 1004 un
2814 955 2857 1005 Te
2897 955 3203 1009 sacerdotes
3234 959 3392 1011 etiam
3424 975 3610 1015 vesce-

2032 1036 2240 1102 bantur,
2296 1039 2458 1093 Deum
2514 1050 2782 1105 postremo
2832 1052 3074 1114 tempore
3122 1050 3411 1116 reSpuisse.
3461 1050 3612 1105 Prius

2030 1127 2227 1195 quippe
2254 1129 2377 1183 talia
2406 1132 2680 1200 suscipere
2706 1134 2952 1201 dignatus
2981 1144 3096 1200 est,
3129 1138 3374 1205 quoniam
3407 1157 3499 1207 per
3527 1143 3613 1194 illa

2030 1218 2290 1273 sacriﬁcia
2323 1222 2683 1290 prteﬁguratio
2715 1227 2957 1293 qniedam
2993 1229 3233 1297 corporis
3262 1230 3461 1285 Christi
3491 1248 3613 1295 esse

2028 1308 2328 1364 videbatur.
2374 1312 2660 1382 Postquam
2708 1329 2836 1368 vero
2878 1316 2993 1382 ipse
3032 1318 3251 1372 Messias
3281 1319 3370 1387 qui
3399 1328 3481 1374 est
3513 1322 3613 1373 Do-

2031 1398 2203 1452 minus
2227 1400 2467 1455 {Lhristus
2497 1403 2781 1470 prmdictns
2808 1406 3059 1471 advenit,
3090 1416 3144 1460 et
3164 1424 3222 1462 se
3247 1424 3341 1476 pro
3366 1412 3613 1466 omnibus

2031 1492 2185 1545 nobis
2238 1491 2465 1545 hostiam
2514 1495 2727 1561 pictatis
2770 1496 3043 1563 exhibuit,
3098 1501 3459 1553 necessarium
3507 1518 3612 1558 non

2027 1593 2144 1638 erat
2188 1594 2270 1651 ut,
2315 1585 2540 1639 veritate
2580 1588 2879 1655 cumpleta,
2922 1589 3096 1644 adhuc
3141 1590 3229 1644 illa
3274 1591 3437 1661 ﬁgura
3481 1609 3613 1660 prte-

2028 1676 2268 1729 Cursoria
2301 1685 2659 1745 permaneret.
2700 1678 2844 1745 Quos
2879 1696 3067 1734 versus
3102 1682 3172 1736 ita
3219 1698 3320 1752 exp
3358 1685 3436 1738 nit
3472 1687 3613 1752 Apo-

2028 1766 2197 1821 stolus
2227 1767 2464 1822 llebracis
2491 1768 2770 1823 scribens:
2800 1771 3015 1839 Aufert,
3046 1772 3247 1841 inquit,
3279 1775 3527 1843 primum,
3558 1785 3612 1829 ut

335 1841 523 1893 rabilia
550 1850 687 1908 tua;
716 1854 762 1897 et
790 1847 1174 1915 cogitationibus
1206 1852 1303 1905 tuis
1333 1867 1433 1905 non
1473 1862 1546 1906 est
1588 1854 1702 1923 quis
1742 1856 1923 1910 similis
1956 1849 1998 1908 Β
2027 1873 2240 1926 sequens
2290 1867 2519 1913 statuat:
2552 1860 2639 1914 ubi
2693 1860 3116 1915 subaudiendum
3157 1871 3241 1918 est
3278 1841 3493 1932 corpus.
3517 1841 3520 1842 ν
3544 1865 3611 1920 In

335 1935 447 1987 tibi.
484 1934 623 1990 Cum
655 1936 723 1991 de
751 1939 1002 2007 operibus
1043 1941 1315 1997 hominum
1344 1945 1651 2014 loqueretur
1679 1946 1879 2001 insanis
1903 1990 1918 2014 ,

332 2036 458 2093 apte
486 2027 669 2081 intulit
698 2028 879 2083 divina
911 2032 1190 2086 miracula.
1232 2033 1362 2088 Nam
1395 2034 1483 2103 qui
1528 2035 1922 2092 inﬂammantur

331 2117 784 2171 Contendentibus
814 2119 1045 2188 aurigis,
1077 2123 1165 2192 qui
1209 2125 1552 2192 pantomimis
1597 2125 1920 2181 saltantibus

336 2207 658 2261 molliuntur
678 2250 694 2273 ,
725 2220 921 2278 quanto
949 2213 1142 2267 melius
1169 2215 1212 2268 si
1243 2216 1476 2284 cogitent
1504 2216 1696 2272 caelum
1728 2227 1782 2272 et
1812 2229 1920 2274 ter-

330 2311 444 2349 ram
478 2298 842 2365 pulcherrima
869 2301 1175 2358 diversitate
1205 2305 1426 2359 formata
1447 2347 1462 2371 ,
1493 2322 1612 2375 qua:
1641 2307 1837 2364 habent
1865 2319 1920 2365 et

327 2401 612 2459 aspectum
645 2392 897 2449 decorum
916 2436 932 2461 ,
967 2407 1019 2451 et
1049 2398 1534 2453 considerationem
1566 2402 1786 2454 omnino
1814 2406 1918 2456 mi-

326 2482 552 2537 rabilem
586 2486 601 2539 !
639 2484 913 2558 Sequitur,
943 2498 989 2542 et
1028 2490 1415 2562 cOgitationibus
1449 2492 1546 2546 tuis
1575 2508 1674 2546 non
1704 2504 1779 2549 est
1804 2496 1919 2565 quis

325 2576 513 2630 similis
558 2576 669 2630 tibi.
716 2577 901 2635 Adhuc
947 2579 1065 2634 illas
1110 2582 1516 2652 superstitiones
1554 2584 1740 2654 elidit,
1786 2602 1918 2655 quas

324 2667 426 2720 sibi
464 2668 715 2747 homines
752 2680 842 2723 aut
882 2671 946 2725 ad
995 2673 1305 2741 religionem
1348 2691 1655 2744 perversam
1698 2694 1917 2749 repere-

324 2766 482 2823 runt,
514 2746 613 2813 aut
640 2760 693 2815 in
722 2763 1044 2830 spectaculis
1075 2765 1410 2823 celebrandis
1450 2770 1580 2823 moti
1611 2746 1789 2839 aliqua
1822 2786 1913 2825 vo-

324 2848 531 2915 luptate
575 2849 863 2905 ﬁnxerunt.
907 2852 1011 2909 Sed
1056 2856 1291 2926 nunquid
1340 2858 1441 2913 tale
1483 2870 1565 2915 est
1596 2876 1689 2929 per
1734 2863 1912 2918 funem

321 2954 548 2994 Currere
594 2942 725 3009 pede
770 2958 1067 3012 suspenso,
1109 2948 1263 3016 quale
1307 2950 1521 3005 Petrum
1564 2959 1708 3023 terga
1751 2954 1913 3009 maris

324 3031 431 3085 ﬁxo
465 3034 671 3101 pressis
703 3050 733 3089 e
766 3038 1033 3106 νυειξςῑοῖ
1060 3038 1303 3109 Nunquid
1339 3041 1440 3095 tale
1467 3052 1547 3096 est
1578 3042 1754 3111 ignitis
1786 3043 1913 3098 faci-

320 3122 427 3178 bus
473 3124 526 3178 in
574 3125 783 3179 theatro
830 3128 1049 3195 ludere,
1084 3132 1240 3199 quale
1285 3131 1383 3185 fuit
1427 3134 1619 3187 camini
1665 3134 1907 3190 incendia

2025 1964 2123 2013 qua
2157 1948 2412 2002 voluntate
2440 1951 2743 2017 sanctiﬁcati
2772 1968 2947 2005 sumus
2978 1969 3066 2022 per
3095 1953 3398 2007 oblationem
3428 1971 3607 2024 corpo-

2024 2036 2095 2089 ris
2126 2033 2316 2090 Christi
2344 2037 2470 2089 Jesu
2510 2038 2663 2091 semel
2704 2039 2905 2110 (Hebr.
2936 2056 2964 2093 χ
2989 2080 3004 2106 ,
3036 2041 3102 2107 9,
3138 2040 3279 2111 10);
3323 2051 3377 2096 ει
3411 2052 3607 2100 cmtera

2024 2138 2139 2192 qua:
2188 2124 2254 2177 ad
2305 2140 2481 2179 causa:
2533 2125 2689 2195 hujus
2742 2128 3155 2196 pulcherrimam
3202 2129 3601 2187 distinctionem

2022 2218 2290 2286 pertinere
2316 2228 2626 2274 noscuntur.
2651 2221 2922 2289 Sequitur,
2947 2238 3129 2292 corpus
3153 2231 3319 2276 autem
3349 2226 3604 2295 perfecisti

2021 2305 2166 2361 mihi.
2215 2306 2312 2361 llic
2360 2317 2600 2362 sanctam
2649 2310 3073 2365 incarnationem
3118 2326 3268 2366 suam
3309 2315 3601 2369 secundum

2019 2397 2330 2465 Apostolum
2360 2399 2639 2455 evidenter
2668 2401 2940 2467 ostendit;
2986 2410 3045 2456 ut
3082 2419 3264 2472 corpus
3303 2405 3441 2472 quod
3481 2415 3605 2462 ante

2022 2486 2121 2539 fuit
2169 2503 2265 2557 per
2314 2490 2695 2544 sacriﬁciorum
2745 2491 3005 2559 imagines
3052 2493 3408 2559 promissum,
3456 2509 3600 2551 nunc

2017 2577 2157 2634 dicat
2204 2579 2438 2635 adventu
2490 2580 2707 2651 proprio
2756 2582 2919 2640 fuisse
2957 2582 3306 2651 completum.
3345 2583 3460 2638 Add
3485 2584 3600 2651 dit,

2016 2672 2316 2728 holocausta
2344 2676 2497 2727 etiam
2523 2693 2614 2744 pro
2638 2677 2825 2731 delicto
2853 2694 2953 2730 non
2977 2679 3260 2747 postulasti.
3289 2678 3340 2731 Η
3346 2681 3601 2735 olocausta

2014 2764 2267 2818 dicuntur
2300 2774 2414 2820 tota
2441 2766 2688 2834 incensa,
2721 2784 2839 2837 qua:
2870 2783 2965 2836 pro
2997 2769 3207 2823 delictis
3235 2772 3400 2824 sacris
3433 2772 3597 2841 impo‘

2016 2857 2277 2911 uebantur
2317 2858 2604 2924 altaribus,
2645 2868 2701 2914 et
2737 2870 2917 2929 postea
2958 2861 3079 2929 igne
3115 2864 3507 2929 cremabantur,
3540 2874 3598 2919 ut

2013 2952 2288 3008 devoratio
2314 2969 2499 3008 eorum
2533 2954 2684 3009 ﬁeret
2716 2956 2937 3009 abolitio
2968 2964 3327 3024 peccatorum.
3361 2958 3485 3012 llaec
3514 2958 3596 3012 di-

2013 3042 2085 3096 cit
2108 3043 2214 3109 jam
2243 3042 2524 3096 Dominum
2555 3059 2658 3096 non
2677 3044 2923 3110 petiisse;
2945 3045 3158 3107 merito,
3190 3047 3438 3114 quoniam
3469 3046 3595 3101 illud

2015 3148 2042 3184 a
2076 3133 2228 3187 nobis
2257 3134 2484 3202 expetit,
2515 3133 2655 3203 quod
2686 3135 2736 3188 in
2766 3134 3204 3204 quinquagesimo
3232 3135 3422 3203 legitur
3456 3138 3595 3203 psal-

318 3215 503 3270 tribus
532 3218 715 3286 pueris
745 3221 1084 3277 ambulasse?
1110 3222 1356 3293 Nunquid
1400 3226 1502 3281 tale
1536 3236 1621 3281 est
1665 3233 1902 3283 scen‘cas

2014 3238 2135 3277 mo:
2169 3222 2270 3277 Cor
2312 3224 2583 3277 contritum
2622 3232 2670 3278 et
2708 3214 3035 3277 humiliatzim
3085 3223 3222 3278 Deus
3267 3241 3367 3277 non
3403 3226 3594 3293 spernit

317 3307 510 3362 audire
553 3309 840 3377 tragoedias
863 3352 878 3377 ,
928 3313 1086 3381 quale
1130 3324 1214 3369 est
1244 3316 1292 3367 in
1322 3315 1502 3371 choris
1538 3318 1792 3373 Ecclesiae
1822 3334 1906 3373 sa-

319 3397 569 3453 lutiferas
598 3415 922 3470 cognoscere
956 3405 1321 3472 psalmodias?
1350 3406 1481 3463 Istas
1512 3424 1599 3464 res
1630 3412 1802 3479 potius
1831 3411 1906 3465 le-

317 3499 515 3557 gentes
543 3500 791 3559 spectare
823 3494 1077 3549 debemus
1096 3540 1111 3565 ,
1141 3513 1273 3567 quas
1300 3514 1397 3553 nec
1429 3499 1571 3555 fatue
1595 3500 1901 3573 quzerimus,

315 3586 369 3630 et
398 3581 646 3647 proﬁcue
674 3595 888 3651 semper
916 3584 1180 3641 audimus.
1212 3588 1445 3643 Dicendo
1476 3592 1615 3645 enim
1641 3631 1654 3655 ,
1694 3593 1807 3662 quis
1835 3594 1906 3647 si-

316 3672 457 3725 milis
488 3672 615 3738 tibi,
649 3674 905 3730 malarum
937 3693 1114 3734 rerum
1148 3679 1321 3750 arguit
1351 3681 1692 3754 inventores,
1725 3686 1812 3756 qui
1847 3700 1906 3743 se

316 3765 573 3832 nequiter
602 3765 890 3823 ell'erentes
911 3807 926 3834 ,
977 3769 1241 3827 fallacium
1288 3774 1478 3828 artium
1510 3786 1757 3832 auctores
1786 3791 1905 3833 eSse

313 3855 638 3922 gloriantur.
673 3856 939 3914 llactenus
968 3863 1281 3931 prmdicavit
1307 3874 1494 3920 sancta
1523 3876 1692 3922 mater
1723 3869 1905 3925 Eccle-

315 3949 395 4001 sia
427 3965 444 4001 :
484 3963 630 4003 nunc
668 3950 947 4006 audiamus
987 3954 1290 4023 loquentem
1337 3956 1622 4027 Dominum
1661 3960 1907 4016 Salvato-

315 4054 431 4091 rem
462 4055 477 4103 ;
510 4050 569 4093 ut
598 4041 741 4109 quod
790 4042 986 4097 dictum
1028 4054 1109 4098 est
1139 4062 1151 4097 :
1189 4045 1314 4112 Quis
1353 4048 1538 4103 similis
1579 4051 1707 4105 tibi?
1736 4053 1905 4108 mani.

314 4129 515 4184 festum
549 4131 707 4185 nobis
735 4132 1083 4203 subsequenti
1114 4137 1450 4203 expositione
1484 4138 1758 4194 reddatur.

393 4224 550 4279 Vers.
595 4225 649 4277 7.
693 4226 1003 4279 Annuntiavi
1039 4236 1087 4282 et
1126 4228 1324 4283 locutus
1374 4245 1535 4293 sum:
1574 4232 1902 4302 multiplicati

310 4328 433 4368 sunt
483 4332 636 4385 super
681 4334 965 4371 numerum.
1024 4317 1219 4374 Psalmi
1273 4321 1486 4391 quidem
1538 4329 1622 4377 est
1670 4326 1900 4380 secunda

312 4408 592 4470 narratio,
648 4408 738 4462 sed
798 4425 894 4477 per
948 4410 1167 4479 ﬁguram
1220 4412 1491 4482 cxallage,
1544 4430 1663 4483 qua:
1716 4415 1902 4472 Latine

311 4499 614 4568 appellatur
664 4500 977 4556 immutate.
1034 4502 1107 4556 Ex
1154 4518 1380 4572 persona
1428 4504 1635 4559 Domini
1679 4508 1900 4576 mystica

311 4591 475 4645 rurba
503 4590 876 4660 proferuntur,
906 4594 989 4647 ubi
1015 4595 1294 4649 adventum
1323 4611 1475 4650 suum
1514 4605 1568 4652 et
1617 4599 1728 4665 pias
1760 4615 1898 4668 prte-
1928 4583 1981 4643 D

313 4682 613 4739 dicationes
654 4688 897 4754 gentibus
937 4688 1248 4742 innotescit.
1293 4691 1608 4744 Annuntiare
1645 4700 1728 4745 est
1757 4694 1898 4749 enim

316 4786 534 4831 ventura
568 4777 863 4846 prmdicare
883 4819 898 4844 ,
930 4779 1072 4847 quod
1101 4778 1222 4833 fecit
1252 4795 1343 4833 ore
1370 4780 1768 4849 prophetatum.
1804 4784 1901 4839 Lo-

309 4880 458 4921 cutus
486 4886 597 4921 sum
619 4908 635 4933 ,
668 4869 717 4921 id
751 4878 869 4933 e4,
904 4885 1020 4923 cum
1054 4868 1193 4923 inter
1226 4884 1321 4922 nos
1353 4882 1697 4925 conversatus
1737 4889 1900 4927 evan-

309 4961 550 5028 gelizavit
578 5001 593 5023 ,
630 4960 842 5028 quando
873 4969 1266 5013 sacramentum
1301 4963 1468 5015 beata:
1514 4961 1896 5018 incarnationis

310 5049 617 5118 assumpsit.
644 5048 850 5102 Addidit
877 5091 891 5117 ,
922 5048 1254 5117 Multiplicati
1279 5060 1398 5103 sunt
1424 5067 1574 5120 super
1595 5067 1893 5115 numerum;

308 5140 515 5194 scilicet
554 5140 679 5206 quia
710 5154 873 5207 super
908 5139 1167 5194 calculum
1208 5138 1488 5193 beatorum
1536 5140 1892 5207 multiplicata

308 5242 392 5286 est
419 5232 573 5287 turba
607 5232 964 5299 peccantium.
1000 5232 1071 5286 De
1097 5247 1253 5301 quam
1286 5233 1491 5303 magnis
1517 5233 1655 5288 enim
1686 5233 1893 5303 popus’is

308 5339 463 5393 quam
498 5327 649 5394 pauci
688 5326 874 5380 ﬁdeles
904 5326 1067 5381 sunt!
1113 5326 1225 5379 Non
1258 5326 1522 5380 immerito
1545 5367 1562 5392 ,
1596 5326 1717 5394 quia
1764 5328 1889 5381 dum

309 5418 460 5471 multi
486 5417 671 5471 mundi
702 5415 860 5484 hujus
886 5416 1217 5469 vanitatibus
1240 5428 1587 5484 occupantur,
1618 5431 1767 5469 raros
1798 5431 1891 5485 po-

309 5506 437 5557 teris
465 5505 734 5559 veraciter
759 5506 997 5558 invenire
1024 5506 1316 5567 sapientes.
1344 5505 1407 5559 Et
1432 5505 1549 5559 vide
1573 5505 1713 5574 quod
1740 5506 1887 5570 dicit,

308 5610 463 5662 super
492 5609 804 5660 numerum;
833 5595 1074 5663 designat
1100 5596 1239 5647 enim
1282 5594 1406 5649 illos
1437 5603 1641 5648 tantum
1672 5594 1725 5649 in
1756 5595 1892 5649 libro

308 5684 599 5738 viventium
643 5693 995 5753 supputatos,
1048 5688 1135 5752 qui
1183 5686 1256 5741 illi
1300 5686 1594 5742 Jerusalem
1648 5700 1892 5757 superna:

311 5774 669 5839 pradestinati
704 5790 822 5830 esse
853 5782 1162 5830 noscuntur.

2010 3314 2195 3385 (Psal.
2226 3330 2286 3379 ι,
2319 3314 2445 3381 l9).
2493 3313 2655 3369 Vides
2696 3313 2985 3369 Ecclesiam‘
3036 3314 3298 3369 veraciter
3347 3314 3589 3370 dixisse:

2013 3405 2135 3470 Quis
2158 3404 2340 3458 similis
2371 3404 2502 3457 tibi?

2082 3544 2233 3601 Vers.
2261 3545 2311 3599 9.
2342 3543 2486 3597 Tunc
2513 3544 2621 3597 dixi
2643 3559 2662 3598 :
2692 3541 2824 3598 Ecce
2850 3545 3027 3600 venio:
3057 3546 3107 3599 in
3134 3546 3295 3618 capite
3324 3545 3439 3600 libri
3467 3549 3591 3600 scri-

2006 3640 2148 3705 ptum
2174 3643 2247 3690 est
2279 3635 2342 3689 de
2369 3650 2467 3689 me.
2499 3631 2630 3689 Ecce
2655 3678 2669 3702 ,
2702 3637 2883 3690 statim
2915 3637 3033 3705 sign
3058 3638 3181 3690 ﬁcat
3201 3678 3215 3701 ,
3258 3636 3583 3691 celeritatem

2008 3726 2358 3796 promittens,
2403 3726 2739 3781 velocitatem
2780 3728 2955 3781 modis
2992 3727 3239 3781 omnibus
3283 3726 3583 3794 pollicetur.

2008 3815 2077 3870 Et
2112 3823 2202 3879 tu,
2242 3814 2462 3881 Judaee,
2502 3828 2625 3868 cum
2675 3815 2883 3883 propria
2919 3815 3178 3869 sacriﬁcia
3221 3831 3324 3869 non
3359 3817 3587 3881 habeas,

2006 3920 2167 3975 quem
2199 3906 2454 3974 deceptus
2496 3905 2820 3975 exspectas?
2858 3904 2951 3959 Ille
2989 3905 3099 3974 jam
3136 3906 3315 3970 venit,
3358 3906 3448 3960 ille
3480 3908 3587 3973 jam

2007 3997 2237 4053 Verbum
2267 4009 2395 4049 caro
2421 3994 2619 4049 factum
2648 4002 2731 4050 est
2751 4037 2764 4061 ,
2797 3995 2887 4049 ille
2919 3996 3175 4049 mundum
3206 3994 3421 4050 salutari
3452 4012 3587 4065 prte-

2004 4087 2273 4144 dicatione
2317 4084 2627 4154 complevit.
2678 4085 2783 4140 Sed
2833 4092 2889 4137 tu
2931 4084 3102 4139 adhuc
3144 4085 3325 4139 nescio
3363 4085 3487 4154 quid
3528 4086 3580 4139 in

2005 4178 2109 4233 tuis
2134 4176 2399 4231 cubilibus
2427 4173 2734 4228 smnniaris.
2764 4173 2897 4238 Quid
2928 4174 3078 4244 137
3102 4174 3324 4228 ulterius
3352 4176 3585 4244 qumrisi

2004 4266 2141 4334 Quid
2177 4275 2392 4332 stupore
2425 4262 2713 4333 detigeris?
2745 4263 2796 4315 In
2829 4262 2966 4316 libro
2998 4264 3097 4316 isto
3137 4262 3489 4330 psalmorum,
3531 4267 3583 4319 in

2002 4359 2165 4429 capite
2192 4357 2258 4412 de
2286 4370 2345 4412 se
2379 4357 2512 4411 dicit
2537 4370 2658 4410 esse
2687 4356 3056 4425 conscriptum
3084 4396 3100 4421 ,
3144 4367 3195 4409 ut
3235 4357 3457 4414 credere
3484 4358 3581 4414 de-

2011 4450 2138 4502 beas
2165 4448 2276 4517 jam
2310 4448 2524 4502 venisse
2556 4446 2766 4501 beatum
2799 4447 3225 4515 nostrum,cujus
3255 4447 3417 4502 vitam
3451 4449 3574 4519 (sic-

2004 4551 2061 4597 ut
2106 4542 2215 4613 jam
2244 4539 2490 4611 contigit)
2534 4547 2744 4594 constat
2770 4541 3087 4608 expositam.
3123 4540 3219 4594 Ubi
3249 4552 3372 4595 sunt
3400 4544 3487 4610 qui
3518 4557 3578 4597 se

2006 4635 2219 4700 vident,
2249 4634 2386 4688 sicut
2416 4632 2501 4686 hic
2528 4633 2845 4700 promissum
2878 4641 2958 4685 est
2981 4671 2996 4697 ,
3037 4632 3297 4687 sacriﬁcia
3336 4649 3439 4687 non
3482 4635 3573 4687 ha-

2003 4724 2164 4779 bere:
2198 4731 2252 4776 et
2282 4732 2532 4790 tanquam
2564 4720 2885 4774 sententiam
2923 4720 3077 4774 istam
3111 4721 3162 4773 in
3198 4721 3466 4775 codicibus
3496 4739 3581 4777 sa-

2000 4815 2106 4869 cris
2136 4827 2240 4867 non
2274 4810 2530 4875 habeant,
2572 4812 2649 4864 sic
2677 4809 2959 4876 stupefacti
3001 4811 3068 4865 ad
3107 4810 3347 4880 objcexos
3375 4827 3579 4867 sermo-

2005 4925 2100 4964 nes
2131 4905 2475 4977 probabiliter
2504 4904 2916 4959 obmutescunt?

2072 5047 2224 5102 Vers.
2265 5046 2348 5099 l0.
2385 5044 2450 5100 Ut
2490 5046 2671 5115 faciam
2710 5044 3018 5097 voluntatem
3045 5053 3215 5107 tuam,
3254 5044 3389 5099 Deus
3415 5061 3577 5112 meus,

2004 5138 2140 5193 volui
2170 5153 2186 5189 :
2218 5146 2265 5191 et
2287 5138 2445 5207 legem
2474 5146 2614 5189 tuam
2649 5136 2699 5188 in
2730 5136 2893 5187 medio
2924 5135 3090 5187 cordis
3122 5136 3237 5191 mei.
3266 5135 3382 5189 Filii
3413 5137 3573 5189 verba

2000 5230 2300 5299 diriguntur
2338 5228 2402 5282 ad
2436 5228 2643 5282 Patrem
2678 5243 2692 5291 ;
2726 5226 3047 5281 desideravit
3072 5226 3214 5281 enim
3247 5230 3359 5295 ejus
3407 5228 3576 5296 facere

1999 5320 2312 5375 voluntatem
2331 5359 2347 5386 ,
2387 5320 2476 5389 qui
2503 5335 2601 5371 non
2630 5318 2749 5370 abiit
2786 5318 2840 5370 in
2880 5318 3090 5371 coiisilio
3119 5319 3418 5386 impiorum,
3447 5328 3496 5371 et
3519 5318 3573 5373 in

1990 5411 2073 5463 via
2123 5416 2446 5480 peccatorum
2497 5425 2595 5461 non
2645 5409 2811 5472 stetit,
2859 5416 2906 5463 et
2934 5410 2984 5460 in
3012 5409 3250 5460 cathedra
3279 5409 3573 5476 pestilentia

1993 5515 2095 5553 non
2124 5499 2252 5552 sedit
2285 5496 2462 5568 (Psal.
2490 5513 2525 5564 ι,
2550 5500 2571 5551 l
2594 5538 2609 5562 ,
2631 5497 2713 5567 2).
2745 5497 2873 5551 Nam
2904 5497 3042 5568 quod
3072 5496 3237 5560 dixit.
3267 5497 3441 5571 uolui,
3466 5497 3572 5552 vir-

1995 5600 2162 5643 tutem
2178 5586 2527 5656 praescientiac
2543 5587 2836 5642 declaravit
2856 5603 2869 5652 ;
2888 5596 2944 5641 ut
2973 5589 3173 5642 diceret
3206 5589 3529 5657 prateritum
3548 5628 3567 5655 ,

1976 5660 2137 5749 quod
2175 5680 2457 5732 constabat
2494 5694 2618 5733 esse
2656 5690 2967 5735 venturum.
3011 5678 3253 5735 Manebat
3295 5680 3453 5735 etiam
3489 5684 3571 5734 tes

2001 5770 2181 5826 divina
2210 5771 2263 5824 in
2304 5770 2466 5825 medio
2506 5770 2675 5825 cordis
2708 5770 2909 5839 ipsius,
2960 5771 3085 5827 dum
3127 5772 3177 5825 in
3218 5770 3326 5839 lege
3366 5768 3569 5826 Domini
