3982 6184
406 360 499 419 ἳ91

1683 342 1750 399 Μ.
1796 335 2076 397 AURELII
2112 332 2518 392 CASSIODORI

3590 319 3696 378 292

409 483 508 552 fuit
544 479 779 533 voluntas
801 474 915 546 ejus
934 518 948 543 ,
981 483 1026 527 et
1054 473 1110 526 in
1138 470 1248 541 lege
1276 472 1390 539 ejus
1418 464 1693 520 meditatus
1722 470 1796 517 est
1826 460 1909 514 die
1937 474 1998 511 ac
2030 460 2084 521 Α
2109 455 2311 511 riturus
2337 470 2351 519 ;
2383 452 2521 509 sicut
2550 457 2603 506 et
2633 446 2757 505 alibi
2787 446 2968 552 dicit
2995 442 3135 552 Deus
3176 456 3365 552 incus,a
3400 439 3600 552 respice
3638 438 3698 493 in

408 581 558 628 nocte
589 570 768 641 (Psal.
792 585 808 624 ι
830 614 845 634 ,
872 566 907 619 2
921 566 960 635 ).

2102 568 2184 605 me
2203 596 2217 618 ,
2246 565 2405 619 quare
2434 565 2512 603 me
2540 545 2853 615 dereliquisti
2887 541 3074 614 (Psal.
3103 552 3192 594 xxt
3211 580 3226 607 ,
3248 535 3365 607 2)?
3395 533 3698 587 Misericor-

955 655 1183 711 nuntiaoi
1225 652 1486 725 justitiam
1517 659 1657 704 tuam
1685 646 1739 700 in
1767 643 2001 699 Ecclesia
2099 646 2191 698 dia
2216 644 2359 700 enim
2388 642 2485 697 fuit
2503 681 2518 708 ,
2546 651 2604 697 ut
2635 641 2926 695 humanam
2954 644 3197 691 naturam
3231 623 3693 725 praevaricationis

404 773 597 829 magna
618 772 637 809 :
664 768 776 809 ecce
803 751 940 806 labia
963 766 1076 804 mea
1103 765 1204 803 non
1230 745 1525 817 prohibebo,
1557 741 1799 805 Domine,
1829 746 1885 791 tu
1909 753 1998 790 co-

410 826 646 921 gnovisti.
677 846 814 900 Bene
842 843 1090 899 nuntiauit
1110 840 1369 911 justitiam
1398 832 1639 899 Domini,
1671 828 1883 902 quando
1914 826 2001 883 di-

411 919 555 996 ctum
583 952 663 994 est
689 956 701 991 :
734 937 859 993 Non
887 938 961 991 sic
989 933 1166 1003 impii,
1194 946 1298 986 non
1324 929 1420 997 sic,
1450 928 1539 982 sed
1566 935 1808 994 tanquam
1838 919 2003 990 pulvis

410 1047 558 1102 quem
588 1028 793 1102 projicit
827 1035 1007 1082 uentus
1036 1043 1067 1079 a
1098 1025 1228 1094 facie
1255 1034 1403 1076 terra:
1444 1018 1649 1090 (Ibid.,
1678 1015 1713 1069 4
1735 1014 1773 1085 ).
1808 1012 1873 1067 1η
1902 1010 2006 1067 Ec—

412 1124 570 1177 clesia
599 1138 786 1191 magna
805 1162 821 1186 ,
856 1120 996 1173 sicut
1023 1132 1168 1187 saepe
1199 1115 1431 1170 diximus
1451 1157 1467 1183 ,
1497 1112 1814 1167 catholicam
1842 1107 2003 1173 dicit,

413 1229 533 1285 quae
572 1221 687 1267 toto
726 1211 857 1265 orbe
891 1209 1083 1264 ditiusa
1121 1215 1245 1262 est:
1289 1206 1356 1261 de
1393 1219 1500 1275 qua
1538 1203 1610 1258 ibi
1648 1202 1848 1257 dictum
1889 1206 2003 1266 est,

415 1304 554 1374 quod
596 1305 816 1373 fructum
844 1316 996 1355 suum
1024 1299 1163 1353 dabit
1199 1298 1255 1351 in
1297 1307 1525 1364 tempore
1552 1309 1645 1346 suo
1675 1290 1879 1363 (Ibid.,
1910 1289 1944 1344 5
1964 1289 2003 1357 ).

414 1394 688 1464 Sequitur,
721 1408 835 1463 ecce
864 1391 1005 1445 labia
1035 1407 1150 1443 mea
1179 1406 1281 1443 non
1310 1386 1584 1458 prohibebo
1604 1424 1621 1450 ,
1655 1382 1874 1437 Domine
1893 1422 1909 1446 ,
1952 1389 2010 1434 tu

415 1490 715 1564 cognovisti.
758 1488 1015 1558 Loquitur
1057 1502 1154 1557 per
1190 1486 1244 1540 id
1286 1484 1428 1554 quod
1468 1482 1579 1537 Deo
1618 1478 1890 1547 subjectus
1927 1483 2013 1531 est

419 1582 606 1635 Filius.
656 1579 788 1635 Nam
828 1578 1075 1649 quamvis
1113 1578 1252 1631 inter
1299 1574 1600 1631 obstinatos
1647 1570 2011 1641 periculosum

417 1672 581 1727 fuerit
639 1671 936 1741 praedicare
992 1670 1322 1733 veritatem,
1382 1666 1521 1721 dum
1566 1671 1799 1719 mortem
1859 1676 2011 1716 suam

421 1766 620 1821 exinde
653 1771 907 1819 nosceret
934 1778 1056 1818 esse
1082 1769 1364 1815 venturam
1389 1801 1405 1827 ,
1438 1767 1617 1814 tamen
1661 1772 1767 1812 non
1810 1754 2016 1812 destitit

2101 736 2233 791 vitio
2254 733 2549 790 sauciatam
2577 739 2760 787 sancta
2787 728 3156 784 incarnatione
3178 722 3431 778 salvaret.
3464 717 3691 781 Veritas,

2104 836 2163 883 ut
2190 823 2606 883 resurrectionis
2634 822 2914 893 promissa:
2937 816 3198 875 beneficio
3228 811 3444 869 sederet
3466 809 3535 864 ad
3562 808 3697 863 dex-

2105 929 2274 975 teram
2304 918 2476 973 Patris
2495 957 2510 983 ,
2555 915 2680 972 inde
2720 921 2981 970 venturus
3014 909 3261 979 judicare
3289 905 3442 960 vivos
3473 909 3529 957 et
3557 915 3703 956 mor-

2106 1020 2245 1067 tuos.
2280 1010 2629 1081 Susceperunt
2670 1024 2782 1073 me,
2826 1006 2880 1062 id
2919 1013 3003 1062 est
3041 1000 3443 1073 gloriﬁcandum
3483 1008 3709 1064 recepe-

2107 1110 2250 1158 runt.
2283 1102 2404 1157 Illos
2431 1102 2574 1157 enim
2604 1099 2656 1154 in
2688 1099 2885 1154 bonam
2914 1104 3118 1167 partem
3141 1092 3420 1161 suscipere
3446 1088 3703 1153 dicimur,

2108 1209 2246 1266 quos
2278 1203 2477 1250 nostra:
2507 1192 2690 1263 gratiae
2723 1190 3040 1263 profitemur
3068 1194 3342 1254 acceptos.

2183 1288 2336 1344 Vers.
2381 1288 2468 1342 15.
2501 1287 2758 1352 Quoniam
2790 1283 3238 1339 circumdederunt
3266 1294 3349 1334 me
3376 1278 3518 1332 mala
3537 1317 3551 1343 ,
3582 1290 3715 1346 quo-

2110 1396 2227 1434 rum
2256 1395 2357 1433 non
2386 1389 2459 1434 est
2489 1394 2733 1432 numerus
2760 1392 2777 1432 :
2811 1374 3305 1446 comprehenderunt
3348 1386 3426 1424 me
3464 1369 3718 1437 iniquita-

2112 1482 2187 1527 tes
2226 1487 2371 1527 meae.
2415 1471 2528 1526 Hoc
2577 1485 2609 1524 a
2653 1468 2912 1524 membris
2959 1466 3074 1523 suis
3122 1464 3285 1529 dicit,
3333 1476 3559 1532 quorum
3601 1461 3719 1530 ipse

2114 1572 2272 1635 caput
2317 1571 2401 1619 est
2452 1562 2727 1625 Christus;
2783 1569 2838 1615 ut
2884 1572 2945 1614 se
2992 1558 3098 1628 pati
3151 1554 3515 1625 proﬁteretur,
3568 1550 3716 1621 quod

2118 1657 2275 1712 turba
2321 1655 2557 1711 lidelium
2607 1652 2942 1717 sustinebat;
2987 1650 3129 1705 sicut
3166 1655 3251 1704 est
3295 1644 3466 1701 illud:
3518 1642 3717 1708 Saule,

2119 1748 2283 1805 Saule
2303 1789 2317 1813 ,
2361 1746 2486 1812 quid
2530 1761 2609 1799 me
2656 1743 2972 1815 persequeris
3005 1742 3157 1813 (Act.
3190 1754 3274 1805 rx,
3301 1736 3413 1809 Διγὲ
3440 1734 3719 1805 Sequitur,

422 1858 715 1911 admonere
755 1856 1007 1926 populum
1051 1852 1381 1923 perﬁdut‘um
1428 1849 1659 1906 dicendo
1692 1866 1706 1902 :
1755 1847 2014 1915 Quoniam
2046 1844 2089 1905 Β
2118 1855 2335 1909 quorum
2360 1853 2463 1891 non
2483 1845 2555 1891 est
2578 1851 2849 1900 numerus,
2872 1832 3081 1888 scilicet
3105 1830 3247 1902 apud
3276 1828 3561 1890 homines;
3591 1839 3722 1926 nam

422 1951 558 2004 norit
589 1948 843 2003 Dominus
871 1949 1007 2001 viam
1060 1951 1346 2013 iustorum,
1384 1954 1433 1999 et
1472 1946 1571 1999 iter
1604 1942 1878 2011 impiorum
1908 1955 2023 2011 per-

423 2043 513 2096 ibit
559 2040 763 2112 (lbid.,
798 2039 902 2110 6).
954 2039 1011 2095 ln
1052 2053 1154 2109 qua
1189 2046 1338 2108 parte
1368 2037 1582 2093 Patrem
1617 2035 1807 2091 habuit
1832 2042 2023 2090 testem

428 2149 591 2203 quem
626 2134 874 2200 invocat,
906 2133 1029 2202 quia
1074 2132 1220 2185 nulla
1264 2131 1504 2200 pericula
1554 2129 1766 2195 timuit,
1810 2126 2027 2197 quando

432 2224 638 2280 carnali
668 2223 869 2294 populo
891 2222 1192 2290 Spiritualia
1223 2221 1359 2276 bona
1389 2220 1722 2291 praedicavit.
1752 2218 1846 2275 Sic
1868 2217 2026 2288 primi

431 2322 621 2393 psalmi
649 2321 968 2377 verissimus
993 2327 1206 2385 textus,
1234 2334 1375 2373 nunc
1401 2318 1565 2374 etiam
1592 2316 1857 2370 dominica
1882 2328 2028 2369 corn-

432 2415 829 2469 memoratione
856 2412 1070 2465 videtur
1103 2425 1224 2466 esse
1256 2410 1535 2479 repetitus.

506 2505 659 2560 Vers.
685 2506 773 2559 12.
798 2504 1064 2558 Justitiam
1088 2512 1225 2556 tuam
1249 2519 1349 2557 non
1370 2501 1613 2556 abscondi
1636 2501 1688 2554 in
1710 2500 1861 2554 corde
1885 2515 2028 2553 meo:

441 2597 706 2651 veritatem
737 2604 878 2649 luant
918 2606 965 2649 et
993 2594 1221 2649 salutare
1250 2604 1395 2648 tuum
1444 2594 1573 2648 dixi.
1614 2591 1752 2647 Justi
1784 2592 2030 2645 voluntas

437 2698 520 2744 est
540 2729 556 2755 ,
588 2688 801 2758 quando
834 2695 1012 2758 potest
1043 2687 1299 2755 prodesse
1320 2729 1334 2750 ,
1369 2700 1473 2740 non
1517 2686 1847 2740 abscondere
1886 2682 2028 2737 veri-

438 2757 648 2845 tatem;
679 2778 825 2851 quod
860 2757 1142 2834 Dominum
1174 2778 1508 2834 Salvatorem
1549 2777 1742 2832 fecisse
1779 2791 1886 2831 non
1927 2774 2031 2830 du-

443 2872 591 2926 bium
631 2880 749 2940 est,
782 2871 997 2941 quando
1039 2870 1222 2925 turbas
1262 2870 1552 2941 arguebat,
1599 2868 1913 2939 increpabat
1950 2868 2033 2923 in-

441 2962 727 3029 credulos,
779 2973 835 3017 et
883 2963 1052 3017 multa
1092 2960 1468 3033 hujuscemodi
1510 2959 1831 3029 prmdicabat
1857 3000 1873 3027 ,
1913 2974 2033 3029 qua:

441 3054 719 3124 Evangelii
752 3063 932 3109 textus
963 3053 1255 3123 eloquitur.
1286 3051 1408 3106 Fuit
1440 3062 1615 3106 tamen
1656 3058 1868 3120 tempus
1910 3063 2035 3104 cum

440 3147 494 3202 in
526 3146 773 3215 paSsionc
800 3147 1001 3210 tacuit,
1032 3145 1169 3199 sicut
1196 3143 1455 3213 scriptum
1484 3151 1604 3197 est:
1636 3143 1700 3195 At
1726 3141 1877 3197 Iesus
1902 3142 2037 3196 nihil

2124 1930 2303 1987 omnia
2351 1929 2466 1984 Deo
2509 1928 2847 1982 dinumerata
2888 1932 3050 1992 sunt,
3094 1922 3188 1993 qui
3218 1933 3436 1974 arenam
3468 1915 3637 1993 maris
3666 1924 3725 1969 et

2127 2032 2308 2094 guttas
2339 2021 2643 2091 pluviarum
2664 2059 2680 2085 ,
2724 2018 3108 2088 stellarumque
3138 2010 3532 2069 multitudinem
3571 2023 3727 2064 com-

2133 2114 2387 2186 plexabili
2417 2114 2717 2184 quantitate
2754 2113 3054 2182 cognoscit.
3102 2107 3355 2173 Addidit,
3387 2106 3728 2178 comprehen-

2127 2209 2314 2263 derunt
2363 2222 2442 2260 me
2484 2205 2781 2277 iniquitates
2819 2218 2965 2256 meae.
3013 2201 3216 2256 Eodem
3260 2199 3420 2254 modo
3461 2195 3726 2267 loquitur,

2128 2317 2235 2372 quo
2261 2300 2509 2370 superius
2539 2298 2675 2354 dixit
2705 2316 2717 2350 :
2752 2295 3210 2352 Circumdederunt
3243 2309 3322 2347 me
3348 2291 3508 2345 mala.
3538 2288 3731 2344 Domi-

2130 2408 2230 2447 nus
2260 2392 2403 2446 cnim
2433 2390 2683 2446 Salvator
2715 2404 2813 2444 nec
2846 2388 2985 2443 mala
3020 2384 3366 2456 perpetravit,
3387 2397 3487 2439 nec
3527 2381 3733 2453 iniqui-

2132 2487 2329 2541 tatibus
2371 2485 2585 2556 patuit:
2629 2482 2724 2540 scd
2769 2484 2870 2538 hoc
2910 2498 2941 2537 a
2988 2492 3137 2551 parte
3181 2479 3548 2535 membrorum
3593 2488 3731 2547 apte

2131 2582 2346 2648 dicitur,
2400 2595 2432 2636 a
2478 2579 2672 2649 quibus
2720 2577 2845 2632 talia
2896 2576 3252 2631 sustinentur.
3306 2572 3529 2628 Pietatis
3578 2570 3733 2627 enim

2132 2675 2302 2729 nostri
2332 2674 2523 2744 capitis
2555 2673 2684 2737 fuit,
2715 2680 2771 2726 ut
2801 2670 2891 2741 qui
2918 2670 2987 2724 de
3017 2684 3076 2724 se
3103 2667 3271 2723 multa
3301 2666 3548 2731 dixerat,
3574 2678 3735 2719 com-

2134 2768 2580 2823 memorationem
2612 2778 2825 2836 quoque
2873 2762 3107 2817 ﬁdelium
3155 2761 3335 2815 facere
3371 2758 3687 2829 dignaretur
3712 2772 3733 2810 :

2136 2846 2203 2915 ne
2246 2874 2305 2914 se
2352 2866 2718 2927 sequestratos
2764 2864 3048 2927 putarent,
3095 2868 3216 2908 cum
3260 2852 3562 2922 praeteritos
3601 2863 3737 2906 esse

2136 2956 2542 3022 cognoscerent.
2832 2931 2863 2943 ’

2215 3044 2368 3099 Vers.
2395 3044 2481 3097 16.
2511 3039 2577 3094 Et
2606 3057 2706 3094 non
2734 3040 2879 3111 potui
2899 3049 2953 3094 ut
2974 3038 3195 3092 viderem
3217 3054 3237 3093 :
3258 3036 3582 3110 multiplicati
3606 3046 3739 3094 sunt

2142 3151 2294 3208 super
2323 3134 2538 3207 capillos
2571 3133 2752 3204 capitis
2778 3133 2910 3200 mei,
2938 3140 2987 3186 et
3016 3147 3104 3186 cor
3133 3147 3301 3201 meum
3329 3131 3599 3201 dereliquit
3630 3147 3739 3187 me.

441 3211 709 3303 respondit
738 3237 783 3287 ei
802 3252 819 3298 ;
853 3235 1051 3304 quippe
1078 3233 1162 3289 cui
1196 3211 1417 3289 Pontius
1441 3233 1646 3288 Pilatus
1696 3233 1873 3289 dixit:
1907 3232 2039 3289 Mihi
2069 3228 2114 3291 C
2149 3231 2262 3287 Hoc
2291 3230 2514 3285 omnino
2545 3228 2609 3283 ad
2640 3226 2882 3281 membra
2924 3225 3264 3282 referendum
3306 3232 3391 3280 est
3419 3242 3433 3290 ;
3473 3211 3743 3281 cieterum

441 3343 547 3380 non
596 3326 819 3397 loqueris
858 3325 1055 3398 (Joan.
1108 3342 1221 3394 xix,
1283 3326 1350 3390 9,
1390 3327 1538 3398 10)?
1591 3326 1867 3382 Veritatem
1912 3328 2044 3381 dixit

442 3419 662 3489 quando
718 3418 1123 3488 pronuntiavit:
1158 3418 1267 3490 Ego
1297 3436 1410 3474 sunt
1450 3420 1566 3487 via,
1601 3420 1813 3486 veritas,
1851 3427 1899 3474 et
1941 3420 2046 3473 vita

445 3508 642 3579 (Joan.
675 3524 783 3576 xlv,
820 3508 913 3581 6).
981 3509 1241 3565 Salutaris
1264 3520 1443 3566 autem
1490 3510 1732 3565 Christus
1783 3510 1922 3565 beati
1961 3508 2046 3564 Si-

449 3600 658 3654 meonis
680 3599 1025 3656 Confessione
1047 3600 1366 3662 declaratur.
1392 3601 1482 3671 qui
1504 3601 1717 3671 quando
1743 3615 1864 3655 eum
1888 3600 2042 3667 vidit,

444 3690 580 3743 dixit
605 3705 618 3742 :
650 3687 808 3743 Nunc
834 3688 1047 3742 dimittis
1100 3706 1299 3744 servum
1326 3700 1464 3743 tuum
1494 3691 1544 3743 in
1569 3706 1729 3761 pace:
1758 3691 1878 3758 quia
1906 3691 2049 3744 vide-

446 3791 571 3835 runt
609 3782 743 3835 oculi
785 3782 885 3836 mei
924 3781 1151 3835 salutare
1189 3790 1363 3848 tuum,
1405 3782 1543 3853 quod
1588 3783 1784 3849 parasti
1832 3789 1951 3835 ante
1971 3781 2048 3853 {a-

444 3871 575 3924 ciem
605 3873 833 3925 omnium
856 3871 1333 3942 papulorum(Luc.
1360 3887 1395 3926 ιι
1458 3872 1575 3941 29),
1606 3884 1661 3927 et
1690 3873 1916 3944 reliqua.

526 3962 679 4016 Vcrs.
724 3962 810 4016 15.
856 3962 975 4017 Non
1003 3964 1164 4017 celavi
1196 3964 1603 4018 misericordiam
1633 3972 1806 4030 tuam,
1837 3975 1885 4019 et
1911 3965 2045 4019 veri-

456 4063 608 4108 tatem
634 4065 775 4109 tuam
802 4055 855 4108 in
887 4055 1165 4126 Synagoga
1191 4056 1379 4110 multa.
1410 4054 1601 4109 Adhuc
1632 4055 1684 4109 in
1715 4056 2048 4125 exponendis

452 4147 566 4200 suis
605 4148 854 4217 operibus
893 4157 1223 4217 perseverat.
1267 4147 1391 4203 Non
1428 4148 1609 4205 celavit
1646 4149 2047 4205 misericordiam

455 4237 626 4292 l‘atris
646 4279 662 4300 ,
693 4240 907 4308 quando
937 4239 1074 4293 dixit
1105 4257 1117 4291 :
1152 4238 1214 4294 Si
1253 4256 1359 4305 vos,
1405 4257 1521 4295 cum
1543 4242 1656 4295 sitis
1695 4242 1854 4307 mali,
1885 4241 2045 4295 nostis

443 4326 587 4379 bona
613 4328 732 4380 data
757 4328 882 4380 dare
908 4328 1029 4395 ﬁliis
1055 4329 1254 4395 vestris,
1300 4339 1492 4399 quanto
1518 4331 1681 4399 magis
1704 4329 1864 4385 Pater
1887 4339 2049 4385 vester

447 4421 667 4472 ctelestis
695 4419 831 4471 dabit
860 4419 993 4471 bona
1018 4419 1298 4489 petentibus
1323 4437 1376 4474 se
1404 4420 1553 4488 (Luc.
1577 4437 1665 4490 xl,
1695 4422 1810 4493 l5)!
1850 4421 2049 4477 Verita-

450 4518 554 4560 lem
583 4523 794 4576 quoque
822 4508 992 4562 dixit:
1025 4510 1078 4562 in
1118 4509 1399 4581 Synagoga
1439 4513 1629 4581 multa,
1675 4514 1727 4568 id
1757 4522 1842 4569 est
1870 4513 1922 4567 in
1951 4529 2046 4585 po-

2146 3324 2200 3377 in
2246 3322 2475 3378 Domino
2515 3320 2733 3376 Christo
2775 3328 3049 3389 nequeunt
3089 3318 3214 3372 talia
3254 3318 3562 3373 convenire.
3609 3315 3746 3371 Non

2147 3416 2292 3486 potui
2323 3424 2378 3469 ut
2407 3415 2626 3469 viderem
2650 3454 2666 3480 ,
2708 3413 2762 3467 id
2790 3420 2907 3478 est,
2940 3410 3395 3467 circumdantibus
3426 3426 3512 3467 me
3541 3410 3747 3479 iniqui-

2149 3507 2349 3562 tatibus
2378 3506 2514 3561 meis
2536 3548 2552 3573 ,
2586 3503 2729 3576 quod
2759 3506 3022 3559 veraciter
3063 3512 3239 3573 potest
3284 3502 3455 3558 ﬁdelis
3497 3500 3743 3559 edicere.

2156 3600 2223 3654 Et
2252 3599 2498 3668 quamvis
2525 3599 2579 3654 in
2613 3598 2833 3651 homine
2885 3596 3061 3666 capilli
3113 3595 3292 3665 capitis
3324 3594 3606 3649 vidcantur
3656 3594 3747 3649 in-

2150 3691 2401 3757 numeri,
2435 3700 2616 3745 tamen
2652 3698 2868 3759 peccata
2902 3704 3090 3744 eorum
3132 3689 3397 3763 calculum
3441 3689 3747 3757 probantur

2148 3782 2431 3837 excedere.
2482 3782 2591 3836 Nec
2618 3782 2814 3837 frustra
2846 3782 2898 3835 in
2928 3782 3387 3850 compirationem
3418 3782 3747 3837 delictorum

2147 3874 2326 3942 capilli
2355 3874 2567 3929 deducti
2612 3882 2758 3929 sunt.
2802 3873 2936 3928 Nam
2969 3875 3021 3928 in
3055 3874 3238 3928 Veteri
3266 3874 3615 3929 Testamento
3652 3888 3746 3929 sa-

2148 3969 2395 4024 cerdotes
2423 3969 2536 4045 ipsa
2567 3967 2916 4023 similitudine
2945 3967 3307 4033 radebantur;
3342 3975 3401 4021 ut
3429 3966 3519 4020 tali
3546 3981 3745 4021 emun-

2150 4060 2367 4115 datione
2408 4058 2619 4129 purgati
2659 4059 2840 4112 carnis
2883 4058 3010 4112 vitia
3048 4058 3362 4125 deposuisse
3402 4056 3742 4113 viderentur.

2150 4149 2251 4207 Cor
2299 4166 2426 4206 vero
2471 4156 2570 4205 nos
2615 4149 2958 4222 derelinquit,
3005 4151 3218 4221 quando
3261 4149 3490 4220 peccatis
3534 4165 3743 4223 aegrum

2152 4242 2423 4313 profutura
2448 4256 2555 4297 non
2585 4241 2808 4311 appetit.

2226 4333 2377 4388 Vcrs.
2416 4333 2506 4387 17.
2536 4328 2858 4402 Complaceat
2889 4330 2999 4397 tibi,
3031 4329 3267 4397 Domine,
3297 4342 3353 4385 ut
3378 4329 3561 4402 eripias
3595 4330 3741 4401 [ms.

2152 4423 2243 4493 G.,
2265 4422 2455 4497 eruas]
2486 4442 2563 4480 me
2591 4440 2612 4480 :
2642 4406 2859 4479 Domine
2880 4465 2895 4492 ,
2923 4425 2979 4478 in
3018 4422 3273 4478 auxilium
3316 4440 3484 4477 meum
3524 4426 3741 4496 respice.

2154 4521 2282 4575 Post
2326 4519 2763 4575 enumerationes
2813 4517 3164 4588 praemissas,
3204 4517 3353 4571 venit
3390 4517 3457 4570 ad
3497 4516 3744 4573 saluber-

456 4597 702 4667 pulorum
732 4599 1143 4667 congregatione
1168 4600 1483 4655 densissima
1504 4641 1521 4669 ,
1552 4602 1771 4671 quando
1801 4603 1952 4659 Isaia:
1981 4605 2045 4660 li-
2074 4606 2125 4667 D
2150 4613 2337 4669 rimam
2365 4612 2799 4675 conclusionem,
2844 4610 2987 4665 unde
3029 4609 3209 4664 omnis
3253 4609 3595 4679 impugnarur
3636 4608 3762 4670 ad,

453 4688 611 4741 hrum
640 4688 770 4760 legit
795 4699 1069 4759 acceptum
1089 4733 1104 4758 ,
1135 4699 1191 4747 et
1215 4690 1385 4747 dixit:
1413 4692 1585 4748 Hodie
1609 4694 1817 4766 impleta
1841 4705 1913 4751 est
1937 4696 2048 4751 hate

452 4779 717 4848 scriptura
744 4782 797 4834 in
827 4782 1035 4837 auribus
1060 4784 1240 4837 vestris
1274 4784 1436 4854 (Luc.
1460 4800 1538 4853 tv,
1560 4786 1624 4841 ‘21
1647 4785 1691 4857 ).
1724 4788 1894 4844 Audis
1912 4830 1928 4855 ,
1956 4788 2049 4845 Ju-

456 4870 587 4925 dtee'
627 4871 942 4939 incredule,
985 4875 1302 4944 prophetam
1342 4875 1630 4947 aliquando
1673 4890 1821 4934 tuum
1862 4891 2049 4938 nostro

461 4962 755 5032 Evangelio
795 4969 1226 5022 consonantem?
1256 4968 1425 5036 Quem
1468 4969 1604 5024 ultra
1645 4973 1914 5039 sustines,
1959 4975 2047 5042 qui

453 5052 565 5124 jam
595 5055 866 5110 Christum
898 5056 1184 5112 Dominum
1217 5060 1428 5115 venisse
1455 5061 1736 5131 cognoscis
1755 5103 1773 5131 ,
1801 5064 1846 5119 si
1873 5063 2047 5120 adhuc

455 5161 553 5201 cor
581 5156 728 5201 tuum
762 5148 924 5201 noxio
955 5150 1223 5205 velamine
1252 5166 1359 5206 non
1392 5160 1602 5223 tegatur
1624 5196 1636 5209 .

529 5237 684 5294 Vers.
717 5238 803 5294 M.
838 5238 914 5293 Tu
940 5252 1106 5295 autem
1124 5283 1138 5307 ,
1172 5241 1422 5311 Domine,
1451 5262 1513 5299 ne
1537 5246 1685 5318 longe
1711 5247 1873 5317 facias
1898 5248 2051 5301 mise-

457 5330 709 5385 ricordias
751 5340 862 5386 tuas
900 5348 932 5385 α
962 5349 1078 5387 me:
1112 5335 1462 5389 misericordia
1509 5345 1597 5389 tua
1641 5347 1689 5392 et
1732 5338 1914 5392 veritas
1957 5345 2050 5391 tua

457 5437 655 5491 semper
683 5434 1010 5495 susceperunt
1041 5442 1138 5479 me.
1173 5426 1413 5483 Narratis
1434 5430 1636 5483 sanctis
1667 5429 1944 5499 operibus,
1977 5430 2047 5485 ad

462 5516 729 5580 passionis
767 5531 879 5571 sua:
917 5519 1139 5587 gloriam
1183 5519 1370 5575 venit:
1405 5530 1461 5573 ut
1501 5521 1665 5576 totius
1720 5523 1845 5576 vitae
1888 5529 2049 5591 atque

460 5605 820 5662 viviﬁcatricis
853 5612 1041 5666 mortis
1073 5612 1439 5668 declararetur
1470 5614 1767 5684 integritas.
1801 5613 1901 5671 Ubi
1932 5627 2049 5670 me-

464 5698 566 5750 rito
612 5697 821 5755 Patrem
870 5714 1135 5772 precatur,
1180 5723 1241 5761 ne
1271 5707 1425 5780 longe
1451 5710 1518 5763 ab
1547 5724 1612 5763 eo
1643 5709 1802 5779 faciat
1847 5709 2051 5763 misi-ri-

467 5790 672 5844 cordias
701 5804 863 5860 suas,
892 5796 979 5865 qui
1008 5806 1121 5852 erat
1147 5800 1383 5871 suscepti
1418 5800 1645 5856 hominis
1658 5800 1885 5857 veritate
1952 5818 2063 5858 mo-

2153 4704 2419 4770 versitas,
2469 4702 2650 4758 omnia
2691 4699 2942 4755 nocentia
2991 4698 3377 4765 destruuntur;
3429 4708 3486 4753 ut
3527 4698 3745 4768 placeat

2154 4796 2381 4851 Domino
2409 4810 2531 4850 eum
2560 4794 2773 4863 eripere
2796 4833 2810 4858 ,
2842 4793 2932 4862 qui
2965 4792 3151 4847 mundi
3185 4791 3338 4845 istius
3379 4770 3758 4846 contrarieta;

2152 4886 2294 4942 tibus
2321 4887 2657 4957 cingebatur.
2691 4884 2758 4939 Et
2785 4885 2995 4938 intuere
3025 4882 3166 4954 quod
3198 4883 3358 4949 dicit,
3392 4885 3743 4954 complaceat;

2154 4977 2206 5032 id
2261 4986 2345 5031 est
2395 4975 2760 5031 communiter
2811 4975 3040 5045 placeat.
3091 4973 3393 5029 Concordia
3449 4976 3594 5029 enim
3657 4974 3746 5030 hic

2154 5064 2436 5121 Trinitatis
2474 5065 2817 5121 ostenditur:
2852 5080 2975 5120 nam
3021 5065 3162 5134 quod
3203 5065 3380 5135 placet
3420 5064 3601 5131 Patri,
3643 5065 3746 5121 hoc

2158 5159 2332 5228 placet
2372 5169 2427 5214 et
2471 5158 2610 5214 Filio
2652 5167 2707 5212 et
2749 5158 2968 5229 Spiritui
2998 5169 3206 5214 sancto.
3235 5158 3490 5225 Addidit,
3520 5159 3655 5213 tibi:
3686 5168 3745 5214 ut

2156 5259 2392 5305 sanctam
2425 5249 2745 5306 Trinitatem
2775 5266 2939 5305 unum
2989 5250 3158 5305 Deum
3199 5265 3321 5305 esse
3359 5264 3741 5320 cognosceres.

2159 5342 2436 5413 Sequitur,
2470 5342 2690 5399 Domine
2711 5385 2724 5409 ,
2756 5345 2809 5398 in
2839 5344 3091 5398 auxilium
3124 5359 3289 5397 meum
3316 5343 3543 5413 respice,
3577 5351 3635 5397 ut
3663 5343 3743 5397 in-

2160 5435 2462 5507 telligamus
2510 5447 2818 5507 respectum
2873 5437 3041 5506 ipsius
3097 5446 3339 5492 nostrum
3388 5451 3511 5492 esse
3559 5437 3744 5507 praesi-

2159 5526 2349 5592 dium;
2398 5528 2539 5582 sicut
2586 5537 2670 5584 est
2714 5526 2844 5583 illud
2876 5527 3193 5598 Evangelii:
3224 5528 3466 5599 Respexit
3498 5526 3739 5588 Petrum.

2160 5627 2209 5671 et
2231 5619 2368 5688 ﬂevit
2387 5634 2563 5672 amare
2583 5618 2737 5692 (Luc.
2774 5634 2909 5683 xxii,
2928 5618 3018 5686 61,
3040 5616 3155 5687 62).
3176 5619 3343 5674 Aliter
3363 5619 3507 5673 enim
3527 5618 3739 5673 liberari

2162 5728 2270 5766 non
2325 5728 2642 5782 possumus,
2702 5713 2803 5769 nisi
2855 5728 2956 5769 nos
3013 5711 3270 5770 Divinitas
3319 5712 3606 5783 propitiata
3651 5726 3741 5765 re-

2163 5816 2371 5874 spretui.
