4030 6172
352 356 459 414 Ξθδ

1302 359 1664 417 EXPOSITIO
1698 361 1762 417 ΙΝ
1806 362 2257 424 PSALTERIUM.
2300 369 2489 427 PSAL.
2534 373 2643 428 XL.

3519 380 3621 436 291s

427 470 585 541 138
611 469 762 523 Vers.
790 470 874 524 18.
902 469 1298 560 Coufundautur
1320 482 1367 526 et
1396 486 1718 528 reverenntur
1746 474 1933 543 simul,
1969 480 2015 539 Α
2045 480 2186 533 tabat
2215 482 2443 551 quippe,
2474 486 2687 554 quando
2729 486 3006 542 lmtabatnr
3034 488 3085 543 in
3119 490 3346 547 Domino
3366 533 3381 559 ,
3422 492 3475 549 in
3509 509 3617 563 quo

348 565 435 631 qui
462 572 700 632 quarruut
726 563 952 614 animam
992 579 1185 629 meam,
1215 557 1285 617 ut
1328 569 1567 635 auferant
1607 583 1739 621 eam.
1776 567 1931 622 Venit

346 652 412 706 sd
443 668 562 705 eam
584 693 598 715 ,
632 667 751 722 quae
781 661 1029 721 superest
1052 693 1066 718 ,
1098 655 1466 710 narrationem
1496 673 1510 709 :
1541 656 1631 710 ubi
1661 657 1933 713 confusio-

346 760 467 798 nem
501 752 556 796 et
588 744 942 797 reverentiam
979 744 1233 799 Dominus
1262 746 1513 802 Salvator
1541 750 1930 818 Optat‘impiis:

345 836 766 891 exsultationem
798 852 926 890 vero
949 848 1001 891 et
1034 838 1273 893 laetitiam
1306 842 1587 910 provenire
1620 842 1751 911 petit
1772 844 1933 897 devo-

346 930 435 981 tis.
471 929 580 982 Sed
612 927 735 983 vide
768 929 820 981 in
859 928 956 983 ista
989 931 1373 1000 deprecatione
1412 942 1612 1002 quanta
1643 944 1791 1003 gerat
1822 943 1935 989 stu-

345 1020 430 1074 dia
462 1021 700 1089 pietatis.
732 1021 1152 1091 Confundantur,
1185 1024 1355 1089 dixit,
1390 1026 1712 1081 mirabilium
1742 1042 1932 1095 Opera-

346 1114 494 1166 tione
562 1112 862 1167 turbentur.
912 1113 1260 1168 Revereantur
1287 1124 1460 1170 autem
1481 1158 1494 1180 ,
1523 1118 1930 1173 resurrectionis

345 1208 517 1275 gloria
571 1207 949 1274 corrigantur:
996 1217 1058 1262 ut
1107 1209 1253 1263 illum
1308 1211 1661 1266 confiteantur
1715 1212 1880 1267 Deum
1912 1253 1927 1279 ,

345 1312 501 1366 quem
538 1295 737 1350 dudum
766 1305 1085 1365 putaverant
1114 1314 1233 1353 esse
1274 1300 1673 1355 trucidandum.
1715 1301 1928 1368 Simul;

347 1388 395 1442 id
426 1397 514 1442 est
533 1427 548 1451 ,
577 1388 717 1441 sicut
747 1388 1012 1456 persecuti
1039 1399 1161 1443 sunt
1182 1433 1196 1455 ,
1226 1393 1296 1445 ita
1326 1399 1378 1445 et
1412 1392 1769 1459 prtedcstinati
1802 1408 1928 1445 cou-

346 1479 619 1532 versionis
646 1494 872 1534 munere
907 1480 1218 1536 liberentur.
1261 1482 1529 1552 Sequitur,
1575 1486 1662 1553 qui
1700 1496 1931 1554 quaerunt

346 1569 573 1622 animam
602 1584 789 1623 meam.
831 1570 1047 1624 Duobus
1078 1570 1252 1626 modis
1290 1573 1468 1627 anima
1513 1574 1788 1642 qua-ritur,
1817 1576 1931 1631 sive

346 1662 407 1715 ad
438 1662 705 1717 honorem
726 1706 742 1730 ,
772 1663 885 1717 sive
913 1662 979 1716 ad
1012 1674 1259 1718 mortem.
1290 1665 1394 1720 Sed
1420 1673 1478 1719 ut
1499 1665 1580 1719 hic
1607 1666 1724 1722 illos
1749 1677 1930 1721 osten-

345 1757 538 1821 deret,
570 1755 662 1824 qui
692 1770 814 1810 eam
855 1764 983 1810 voto
1020 1758 1293 1812 contrario
1337 1758 1750 1827 perquirebant,
1780 1759 1931 1812 addi-

2038 584 2221 623 revera
2249 583 2371 627 sunt
2411 577 2587 629 omnia
2627 576 2916 645 profutura.
2959 578 3062 634 Sed
3102 597 3167 634 ne
3207 582 3347 637 hanc
3382 585 3619 639 exsulta-

2040 660 2236 715 tionem
2258 665 2657 737 quibuscunque
2678 669 2928 725 crederes
2950 674 3365 738 concedendam,
3386 678 3612 744 addidit,

2036 751 2125 818 qui
2155 751 2371 823 diligunt
2401 756 2626 809 salutare
2655 768 2837 824 tuum;
2868 759 2919 813 id
2947 769 3062 827 est,
3094 762 3183 831 qui
3230 774 3314 818 me
3342 766 3610 834 spirituali

2034 843 2293 898 charitate
2325 849 2668 917 perquirunt,
2703 858 2759 904 et
2794 852 3055 907 mandatis
3087 855 3220 909 meis
3248 857 3480 912 suaviter
3506 859 3603 914 ob-

2038 944 2352 1001 sequuntur.

2107 1021 2258 1077 Vers.
2287 1024 2375 1077 22.
2408 1024 2519 1095 Ego
2543 1043 2660 1081 vero
2682 1045 2869 1098 egenus
2894 1040 2945 1084 et
2970 1050 3161 1097 pauper
3187 1052 3295 1087 sum
3321 1053 3340 1090 :
3365 1037 3612 1095 Dominus

2036 1130 2210 1168 curam
2240 1116 2391 1170 liabet
2449 1120 2566 1173 mei.
2614 1121 2901 1191 Postquam
2944 1116 3149 1179 dixerat
3192 1127 3386 1181 laetitiae
3426 1146 3610 1186 mune-

2034 1206 2181 1259 ribus
2212 1221 2331 1261 esse
2360 1210 2705 1278 complendos
2728 1254 2741 1278 ,
2780 1215 2866 1281 qui
2907 1214 3158 1271 deitatem
3196 1217 3356 1273 Verbi
3394 1221 3610 1291 diligere

2033 1297 2321 1351 voluissent
2345 1341 2361 1367 ,
2395 1316 2462 1354 ne
2491 1301 2590 1355 sibi
2621 1306 2884 1374 quispiam
2912 1308 3218 1361 meritorum
3250 1311 3469 1377 gloriam
3496 1315 3611 1367 vin-

2031 1386 2264 1452 dicaret,
2292 1388 2543 1447 Dominus
2564 1393 2806 1449 Christus
2826 1410 2892 1449 ex
2917 1398 3084 1451 forma
3118 1399 3346 1467 loquitur
3371 1402 3611 1457 humani-

2036 1478 2154 1533 tatis
2181 1489 2464 1550 assumptze
2494 1500 2506 1534 :
2540 1482 2747 1563 Egerius
2774 1496 2821 1539 et
2848 1504 3042 1557 pauper
3068 1505 3200 1544 sum.
3230 1492 3464 1562 Egenus,
3489 1494 3611 1563 quia

2035 1570 2337 1627 humanitas
2384 1558 2653 1630 subveniri
2705 1579 2803 1632 sibi
2852 1596 3064 1647 semper
3110 1593 3229 1652 eget
3277 1600 3306 1638 a
3361 1568 3607 1641 Domino.

2036 1658 2262 1730 Pauper,
2312 1665 2433 1732 quia
2482 1666 2582 1720 nisi
2629 1667 2803 1721 divina
2849 1672 3013 1741 gratia
3058 1673 3395 1738 clarificetur,
3442 1677 3509 1732 de
3550 1693 3611 1732 se

2033 1754 2252 1808 omnino
2282 1756 2457 1811 tenuis
2493 1771 2612 1811 esse
2650 1743 3006 1828 cognoscitur.
3049 1765 3153 1818 Sed
3195 1781 3259 1819 ne
3297 1767 3450 1822 istam
3482 1774 3610 1838 pau-

345 1848 457 1911 dit,
494 1855 551 1900 ut
581 1848 823 1917 auferant
857 1863 1002 1916 eam,
1037 1863 1144 1902 non
1176 1858 1230 1903 ut
1260 1849 1520 1918 diligant,
1553 1865 1657 1904 non
1691 1859 1747 1905 ut
1773 1866 1932 1907 vene—
1965 1851 2011 1912 B
2037 1854 2299 1916 pertatem
2350 1850 2507 1904 vilem
2555 1851 2923 1923 abiectumque
2972 1857 3272 1913 aestimares
3296 1902 3310 1926 ,
3363 1861 3609 1927 addidit,

343 1946 538 1992 rentur
564 1956 576 1989 :
612 1937 707 1991 sed
740 1946 796 1991 ut
825 1952 853 1991 a
885 1952 1114 2007 corpore
1144 1954 1264 1994 meo
1296 1941 1600 1995 interventu
1631 1942 1819 1997 mortis
1848 1957 1933 1997 se-

343 2044 573 2099 gregare
604 2030 954 2083 contendant.

414 2121 574 2176 Vers.
615 2122 698 2175 19.
741 2121 1049 2176 Aver'antur
1084 2130 1365 2176 retrorsum
1404 2131 1451 2175 et
1486 2123 1815 2189 erubescant,
1847 2125 1936 2194 qui

342 2214 573 2283 cogitant
618 2213 741 2265 mihi
790 2213 945 2265 mala.
994 2212 1329 2279 Frequenter
1376 2213 1609 2269 diximus
1651 2217 1811 2269 malis
1854 2218 1934 2271 sic

341 2304 481 2359 bene
525 2304 739 2374 optari,
780 2313 841 2357 ut
885 2314 1175 2359 retrorsum
1231 2304 1451 2359 redeant
1499 2319 1528 2358 a
1576 2305 1934 2375 voluptatibus

338 2398 488 2462 suis,
521 2410 623 2451 nec
653 2396 705 2449 in
746 2397 889 2450 maio
917 2411 1079 2465 opere
1121 2408 1485 2467 perseverent.
1525 2398 1624 2463 Qui
1664 2399 1708 2453 si
1750 2397 1935 2452 confu-

337 2493 546 2546 sionem
573 2490 859 2559 patiantur,
886 2489 1117 2543 evadunt
1142 2507 1151 2539 :
1178 2490 1221 2543 si
1249 2488 1429 2543 mundi
1460 2489 1635 2542 laetiia
1659 2488 1935 2557 pet-fruan—

337 2592 441 2645 tur,
484 2589 733 2648 pereunt.
772 2580 903 2634 Nam
935 2589 1210 2633 retrorsum
1243 2580 1380 2633 istud
1412 2580 1464 2633 in
1507 2580 1698 2633 bonam
1732 2592 1932 2649 partem

337 2674 441 2729 dici
479 2672 755 2741 Evangelii
789 2673 938 2726 locus
968 2672 1057 2727 ille
1090 2681 1333 2740 testatur,
1366 2672 1458 2727 ubi
1488 2671 1647 2727 Petro
1677 2673 1800 2726 vitm
1832 2675 1932 2727 hu-

337 2764 419 2831 ius
447 2779 506 2818 se
534 2779 720 2818 amore
749 2763 984 2831 diligenti
1014 2763 1288 2832 respondit
1314 2781 1328 2817 :
1362 2764 1491 2817 Redi
1518 2770 1678 2830 retro,
1710 2763 1934 2819 Satanas

336 2853 547 2923 (ﬂare.
595 2868 727 2917 vttt,
784 2854 897 2922 53).
929 2853 1081 2921 Quod
1122 2866 1300 2908 autem
1333 2855 1544 2923 posuit,
1576 2856 1664 2926 qui
1705 2857 1934 2926 cogitant

338 2946 465 2998 mihi
486 2945 650 3008 mala,
675 2944 982 2999 Judtrorum
1006 2946 1272 3012 significat
1297 2946 1568 3014 improbas
1596 2946 1895 3000 voluntates
1912 2988 1929 3015 ,

336 3058 415 3112 qua
432 3056 565 3094 ~rum
591 3030 945 3108 cogitationes
966 3055 1070 3092 non
1096 3048 1250 3093 erant
1273 3038 1425 3093 mala:
1449 3038 1698 3105 Domino,
1723 3037 1815 3092 sed
1838 3053 1931 3091 au-

335 3132 578 3185 ctoribus
598 3132 728 3185 suis.
750 3130 1110 3199 Cogitationes
1132 3129 1273 3183 enim
1299 3143 1327 3182 a
1351 3127 1590 3199 cogendo
1607 3127 1762 3183 dicta:
1781 3137 1925 3183 sunt.

2036 1936 2292 1992 Dominus
2330 1957 2503 1994 caram
2534 1943 2681 1996 habet
2726 1946 2864 2011 mei;
2906 1947 3110 2003 scilicet
3137 1949 3202 2004 de
3231 1965 3337 2019 quo
3370 1927 3617 2008 dicturus-

2034 2039 2187 2085 erat:
2226 2032 2322 2085 llic
2351 2043 2425 2086 est
2455 2033 2625 2089 Filius
2654 2054 2790 2091 meus
2831 2040 3075 2106 dilectus,
3117 2043 3171 2097 in
3206 2060 3308 2113 quo
3340 2046 3463 2098 mihi
3490 2046 3611 2100 bene

2033 2124 2321 2192 complacui
2352 2125 2579 2196 (Matth.
2603 2143 2661 2182 ιιι
2681 2173 2696 2197 ,
2726 2129 2841 2199 l7).
2872 2131 2917 2187 Ο
2948 2143 3309 2203 paupertatem
3348 2137 3612 2195 thesauris

2035 2214 2283 2269 omnibus
2313 2216 2589 2271 ditiorem!
2625 2218 2832 2288 Pauper
2856 2222 2996 2275 enim
3027 2223 3094 2277 de
3123 2238 3337 2290 nostro,
3364 2226 3512 2282 dives
3537 2229 3604 2284 de

2033 2316 2133 2357 suo
2163 2312 2284 2370 est;
2329 2306 2418 2373 qui
2463 2306 2581 2362 ideo
2619 2307 2967 2379 indigentiam
3020 2313 3360 2370 humanitatis
3401 2332 3611 2372 assum.

2033 2394 2173 2465 psit,
2207 2405 2263 2450 ut
2289 2396 2626 2453 abundantiae
2655 2416 2765 2455 sua:
2796 2416 2892 2457 nos
2923 2403 3122 2459 faceret
3153 2421 3273 2461 esse
3303 2408 3602 2478 participes.

2106 2486 2258 2543 Vers.
2289 2488 2378 2543 25.
2407 2490 2624 2560 Adjutor
2648 2508 2785 2548 meus
2812 2505 2858 2549 et
2884 2495 3122 2551 liberator
3149 2514 3286 2551 meus
3307 2515 3359 2553 es
3385 2510 3438 2553 tu
3456 2517 3475 2554 :
3508 2500 3610 2556 Do-

2032 2581 2201 2646 mine,
2247 2596 2311 2634 ne
2356 2582 2651 2637 tardat-eris.
2693 2584 2771 2641 De
2809 2586 3074 2656 adjutorio
3101 2599 3153 2644 et
3181 2591 3247 2645 de
3286 2595 3610 2660 pr0tcctiono

2032 2683 2252 2727 securus
2281 2671 2610 2729 celeritatem
2653 2680 3006 2733 necessariam
3049 2682 3215 2748 petit;
3255 2694 3310 2737 ttt
3343 2682 3452 2753 jam
3491 2687 3608 2754 quia

2032 2777 2179 2817 mors
2220 2763 2372 2818 vitari
2412 2780 2517 2820 non
2561 2766 2775 2832 debuit,
2817 2770 3005 2824 saltem
3046 2772 3367 2827 resurrectio
3411 2775 3603 2829 festina

2031 2856 2361 2911 succederet.
2409 2856 2539 2912 Cum
2588 2861 2728 2913 enim
2780 2860 2947 2915 dicit:
2984 2863 3206 2933 Adjutor
3248 2874 3296 2918 et
3344 2867 3605 2935 liberator,

2030 2947 2263 3002 ostendit
2320 2949 2628 3017 patientiam
2682 2950 3009 3007 diversarum
3074 2954 3325 3010 videlicet
3390 2959 3597 3025 passio-

2031 3054 2191 3104 num,
2229 3040 2369 3095 unde
2407 3049 2461 3095 et
2501 3040 2613 3110 ipse
2653 3041 2891 3110 psalmus
2928 3043 3052 3098 fecit
3094 3045 3322 3101 initium.
3360 3048 3603 3118 Quapro-

2032 3139 2147 3199 pter
2173 3136 2315 3184 totus
2346 3132 2524 3185 virtuti
2555 3124 2825 3200 patientia:
2854 3135 3046 3190 merito
3075 3138 3378 3205 deputatur,
3421 3140 3509 3210 qui
3551 3149 3604 3196 et

407 3226 563 3279 Vers.
594 3225 685 3279 20.
721 3222 912 3276 Ferant
945 3224 1214 3293 confestim
1247 3222 1599 3289 confusionem
1629 3238 1810 3290 suam,
1838 3223 1925 3288 qui
1954 3216 1999 3278 C
2028 3221 2215 3277 eodem
2247 3221 2350 3276 fine
2377 3221 2731 3277 concluditur.

333 3319 509 3371 dicunt
533 3318 701 3371 mihi:
733 3315 876 3387 Euge
900 3359 913 3380 ,
956 3332 1099 3387 euge.
1142 3313 1341 3368 Ferunt
1367 3318 1632 3386 confestim
1663 3316 1923 3385 confusio-

334 3429 446 3465 nem
476 3427 625 3463 suam
647 3451 662 3471 ,
691 3410 778 3477 qui
813 3424 979 3475 usque
1007 3407 1071 3461 ad
1106 3407 1234 3461 illud
1270 3406 1617 3474 perveniunt,
1650 3414 1707 3459 ut
1738 3420 1796 3460 se
1827 3420 1921 3460 ne-

333 3511 509 3578 quile
537 3520 752 3561 errasse
779 3513 1124 3573 cognoscant.
1165 3499 1389 3566 Ferant,
1418 3501 1585 3565 dixit,
1616 3501 1766 3569 quasi
1793 3514 1927 3569 pon-

334 3602 429 3655 dus
461 3601 807 3655 immensum.
844 3594 1155 3663 Confestim,
1190 3602 1244 3646 ut
1275 3606 1498 3661 peccare
1525 3590 1824 3659 cmperint:
1858 3604 1926 3645 ne

332 3697 546 3765 longius
580 3689 973 3763 progrediendo
1015 3687 1366 3757 periculosius
1407 3686 1766 3755 ingraveutur.
1799 3684 1928 3738 Con-

333 3791 591 3858 fusionem
622 3800 768 3838 suam
788 3825 803 3850 ,
838 3781 887 3835 id
919 3790 999 3836 est
1025 3779 1407 3851 cogitationem
1454 3792 1671 3845 pravam
1702 3776 1925 3830 veritate

334 3879 654 3933 convictam.
696 3875 968 3943 Sequitur,
1010 3872 1100 3942 qui
1139 3872 1312 3923 dicunt
1354 3867 1520 3921 mihi:
1556 3866 1699 3937 Euge
1724 3908 1737 3931 ,
1779 3882 1919 3935 euge.

334 3972 429 4025 llic
461 3969 630 4024 falsos
656 3966 831 4037 arguit
860 3964 1165 4019 laudatores
1188 4006 1201 4028 ,
1235 3962 1321 4032 qui
1367 3960 1485 4029 plus
1527 3959 1769 4013 nituntur
1795 3960 1926 4011 adu-

334 4062 350 4115 1
386 4062 491 4115 udo
521 4060 809 4129 decipere,
844 4073 1002 4127 quam
1042 4056 1249 4123 possint
1290 4051 1772 4121 vituperationihus
1802 4066 1925 4103 sau-

334 4156 494 4207 ciare.
526 4149 673 4221 Euge
700 4149 922 4204 verbum
949 4147 1163 4217 quidem
1196 4159 1304 4212 pne
1338 4142 1513 4197 oniale
1541 4151 1652 4206 est;
1680 4140 1772 4194 sed
1802 4156 1921 4194 eum

335 4255 480 4298 recto
509 4244 691 4297 animo
714 4257 818 4295 non
847 4240 1132 4310 profertur,
1156 4237 1221 4291 ad
1246 4235 1571 4290 dcriionem
1596 4234 1823 4287 trahitur
1844 4234 1924 4287 in-

334 4336 632 4391 ferendam.
666 4334 795 4401 Qua:
827 4333 991 4402 figura
1025 4331 1217 4385 dicitur
1246 4327 1414 4383 ironia
1436 4370 1449 4391 ,
1480 4327 1533 4382 id
1556 4335 1639 4381 est
1662 4326 1857 4381 irrisio.

408 4429 561 4482 Vers.
593 4427 683 4480 ﬁt.
720 4424 987 4479 Exsultent
1011 4433 1056 4476 et
1082 4422 1316 4476 laetentur
1339 4420 1425 4491 qui
1446 4427 1676 4487 quterunt
1710 4428 1786 4486 te,
1818 4417 1922 4471 Do-

334 4523 498 4581 mine.
532 4529 579 4575 et
618 4520 787 4571 dicant
827 4532 1068 4588 semper:
1099 4513 1461 4584 Magniﬁcetur
1500 4511 1751 4564 Dominus
1775 4551 1790 4576 ,
1833 4511 1920 4579 qui

334 4615 554 4683 diligunt
593 4610 821 4663 salutare
850 4586 1011 4660 tuum.
1047 4606 1196 4661 Sicut
1227 4603 1469 4657 inimicos
1498 4616 1623 4656 suos
1663 4600 1915 4655 confundi
1947 4586 1995 4645 D

336 4706 516 4771 petiit,
566 4699 658 4769 qui
699 4714 820 4753 eum
862 4696 1011 4751 falsis
1051 4693 1445 4749 laudationibus
1477 4690 1813 4758 irridehant,
1844 4690 1918 4745 ita

336 4798 557 4849 devotos
606 4801 754 4862 optat
800 4790 1077 4855 veraciter,
1111 4787 1380 4857 gaudere,
1432 4785 1522 4855 qui
1568 4798 1719 4854 spem
1766 4799 1918 4838 suam

338 4896 630 4940 noscuntur
668 4884 720 4937 in
768 4881 977 4936 Domini
1018 4880 1293 4949 majestate
1332 4878 1597 4946 posuisse.
1642 4876 1748 4931 Eos
1776 4876 1917 4929 enim

338 4992 439 5029 non
469 4983 675 5028 tantum
709 4972 909 5037 laetari,
936 4971 1030 5026 sed
1062 4982 1106 5023 et
1133 4971 1390 5024 exsultare
1435 4969 1768 5037 deprecatur.
1815 4966 1917 5022 Sed

337 5083 450 5135 qua:
490 5067 562 5120 sit
601 5066 705 5117 ista
741 5062 1028 5118 exsultatio
1068 5067 1461 5128 consequenter
1498 5058 1816 5126 exponitur;
1865 5057 1917 5111 id

339 5170 415 5212 est
436 5202 451 5223 ,
476 5169 521 5212 et
549 5158 725 5211 dicant
747 5172 944 5222 semper
970 5169 987 5208 :
1012 5152 1369 5223 Hagniﬁcetur
1393 5151 1658 5205 Dominus.
1688 5150 1811 5204 llmc
1838 5157 1923 5204 est

340 5253 474 5307 enim
520 5250 817 5319 professio,
863 5262 986 5315 qua:
1024 5248 1079 5299 in
1124 5255 1383 5299 atterntnn
1426 5242 1718 5314 gaudentes
1757 5241 1921 5296 efficit

340 5344 711 5405 Christianos;
765 5355 886 5410 qua:
935 5336 1178 5408 quamvis
1226 5334 1422 5404 jugiter
1465 5333 1695 5402 dicatur,
1742 5340 1919 5386 tamen

340 5450 547 5505 semper
577 5435 869 5503 appetitur.
906 5431 981 5484 De
1009 5428 1109 5482 ista
1140 5425 1401 5497 siquidem
1442 5424 1703 5479 sententia
1738 5437 1921 5492 pasce-

342 5518 488 5581 batur
509 5536 567 5581 et
597 5527 647 5579 in
677 5525 779 5578 isto
809 5521 1006 5577 saeculo
1028 5518 1264 5589 Job,qui
1294 5514 1919 5580 erataftlictionecorpo-

342 5617 412 5673 ris
434 5619 672 5687 graviter
700 5614 968 5669 sauciatus
987 5652 1002 5674 ,
1026 5609 1258 5666 dicendo
1282 5624 1297 5662 :
1330 5604 1586 5661 Dominus
1610 5605 1784 5671 dedit,
1810 5601 1923 5657 Do-

344 5712 503 5763 minus
532 5709 781 5772 abstulit,
821 5706 950 5759 sicut
984 5701 1204 5756 Domino
1240 5696 1440 5771 placuit
1480 5698 1553 5751 ita
1591 5695 1784 5765 factum
1823 5703 1917 5748 est.

346 5802 420 5858 Sit
468 5817 651 5855 nomen
703 5798 906 5852 Domini
952 5795 1263 5851 benedictum
1309 5790 1451 5864 μοι»
1479 5780 1682 5856 t,‘2l).
1731 5785 1919 5842 Exsul-

2566 3334 2832 3390 Conclusio
2861 3336 3064 3405 psalmi.

2097 3446 2367 3517 Magnifica
2408 3455 2464 3503 et
2501 3448 2811 3503 suavissima
2842 3450 3000 3505 verba
3030 3466 3219 3507 sensus
3247 3463 3459 3511 nostros
3490 3472 3601 3512 me-

2026 3537 2249 3592 dullitus
2290 3537 2655 3604 intraverunt,
2699 3540 2913 3609 quando
2954 3541 3124 3609 ipsum
3169 3544 3465 3602 audivimus
3504 3548 3603 3603 d0-

2026 3639 2267 3696 centem,
2305 3646 2458 3700 quem
2488 3631 2773 3687 adoramus
2802 3642 3095 3688 auctorem.
3141 3636 3274 3690 Nam
3316 3637 3442 3693 licet
3480 3640 3601 3694 uni-

2026 3738 2209 3777 versos
2250 3723 2485 3791 psalmos
2530 3738 2723 3792 magno
2764 3722 2969 3779 honore
3011 3740 3330 3782 veneremur
3356 3767 3372 3793 ,
3422 3732 3604 3785 nescio

2026 3812 2150 3881 quid
2180 3821 2351 3867 tamen
2383 3812 2589 3867 dulcius
2617 3814 2896 3881 accipitur,
2928 3830 3047 3870 cum
3079 3818 3275 3887 aliquid
3307 3819 3374 3875 de
3412 3830 3598 3879 sancta

2027 3902 2390 3957 incarnatione
2417 3901 2703 3971 profertur.
2726 3904 2909 3958 Omnis
2936 3906 3078 3959 enim
3109 3907 3279 3962 ﬁdelis
3304 3911 3603 3977 gratissime

2025 3994 2282 4061 suscipit,
2324 4008 2419 4063 per
2456 4008 2614 4062 quem
2656 3995 2894 4049 noscitur
2935 4009 3055 4049 esse
3093 3997 3369 4054 liberatus.
3413 3999 3479 4055 Et
3517 4017 3601 4056 re-

2025 4086 2172 4154 spice
2198 4100 2302 4155 quo
2332 4068 2528 4141 ordine
2555 4085 2746 4155 psalmi
2782 4086 2937 4155 hujus
2965 4090 3235 4142 contextio
3264 4090 3598 4158 disponatur.

2025 4179 2259 4234 Primum
2291 4178 2523 4247 loquitur
2552 4177 2790 4233 Ecclesia
2832 4179 2981 4249 quasi
3011 4180 3171 4234 rudes
3196 4181 3415 4248 docens,
3445 4187 3599 4254 quasi

2026 4272 2259 4341 trepidos
2287 4271 2625 4333 confortans,
2654 4270 2804 4339 quasi
2843 4269 3223 4338 incompositos
3253 4288 3557 4343 przeparans
3580 4319 3596 4344 ,

2024 4374 2080 4417 ut
2109 4363 2386 4429 sequentia
2414 4362 2573 4416 verba
2622 4360 2832 4425 Domini
2860 4361 3154 4416 Salvatoris
3195 4363 3379 4420 libenti
3419 4366 3600 4423 animo

2024 4456 2324 4511 salutariter
2355 4453 2579 4522 populus
2610 4461 2939 4521 praeparatus
2964 4452 3193 4508 audiret.

2328 4563 2681 4620 EXPOSITIO
2717 4562 2781 4618 IN
2818 4562 3138 4618 PSALMUM
3178 4563 3283 4620 XL.

2451 4653 2515 4708 In
2546 4655 2698 4724 ﬁnem
2728 4654 2955 4726 psalmus
2986 4652 3171 4708 Dauid.

2097 4769 2267 4824 Verba
2321 4769 2421 4822 ista
2469 4765 2729 4835 frequenti
2780 4781 2878 4819 usu
2916 4764 3070 4819 nobis
3101 4765 3212 4835 jam
3251 4765 3447 4821 debent
3482 4782 3603 4823 esse

2021 4863 2295 4920 notissima
2322 4878 2337 4925 ;
2371 4861 2465 4915 sed
2496 4860 2727 4915 breviter
2755 4859 2893 4913 dicta
2927 4866 3235 4928 tangamus,
3267 4859 3444 4913 omnia
3474 4860 3600 4913 diri-

2022 4966 2217 5027 guntur
2270 4957 2335 5011 ad
2384 4955 2654 5011 Christum
2713 4954 3018 5011 Dominum.
3077 4956 3373 5025 ltlaguifieat
3420 4966 3596 5012 autem

2025 5049 2165 5103 hunc
2196 5049 2487 5118 psalmum,
2521 5047 2660 5114 quod
2701 5038 3203 5115 in'quadragenario
3245 5060 3467 5101 numero
3501 5063 3598 5101 no-

2023 5142 2191 5197 seitur
2227 5142 2556 5201 collocatus;
2585 5138 2674 5208 qui
2702 5138 2935 5192 ealculus
2978 5126 3338 5192 emundationi
3365 5144 3419 5191 et
3452 5138 3600 5206 puri-

2024 5231 2257 5287 ficationi
2284 5232 2586 5301 frequenter
2612 5237 2839 5298 aptatur.
2865 5228 3219 5311 Quadraginta
3245 5229 3385 5283 enim
3412 5226 3602 5283 diebus

2025 5327 2144 5382 fuso
2174 5325 2379 5380 diluvio
2412 5324 2480 5377 ab
2520 5320 2889 5391 iniquitatibus
2929 5321 3203 5375 hominum
3247 5329 3386 5375 terra
3432 5320 3597 5375 diluta

2026 5428 2129 5474 est.
2161 5414 2521 5487 Quadraginta
2558 5428 2770 5484 quoque
2808 5412 2996 5468 diebus
3034 5420 3250 5466 sanctus
3284 5411 3493 5482 Moyses
3532 5410 3600 5465 ab

2025 5508 2166 5565 escis
2195 5507 2467 5596 corporeis
2497 5505 2848 5572 temperavit,
2880 5512 2937 5557 ut
2965 5503 3139 5557 divina
3178 5502 3442 5571 colloquia
3485 5519 3599 5558 me-

2025 5610 2256 5656 reretur.
2278 5593 2476 5653 Eodem
2510 5598 2668 5651 modo
2701 5596 2846 5651 Elias
2878 5593 3103 5664 suffugio
3132 5608 3190 5648 se
3217 5609 3492 5658 corporeae
3514 5611 3599 5649 re-

2026 5690 2271 5751 fectionis
2322 5688 2598 5743 abstinuit.
2653 5686 2773 5755 Ipse
2819 5700 3030 5756 quoque
3076 5685 3329 5741 Dominus
3378 5685 3599 5740 totidem

2026 5784 2213 5839 dit-hos
2238 5797 2300 5836 ar
2325 5781 2569 5837 noctibus
2592 5777 2854 5849 jejunavit
2872 5819 2887 5847 ,
2915 5789 2974 5836 ut
3000 5778 3151 5836 nobis
3180 5778 3402 5835 fortnam
3429 5781 3598 5835 beata
