4030 6172
309 367 417 422 9.95
1514 355 1581 411 Μ.
1629 354 1908 412 AURELII
1944 351 2346 410 CASSIODORI
3477 341 3578 396 9.96

317 478 703 554 pttriﬁcationis
735 473 1060 531 ostenderet.
1104 459 1536 540 Quadragcsimac
1579 471 1704 537 quin
1736 471 1896 524 etiam
1929 468 1977 528 Α
2005 465 2543 554 debeamuspropter
2572 460 2840 554 (ibt-istum
2885 458 3162 554 Dominum
3199 464 3465 554 nostrum,
3493 457 3585 526 qui

319 572 490 641 ipsius
515 571 770 625 docemur
797 563 1065 632 exemplo.
1111 559 1455 616 Prmmittitur
1486 568 1694 628 tempus
1730 558 1899 614 absti-

319 663 548 724 nentiae,
581 668 638 712 ut
665 657 845 710 dilutis
877 653 1125 708 sordibus
1168 659 1506 717 peccatorum
1551 648 1616 702 ad
1654 663 1904 703 resurre-

324 756 554 808 ctionem
588 748 795 804 Domini
828 747 974 816 puris
1005 745 1270 799 mentibus
1299 742 1634 796 accedamus.
1664 740 1906 808 Quapro-

323 855 440 914 pter
472 844 612 914 hunc
642 841 901 911 psalmum
935 839 1072 891 inter
1103 837 1190 889 illa
1233 834 1536 903 judicemus
1572 842 1905 887 saeiamenta

321 908 656 1003 repositdm,
685 947 800 1000 qua:
829 930 1035 982 animas
1065 933 1280 980 nostras
1307 924 1510 979 cmleSti
1538 922 1908 994 puriﬁcatiOne

329 1028 485 1098 139
515 1024 900 1083 mundiﬁcant;
946 1021 1175 1074 maxime
1213 1017 1424 1088 quando
1463 1016 1530 1070 de
1569 1016 1908 1084 cleemosyna

327 1118 586 1186 prapheta
636 1115 878 1169 dicturus
929 1121 1044 1176 est,
1091 1126 1191 1180 qua
1243 1109 1460 1180 proprie
1509 1107 1620 1162 ﬁeri
1675 1107 1911 1160 noscitur

326 1205 571 1276 purgatio
637 1217 992 1273 peccatorum.
1065 1199 1278 1266 Legitur
1324 1197 1466 1252 enim
1503 1212 1539 1250 ε·
1574 1196 1718 1249 Sicut
1779 1211 1914 1264 aqua

325 1297 597 1368 exstinguit
647 1297 847 1364 ignem,
873 1293 944 1346 sic
981 1290 1300 1361 eleemos-yua
1341 1287 1611 1359 exstinguit
1651 1294 1912 1357 peccatum

332 1392 352 1460 (-
371 1387 528 1442 Eccli.
558 1402 644 1454 tu,
675 1385 797 1451 '53).

907 1493 1102 1546 Divisio
1131 1491 1335 1555 psalmi.

409 1610 585 1666 Primo
625 1609 865 1675 ingressu
897 1606 1152 1675 prOpbeta
1192 1599 1447 1673 loquitur,
1477 1604 1688 1658 beatum
1716 1603 1914 1673 praedi-

334 1719 462 1760 cans
506 1704 862 1771 cleemosynte
911 1699 1240 1769 largitorem,
1282 1697 1558 1766 multiplici
1598 1711 1718 1751 eum
1749 1696 1914 1750 bene-

333 1795 566 1853 dictione
595 1793 997 1847 concelebraris.
1039 1789 1286 1845 Secundo
1326 1789 1609 1856 gloriosam
1654 1789 1914 1842 Dominus
1949 1801 1994 1860 Β

335 1903 482 1942 suam
514 1892 897 1939 commemorat
926 1883 1249 1951 passionem.
1280 1881 1460 1936 Tertio
1491 1881 1556 1936 ad
1584 1881 1910 1935 conﬁrman-

336 1977 455 2032 dam
483 1991 631 2045 spem
667 1975 920 2039 ﬁdelium,
955 1972 1094 2027 idem
1120 1973 1371 2028 Dominus
1395 1972 1638 2028 Christus
1669 1969 1908 2040 praedicit

243 2127 253 2135 ,
336 2071 602 2140 propriam
634 2068 1106 2122 resurrectionem.

873 2176 1144 2244 Expositio
1179 2175 1382 2246 psalmi.

411 2294 564 2348 Vers.
605 2337 612 2345 .
637 2329 650 2345 .
683 2290 868 2345 Beatus
909 2290 995 2357 qui
1023 2289 1263 2359 intelligit
1291 2303 1444 2354 super
1471 2302 1683 2358 egenum
1709 2295 1758 2340 et
1785 2302 1917 2356 pau-

338 2401 506 2458 perem
533 2385 620 2438 :in
650 2385 733 2437 die
754 2383 895 2436 mala
924 2381 1150 2436 liberabit
1173 2397 1287 2435 eum
1314 2379 1579 2434 Dominus.
1608 2379 1703 2433 llic
1724 2379 1915 2433 iterum

339 2476 710 2547 hypotheticus
738 2474 1081 2544 syllogismus
1108 2474 1208 2528 hac
1236 2473 1440 2527 ratione
1471 2472 1779 2541 reSplendet
1809 2489 1821 2525 :
1857 2470 1914 2525 Si

339 2546 512 2621 omnis
541 2566 727 2620 beatus
767 2561 1018 2632 intelligit
1059 2575 1220 2631 super
1261 2576 1487 2630 egenum
1517 2570 1570 2615 et
1602 2575 1917 2631 pauperem,

340 2657 391 2712 in
417 2657 504 2712 die
531 2656 668 2710 mala
697 2654 938 2708 liberabit
983 2667 1104 2707 eum
1157 2652 1434 2707 Dominus.
1467 2653 1715 2708 Attamen
1746 2653 1923 2706 omnis

341 2749 527 2805 beatus
568 2745 820 2815 intelligit
866 2759 1028 2814 super
1069 2758 1295 2821 egenum
1325 2752 1379 2798 et
1410 2758 1717 2813 pauperem.
1748 2742 1807 2797 ln
1834 2743 1925 2798 die

343 2841 505 2912 igitur
552 2839 688 2893 mala
733 2836 981 2892 liberabit
1027 2851 1148 2912 eum
1200 2834 1478 2889 Dominus.
1533 2833 1919 2906 Hypmheticus

341 2909 543 2994 autem,
573 2931 623 2985 id
665 2939 768 2996 est,
799 2909 1174 2983 conditionalis
1211 2928 1552 3001 syllogismus
1598 2937 1701 2994 est,
1733 2929 1822 2997 qui
1852 2943 1920 2983 ex

341 3021 787 3078 conditionalihus
845 3019 1296 3090 propositionibus
1344 3019 1566 3087 .babens
1621 3019 1919 3074 absolutam

2005 555 2072 608 de
2099 553 2422 622 pauperibus
2454 552 2566 606 suis
2592 550 2646 606 in
2672 550 2879 621 judicio
2929 549 3144 620 proprio
3185 548 3427 604 dicturus
3457 558 3540 601 est
3568 562 3585 602 :

2011 643 2112 710 Qui
2143 645 2260 712 fecit
2286 643 2375 696 uni
2404 659 2463 696 ea:
2491 642 2715 696 minimis
2756 642 2888 708 istis,
2922 641 3041 694 mihi
3069 640 3186 710 fecit
3212 637 3425 710 (Matth.
3451 651 3589 702 xxv,

2008 731 2119 801 40).
2151 730 2286 796 Quid
2311 731 2454 784 enim
2485 730 2588 785 dici
2624 738 2794 798 potest
2837 729 3139 795 sublimius,
3171 728 3362 797 quidve
3387 725 3588 795 glorio-

2007 823 2138 886 sius,
2168 821 2383 891 quando
2411 830 2501 875 aut
2529 821 2627 891 ipsi
2660 820 3008 888 prmtertnissi
3037 822 3088 873 in
3127 819 3303 887 ignem
3334 832 3433 872 nos
3459 818 3591 872 dirio

2010 924 2162 984 gunt,
2190 924 2279 969 aut
2307 913 2632 968 remunerati
2668 927 2764 967 nos
2795 912 2858 966 ad
2887 912 3162 966 dexteram
3209 907 3589 964 collocabant!

2008 985 2113 1061 Sed
2158 1005 2380 1059 adverte
2424 1004 2565 1073 quod
2614 1003 2783 1068 dicit,
2831 1001 3106 1072 intelligit;
3155 1008 3214 1053 ut
3263 999 3424 1054 etiam
3483 1013 3592 1052 non

2017 1095 2321 1164 petentibus
2352 1095 2546 1148 talibus
2573 1093 2849 1148 olieratur.
2865 1093 3000 1146 Nam
3029 1092 3117 1160 qui
3153 1091 3350 1159 petenti
3383 1090 3592 1154 tribuit;

2014 1186 2210 1240 bonum
2239 1200 2376 1253 Opus
2398 1185 2590 1250 efﬁcit;
2622 1186 2708 1253 qui
2741 1199 2868 1239 vero
2893 1191 3151 1238 tacentem
3178 1181 3442 1251 intelligit,
3465 1181 3566 1235 bea

2015 1277 2292 1332 titudincm
2325 1277 2439 1330 sine
2469 1277 2642 1346 aliqua
2671 1276 3001 1330 dubitatione
3028 1276 3316 1344 conquirit.
3348 1273 3589 1337 Addidit,

2013 1370 2064 1423 in
2113 1371 2196 1435 die
2242 1371 2376 1422 mala
2422 1370 2649 1423 liberabit
2696 1385 2812 1422 eum
2865 1369 3136 1422 Dominus.
3191 1367 3339 1421 Diem
3377 1367 3590 1436 quidem

2013 1462 2199 1533 judicii
2245 1462 2528 1532 signiﬁcat.
2562 1461 2666 1516 Sed
2698 1463 2904 1530 aliquos
2937 1470 3143 1523 movet,
3174 1459 3313 1529 quod
3346 1468 3452 1513 tam
3483 1458 3587 1513 fre-

2017 1563 2243 1624 quenter
2271 1552 2462 1606 malam
2490 1553 2635 1606 dicit.
2667 1553 2852 1606 Omnis
2883 1552 3042 1604 homo
3072 1551 3268 1603 malum
3304 1558 3357 1602 et
3387 1549 3580 1602 formi-

2017 1645 2191 1702 dabile
2216 1646 2358 1714 juste
2388 1645 2487 1697 sibi
2516 1644 2641 1699 dicit
2673 1658 2791 1698 esse
2817 1643 2909 1696 Dei
2934 1641 3188 1710 judicium
3218 1639 3376 1709 :quia
3406 1652 3595 1708 pecca-

2023 1738 2226 1792 toribus
2270 1737 2445 1790 debita
2499 1751 2653 1804 poena
2703 1743 2950 1803 suspecta
2999 1742 3102 1788 est.
3151 1731 3284 1786 Nam
3335 1730 3437 1785 etsi
3483 1729 3598 1798 ejus

2022 1827 2361 1882 miseratione
2390 1825 2710 1890 liberamur,
2743 1824 2979 1892 vigerent
3010 1834 3187 1878 tamen
3213 1821 3401 1892 judicii
3431 1821 3600 1890 ipsius

2019 1929 2162 1976 recte
2195 1919 2541 1988 pavescimus.

2091 2013 2240 2065 V’ers.
2276 2010 2332 2066 2.
2372 2009 2621 2063 Dominus
2667 2016 2923 2062 conser‘et
2960 2023 3095 2072 eum,
3125 2017 3171 2061 et
3215 2005 3428 2073 vivi/iret
3464 2019 3600 2074 eum,

2018 2113 2066 2158 et
2105 2102 2306 2157 beatum
2345 2103 2502 2172 faciat
2550 2119 2699 2167 eum,
2744 2112 2792 2155 et
2838 2099 3072 2154 emundet
3113 2103 3165 2153 in
3205 2108 3342 2152 terra
3379 2099 3602 2150 animant

2019 2195 2128 2263 ejus
2154 2208 2173 2247 :
2195 2203 2243 2246 et
2272 2210 2374 2246 non
2401 2192 2574 2245 tradat
2599 2208 2714 2246 eum
2746 2193 2796 2244 in
2810 2207 2990 2245 manus
3010 2190 3161 2263 (mss.
3190 2190 3281 2256 A.,
3315 2189 3400 2254 B.,
3429 2187 3514 2252 F.,
3548 2188 3598 2241 in

2019 2283 2268 2356 animam]
2296 2284 2486 2338 inimici
2509 2286 2637 2355 ejus.
2663 2283 2854 2338 Petilio
2877 2283 2977 2338 ista
3007 2283 3285 2352 prophetae
3309 2293 3456 2337 certa
3481 2294 3603 2350 pro-

2021 2377 2206 2432 missio
2237 2383 2338 2438 est,
2381 2377 2501 2445 quia
2533 2376 2610 2429 sic
2644 2375 2756 2429 ﬁeri
2791 2389 3015 2430 necesse
3043 2382 3165 2429 est:
3191 2373 3234 2428 si
3267 2383 3446 2426 tamen
3474 2386 3606 2440 ege-

2022 2483 2122 2523 nus
2165 2476 2220 2523 et
2267 2482 2468 2537 pauper
2515 2468 2605 2536 pio
2651 2482 2873 2521 munere
2921 2466 3253 2522 sublevetur.
3307 2463 3604 2529 Conscrvet,

2025 2559 2272 2616 dixit:id
2304 2569 2407 2624 est,
2436 2560 2576 2615 inter
2623 2558 2763 2613 mala
2812 2558 2996 2613 sazculi
3037 2559 3211 2628 perire
3259 2572 3364 2612 non
3418 2556 3604 2622 faciat;

2021 2655 2114 2710 sed
2147 2655 2214 2710 ad
2243 2668 2392 2709 suam
2436 2652 2844 2709 retributionem
2894 2654 3117 2707 illaesum
3157 2662 3340 2708 sancta
3383 2666 3603 2706 conver-

2024 2749 2234 2803 satione
2266 2745 2543 2817 perducat.
2600 2743 2714 2799 Vivi
2746 2753 2923 2800 autem
2967 2745 3178 2814 proprie
3219 2743 3292 2799 illi
3335 2744 3605 2807 dicuntur,

2024 2839 2110 2906 qui
2144 2852 2202 2893 se
2231 2853 2260 2892 a
2290 2836 2590 2892 Christiana
2633 2835 2737 2892 ﬁde
2785 2850 2889 2890 non
2920 2835 3180 2890 dividunt.
3230 2833 3361 2889 Nam
3405 2835 3472 2889 de
3502 2834 3607 2890 illis

2025 2928 2113 2998 qui
2161 2929 2212 2982 in
2263 2943 2448 2984 errore
2495 2935 2778 2983 versantur
2823 2926 3021 2983 dictum
3064 2937 3186 2982 est:
3218 2928 3341 2982 Sine
3382 2938 3607 2982 morSuos

2025 3021 2270 3092 sepeliant
2300 3029 2526 3074 mortuos
2556 3037 2674 3074 suos
2714 3019 2878 3092 (Luc.
2908 3034 2989 3084 tx,
3037 3016 3164 3088 60).
3216 3019 3356 3090 Ergo
3400 3017 3612 3086 triuiﬁcet

343 3113 784 3182 assumptionem,
803 3112 1006 3181 colligit
1025 3111 1444 3166 conclusionem.
1471 3110 1622 3165 Nunc
1643 3111 1919 3181 sequentia
1950 3170 1994 3194 η
2025 3117 2142 3164 eum
2169 3109 2320 3177 dicit,
2351 3110 2449 3165 hoc
2481 3119 2594 3174 est,
2627 3111 2784 3180 faciat
2833 3109 2982 3165 illum
3026 3109 3167 3165 inter
3204 3108 3403 3164 electos
3433 3110 3483 3163 in
3513 3122 3612 3162 sua

344 3208 636 3262 videamus.
709 3207 954 3261 Secunda
1009 3215 1092 3260 est
1142 3206 1349 3274 species
1412 3205 1740 3260 deﬁnitionis
1799 3220 1920 3274 quae
1949 3171 1994 3232 Ο
2026 3200 2209 3256 vivere
2238 3201 2505 3271 portione.
2535 3201 2768 3264 Addidit,
2793 3211 2840 3255 et
2863 3201 3063 3255 beatum
3092 3202 3245 3268 [ariat
3267 3217 3399 3267 eum,
3427 3200 3617 3271 utique

344 3297 528 3353 Graece
547 3297 916 3352 ennoematice
938 3295 1150 3362 dicitur,
1176 3295 1364 3351 Latine
1387 3297 1536 3350 notio
1563 3304 1918 3364 nuncupatur.

346 3388 470 3443 Haec
508 3388 575 3443 de
605 3387 758 3442 factis
795 3388 906 3441 suis
947 3401 1379 3456 unumquemque
1409 3386 1534 3455 quid
1564 3387 1633 3440 sit
1667 3385 1920 3442 ostendit.

346 3480 484 3534 Dicit
513 3479 656 3534 enim
705 3478 992 3561 quomodo.
1021 3487 1238 3546 peccata
1284 3493 1378 3547 per
1404 3477 1918 3548 operationeseleea

345 3584 687 3640 tnosynarum
733 3569 1116 3624 saluberrimas
1165 3569 1465 3638 expientur,
1497 3578 1557 3623 ut
1604 3569 1771 3638 possit
1795 3561 1924 3623 bea-

349 3662 521 3716 titudo
546 3662 932 3732 gloriosissima
966 3663 1212 3730 reperiri.
1243 3661 1511 3718 Suadebat
1551 3678 1648 3717 nos
1675 3663 1919 3732 equidem

347 3753 581 3824 dignitas
611 3753 686 3808 rei
726 3769 820 3822 per
865 3753 1040 3809 locum
1078 3770 1413 3810 communem
1461 3754 1695 3824 alquam
1747 3755 1923 3810 facere

346 3845 760 3912 digressionem;
812 3853 869 3898 ut
913 3845 1388 3900 reconciliatricem
1437 3845 1655 3900 humani
1706 3847 1920 3914 generis

345 3935 737 4005 eleemosynam
770 3934 988 3990 laudare
1009 3935 1344 3991 deberemus.
1377 3935 1483 3991 Sed
1506 3936 1759 4005 quoniam
1787 3937 1924 3990 mul-

346 4037 518 4081 torum
551 4027 762 4080 Patrum
796 4027 1132 4080 sanctissimo
1175 4036 1334 4096 atque
1363 4026 1804 4097 eloquentissimo
1830 4042 1923 4082 ore

346 4117 610 4172 celebrata
641 4126 744 4182 est,
773 4117 1006 4172 sufﬁciat
1041 4117 1104 4170 ad
1147 4132 1330 4172 eorum
1355 4110 1548 4173 libros
1591 4119 1921 4174 audientium

347 4207 506 4262 corda
558 4208 854 4268 remisisse:
885 4217 938 4261 ut
987 4217 1040 4262 et
1078 4207 1288 4262 illorum
1337 4209 1660 4263 desiderium
1710 4211 1925 4266 uberius

349 4300 647 4368 expleatur,
691 4311 743 4354 ct
787 4315 884 4353 nos
931 4309 1165 4368 ereptum
1218 4315 1373 4368 opus,
1399 4299 1625 4370 juvante
1674 4302 1922 4369 Domino,

351 4391 556 4444 naviter
585 4389 920 4456 impleamus.
953 4389 1057 4443 Sed
1086 4390 1212 4444 licet
1240 4391 1392 4444 multi
1434 4390 1621 4446 Patres
1647 4391 1713 4447 de
1742 4393 1842 4448 hac
1867 4408 1925 4449 re

350 4479 500 4547 plura
543 4479 988 4545 conscripserint,
1022 4479 1191 4533 oritttr
1218 4493 1396 4536 tamen
1427 4483 1566 4539 inter
1605 4499 1699 4540 eos
1723 4487 1790 4540 de
1821 4487 1922 4542 hoc

2029 3300 2088 3346 ut
2129 3292 2181 3346 in
2223 3294 2614 3347 resurrectione
2665 3291 2732 3346 ad
2784 3292 3059 3348 dexteram
3104 3291 3419 3356 collocetur,
3455 3299 3509 3346 et
3554 3291 3613 3345 in

2028 3385 2251 3454 patriam
2280 3384 2428 3439 illam
2455 3385 2733 3438 beatorum
2766 3389 2937 3454 magni
2955 3384 3157 3440 Judicis
3179 3384 3614 3454 p'onuntiatione

2027 3476 2286 3530 mittatur.
2339 3475 2444 3532 Sed
2479 3487 2596 3544 post
2625 3475 2710 3528 illa
2743 3475 3018 3546 superiora
3071 3491 3189 3545 quae
3233 3475 3464 3540 dixerat,
3493 3490 3617 3530 rem

2028 3568 2185 3623 nimis
2213 3569 2566 3624 necessariam
2587 3567 2780 3636 tangit,
2810 3576 2869 3622 ut
2894 3567 3016 3622 dum
3048 3567 3102 3622 in
3130 3568 3230 3623 isto
3260 3566 3458 3621 mundo
3485 3580 3617 3621 con—

2027 3659 2189 3724 sistit,
2221 3666 2558 3725 peccatorum
2606 3656 2924 3712 remissione
2974 3657 3256 3710 mundetur
3286 3655 3415 3710 :ubi
3455 3656 3616 3710 venia

2027 3759 2202 3818 optata
2235 3751 2541 3817 suscipitur,
2572 3749 2615 3802 si
2662 3748 2852 3803 devota
2885 3748 3271 3818 supplicatione
3303 3747 3608 3816 plangatur.

2030 3841 2319 3910 Suhjunxit
2347 3842 2529 3907 etiam,
2550 3856 2618 3895 ne
2642 3841 2694 3893 in
2729 3839 2961 3893 manibus
2990 3839 3184 3892 inimici
3213 3839 3466 3892 tradatur.
3497 3835 3618 3890 Ini-

2029 3934 2192 3987 micus
2221 3932 2462 3988 diabolus
2490 3943 2572 3988 est
2597 3950 2611 3986 :
2637 3949 2819 3986 manus
2849 3935 2962 4005 ejus
2995 3939 3231 4000 potestas
3280 3931 3457 4000 iniqua
3496 3937 3617 3994 est;

2029 4041 2150 4080 nam
2185 4041 2318 4101 quas
2337 4041 2517 4079 manus
2540 4023 2754 4090 habeat,
2779 4025 2867 4090 qui
2891 4037 3109 4078 carnem
3139 4039 3242 4078 non
3276 4023 3470 4078 habet?
3495 4022 3620 4093 Ipsa

2028 4133 2158 4188 ergo
2209 4127 2446 4189 poteStas
2499 4124 2600 4178 est,
2634 4129 2736 4183 qua
2789 4128 2976 4168 servos
3005 4113 3099 4167 Dei
3130 4112 3409 4182 multiplici
3439 4122 3619 4167 tenta-

2030 4209 2174 4264 tione
2204 4211 2446 4277 castigat.
2479 4207 2544 4262 Et
2567 4206 2932 4261 animadverte
2961 4206 3174 4274 quoties
3200 4206 3252 4259 in
3286 4205 3387 4260 hoc
3417 4220 3609 4270 versu,

2028 4308 2096 4366 et,
2144 4299 2345 4368 posuit;
2384 4307 2441 4352 ut
2486 4298 2706 4366 ﬁguram
2757 4296 3168 4368 polysyntheton
3216 4297 3620 4367 conjunctionis

2027 4392 2187 4463 hujus
2220 4391 2483 4461 frequenti
2511 4390 2792 4445 iteratione
2820 4398 3170 4447 monstraret.

2102 4482 2254 4536 Vcrs.
2275 4485 2326 4535 5.
2349 4480 2594 4534 Dominus
2619 4497 2764 4552 opem
2794 4481 2924 4550 [erat
2954 4481 3032 4534 illi
3062 4497 3217 4548 super
3243 4481 3431 4534 lectum
3461 4480 3618 4535 dolo-

349 4567 571 4624 articulo
601 4567 850 4621 nonnulla
888 4568 1169 4624 dissensio.
1200 4564 1416 4642 Legitur
1445 4573 1588 4628 enim
1615 4591 1628 4626 :
1658 4575 1811 4630 Omni
1842 4595 1922 4646 pe-
1951 4551 2001 4611 Ῑ)
2026 4575 2098 4629 ris
2126 4576 2236 4646 ejus
2259 4590 2278 4628 :
2305 4576 2594 4628 universum
2618 4551 2836 4629 stratum
2865 4579 2980 4646 ejus
3007 4577 3218 4630 versasti
3238 4576 3291 4630 in
3315 4576 3620 4644 inﬁrmitate

349 4660 470 4713 tenli
516 4668 562 4713 te
603 4659 765 4712 tribue
808 4659 959 4730 (Luc.
1001 4675 1077 4724 vr,
1110 4661 1225 4731 30).
1275 4663 1542 4730 Scriptum
1591 4675 1674 4718 est
1721 4667 1926 4721 etiam:

349 4752 578 4807 Desudet
626 4752 969 4822 elei-mosyna
1017 4753 1069 4807 in
1101 4769 1260 4808 manu
1297 4765 1404 4821 tua,
1461 4755 1634 4811 donec
1681 4757 1923 4814 invenias

349 4841 569 4913 justum,
599 4843 684 4897 cui
712 4858 830 4897 eam
864 4843 1061 4898 tradas.
1111 4845 1214 4900 Sed
1244 4846 1287 4899 si
1318 4861 1504 4901 omnes
1530 4845 1705 4917 justos
1733 4849 1924 4916 qttzeri-

348 4951 487 5003 mus,
550 4935 860 5002 imperatam
903 4936 1316 5006 constringimus
1369 4937 1690 5005 largitatem.
1725 4938 1918 4993 Verum

349 5025 464 5081 hazc
492 5042 650 5080 causa
697 5026 750 5080 in
781 5027 893 5080 sola
926 5026 1009 5095 pia
1039 5028 1314 5083 voluntate
1359 5029 1600 5084 consistit
1627 5047 1639 5082 :
1665 5030 1784 5099 quia
1818 5045 1922 5085 non

347 5130 429 5176 est
458 5128 696 5174 nostrum
725 5119 876 5188 prius
906 5135 1082 5175 mores
1111 5120 1401 5188 discutere,
1432 5133 1486 5178 et
1514 5125 1593 5178 sic
1620 5124 1923 5192 indigentiae

349 5211 653 5266 subvenire.
705 5210 911 5265 Sufﬁcit
941 5211 1116 5278 nobis,
1141 5224 1196 5267 ut
1229 5227 1326 5268 nos
1353 5215 1482 5268 dare
1524 5215 1724 5283 aliquid
1768 5217 1925 5271 malis

349 5302 554 5356 artibus
580 5302 901 5367 nesciamus,
932 5317 1031 5356 nec
1055 5304 1334 5372 opiniones
1359 5304 1632 5358 hominum
1659 5307 1924 5375 captanda

349 5393 476 5447 elati
524 5394 916 5467 eleemosynam
972 5396 1304 5465 largiamur:
1341 5397 1434 5451 sed
1481 5412 1764 5466 operemur
1812 5401 1928 5455 solo

351 5484 538 5538 aliectu
580 5485 950 5553 subveniendi,
983 5486 1122 5556 quod
1156 5501 1253 5541 nos
1282 5501 1444 5556 super
1483 5490 1659 5544 omnia
1687 5491 1929 5560 praecipit.

351 5573 607 5629 Diviuitas
631 5577 845 5631 intueri.
871 5577 970 5642 Qui
1006 5579 1085 5632 sic
1106 5576 1333 5643 dederit,
1359 5579 1456 5633 etsi
1483 5577 1640 5648 justis
1671 5594 1777 5635 non
1811 5580 1922 5646 det,

350 5663 488 5732 juste
505 5674 677 5720 tamen
706 5669 951 5724 omnibus
963 5669 1220 5740 erogabit.
1243 5668 1350 5726 Sed
1375 5671 1545 5740 major
1571 5687 1731 5741 opera
1748 5671 1923 5727 danda

353 5763 465 5825 est,
497 5767 551 5813 ut
595 5759 791 5813 sanctis
841 5761 966 5816 viris
1000 5761 1054 5818 in
1094 5763 1269 5833 aliqua
1320 5765 1607 5835 ind'genlia
1641 5764 1923 5820 subvenire

2031 4667 2164 4735 ejus.
2196 4665 2272 4721 Ne
2301 4675 2517 4736 putares
2543 4666 2753 4721 beatum
2797 4667 2952 4720 istum
2985 4665 3036 4720 in
3066 4670 3166 4721 hoc
3195 4669 3393 4721 mundo
3425 4667 3618 4721 incon—

2029 4773 2237 4813 cassam
2292 4760 2528 4829 requiem
2582 4759 2896 4830 possidere,
2945 4759 3160 4815 dolores
3221 4761 3339 4831 ejus
3379 4760 3619 4831 mitigari

2027 4849 2374 4918 deprecatur;
2421 4859 2477 4903 ut
2534 4847 2818 4905 multitudo
2881 4851 3142 4906 malorum
3201 4851 3612 4920 tetnperationis

2034 4940 2294 4996 beneﬁcio
2328 4941 2651 4995 vinceretur.
2687 4941 2868 4996 Lectus
2897 4943 3039 4997 enim
3072 4943 3225 4996 nobis
3255 4943 3410 4997 datus
3438 4950 3523 4997 est
3547 4945 3618 5001 ad

2032 5032 2287 5102 quietem,
2306 5033 2357 5088 in
2381 5049 2486 5104 quo
2510 5047 2566 5088 se
2592 5033 2861 5088 hominum
2886 5033 3026 5088 fessa
3049 5034 3286 5088 membra
3309 5033 3611 5089 refoveant.

2031 5121 2118 5177 Sic
2147 5134 2200 5177 et
2241 5122 2330 5177 ille
2374 5123 2461 5189 qui
2505 5123 2880 5190 patrimonium
2925 5123 3212 5192 conquirit,
3245 5140 3467 5178 uxorem
3505 5121 3607 5180 sibi

2031 5215 2279 5283 copulat,
2309 5213 2445 5267 ﬁlios
2491 5223 2766 5283 procreat,
2797 5214 2884 5283 qui
2929 5214 3195 5268 amicitias
3242 5223 3424 5282 parat,
3456 5214 3616 5283 quasi

2033 5307 2085 5360 in
2135 5305 2363 5375 quodam
2416 5306 2554 5360 lecto
2607 5305 2977 5361 delectationis
3023 5307 3192 5375 gratia
3254 5306 3611 5374 conquiescit.

2033 5397 2140 5453 Sed
2191 5397 2306 5452 haec
2353 5380 2654 5466 frequenter
2695 5398 2865 5452 servis
2897 5398 3005 5452 suis
3043 5413 3222 5452 amara
3254 5407 3308 5453 et
3335 5397 3618 5452 doloribus

2032 5488 2186 5556 plena
2239 5488 2492 5543 Dominus
2544 5487 2690 5554 facit,
2735 5504 2802 5543 ne
2852 5504 3000 5558 Spem
3051 5505 3199 5544 suam
3249 5499 3508 5557 ponentes
3557 5488 3615 5544 in

2032 5580 2412 5648 temporalibus
2439 5581 2598 5636 rebus
2631 5581 2801 5650 futura
2851 5583 2986 5638 bona
3016 5599 3119 5637 non
3153 5591 3423 5652 appetant.
3468 5581 3606 5649 Qua-

2029 5684 2247 5742 propter
2276 5680 2423 5743 optat
2453 5673 2709 5743 propheta
2753 5682 2811 5727 ut
2845 5675 3152 5730 consoletur
3183 5675 3439 5729 Dominus
3465 5672 3617 5745 dolo-

2029 5779 2143 5820 rem
2189 5767 2336 5835 ejus,
2386 5768 2474 5838 qui
2530 5771 2584 5821 in
2633 5765 2989 5824 delectatione
3040 5782 3132 5824 sua
3178 5766 3326 5837 quasi
3375 5764 3613 5837 quodam
