  <div class='ocr_page' id='page_1' title='image "/cluster/home/n/w/nwhite01/storage/ocr_20150623/70/hvd.32044054758735/154.png"; bbox 0 0 4030 6172; ppageno 0'>
   <div class='ocr_carea' id='block_1_1' title="bbox 282 231 426 311">
    <p class='ocr_par' dir='ltr' id='par_1_1' title="bbox 282 231 426 311">
     <span class='ocr_line' id='line_1_1' title="bbox 282 231 426 311; baseline 0.007 -2"><span class='ocrx_word' id='word_1_1' title='bbox 282 258 387 311; x_wconf 73' lang='lat' dir='ltr'><strong>eor</strong></span> <span class='ocrx_word' id='word_1_2' title='bbox 421 231 426 234; x_wconf 68' lang='grc'><strong>’</strong></span> 
     </span>
    </p>
   </div>
   <div class='ocr_carea' id='block_1_2' title="bbox 1218 246 2566 315">
    <p class='ocr_par' dir='ltr' id='par_1_2' title="bbox 1218 246 2566 315">
     <span class='ocr_line' id='line_1_2' title="bbox 1218 246 2566 315; baseline -0.002 -2"><span class='ocrx_word' id='word_1_3' title='bbox 1218 258 1579 315; x_wconf 76' lang='lat' dir='ltr'><strong>EXPOSITIO</strong></span> <span class='ocrx_word' id='word_1_4' title='bbox 1621 257 1682 313; x_wconf 74' lang='lat' dir='ltr'><strong>lN</strong></span> <span class='ocrx_word' id='word_1_5' title='bbox 1727 246 2181 313; x_wconf 75' lang='lat' dir='ltr'><strong>PSALTERIUM.</strong></span> <span class='ocrx_word' id='word_1_6' title='bbox 2226 254 2414 313; x_wconf 69' lang='lat' dir='ltr'><strong>PSAL.</strong></span> <span class='ocrx_word' id='word_1_7' title='bbox 2459 252 2566 312; x_wconf 76' lang='lat' dir='ltr'><strong>XL.</strong></span> 
     </span>
    </p>
   </div>
   <div class='ocr_carea' id='block_1_3' title="bbox 3460 242 3563 305">
    <p class='ocr_par' dir='ltr' id='par_1_3' title="bbox 3460 242 3563 305">
     <span class='ocr_line' id='line_1_3' title="bbox 3460 242 3563 305; baseline 0.01 -2"><span class='ocrx_word' id='word_1_8' title='bbox 3534 246 3563 305; x_wconf 50' lang='grc' dir='ltr'><strong>ἢ</strong></span> 
     </span>
    </p>
   </div>
   <div class='ocr_carea' id='block_1_4' title="bbox 284 369 3557 445">
    <p class='ocr_par' dir='ltr' id='par_1_4' title="bbox 284 369 3557 445">
     <span class='ocr_line' id='line_1_4' title="bbox 284 369 3557 445; baseline 0.001 -20"><span class='ocrx_word' id='word_1_9' title='bbox 284 373 489 427; x_wconf 82' lang='lat' dir='ltr'><strong>lectulo</strong></span> <span class='ocrx_word' id='word_1_10' title='bbox 543 369 835 426; x_wconf 78' lang='lat' dir='ltr'><strong>sauciatur.</strong></span> <span class='ocrx_word' id='word_1_11' title='bbox 897 369 1133 436; x_wconf 77' lang='lat' dir='ltr'><strong>Addidit,</strong></span> <span class='ocrx_word' id='word_1_12' title='bbox 1178 373 1467 427; x_wconf 76' lang='lat' dir='ltr'><strong>universum</strong></span> <span class='ocrx_word' id='word_1_13' title='bbox 1504 382 1717 427; x_wconf 84' lang='lat' dir='ltr'><strong>stratum</strong></span> <span class='ocrx_word' id='word_1_14' title='bbox 1766 374 1878 443; x_wconf 86' lang='lat' dir='ltr'><strong>ejus</strong></span> <span class='ocrx_word' id='word_1_15' title='bbox 1911 377 1956 434; x_wconf 83' lang='grc' dir='ltr'><strong>Λ</strong></span> <span class='ocrx_word' id='word_1_16' title='bbox 1990 373 2283 439; x_wconf 84' lang='lat' dir='ltr'><strong>Utrumque</strong></span> <span class='ocrx_word' id='word_1_17' title='bbox 2328 372 2605 441; x_wconf 82' lang='lat' dir='ltr'><strong>miserum,</strong></span> <span class='ocrx_word' id='word_1_18' title='bbox 2637 381 2920 442; x_wconf 87' lang='lat' dir='ltr'><strong>utrumque</strong></span> <span class='ocrx_word' id='word_1_19' title='bbox 2951 371 3303 443; x_wconf 77' lang='lat' dir='ltr'><strong>pestiferum:</strong></span> <span class='ocrx_word' id='word_1_20' title='bbox 3333 372 3557 445; x_wconf 78' lang='lat' dir='ltr'><strong>ingressi</strong></span> 
     </span>
    </p>
   </div>
   <div class='ocr_carea' id='block_1_5' title="bbox 279 460 1879 533">
    <p class='ocr_par' dir='ltr' id='par_1_5' title="bbox 279 460 1879 533">
     <span class='ocr_line' id='line_1_5' title="bbox 279 460 1879 533; baseline -0.001 -17"><span class='ocrx_word' id='word_1_21' title='bbox 279 464 497 516; x_wconf 68' lang='lat' dir='ltr'><strong>versain</strong></span> <span class='ocrx_word' id='word_1_22' title='bbox 526 460 580 515; x_wconf 86' lang='lat' dir='ltr'><strong>in</strong></span> <span class='ocrx_word' id='word_1_23' title='bbox 610 461 911 526; x_wconf 80' lang='lat' dir='ltr'><strong>inﬁrmitate</strong></span> <span class='ocrx_word' id='word_1_24' title='bbox 937 463 1072 533; x_wconf 84' lang='lat' dir='ltr'><strong>ejus.</strong></span> <span class='ocrx_word' id='word_1_25' title='bbox 1111 461 1341 516; x_wconf 85' lang='lat' dir='ltr'><strong>Causam</strong></span> <span class='ocrx_word' id='word_1_26' title='bbox 1370 463 1567 517; x_wconf 77' lang='lat' dir='ltr'><strong>excolit</strong></span> <span class='ocrx_word' id='word_1_27' title='bbox 1597 477 1756 532; x_wconf 89' lang='lat' dir='ltr'><strong>quam</strong></span> <span class='ocrx_word' id='word_1_28' title='bbox 1790 477 1879 515; x_wconf 82' lang='lat' dir='ltr'><strong>su-</strong></span> 
     </span>
    </p>
   </div>
   <div class='ocr_carea' id='block_1_6' title="bbox 283 552 1882 622">
    <p class='ocr_par' dir='ltr' id='par_1_6' title="bbox 283 552 1882 622">
     <span class='ocr_line' id='line_1_6' title="bbox 283 552 1882 622; baseline -0.001 -14"><span class='ocrx_word' id='word_1_29' title='bbox 283 556 469 622; x_wconf 86' lang='lat' dir='ltr'><strong>perius</strong></span> <span class='ocrx_word' id='word_1_30' title='bbox 516 552 842 619; x_wconf 73' lang='lat' dir='ltr'><strong>dixitzquia</strong></span> <span class='ocrx_word' id='word_1_31' title='bbox 887 552 1222 621; x_wconf 77' lang='lat' dir='ltr'><strong>providentia</strong></span> <span class='ocrx_word' id='word_1_32' title='bbox 1266 552 1445 607; x_wconf 80' lang='lat' dir='ltr'><strong>divina</strong></span> <span class='ocrx_word' id='word_1_33' title='bbox 1500 553 1788 622; x_wconf 73' lang='lat' dir='ltr'><strong>perficitur,</strong></span> <span class='ocrx_word' id='word_1_34' title='bbox 1825 560 1882 606; x_wconf 91' lang='lat' dir='ltr'><strong>ut</strong></span> 
     </span>
    </p>
   </div>
   <div class='ocr_carea' id='block_1_7' title="bbox 281 642 1880 714">
    <p class='ocr_par' dir='ltr' id='par_1_7' title="bbox 281 642 1880 714">
     <span class='ocr_line' id='line_1_7' title="bbox 281 642 1880 714; baseline -0.001 -16"><span class='ocrx_word' id='word_1_35' title='bbox 281 661 567 698; x_wconf 78' lang='lat' dir='ltr'><strong>servorum</strong></span> <span class='ocrx_word' id='word_1_36' title='bbox 601 645 692 698; x_wconf 86' lang='lat' dir='ltr'><strong>Dei</strong></span> <span class='ocrx_word' id='word_1_37' title='bbox 720 642 990 698; x_wconf 86' lang='lat' dir='ltr'><strong>mundana</strong></span> <span class='ocrx_word' id='word_1_38' title='bbox 1033 643 1325 698; x_wconf 72' lang='lat' dir='ltr'><strong>delectatio</strong></span> <span class='ocrx_word' id='word_1_39' title='bbox 1357 646 1410 698; x_wconf 89' lang='lat' dir='ltr'><strong>in</strong></span> <span class='ocrx_word' id='word_1_40' title='bbox 1441 644 1700 714; x_wconf 73' lang='lat' dir='ltr'><strong>angusdis</strong></span> <span class='ocrx_word' id='word_1_41' title='bbox 1725 642 1880 696; x_wconf 91' lang='lat' dir='ltr'><strong>dolo-</strong></span> 
     </span>
    </p>
   </div>
   <div class='ocr_carea' id='block_1_8' title="bbox 282 731 1881 804">
    <p class='ocr_par' dir='ltr' id='par_1_8' title="bbox 282 731 1881 804">
     <span class='ocr_line' id='line_1_8' title="bbox 282 731 1881 804; baseline -0.002 -16"><span class='ocrx_word' id='word_1_42' title='bbox 282 737 546 804; x_wconf 57' lang='lat' dir='ltr'><strong>ribusque</strong></span> <span class='ocrx_word' id='word_1_43' title='bbox 578 741 855 798; x_wconf 80' lang='lat' dir='ltr'><strong>versetur;</strong></span> <span class='ocrx_word' id='word_1_44' title='bbox 899 743 1159 801; x_wconf 82' lang='lat' dir='ltr'><strong>quatenus</strong></span> <span class='ocrx_word' id='word_1_45' title='bbox 1188 734 1273 788; x_wconf 91' lang='lat' dir='ltr'><strong>hic</strong></span> <span class='ocrx_word' id='word_1_46' title='bbox 1306 733 1533 788; x_wconf 78' lang='lat' dir='ltr'><strong>diversis</strong></span> <span class='ocrx_word' id='word_1_47' title='bbox 1562 731 1881 787; x_wconf 52' lang='lat' dir='ltr'><strong>calamitati—</strong></span> 
     </span>
    </p>
   </div>
   <div class='ocr_carea' id='block_1_9' title="bbox 284 822 1884 893">
    <p class='ocr_par' dir='ltr' id='par_1_9' title="bbox 284 822 1884 893">
     <span class='ocr_line' id='line_1_9' title="bbox 284 822 1884 893; baseline -0.001 -16"><span class='ocrx_word' id='word_1_48' title='bbox 284 826 384 878; x_wconf 86' lang='lat' dir='ltr'><strong>bus</strong></span> <span class='ocrx_word' id='word_1_49' title='bbox 411 825 626 887; x_wconf 64' lang='lat' dir='ltr'><strong>afﬂicti,</strong></span> <span class='ocrx_word' id='word_1_50' title='bbox 659 834 877 877; x_wconf 71' lang='lat' dir='ltr'><strong>teterna:</strong></span> <span class='ocrx_word' id='word_1_51' title='bbox 903 822 1251 878; x_wconf 79' lang='lat' dir='ltr'><strong>beatitudinis</strong></span> <span class='ocrx_word' id='word_1_52' title='bbox 1279 824 1516 893; x_wconf 82' lang='lat' dir='ltr'><strong>requiem</strong></span> <span class='ocrx_word' id='word_1_53' title='bbox 1549 837 1884 893; x_wconf 84' lang='lat' dir='ltr'><strong>consequan-</strong></span> 
     </span>
    </p>
   </div>
   <div class='ocr_carea' id='block_1_10' title="bbox 287 915 1883 982">
    <p class='ocr_par' dir='ltr' id='par_1_10' title="bbox 287 915 1883 982">
     <span class='ocr_line' id='line_1_10' title="bbox 287 915 1883 982; baseline -0.001 -11"><span class='ocrx_word' id='word_1_54' title='bbox 287 927 413 979; x_wconf 84' lang='lat' dir='ltr'><strong>tur;</strong></span> <span class='ocrx_word' id='word_1_55' title='bbox 461 917 607 971; x_wconf 85' lang='lat' dir='ltr'><strong>sicut</strong></span> <span class='ocrx_word' id='word_1_56' title='bbox 654 916 851 971; x_wconf 75' lang='lat' dir='ltr'><strong>iactum</strong></span> <span class='ocrx_word' id='word_1_57' title='bbox 905 927 989 971; x_wconf 85' lang='lat' dir='ltr'><strong>est</strong></span> <span class='ocrx_word' id='word_1_58' title='bbox 1041 916 1093 971; x_wconf 88' lang='lat' dir='ltr'><strong>in</strong></span> <span class='ocrx_word' id='word_1_59' title='bbox 1140 916 1263 982; x_wconf 83' lang='lat' dir='ltr'><strong>Joh,</strong></span> <span class='ocrx_word' id='word_1_60' title='bbox 1292 917 1375 971; x_wconf 89' lang='lat' dir='ltr'><strong>cui</strong></span> <span class='ocrx_word' id='word_1_61' title='bbox 1417 916 1595 970; x_wconf 55' lang='lat' dir='ltr'><strong>saculi</strong></span> <span class='ocrx_word' id='word_1_62' title='bbox 1643 915 1779 969; x_wconf 88' lang='lat' dir='ltr'><strong>bona</strong></span> <span class='ocrx_word' id='word_1_63' title='bbox 1831 915 1883 969; x_wconf 91' lang='lat' dir='ltr'><strong>in</strong></span> 
     </span>
    </p>
   </div>
   <div class='ocr_carea' id='block_1_11' title="bbox 286 1009 1884 1077">
    <p class='ocr_par' dir='ltr' id='par_1_11' title="bbox 286 1009 1884 1077">
     <span class='ocr_line' id='line_1_11' title="bbox 286 1009 1884 1077; baseline 0.001 -14"><span class='ocrx_word' id='word_1_64' title='bbox 286 1011 609 1064; x_wconf 81' lang='lat' dir='ltr'><strong>inﬁrmitate</strong></span> <span class='ocrx_word' id='word_1_65' title='bbox 637 1024 895 1065; x_wconf 82' lang='lat' dir='ltr'><strong>cunversa</strong></span> <span class='ocrx_word' id='word_1_66' title='bbox 928 1018 1054 1064; x_wconf 77' lang='lat' dir='ltr'><strong>sunt</strong></span> <span class='ocrx_word' id='word_1_67' title='bbox 1080 1027 1094 1067; x_wconf 87' lang='lat'><strong>:</strong></span> <span class='ocrx_word' id='word_1_68' title='bbox 1118 1010 1211 1065; x_wconf 88' lang='lat' dir='ltr'><strong>sed</strong></span> <span class='ocrx_word' id='word_1_69' title='bbox 1244 1011 1368 1065; x_wconf 88' lang='lat' dir='ltr'><strong>inde</strong></span> <span class='ocrx_word' id='word_1_70' title='bbox 1419 1009 1624 1065; x_wconf 76' lang='lat' dir='ltr'><strong>felicior</strong></span> <span class='ocrx_word' id='word_1_71' title='bbox 1660 1010 1884 1077; x_wconf 80' lang='lat' dir='ltr'><strong>exstitit,</strong></span> 
     </span>
    </p>
   </div>
   <div class='ocr_carea' id='block_1_12' title="bbox 289 1101 1883 1169">
    <p class='ocr_par' dir='ltr' id='par_1_12' title="bbox 289 1101 1883 1169">
     <span class='ocr_line' id='line_1_12' title="bbox 289 1101 1883 1169; baseline 0.001 -17"><span class='ocrx_word' id='word_1_72' title='bbox 289 1104 409 1169; x_wconf 85' lang='lat' dir='ltr'><strong>quia</strong></span> <span class='ocrx_word' id='word_1_73' title='bbox 444 1115 506 1155; x_wconf 85' lang='lat' dir='ltr'><strong>se</strong></span> <span class='ocrx_word' id='word_1_74' title='bbox 537 1101 613 1155; x_wconf 83' lang='lat' dir='ltr'><strong>illi</strong></span> <span class='ocrx_word' id='word_1_75' title='bbox 641 1101 969 1169; x_wconf 67' lang='lat' dir='ltr'><strong>prosperitas</strong></span> <span class='ocrx_word' id='word_1_76' title='bbox 999 1101 1265 1155; x_wconf 88' lang='lat' dir='ltr'><strong>mundana</strong></span> <span class='ocrx_word' id='word_1_77' title='bbox 1295 1101 1583 1155; x_wconf 62' lang='lat' dir='ltr'><strong>subtraxit.</strong></span> <span class='ocrx_word' id='word_1_78' title='bbox 1619 1101 1883 1167; x_wconf 84' lang='lat' dir='ltr'><strong>Quocirca</strong></span> 
     </span>
    </p>
   </div>
   <div class='ocr_carea' id='block_1_13' title="bbox 288 1193 1887 1264">
    <p class='ocr_par' dir='ltr' id='par_1_13' title="bbox 288 1193 1887 1264">
     <span class='ocr_line' id='line_1_13' title="bbox 288 1193 1887 1264; baseline 0.003 -20"><span class='ocrx_word' id='word_1_79' title='bbox 288 1194 488 1247; x_wconf 77' lang='lat' dir='ltr'><strong>talibus</strong></span> <span class='ocrx_word' id='word_1_80' title='bbox 515 1194 677 1250; x_wconf 85' lang='lat' dir='ltr'><strong>rebus</strong></span> <span class='ocrx_word' id='word_1_81' title='bbox 706 1204 856 1263; x_wconf 81' lang='lat' dir='ltr'><strong>rogat</strong></span> <span class='ocrx_word' id='word_1_82' title='bbox 884 1210 1031 1262; x_wconf 85' lang='lat' dir='ltr'><strong>apem</strong></span> <span class='ocrx_word' id='word_1_83' title='bbox 1055 1197 1190 1264; x_wconf 73' lang='lat' dir='ltr'><strong>ferre</strong></span> <span class='ocrx_word' id='word_1_84' title='bbox 1244 1193 1537 1259; x_wconf 85' lang='lat' dir='ltr'><strong>Dominum,</strong></span> <span class='ocrx_word' id='word_1_85' title='bbox 1567 1211 1630 1249; x_wconf 88' lang='lat' dir='ltr'><strong>ne</strong></span> <span class='ocrx_word' id='word_1_86' title='bbox 1657 1196 1887 1248; x_wconf 85' lang='lat' dir='ltr'><strong>humana</strong></span> 
     </span>
    </p>
   </div>
   <div class='ocr_carea' id='block_1_14' title="bbox 290 1285 1593 1356">
    <p class='ocr_par' dir='ltr' id='par_1_14' title="bbox 290 1285 1593 1356">
     <span class='ocr_line' id='line_1_14' title="bbox 290 1285 1593 1356; baseline 0.003 -21"><span class='ocrx_word' id='word_1_87' title='bbox 290 1286 551 1355; x_wconf 76' lang='lat' dir='ltr'><strong>tngititas</strong></span> <span class='ocrx_word' id='word_1_88' title='bbox 581 1285 730 1338; x_wconf 85' lang='lat' dir='ltr'><strong>duris</strong></span> <span class='ocrx_word' id='word_1_89' title='bbox 759 1286 1033 1340; x_wconf 74' lang='lat' dir='ltr'><strong>laboribus</strong></span> <span class='ocrx_word' id='word_1_90' title='bbox 1063 1300 1242 1355; x_wconf 87' lang='lat' dir='ltr'><strong>pressa</strong></span> <span class='ocrx_word' id='word_1_91' title='bbox 1287 1298 1593 1356; x_wconf 86' lang='lat' dir='ltr'><strong>superetur.</strong></span> 
     </span>
    </p>
   </div>
   <div class='ocr_carea' id='block_1_15' title="bbox 367 1375 1889 1448">
    <p class='ocr_par' dir='ltr' id='par_1_15' title="bbox 367 1375 1889 1448">
     <span class='ocr_line' id='line_1_15' title="bbox 367 1375 1889 1448; baseline -0.001 -20"><span class='ocrx_word' id='word_1_92' title='bbox 367 1376 527 1431; x_wconf 69' lang='lat' dir='ltr'><strong>Vers.</strong></span> <span class='ocrx_word' id='word_1_93' title='bbox 578 1378 633 1430; x_wconf 74' lang='grc'><strong>4.</strong></span> <span class='ocrx_word' id='word_1_94' title='bbox 683 1375 794 1448; x_wconf 85' lang='lat' dir='ltr'><strong>Ego</strong></span> <span class='ocrx_word' id='word_1_95' title='bbox 842 1377 978 1441; x_wconf 75' lang='lat' dir='ltr'><strong>dixi,</strong></span> <span class='ocrx_word' id='word_1_96' title='bbox 1016 1376 1126 1430; x_wconf 68' lang='lat' dir='ltr'><strong>Do:</strong></span> <span class='ocrx_word' id='word_1_97' title='bbox 1149 1377 1267 1435; x_wconf 87' lang='lat' dir='ltr'><strong>ine.</strong></span> <span class='ocrx_word' id='word_1_98' title='bbox 1309 1378 1546 1430; x_wconf 79' lang='lat' dir='ltr'><strong>miserere</strong></span> <span class='ocrx_word' id='word_1_99' title='bbox 1586 1377 1682 1429; x_wconf 89' lang='lat' dir='ltr'><strong>mei</strong></span> <span class='ocrx_word' id='word_1_100' title='bbox 1713 1391 1730 1427; x_wconf 91' lang='lat'><strong>:</strong></span> <span class='ocrx_word' id='word_1_101' title='bbox 1761 1391 1889 1428; x_wconf 82' lang='lat' dir='ltr'><strong>sana</strong></span> 
     </span>
    </p>
   </div>
   <div class='ocr_carea' id='block_1_16' title="bbox 288 1466 1879 1538">
    <p class='ocr_par' dir='ltr' id='par_1_16' title="bbox 288 1466 1879 1538">
     <span class='ocr_line' id='line_1_16' title="bbox 288 1466 1879 1538; baseline -0.001 -18"><span class='ocrx_word' id='word_1_102' title='bbox 288 1469 515 1520; x_wconf 73' lang='lat' dir='ltr'><strong>nimam</strong></span> <span class='ocrx_word' id='word_1_103' title='bbox 555 1484 738 1530; x_wconf 81' lang='lat' dir='ltr'><strong>meatu,</strong></span> <span class='ocrx_word' id='word_1_104' title='bbox 770 1469 888 1536; x_wconf 81' lang='lat' dir='ltr'><strong>quia</strong></span> <span class='ocrx_word' id='word_1_105' title='bbox 924 1469 1126 1538; x_wconf 84' lang='lat' dir='ltr'><strong>peccavi</strong></span> <span class='ocrx_word' id='word_1_106' title='bbox 1156 1469 1263 1520; x_wconf 88' lang='lat' dir='ltr'><strong>tibi.</strong></span> <span class='ocrx_word' id='word_1_107' title='bbox 1316 1466 1447 1520; x_wconf 87' lang='lat' dir='ltr'><strong>Cum</strong></span> <span class='ocrx_word' id='word_1_108' title='bbox 1503 1466 1879 1520; x_wconf 85' lang='lat' dir='ltr'><strong>tribulationes</strong></span> 
     </span>
    </p>
   </div>
   <div class='ocr_carea' id='block_1_17' title="bbox 292 1558 1890 1631">
    <p class='ocr_par' dir='ltr' id='par_1_17' title="bbox 292 1558 1890 1631">
     <span class='ocr_line' id='line_1_17' title="bbox 292 1558 1890 1631; baseline -0.001 -18"><span class='ocrx_word' id='word_1_109' title='bbox 292 1561 536 1613; x_wconf 74' lang='lat' dir='ltr'><strong>fidelium</strong></span> <span class='ocrx_word' id='word_1_110' title='bbox 586 1560 767 1613; x_wconf 86' lang='lat' dir='ltr'><strong>divino</strong></span> <span class='ocrx_word' id='word_1_111' title='bbox 795 1560 1000 1628; x_wconf 86' lang='lat' dir='ltr'><strong>judicio</strong></span> <span class='ocrx_word' id='word_1_112' title='bbox 1053 1560 1167 1615; x_wconf 77' lang='lat' dir='ltr'><strong>ﬁeri</strong></span> <span class='ocrx_word' id='word_1_113' title='bbox 1216 1562 1576 1631; x_wconf 75' lang='lat' dir='ltr'><strong>cognovisset,</strong></span> <span class='ocrx_word' id='word_1_114' title='bbox 1618 1558 1890 1630; x_wconf 73' lang='grc' dir='ltr'><strong>ιωιχ-</strong></span> 
     </span>
    </p>
   </div>
   <div class='ocr_carea' id='block_1_18' title="bbox 288 1651 1890 1722">
    <p class='ocr_par' dir='ltr' id='par_1_18' title="bbox 288 1651 1890 1722">
     <span class='ocr_line' id='line_1_18' title="bbox 288 1651 1890 1722; baseline -0.001 -17"><span class='ocrx_word' id='word_1_115' title='bbox 288 1655 489 1705; x_wconf 78' lang='lat' dir='ltr'><strong>clamat</strong></span> <span class='ocrx_word' id='word_1_116' title='bbox 536 1652 624 1719; x_wconf 71' lang='lat' dir='ltr'><strong>pTe</strong></span> <span class='ocrx_word' id='word_1_117' title='bbox 657 1652 900 1722; x_wconf 89' lang='lat' dir='ltr'><strong>trepidus</strong></span> <span class='ocrx_word' id='word_1_118' title='bbox 947 1654 1201 1722; x_wconf 82' lang='lat' dir='ltr'><strong>propheta</strong></span> <span class='ocrx_word' id='word_1_119' title='bbox 1224 1694 1238 1717; x_wconf 90' lang='lat'><strong>,</strong></span> <span class='ocrx_word' id='word_1_120' title='bbox 1272 1665 1327 1705; x_wconf 86' lang='lat' dir='ltr'><strong>ut</strong></span> <span class='ocrx_word' id='word_1_121' title='bbox 1358 1662 1411 1705; x_wconf 89' lang='lat' dir='ltr'><strong>et</strong></span> <span class='ocrx_word' id='word_1_122' title='bbox 1438 1654 1554 1722; x_wconf 83' lang='lat' dir='ltr'><strong>ipse</strong></span> <span class='ocrx_word' id='word_1_123' title='bbox 1584 1651 1890 1705; x_wconf 84' lang='lat' dir='ltr'><strong>misericor-</strong></span> 
     </span>
    </p>
   </div>
   <div class='ocr_carea' id='block_1_19' title="bbox 1982 462 3559 531">
    <p class='ocr_par' dir='ltr' id='par_1_19' title="bbox 1982 462 3559 531">
     <span class='ocr_line' id='line_1_19' title="bbox 1982 462 3559 531; baseline 0.001 -14"><span class='ocrx_word' id='word_1_124' title='bbox 1982 472 2105 517; x_wconf 69' lang='lat' dir='ltr'><strong>sum</strong></span> <span class='ocrx_word' id='word_1_125' title='bbox 2134 463 2199 515; x_wconf 87' lang='lat' dir='ltr'><strong>ad</strong></span> <span class='ocrx_word' id='word_1_126' title='bbox 2231 462 2435 516; x_wconf 66' lang='lat' dir='ltr'><strong>facinus</strong></span> <span class='ocrx_word' id='word_1_127' title='bbox 2475 462 2885 531; x_wconf 84' lang='lat' dir='ltr'><strong>perpetrandum</strong></span> <span class='ocrx_word' id='word_1_128' title='bbox 2910 501 2926 528; x_wconf 89' lang='lat'><strong>,</strong></span> <span class='ocrx_word' id='word_1_129' title='bbox 2955 463 3151 519; x_wconf 86' lang='lat' dir='ltr'><strong>deinde</strong></span> <span class='ocrx_word' id='word_1_130' title='bbox 3190 464 3335 519; x_wconf 78' lang='lat' dir='ltr'><strong>foras</strong></span> <span class='ocrx_word' id='word_1_131' title='bbox 3361 479 3392 518; x_wconf 82' lang='lat' dir='ltr'><strong>a</strong></span> <span class='ocrx_word' id='word_1_132' title='bbox 3422 479 3559 519; x_wconf 83' lang='lat' dir='ltr'><strong>vert-</strong></span> 
     </span>
    </p>
   </div>
   <div class='ocr_carea' id='block_1_20' title="bbox 1984 552 2619 607">
    <p class='ocr_par' dir='ltr' id='par_1_20' title="bbox 1984 552 2619 607">
     <span class='ocr_line' id='line_1_20' title="bbox 1984 552 2619 607; baseline 0 0"><span class='ocrx_word' id='word_1_133' title='bbox 1984 554 2107 607; x_wconf 88' lang='lat' dir='ltr'><strong>tatis</strong></span> <span class='ocrx_word' id='word_1_134' title='bbox 2137 552 2327 607; x_wconf 79' lang='lat' dir='ltr'><strong>ﬁnibus</strong></span> <span class='ocrx_word' id='word_1_135' title='bbox 2355 555 2619 607; x_wconf 72' lang='lat' dir='ltr'><strong>exiertmt.</strong></span> 
     </span>
    </p>
   </div>
   <div class='ocr_carea' id='block_1_21' title="bbox 2058 645 3558 702">
    <p class='ocr_par' dir='ltr' id='par_1_21' title="bbox 2058 645 3558 702">
     <span class='ocr_line' id='line_1_21' title="bbox 2058 645 3558 702; baseline 0 -2"><span class='ocrx_word' id='word_1_136' title='bbox 2058 646 2207 700; x_wconf 78' lang='lat' dir='ltr'><strong>Vers.</strong></span> <span class='ocrx_word' id='word_1_137' title='bbox 2238 647 2292 700; x_wconf 88' lang='lat'><strong>8.</strong></span> <span class='ocrx_word' id='word_1_138' title='bbox 2325 645 2495 701; x_wconf 82' lang='lat' dir='ltr'><strong>Simul</strong></span> <span class='ocrx_word' id='word_1_139' title='bbox 2526 647 2575 698; x_wconf 88' lang='lat' dir='ltr'><strong>in</strong></span> <span class='ocrx_word' id='word_1_140' title='bbox 2607 662 2765 699; x_wconf 86' lang='lat' dir='ltr'><strong>unum</strong></span> <span class='ocrx_word' id='word_1_141' title='bbox 2806 647 3137 701; x_wconf 68' lang='lat' dir='ltr'><strong>susurrabant</strong></span> <span class='ocrx_word' id='word_1_142' title='bbox 3165 663 3337 701; x_wconf 81' lang='lat' dir='ltr'><strong>omnes</strong></span> <span class='ocrx_word' id='word_1_143' title='bbox 3362 647 3558 702; x_wconf 77' lang='lat' dir='ltr'><strong>inimici</strong></span> 
     </span>
    </p>
   </div>
   <div class='ocr_carea' id='block_1_22' title="bbox 1986 739 3559 809">
    <p class='ocr_par' dir='ltr' id='par_1_22' title="bbox 1986 739 3559 809">
     <span class='ocr_line' id='line_1_22' title="bbox 1986 739 3559 809; baseline -0.003 -15"><span class='ocrx_word' id='word_1_144' title='bbox 1986 741 2083 794; x_wconf 82' lang='lat' dir='ltr'><strong>mei</strong></span> <span class='ocrx_word' id='word_1_145' title='bbox 2107 756 2127 794; x_wconf 92' lang='lat'><strong>:</strong></span> <span class='ocrx_word' id='word_1_146' title='bbox 2151 741 2423 794; x_wconf 85' lang='lat' dir='ltr'><strong>adversum</strong></span> <span class='ocrx_word' id='word_1_147' title='bbox 2462 755 2541 794; x_wconf 82' lang='lat' dir='ltr'><strong>me</strong></span> <span class='ocrx_word' id='word_1_148' title='bbox 2573 740 2862 809; x_wconf 80' lang='lat' dir='ltr'><strong>cegitubant</strong></span> <span class='ocrx_word' id='word_1_149' title='bbox 2890 741 3025 793; x_wconf 83' lang='lat' dir='ltr'><strong>mala</strong></span> <span class='ocrx_word' id='word_1_150' title='bbox 3054 740 3200 794; x_wconf 73' lang='lat' dir='ltr'><strong>milii.</strong></span> <span class='ocrx_word' id='word_1_151' title='bbox 3251 739 3559 796; x_wconf 89' lang='lat' dir='ltr'><strong>Susurratio</strong></span> 
     </span>
    </p>
   </div>
   <div class='ocr_carea' id='block_1_23' title="bbox 1986 831 3561 901">
    <p class='ocr_par' dir='ltr' id='par_1_23' title="bbox 1986 831 3561 901">
     <span class='ocr_line' id='line_1_23' title="bbox 1986 831 3561 901; baseline -0.002 -13"><span class='ocrx_word' id='word_1_152' title='bbox 1986 844 2068 888; x_wconf 88' lang='lat' dir='ltr'><strong>est</strong></span> <span class='ocrx_word' id='word_1_153' title='bbox 2095 835 2203 886; x_wconf 90' lang='lat' dir='ltr'><strong>oris</strong></span> <span class='ocrx_word' id='word_1_154' title='bbox 2248 832 2594 901; x_wconf 86' lang='lat' dir='ltr'><strong>parvissimus</strong></span> <span class='ocrx_word' id='word_1_155' title='bbox 2640 846 2803 886; x_wconf 88' lang='lat' dir='ltr'><strong>sonus</strong></span> <span class='ocrx_word' id='word_1_156' title='bbox 2843 831 2961 887; x_wconf 86' lang='lat' dir='ltr'><strong>sine</strong></span> <span class='ocrx_word' id='word_1_157' title='bbox 2987 832 3160 901; x_wconf 88' lang='lat' dir='ltr'><strong>aliqua</strong></span> <span class='ocrx_word' id='word_1_158' title='bbox 3192 832 3336 887; x_wconf 82' lang='lat' dir='ltr'><strong>vocis</strong></span> <span class='ocrx_word' id='word_1_159' title='bbox 3367 832 3561 887; x_wconf 82' lang='lat' dir='ltr'><strong>distin-</strong></span> 
     </span>
    </p>
   </div>
   <div class='ocr_carea' id='block_1_24' title="bbox 1986 924 3559 994">
    <p class='ocr_par' dir='ltr' id='par_1_24' title="bbox 1986 924 3559 994">
     <span class='ocr_line' id='line_1_24' title="bbox 1986 924 3559 994; baseline -0.001 -15"><span class='ocrx_word' id='word_1_160' title='bbox 1986 925 2163 979; x_wconf 88' lang='lat' dir='ltr'><strong>ctione</strong></span> <span class='ocrx_word' id='word_1_161' title='bbox 2211 924 2504 980; x_wconf 78' lang='lat' dir='ltr'><strong>confusus:</strong></span> <span class='ocrx_word' id='word_1_162' title='bbox 2531 940 2709 980; x_wconf 79' lang='lat' dir='ltr'><strong>sermo</strong></span> <span class='ocrx_word' id='word_1_163' title='bbox 2756 935 2955 978; x_wconf 88' lang='lat' dir='ltr'><strong>tractus</strong></span> <span class='ocrx_word' id='word_1_164' title='bbox 2994 926 3061 977; x_wconf 86' lang='lat' dir='ltr'><strong>ah</strong></span> <span class='ocrx_word' id='word_1_165' title='bbox 3095 925 3305 992; x_wconf 83' lang='lat' dir='ltr'><strong>apibus.</strong></span> <span class='ocrx_word' id='word_1_166' title='bbox 3336 934 3559 994; x_wconf 88' lang='lat' dir='ltr'><strong>quarum</strong></span> 
     </span>
    </p>
   </div>
   <div class='ocr_carea' id='block_1_25' title="bbox 1987 1016 3560 1086">
    <p class='ocr_par' dir='ltr' id='par_1_25' title="bbox 1987 1016 3560 1086">
     <span class='ocr_line' id='line_1_25' title="bbox 1987 1016 3560 1086; baseline 0 -17"><span class='ocrx_word' id='word_1_167' title='bbox 1987 1032 2088 1072; x_wconf 77' lang='lat' dir='ltr'><strong>vos</strong></span> <span class='ocrx_word' id='word_1_168' title='bbox 2121 1019 2320 1084; x_wconf 87' lang='lat' dir='ltr'><strong>prolata</strong></span> <span class='ocrx_word' id='word_1_169' title='bbox 2345 1031 2599 1072; x_wconf 86' lang='lat' dir='ltr'><strong>susurrus</strong></span> <span class='ocrx_word' id='word_1_170' title='bbox 2622 1027 2723 1072; x_wconf 92' lang='lat' dir='ltr'><strong>est.</strong></span> <span class='ocrx_word' id='word_1_171' title='bbox 2753 1016 2903 1082; x_wconf 87' lang='lat' dir='ltr'><strong>Quod</strong></span> <span class='ocrx_word' id='word_1_172' title='bbox 2934 1016 3074 1071; x_wconf 88' lang='lat' dir='ltr'><strong>inter</strong></span> <span class='ocrx_word' id='word_1_173' title='bbox 3104 1017 3219 1070; x_wconf 89' lang='lat' dir='ltr'><strong>illos</strong></span> <span class='ocrx_word' id='word_1_174' title='bbox 3247 1019 3448 1081; x_wconf 80' lang='lat' dir='ltr'><strong>evenit,</strong></span> <span class='ocrx_word' id='word_1_175' title='bbox 3471 1017 3560 1086; x_wconf 85' lang='lat' dir='ltr'><strong>qui</strong></span> 
     </span>
    </p>
   </div>
   <div class='ocr_carea' id='block_1_26' title="bbox 1988 1106 3562 1176">
    <p class='ocr_par' dir='ltr' id='par_1_26' title="bbox 1988 1106 3562 1176">
     <span class='ocr_line' id='line_1_26' title="bbox 1988 1106 3562 1176; baseline 0.001 -15"><span class='ocrx_word' id='word_1_176' title='bbox 1988 1107 2041 1161; x_wconf 88' lang='lat' dir='ltr'><strong>in</strong></span> <span class='ocrx_word' id='word_1_177' title='bbox 2073 1107 2288 1160; x_wconf 86' lang='lat' dir='ltr'><strong>auribus</strong></span> <span class='ocrx_word' id='word_1_178' title='bbox 2320 1107 2431 1162; x_wconf 75' lang='lat' dir='ltr'><strong>suis</strong></span> <span class='ocrx_word' id='word_1_179' title='bbox 2461 1121 2795 1161; x_wconf 88' lang='lat' dir='ltr'><strong>murmurare</strong></span> <span class='ocrx_word' id='word_1_180' title='bbox 2822 1106 3047 1161; x_wconf 88' lang='lat' dir='ltr'><strong>invicem</strong></span> <span class='ocrx_word' id='word_1_181' title='bbox 3079 1107 3391 1176; x_wconf 88' lang='lat' dir='ltr'><strong>gesticrunt.</strong></span> <span class='ocrx_word' id='word_1_182' title='bbox 3419 1108 3562 1162; x_wconf 79' lang='lat' dir='ltr'><strong>Con-</strong></span> 
     </span>
    </p>
   </div>
   <div class='ocr_carea' id='block_1_27' title="bbox 1988 1197 3563 1267">
    <p class='ocr_par' dir='ltr' id='par_1_27' title="bbox 1988 1197 3563 1267">
     <span class='ocr_line' id='line_1_27' title="bbox 1988 1197 3563 1267; baseline 0.003 -17"><span class='ocrx_word' id='word_1_183' title='bbox 1988 1197 2105 1251; x_wconf 88' lang='lat' dir='ltr'><strong>silia</strong></span> <span class='ocrx_word' id='word_1_184' title='bbox 2133 1198 2331 1267; x_wconf 87' lang='lat' dir='ltr'><strong>quippe</strong></span> <span class='ocrx_word' id='word_1_185' title='bbox 2358 1212 2452 1252; x_wconf 90' lang='lat' dir='ltr'><strong>sua</strong></span> <span class='ocrx_word' id='word_1_186' title='bbox 2481 1197 2730 1267; x_wconf 76' lang='lat' dir='ltr'><strong>detegere</strong></span> <span class='ocrx_word' id='word_1_187' title='bbox 2756 1211 2860 1250; x_wconf 71' lang='lat' dir='ltr'><strong>non</strong></span> <span class='ocrx_word' id='word_1_188' title='bbox 2894 1205 3242 1264; x_wconf 74' lang='lat' dir='ltr'><strong>prmsumunt,</strong></span> <span class='ocrx_word' id='word_1_189' title='bbox 3271 1198 3363 1267; x_wconf 88' lang='lat' dir='ltr'><strong>qui</strong></span> <span class='ocrx_word' id='word_1_190' title='bbox 3392 1200 3563 1254; x_wconf 86' lang='lat' dir='ltr'><strong>scele-</strong></span> 
     </span>
    </p>
   </div>
   <div class='ocr_carea' id='block_1_28' title="bbox 1988 1288 3566 1358">
    <p class='ocr_par' dir='ltr' id='par_1_28' title="bbox 1988 1288 3566 1358">
     <span class='ocr_line' id='line_1_28' title="bbox 1988 1288 3566 1358; baseline 0.002 -15"><span class='ocrx_word' id='word_1_191' title='bbox 1988 1306 2105 1344; x_wconf 88' lang='lat' dir='ltr'><strong>rum</strong></span> <span class='ocrx_word' id='word_1_192' title='bbox 2136 1291 2393 1344; x_wconf 87' lang='lat' dir='ltr'><strong>societate</strong></span> <span class='ocrx_word' id='word_1_193' title='bbox 2423 1289 2692 1358; x_wconf 83' lang='lat' dir='ltr'><strong>conjuncti</strong></span> <span class='ocrx_word' id='word_1_194' title='bbox 2721 1298 2862 1343; x_wconf 89' lang='lat' dir='ltr'><strong>sunt.</strong></span> <span class='ocrx_word' id='word_1_195' title='bbox 2907 1288 3149 1357; x_wconf 84' lang='lat' dir='ltr'><strong>Addidit,</strong></span> <span class='ocrx_word' id='word_1_196' title='bbox 3177 1298 3346 1343; x_wconf 81' lang='lat' dir='ltr'><strong>omnes</strong></span> <span class='ocrx_word' id='word_1_197' title='bbox 3372 1288 3566 1346; x_wconf 85' lang='lat' dir='ltr'><strong>inimici</strong></span> 
     </span>
    </p>
   </div>
   <div class='ocr_carea' id='block_1_29' title="bbox 1989 1380 3565 1450">
    <p class='ocr_par' dir='ltr' id='par_1_29' title="bbox 1989 1380 3565 1450">
     <span class='ocr_line' id='line_1_29' title="bbox 1989 1380 3565 1450; baseline 0.003 -18"><span class='ocrx_word' id='word_1_198' title='bbox 1989 1381 2086 1433; x_wconf 88' lang='lat' dir='ltr'><strong>mei</strong></span> <span class='ocrx_word' id='word_1_199' title='bbox 2132 1382 2397 1435; x_wconf 63' lang='lat' dir='ltr'><strong>adversum</strong></span> <span class='ocrx_word' id='word_1_200' title='bbox 2438 1397 2515 1434; x_wconf 86' lang='lat' dir='ltr'><strong>me</strong></span> <span class='ocrx_word' id='word_1_201' title='bbox 2555 1380 2845 1450; x_wconf 84' lang='lat' dir='ltr'><strong>cogitabant</strong></span> <span class='ocrx_word' id='word_1_202' title='bbox 2893 1380 3031 1433; x_wconf 85' lang='lat' dir='ltr'><strong>mala</strong></span> <span class='ocrx_word' id='word_1_203' title='bbox 3083 1381 3229 1436; x_wconf 82' lang='lat' dir='ltr'><strong>mihi.</strong></span> <span class='ocrx_word' id='word_1_204' title='bbox 3288 1382 3565 1450; x_wconf 82' lang='lat' dir='ltr'><strong>Expressit</strong></span> 
     </span>
    </p>
   </div>
   <div class='ocr_carea' id='block_1_30' title="bbox 1986 1470 3564 1541">
    <p class='ocr_par' dir='ltr' id='par_1_30' title="bbox 1986 1470 3564 1541">
     <span class='ocr_line' id='line_1_30' title="bbox 1986 1470 3564 1541; baseline 0.002 -18"><span class='ocrx_word' id='word_1_205' title='bbox 1986 1470 2247 1524; x_wconf 86' lang='lat' dir='ltr'><strong>insaniam</strong></span> <span class='ocrx_word' id='word_1_206' title='bbox 2282 1471 2563 1525; x_wconf 78' lang='lat' dir='ltr'><strong>furentium</strong></span> <span class='ocrx_word' id='word_1_207' title='bbox 2592 1472 3058 1541; x_wconf 87' lang='lat' dir='ltr'><strong>insipientiumque</strong></span> <span class='ocrx_word' id='word_1_208' title='bbox 3091 1472 3432 1540; x_wconf 85' lang='lat' dir='ltr'><strong>pOpulorum.</strong></span> <span class='ocrx_word' id='word_1_209' title='bbox 3461 1474 3564 1529; x_wconf 81' lang='lat' dir='ltr'><strong>So-</strong></span> 
     </span>
    </p>
   </div>
   <div class='ocr_carea' id='block_1_31' title="bbox 1991 1561 3653 1631">
    <p class='ocr_par' dir='ltr' id='par_1_31' title="bbox 1991 1561 3653 1631">
     <span class='ocr_line' id='line_1_31' title="bbox 1991 1561 3653 1631; baseline 0.004 -16"><span class='ocrx_word' id='word_1_210' title='bbox 1991 1563 2102 1616; x_wconf 90' lang='lat' dir='ltr'><strong>lent</strong></span> <span class='ocrx_word' id='word_1_211' title='bbox 2144 1563 2286 1617; x_wconf 90' lang='lat' dir='ltr'><strong>enim</strong></span> <span class='ocrx_word' id='word_1_212' title='bbox 2324 1561 2475 1631; x_wconf 88' lang='lat' dir='ltr'><strong>pauci</strong></span> <span class='ocrx_word' id='word_1_213' title='bbox 2503 1577 2622 1618; x_wconf 89' lang='lat' dir='ltr'><strong>esse</strong></span> <span class='ocrx_word' id='word_1_214' title='bbox 2652 1564 2912 1618; x_wconf 87' lang='lat' dir='ltr'><strong>scelerum</strong></span> <span class='ocrx_word' id='word_1_215' title='bbox 2941 1573 3208 1620; x_wconf 87' lang='lat' dir='ltr'><strong>auctores.</strong></span> <span class='ocrx_word' id='word_1_216' title='bbox 3242 1565 3340 1621; x_wconf 86' lang='lat' dir='ltr'><strong>llic</strong></span> <span class='ocrx_word' id='word_1_217' title='bbox 3379 1580 3567 1621; x_wconf 88' lang='lat' dir='ltr'><strong>omnes</strong></span> <span class='ocrx_word' id='word_1_218' title='bbox 3647 1618 3653 1628; x_wconf 85' lang='grc'><em>,</em></span> 
     </span>
    </p>
   </div>
   <div class='ocr_carea' id='block_1_32' title="bbox 1992 1652 3567 1726">
    <p class='ocr_par' dir='ltr' id='par_1_32' title="bbox 1992 1652 3567 1726">
     <span class='ocr_line' id='line_1_32' title="bbox 1992 1652 3567 1726; baseline 0.003 -17"><span class='ocrx_word' id='word_1_219' title='bbox 1992 1656 2131 1709; x_wconf 87' lang='lat' dir='ltr'><strong>mala</strong></span> <span class='ocrx_word' id='word_1_220' title='bbox 2160 1652 2425 1726; x_wconf 79' lang='lat' dir='ltr'><strong>cogitasse</strong></span> <span class='ocrx_word' id='word_1_221' title='bbox 2452 1655 2580 1710; x_wconf 87' lang='lat' dir='ltr'><strong>dicti</strong></span> <span class='ocrx_word' id='word_1_222' title='bbox 2610 1664 2768 1720; x_wconf 85' lang='lat' dir='ltr'><strong>sunt;</strong></span> <span class='ocrx_word' id='word_1_223' title='bbox 2795 1667 2855 1711; x_wconf 89' lang='lat' dir='ltr'><strong>ut</strong></span> <span class='ocrx_word' id='word_1_224' title='bbox 2877 1672 3035 1712; x_wconf 92' lang='lat' dir='ltr'><strong>nemo</strong></span> <span class='ocrx_word' id='word_1_225' title='bbox 3055 1659 3120 1712; x_wconf 83' lang='lat' dir='ltr'><strong>sit</strong></span> <span class='ocrx_word' id='word_1_226' title='bbox 3147 1658 3324 1713; x_wconf 87' lang='lat' dir='ltr'><strong>minus</strong></span> <span class='ocrx_word' id='word_1_227' title='bbox 3347 1673 3567 1722; x_wconf 88' lang='lat' dir='ltr'><strong>nocens,</strong></span> 
     </span>
    </p>
   </div>
   <div class='ocr_carea' id='block_1_33' title="bbox 292 1742 3565 1819">
    <p class='ocr_par' dir='ltr' id='par_1_33' title="bbox 292 1742 3565 1819">
     <span class='ocr_line' id='line_1_33' title="bbox 292 1742 3565 1819; baseline 0.003 -24"><span class='ocrx_word' id='word_1_228' title='bbox 292 1742 435 1796; x_wconf 84' lang='lat' dir='ltr'><strong>diam</strong></span> <span class='ocrx_word' id='word_1_229' title='bbox 472 1743 682 1795; x_wconf 79' lang='lat' dir='ltr'><strong>Domini</strong></span> <span class='ocrx_word' id='word_1_230' title='bbox 712 1750 1111 1812; x_wconf 87' lang='lat' dir='ltr'><strong>consequatur:</strong></span> <span class='ocrx_word' id='word_1_231' title='bbox 1136 1743 1386 1813; x_wconf 89' lang='lat' dir='ltr'><strong>quoniam</strong></span> <span class='ocrx_word' id='word_1_232' title='bbox 1419 1743 1507 1812; x_wconf 85' lang='lat' dir='ltr'><strong>qui</strong></span> <span class='ocrx_word' id='word_1_233' title='bbox 1545 1758 1603 1796; x_wconf 83' lang='lat' dir='ltr'><strong>se</strong></span> <span class='ocrx_word' id='word_1_234' title='bbox 1631 1756 1884 1809; x_wconf 55' lang='lat' dir='ltr'><strong>peccasse</strong></span> <span class='ocrx_word' id='word_1_235' title='bbox 1918 1744 1963 1804; x_wconf 88' lang='grc' dir='ltr'>Β</span> <span class='ocrx_word' id='word_1_236' title='bbox 1988 1763 2126 1817; x_wconf 91' lang='lat' dir='ltr'><strong>quos</strong></span> <span class='ocrx_word' id='word_1_237' title='bbox 2166 1761 2270 1801; x_wconf 89' lang='lat' dir='ltr'><strong>una</strong></span> <span class='ocrx_word' id='word_1_238' title='bbox 2310 1747 2587 1803; x_wconf 74' lang='lat' dir='ltr'><strong>facinoris.</strong></span> <span class='ocrx_word' id='word_1_239' title='bbox 2608 1748 2826 1802; x_wconf 80' lang='lat' dir='ltr'><strong>damnat</strong></span> <span class='ocrx_word' id='word_1_240' title='bbox 2862 1748 3032 1819; x_wconf 73' lang='lat' dir='ltr'><strong>tequal</strong></span> <span class='ocrx_word' id='word_1_241' title='bbox 3058 1758 3159 1803; x_wconf 91' lang='lat' dir='ltr'><strong>tas.</strong></span> <span class='ocrx_word' id='word_1_242' title='bbox 3190 1749 3341 1816; x_wconf 87' lang='lat' dir='ltr'><strong>Quod</strong></span> <span class='ocrx_word' id='word_1_243' title='bbox 3388 1762 3565 1805; x_wconf 85' lang='lat' dir='ltr'><strong>autent</strong></span> 
     </span>
    </p>
   </div>
   <div class='ocr_carea' id='block_1_34' title="bbox 290 1834 1885 1906">
    <p class='ocr_par' dir='ltr' id='par_1_34' title="bbox 290 1834 1885 1906">
     <span class='ocr_line' id='line_1_34' title="bbox 290 1834 1885 1906; baseline -0.001 -18"><span class='ocrx_word' id='word_1_244' title='bbox 290 1844 642 1906; x_wconf 72' lang='lat' dir='ltr'><strong>cognoverat,</strong></span> <span class='ocrx_word' id='word_1_245' title='bbox 668 1835 1054 1891; x_wconf 88' lang='lat' dir='ltr'><strong>tentatiouibus</strong></span> <span class='ocrx_word' id='word_1_246' title='bbox 1083 1834 1220 1890; x_wconf 88' lang='lat' dir='ltr'><strong>tradi</strong></span> <span class='ocrx_word' id='word_1_247' title='bbox 1245 1836 1367 1902; x_wconf 86' lang='lat' dir='ltr'><strong>jure</strong></span> <span class='ocrx_word' id='word_1_248' title='bbox 1393 1834 1684 1890; x_wconf 86' lang='lat' dir='ltr'><strong>metuebat.</strong></span> <span class='ocrx_word' id='word_1_249' title='bbox 1713 1834 1885 1887; x_wconf 87' lang='lat' dir='ltr'><strong>Omne</strong></span> 
     </span>
    </p>
   </div>
   <div class='ocr_carea' id='block_1_35' title="bbox 290 1926 1890 1993">
    <p class='ocr_par' dir='ltr' id='par_1_35' title="bbox 290 1926 1890 1993">
     <span class='ocr_line' id='line_1_35' title="bbox 290 1926 1890 1993; baseline 0 -15"><span class='ocrx_word' id='word_1_250' title='bbox 290 1930 437 1978; x_wconf 81' lang='lat' dir='ltr'><strong>enim</strong></span> <span class='ocrx_word' id='word_1_251' title='bbox 463 1933 743 1992; x_wconf 75' lang='lat' dir='ltr'><strong>peccatum</strong></span> <span class='ocrx_word' id='word_1_252' title='bbox 770 1926 990 1980; x_wconf 89' lang='lat' dir='ltr'><strong>morbus</strong></span> <span class='ocrx_word' id='word_1_253' title='bbox 1021 1935 1103 1981; x_wconf 89' lang='lat' dir='ltr'><strong>est</strong></span> <span class='ocrx_word' id='word_1_254' title='bbox 1129 1926 1449 1990; x_wconf 83' lang='lat' dir='ltr'><strong>animarum,</strong></span> <span class='ocrx_word' id='word_1_255' title='bbox 1479 1940 1585 1993; x_wconf 84' lang='lat' dir='ltr'><strong>quo</strong></span> <span class='ocrx_word' id='word_1_256' title='bbox 1611 1936 1890 1979; x_wconf 78' lang='lat' dir='ltr'><strong>crescente</strong></span> 
     </span>
    </p>
   </div>
   <div class='ocr_carea' id='block_1_36' title="bbox 291 2016 1886 2087">
    <p class='ocr_par' dir='ltr' id='par_1_36' title="bbox 291 2016 1886 2087">
     <span class='ocr_line' id='line_1_36' title="bbox 291 2016 1886 2087; baseline -0.001 -16"><span class='ocrx_word' id='word_1_257' title='bbox 291 2018 441 2071; x_wconf 65' lang='lat' dir='ltr'><strong>Salus</strong></span> <span class='ocrx_word' id='word_1_258' title='bbox 471 2016 746 2073; x_wconf 89' lang='lat' dir='ltr'><strong>interioris</strong></span> <span class='ocrx_word' id='word_1_259' title='bbox 770 2017 1003 2072; x_wconf 86' lang='lat' dir='ltr'><strong>hominis</strong></span> <span class='ocrx_word' id='word_1_260' title='bbox 1034 2019 1344 2086; x_wconf 88' lang='lat' dir='ltr'><strong>dissipatur.</strong></span> <span class='ocrx_word' id='word_1_261' title='bbox 1388 2016 1569 2073; x_wconf 86' lang='lat' dir='ltr'><strong>Sensit</strong></span> <span class='ocrx_word' id='word_1_262' title='bbox 1617 2016 1886 2087; x_wconf 73' lang='lat' dir='ltr'><strong>regritudi-</strong></span> 
     </span>
    </p>
   </div>
   <div class='ocr_carea' id='block_1_37' title="bbox 295 2111 1893 2176">
    <p class='ocr_par' dir='ltr' id='par_1_37' title="bbox 295 2111 1893 2176">
     <span class='ocr_line' id='line_1_37' title="bbox 295 2111 1893 2176; baseline 0.001 -13"><span class='ocrx_word' id='word_1_263' title='bbox 295 2126 418 2165; x_wconf 83' lang='lat' dir='ltr'><strong>nem</strong></span> <span class='ocrx_word' id='word_1_264' title='bbox 448 2126 601 2164; x_wconf 88' lang='lat' dir='ltr'><strong>suam</strong></span> <span class='ocrx_word' id='word_1_265' title='bbox 631 2112 719 2176; x_wconf 87' lang='lat' dir='ltr'><strong>qui</strong></span> <span class='ocrx_word' id='word_1_266' title='bbox 762 2112 1013 2165; x_wconf 85' lang='lat' dir='ltr'><strong>clamavit</strong></span> <span class='ocrx_word' id='word_1_267' title='bbox 1043 2111 1108 2165; x_wconf 92' lang='lat' dir='ltr'><strong>ad</strong></span> <span class='ocrx_word' id='word_1_268' title='bbox 1157 2112 1449 2176; x_wconf 83' lang='lat' dir='ltr'><strong>medicum,</strong></span> <span class='ocrx_word' id='word_1_269' title='bbox 1497 2111 1589 2164; x_wconf 90' lang='lat' dir='ltr'><strong>sed</strong></span> <span class='ocrx_word' id='word_1_270' title='bbox 1620 2111 1785 2164; x_wconf 63' lang='lat' dir='ltr'><strong>intetlt</strong></span> <span class='ocrx_word' id='word_1_271' title='bbox 1804 2123 1893 2164; x_wconf 87' lang='lat' dir='ltr'><strong>ctu</strong></span> 
     </span>
    </p>
   </div>
   <div class='ocr_carea' id='block_1_38' title="bbox 290 2202 1893 2275">
    <p class='ocr_par' dir='ltr' id='par_1_38' title="bbox 290 2202 1893 2275">
     <span class='ocr_line' id='line_1_38' title="bbox 290 2202 1893 2275; baseline 0.002 -18"><span class='ocrx_word' id='word_1_272' title='bbox 290 2210 414 2258; x_wconf 74' lang='lat' dir='ltr'><strong>erat</strong></span> <span class='ocrx_word' id='word_1_273' title='bbox 433 2202 759 2266; x_wconf 85' lang='lat' dir='ltr'><strong>sanns,dum</strong></span> <span class='ocrx_word' id='word_1_274' title='bbox 781 2216 840 2258; x_wconf 90' lang='lat' dir='ltr'><strong>se</strong></span> <span class='ocrx_word' id='word_1_275' title='bbox 862 2205 1113 2274; x_wconf 79' lang='lat' dir='ltr'><strong>cognovit</strong></span> <span class='ocrx_word' id='word_1_276' title='bbox 1137 2203 1428 2259; x_wconf 82' lang='lat' dir='ltr'><strong>inﬁrmum.</strong></span> <span class='ocrx_word' id='word_1_277' title='bbox 1450 2205 1686 2258; x_wconf 86' lang='lat' dir='ltr'><strong>Animam</strong></span> <span class='ocrx_word' id='word_1_278' title='bbox 1715 2204 1893 2275; x_wconf 83' lang='lat' dir='ltr'><strong>itaque</strong></span> 
     </span>
    </p>
   </div>
   <div class='ocr_carea' id='block_1_39' title="bbox 300 2293 1895 2359">
    <p class='ocr_par' dir='ltr' id='par_1_39' title="bbox 300 2293 1895 2359">
     <span class='ocr_line' id='line_1_39' title="bbox 300 2293 1895 2359; baseline -0.001 -9"><span class='ocrx_word' id='word_1_279' title='bbox 300 2312 453 2350; x_wconf 81' lang='lat' dir='ltr'><strong>suam</strong></span> <span class='ocrx_word' id='word_1_280' title='bbox 504 2296 686 2348; x_wconf 82' lang='lat' dir='ltr'><strong>sanari</strong></span> <span class='ocrx_word' id='word_1_281' title='bbox 731 2294 1024 2359; x_wconf 86' lang='lat' dir='ltr'><strong>desiderat,</strong></span> <span class='ocrx_word' id='word_1_282' title='bbox 1056 2293 1373 2350; x_wconf 88' lang='lat' dir='ltr'><strong>remissione</strong></span> <span class='ocrx_word' id='word_1_283' title='bbox 1409 2296 1611 2350; x_wconf 89' lang='lat' dir='ltr'><strong>scilicet</strong></span> <span class='ocrx_word' id='word_1_284' title='bbox 1643 2304 1895 2359; x_wconf 84' lang='lat' dir='ltr'><strong>peccato-</strong></span> 
     </span>
    </p>
   </div>
   <div class='ocr_carea' id='block_1_40' title="bbox 296 2386 1893 2457">
    <p class='ocr_par' dir='ltr' id='par_1_40' title="bbox 296 2386 1893 2457">
     <span class='ocr_line' id='line_1_40' title="bbox 296 2386 1893 2457; baseline 0.002 -19"><span class='ocrx_word' id='word_1_285' title='bbox 296 2403 451 2450; x_wconf 86' lang='lat' dir='ltr'><strong>rum;</strong></span> <span class='ocrx_word' id='word_1_286' title='bbox 477 2403 581 2456; x_wconf 92' lang='lat' dir='ltr'><strong>qua</strong></span> <span class='ocrx_word' id='word_1_287' title='bbox 606 2402 669 2441; x_wconf 87' lang='lat' dir='ltr'><strong>re</strong></span> <span class='ocrx_word' id='word_1_288' title='bbox 706 2401 794 2441; x_wconf 89' lang='lat' dir='ltr'><strong>era</strong></span> <span class='ocrx_word' id='word_1_289' title='bbox 817 2402 1091 2455; x_wconf 87' lang='lat' dir='ltr'><strong>sanamur,</strong></span> <span class='ocrx_word' id='word_1_290' title='bbox 1120 2401 1240 2442; x_wconf 89' lang='lat' dir='ltr'><strong>cum</strong></span> <span class='ocrx_word' id='word_1_291' title='bbox 1263 2386 1649 2457; x_wconf 80' lang='lat' dir='ltr'><strong>strangulantia</strong></span> <span class='ocrx_word' id='word_1_292' title='bbox 1676 2396 1893 2457; x_wconf 88' lang='lat' dir='ltr'><strong>peccata</strong></span> 
     </span>
    </p>
   </div>
   <div class='ocr_carea' id='block_1_41' title="bbox 295 2480 576 2532">
    <p class='ocr_par' dir='ltr' id='par_1_41' title="bbox 295 2480 576 2532">
     <span class='ocr_line' id='line_1_41' title="bbox 295 2480 576 2532; baseline -0.004 0"><span class='ocrx_word' id='word_1_293' title='bbox 295 2480 576 2532; x_wconf 74' lang='lat' dir='ltr'><strong>laxantur.</strong></span> 
     </span>
    </p>
   </div>
   <div class='ocr_carea' id='block_1_42' title="bbox 371 2567 1894 2640">
    <p class='ocr_par' dir='ltr' id='par_1_42' title="bbox 371 2567 1894 2640">
     <span class='ocr_line' id='line_1_42' title="bbox 371 2567 1894 2640; baseline 0.002 -17"><span class='ocrx_word' id='word_1_294' title='bbox 371 2569 527 2624; x_wconf 77' lang='lat' dir='ltr'><strong>Vers.</strong></span> <span class='ocrx_word' id='word_1_295' title='bbox 560 2569 618 2624; x_wconf 81' lang='lat'><strong>5.</strong></span> <span class='ocrx_word' id='word_1_296' title='bbox 661 2567 869 2625; x_wconf 76' lang='lat' dir='ltr'><strong>Inimici</strong></span> <span class='ocrx_word' id='word_1_297' title='bbox 909 2570 1007 2624; x_wconf 84' lang='lat' dir='ltr'><strong>mei</strong></span> <span class='ocrx_word' id='word_1_298' title='bbox 1050 2569 1294 2626; x_wconf 69' lang='lat' dir='ltr'><strong>dixerant</strong></span> <span class='ocrx_word' id='word_1_299' title='bbox 1334 2570 1473 2624; x_wconf 88' lang='lat' dir='ltr'><strong>mala</strong></span> <span class='ocrx_word' id='word_1_300' title='bbox 1502 2570 1894 2640; x_wconf 80' lang='lat' dir='ltr'><strong>mihi:quando</strong></span> 
     </span>
    </p>
   </div>
   <div class='ocr_carea' id='block_1_43' title="bbox 299 2661 1896 2731">
    <p class='ocr_par' dir='ltr' id='par_1_43' title="bbox 299 2661 1896 2731">
     <span class='ocr_line' id='line_1_43' title="bbox 299 2661 1896 2731; baseline 0.002 -17"><span class='ocrx_word' id='word_1_301' title='bbox 299 2664 552 2714; x_wconf 76' lang='lat' dir='ltr'><strong>morietur</strong></span> <span class='ocrx_word' id='word_1_302' title='bbox 585 2672 637 2714; x_wconf 81' lang='lat' dir='ltr'><strong>et</strong></span> <span class='ocrx_word' id='word_1_303' title='bbox 668 2663 827 2729; x_wconf 85' lang='lat' dir='ltr'><strong>periet</strong></span> <span class='ocrx_word' id='word_1_304' title='bbox 855 2676 1038 2715; x_wconf 83' lang='lat' dir='ltr'><strong>nomen</strong></span> <span class='ocrx_word' id='word_1_305' title='bbox 1065 2663 1213 2728; x_wconf 74' lang='lat' dir='ltr'><strong>eius?</strong></span> <span class='ocrx_word' id='word_1_306' title='bbox 1246 2661 1517 2717; x_wconf 80' lang='lat' dir='ltr'><strong>Hactenus</strong></span> <span class='ocrx_word' id='word_1_307' title='bbox 1544 2663 1797 2731; x_wconf 84' lang='lat' dir='ltr'><strong>propheta</strong></span> <span class='ocrx_word' id='word_1_308' title='bbox 1828 2662 1896 2717; x_wconf 88' lang='lat' dir='ltr'><strong>de</strong></span> 
     </span>
    </p>
   </div>
   <div class='ocr_carea' id='block_1_44' title="bbox 300 2744 1899 2819">
    <p class='ocr_par' dir='ltr' id='par_1_44' title="bbox 300 2744 1899 2819">
     <span class='ocr_line' id='line_1_44' title="bbox 300 2744 1899 2819; baseline 0.001 -12"><span class='ocrx_word' id='word_1_309' title='bbox 300 2754 582 2807; x_wconf 78' lang='lat' dir='ltr'><strong>beatorum</strong></span> <span class='ocrx_word' id='word_1_310' title='bbox 630 2751 719 2806; x_wconf 79' lang='lat' dir='ltr'><strong>alii</strong></span> <span class='ocrx_word' id='word_1_311' title='bbox 744 2754 920 2808; x_wconf 88' lang='lat' dir='ltr'><strong>ctione</strong></span> <span class='ocrx_word' id='word_1_312' title='bbox 961 2754 1171 2809; x_wconf 88' lang='lat' dir='ltr'><strong>locutus</strong></span> <span class='ocrx_word' id='word_1_313' title='bbox 1216 2762 1319 2819; x_wconf 85' lang='lat' dir='ltr'><strong>est,</strong></span> <span class='ocrx_word' id='word_1_314' title='bbox 1370 2744 1791 2809; x_wconf 29' lang='lat' dir='ltr'><strong>nunc&#39;sccundo</strong></span> <span class='ocrx_word' id='word_1_315' title='bbox 1822 2756 1899 2809; x_wconf 90' lang='lat' dir='ltr'><strong>in-</strong></span> 
     </span>
    </p>
   </div>
   <div class='ocr_carea' id='block_1_45' title="bbox 296 2845 1897 2915">
    <p class='ocr_par' dir='ltr' id='par_1_45' title="bbox 296 2845 1897 2915">
     <span class='ocr_line' id='line_1_45' title="bbox 296 2845 1897 2915; baseline 0.001 -15"><span class='ocrx_word' id='word_1_316' title='bbox 296 2859 490 2912; x_wconf 74' lang='lat' dir='ltr'><strong>gressu</strong></span> <span class='ocrx_word' id='word_1_317' title='bbox 541 2845 797 2899; x_wconf 86' lang='lat' dir='ltr'><strong>Dominus</strong></span> <span class='ocrx_word' id='word_1_318' title='bbox 839 2845 1093 2902; x_wconf 88' lang='lat' dir='ltr'><strong>Salvator</strong></span> <span class='ocrx_word' id='word_1_319' title='bbox 1126 2846 1189 2901; x_wconf 80' lang='lat' dir='ltr'><strong>de</strong></span> <span class='ocrx_word' id='word_1_320' title='bbox 1233 2861 1325 2901; x_wconf 84' lang='lat' dir='ltr'><strong>sua</strong></span> <span class='ocrx_word' id='word_1_321' title='bbox 1359 2861 1422 2915; x_wconf 86' lang='lat' dir='ltr'><strong>pa</strong></span> <span class='ocrx_word' id='word_1_322' title='bbox 1455 2850 1608 2901; x_wconf 87' lang='lat' dir='ltr'><strong>sione</strong></span> <span class='ocrx_word' id='word_1_323' title='bbox 1655 2846 1897 2901; x_wconf 88' lang='lat' dir='ltr'><strong>dicturus</strong></span> 
     </span>
    </p>
   </div>
   <div class='ocr_carea' id='block_1_46' title="bbox 296 2936 1894 3009">
    <p class='ocr_par' dir='ltr' id='par_1_46' title="bbox 296 2936 1894 3009">
     <span class='ocr_line' id='line_1_46' title="bbox 296 2936 1894 3009; baseline 0.001 -18"><span class='ocrx_word' id='word_1_324' title='bbox 296 2946 411 2999; x_wconf 83' lang='lat' dir='ltr'><strong>est;</strong></span> <span class='ocrx_word' id='word_1_325' title='bbox 448 2946 507 2990; x_wconf 92' lang='lat' dir='ltr'><strong>ut</strong></span> <span class='ocrx_word' id='word_1_326' title='bbox 533 2951 655 2992; x_wconf 90' lang='lat' dir='ltr'><strong>cum</strong></span> <span class='ocrx_word' id='word_1_327' title='bbox 695 2936 877 2991; x_wconf 79' lang='lat' dir='ltr'><strong>famuli</strong></span> <span class='ocrx_word' id='word_1_328' title='bbox 929 2937 1021 2993; x_wconf 88' lang='lat' dir='ltr'><strong>Dei</strong></span> <span class='ocrx_word' id='word_1_329' title='bbox 1070 2938 1297 2993; x_wconf 75' lang='lat' dir='ltr'><strong>diversis</strong></span> <span class='ocrx_word' id='word_1_330' title='bbox 1327 2939 1535 2993; x_wconf 80' lang='lat' dir='ltr'><strong>casibus</strong></span> <span class='ocrx_word' id='word_1_331' title='bbox 1567 2938 1894 3009; x_wconf 80' lang='lat' dir='ltr'><strong>afﬂiguntur,</strong></span> 
     </span>
    </p>
   </div>
   <div class='ocr_carea' id='block_1_47' title="bbox 305 3027 1896 3099">
    <p class='ocr_par' dir='ltr' id='par_1_47' title="bbox 305 3027 1896 3099">
     <span class='ocr_line' id='line_1_47' title="bbox 305 3027 1896 3099; baseline 0.003 -22"><span class='ocrx_word' id='word_1_332' title='bbox 305 3042 406 3079; x_wconf 83' lang='lat' dir='ltr'><strong>non</strong></span> <span class='ocrx_word' id='word_1_333' title='bbox 438 3042 502 3081; x_wconf 86' lang='lat' dir='ltr'><strong>se</strong></span> <span class='ocrx_word' id='word_1_334' title='bbox 531 3042 560 3079; x_wconf 92' lang='lat' dir='ltr'><strong>a</strong></span> <span class='ocrx_word' id='word_1_335' title='bbox 593 3027 700 3084; x_wconf 90' lang='lat' dir='ltr'><strong>Deo</strong></span> <span class='ocrx_word' id='word_1_336' title='bbox 728 3028 953 3083; x_wconf 84' lang='lat' dir='ltr'><strong>credant</strong></span> <span class='ocrx_word' id='word_1_337' title='bbox 980 3043 1101 3084; x_wconf 73' lang='lat' dir='ltr'><strong>es~e</strong></span> <span class='ocrx_word' id='word_1_338' title='bbox 1134 3030 1416 3096; x_wconf 86' lang='lat' dir='ltr'><strong>derelictos</strong></span> <span class='ocrx_word' id='word_1_339' title='bbox 1438 3070 1455 3096; x_wconf 91' lang='lat'><strong>,</strong></span> <span class='ocrx_word' id='word_1_340' title='bbox 1484 3029 1699 3099; x_wconf 90' lang='lat' dir='ltr'><strong>quando</strong></span> <span class='ocrx_word' id='word_1_341' title='bbox 1740 3030 1896 3084; x_wconf 86' lang='lat' dir='ltr'><strong>Chri-</strong></span> 
     </span>
    </p>
   </div>
   <div class='ocr_carea' id='block_1_48' title="bbox 1989 1836 3567 1906">
    <p class='ocr_par' dir='ltr' id='par_1_48' title="bbox 1989 1836 3567 1906">
     <span class='ocr_line' id='line_1_48' title="bbox 1989 1836 3567 1906; baseline 0.002 -15"><span class='ocrx_word' id='word_1_342' title='bbox 1989 1838 2141 1904; x_wconf 82' lang='lat' dir='ltr'><strong>dixit,</strong></span> <span class='ocrx_word' id='word_1_343' title='bbox 2175 1837 2313 1890; x_wconf 89' lang='lat' dir='ltr'><strong>mala</strong></span> <span class='ocrx_word' id='word_1_344' title='bbox 2352 1838 2475 1890; x_wconf 83' lang='lat' dir='ltr'><strong>mihi</strong></span> <span class='ocrx_word' id='word_1_345' title='bbox 2508 1853 2526 1890; x_wconf 91' lang='lat'><strong>:</strong></span> <span class='ocrx_word' id='word_1_346' title='bbox 2554 1836 2596 1891; x_wconf 91' lang='lat' dir='ltr'><strong>si</strong></span> <span class='ocrx_word' id='word_1_347' title='bbox 2629 1836 2877 1892; x_wconf 72' lang='lat' dir='ltr'><strong>eiiectu-n</strong></span> <span class='ocrx_word' id='word_1_348' title='bbox 2919 1838 3115 1906; x_wconf 69' lang='lat' dir='ltr'><strong>quzetis</strong></span> <span class='ocrx_word' id='word_1_349' title='bbox 3146 1839 3266 1901; x_wconf 87' lang='lat' dir='ltr'><strong>sibi,</strong></span> <span class='ocrx_word' id='word_1_350' title='bbox 3298 1840 3341 1892; x_wconf 91' lang='lat' dir='ltr'><strong>si</strong></span> <span class='ocrx_word' id='word_1_351' title='bbox 3384 1853 3567 1894; x_wconf 88' lang='lat' dir='ltr'><strong>votum</strong></span> 
     </span>
    </p>
   </div>
   <div class='ocr_carea' id='block_1_49' title="bbox 1990 1926 3569 1998">
    <p class='ocr_par' dir='ltr' id='par_1_49' title="bbox 1990 1926 3569 1998">
     <span class='ocr_line' id='line_1_49' title="bbox 1990 1926 3569 1998; baseline 0.001 -17"><span class='ocrx_word' id='word_1_352' title='bbox 1990 1930 2135 1982; x_wconf 78' lang='lat' dir='ltr'><strong>mihi.</strong></span> <span class='ocrx_word' id='word_1_353' title='bbox 2168 1927 2302 1982; x_wconf 81' lang='lat' dir='ltr'><strong>Justi</strong></span> <span class='ocrx_word' id='word_1_354' title='bbox 2330 1928 2589 1998; x_wconf 87' lang='lat' dir='ltr'><strong>siquidem</strong></span> <span class='ocrx_word' id='word_1_355' title='bbox 2622 1942 2777 1998; x_wconf 65' lang='lat' dir='ltr'><strong>pruna</strong></span> <span class='ocrx_word' id='word_1_356' title='bbox 2807 1942 2911 1982; x_wconf 92' lang='lat' dir='ltr'><strong>non</strong></span> <span class='ocrx_word' id='word_1_357' title='bbox 2942 1926 3214 1997; x_wconf 83' lang='lat' dir='ltr'><strong>patientis,</strong></span> <span class='ocrx_word' id='word_1_358' title='bbox 3246 1930 3340 1984; x_wconf 85' lang='lat' dir='ltr'><strong>sed</strong></span> <span class='ocrx_word' id='word_1_359' title='bbox 3374 1932 3569 1984; x_wconf 78' lang='lat' dir='ltr'><strong>iacien-</strong></span> 
     </span>
    </p>
   </div>
   <div class='ocr_carea' id='block_1_50' title="bbox 1994 2020 2415 2075">
    <p class='ocr_par' dir='ltr' id='par_1_50' title="bbox 1994 2020 2415 2075">
     <span class='ocr_line' id='line_1_50' title="bbox 1994 2020 2415 2075; baseline -0.002 -1"><span class='ocrx_word' id='word_1_360' title='bbox 1994 2022 2061 2074; x_wconf 92' lang='lat' dir='ltr'><strong>tis</strong></span> <span class='ocrx_word' id='word_1_361' title='bbox 2090 2020 2286 2074; x_wconf 81' lang='lat' dir='ltr'><strong>invidia</strong></span> <span class='ocrx_word' id='word_1_362' title='bbox 2317 2032 2415 2075; x_wconf 87' lang='lat' dir='ltr'><strong>est.</strong></span> 
     </span>
    </p>
   </div>
   <div class='ocr_carea' id='block_1_51' title="bbox 2072 2106 3567 2182">
    <p class='ocr_par' dir='ltr' id='par_1_51' title="bbox 2072 2106 3567 2182">
     <span class='ocr_line' id='line_1_51' title="bbox 2072 2106 3567 2182; baseline 0.002 -18"><span class='ocrx_word' id='word_1_363' title='bbox 2072 2112 2223 2166; x_wconf 73' lang='lat' dir='ltr'><strong>Vers.</strong></span> <span class='ocrx_word' id='word_1_364' title='bbox 2257 2112 2312 2167; x_wconf 87' lang='lat'><strong>9.</strong></span> <span class='ocrx_word' id='word_1_365' title='bbox 2351 2106 2569 2166; x_wconf 79' lang='lat' dir='ltr'><strong>Verbum</strong></span> <span class='ocrx_word' id='word_1_366' title='bbox 2614 2113 2842 2182; x_wconf 79' lang='lat' dir='ltr'><strong>iniquum</strong></span> <span class='ocrx_word' id='word_1_367' title='bbox 2890 2113 3258 2167; x_wconf 82' lang='lat' dir='ltr'><strong>constituerunt</strong></span> <span class='ocrx_word' id='word_1_368' title='bbox 3298 2115 3567 2168; x_wconf 80' lang='lat' dir='ltr'><strong>adversum</strong></span> 
     </span>
    </p>
   </div>
   <div class='ocr_carea' id='block_1_52' title="bbox 1995 2203 3570 2275">
    <p class='ocr_par' dir='ltr' id='par_1_52' title="bbox 1995 2203 3570 2275">
     <span class='ocr_line' id='line_1_52' title="bbox 1995 2203 3570 2275; baseline 0.003 -20"><span class='ocrx_word' id='word_1_369' title='bbox 1995 2221 2072 2257; x_wconf 88' lang='lat' dir='ltr'><strong>me</strong></span> <span class='ocrx_word' id='word_1_370' title='bbox 2095 2220 2112 2258; x_wconf 92' lang='lat'><strong>:</strong></span> <span class='ocrx_word' id='word_1_371' title='bbox 2133 2203 2362 2269; x_wconf 76' lang='lat' dir='ltr'><strong>nun1uid</strong></span> <span class='ocrx_word' id='word_1_372' title='bbox 2381 2204 2467 2275; x_wconf 86' lang='lat' dir='ltr'><strong>qui</strong></span> <span class='ocrx_word' id='word_1_373' title='bbox 2489 2204 2675 2259; x_wconf 83' lang='lat' dir='ltr'><strong>dormit</strong></span> <span class='ocrx_word' id='word_1_374' title='bbox 2702 2221 2801 2258; x_wconf 86' lang='lat' dir='ltr'><strong>non</strong></span> <span class='ocrx_word' id='word_1_375' title='bbox 2823 2204 3033 2275; x_wconf 77' lang='lat' dir='ltr'><strong>adjiciat</strong></span> <span class='ocrx_word' id='word_1_376' title='bbox 3062 2216 3116 2257; x_wconf 89' lang='lat' dir='ltr'><strong>ut</strong></span> <span class='ocrx_word' id='word_1_377' title='bbox 3144 2207 3410 2275; x_wconf 73' lang='lat' dir='ltr'><strong>resurgat?</strong></span> <span class='ocrx_word' id='word_1_378' title='bbox 3446 2206 3570 2260; x_wconf 70' lang='grc' dir='ltr'><strong>ινετ.</strong></span> 
     </span>
    </p>
   </div>
   <div class='ocr_carea' id='block_1_53' title="bbox 1996 2294 3569 2367">
    <p class='ocr_par' dir='ltr' id='par_1_53' title="bbox 1996 2294 3569 2367">
     <span class='ocr_line' id='line_1_53' title="bbox 1996 2294 3569 2367; baseline 0 -19"><span class='ocrx_word' id='word_1_379' title='bbox 1996 2296 2113 2348; x_wconf 84' lang='lat' dir='ltr'><strong>bum</strong></span> <span class='ocrx_word' id='word_1_380' title='bbox 2160 2296 2393 2367; x_wconf 86' lang='lat' dir='ltr'><strong>iniquum</strong></span> <span class='ocrx_word' id='word_1_381' title='bbox 2435 2294 2593 2362; x_wconf 83' lang='lat' dir='ltr'><strong>dicit,</strong></span> <span class='ocrx_word' id='word_1_382' title='bbox 2640 2294 2853 2364; x_wconf 90' lang='lat' dir='ltr'><strong>quando</strong></span> <span class='ocrx_word' id='word_1_383' title='bbox 2899 2294 3200 2349; x_wconf 81' lang='lat' dir='ltr'><strong>clunabant</strong></span> <span class='ocrx_word' id='word_1_384' title='bbox 3249 2295 3466 2350; x_wconf 79' lang='lat' dir='ltr'><strong>Pilato:</strong></span> <span class='ocrx_word' id='word_1_385' title='bbox 3511 2296 3569 2350; x_wconf 81' lang='lat' dir='ltr'><strong>Si</strong></span> 
     </span>
    </p>
   </div>
   <div class='ocr_carea' id='block_1_54' title="bbox 1997 2389 3570 2462">
    <p class='ocr_par' dir='ltr' id='par_1_54' title="bbox 1997 2389 3570 2462">
     <span class='ocr_line' id='line_1_54' title="bbox 1997 2389 3570 2462; baseline 0.004 -21"><span class='ocrx_word' id='word_1_386' title='bbox 1997 2390 2131 2442; x_wconf 77' lang='lat' dir='ltr'><strong>hunc</strong></span> <span class='ocrx_word' id='word_1_387' title='bbox 2159 2389 2391 2452; x_wconf 74' lang='lat' dir='ltr'><strong>dimittis,</strong></span> <span class='ocrx_word' id='word_1_388' title='bbox 2425 2406 2526 2443; x_wconf 88' lang='lat' dir='ltr'><strong>non</strong></span> <span class='ocrx_word' id='word_1_389' title='bbox 2556 2406 2607 2444; x_wconf 78' lang='lat' dir='ltr'><strong>es</strong></span> <span class='ocrx_word' id='word_1_390' title='bbox 2632 2391 2826 2447; x_wconf 84' lang='lat' dir='ltr'><strong>amicus</strong></span> <span class='ocrx_word' id='word_1_391' title='bbox 2858 2390 3073 2445; x_wconf 75' lang='lat' dir='ltr'><strong>Cazsaris</strong></span> <span class='ocrx_word' id='word_1_392' title='bbox 3103 2389 3281 2461; x_wconf 86' lang='lat' dir='ltr'><strong>(Joan.</strong></span> <span class='ocrx_word' id='word_1_393' title='bbox 3318 2407 3429 2457; x_wconf 79' lang='lat' dir='ltr'><strong>stx,</strong></span> <span class='ocrx_word' id='word_1_394' title='bbox 3463 2391 3570 2462; x_wconf 68' lang='grc'><strong>12).</strong></span> 
     </span>
    </p>
   </div>
   <div class='ocr_carea' id='block_1_55' title="bbox 1996 2478 3574 2546">
    <p class='ocr_par' dir='ltr' id='par_1_55' title="bbox 1996 2478 3574 2546">
     <span class='ocr_line' id='line_1_55' title="bbox 1996 2478 3574 2546; baseline 0.001 -13"><span class='ocrx_word' id='word_1_395' title='bbox 1996 2478 2403 2544; x_wconf 68' lang='grc' dir='ltr'><strong>ϐοηδξὶιηονυητ,</strong></span> <span class='ocrx_word' id='word_1_396' title='bbox 2457 2480 2506 2533; x_wconf 90' lang='lat' dir='ltr'><strong>id</strong></span> <span class='ocrx_word' id='word_1_397' title='bbox 2549 2487 2631 2533; x_wconf 90' lang='lat' dir='ltr'><strong>est</strong></span> <span class='ocrx_word' id='word_1_398' title='bbox 2675 2478 3052 2546; x_wconf 89' lang='lat' dir='ltr'><strong>decreverunt,</strong></span> <span class='ocrx_word' id='word_1_399' title='bbox 3103 2492 3193 2535; x_wconf 88' lang='lat' dir='ltr'><strong>aut</strong></span> <span class='ocrx_word' id='word_1_400' title='bbox 3239 2482 3400 2535; x_wconf 90' lang='lat' dir='ltr'><strong>etiam</strong></span> <span class='ocrx_word' id='word_1_401' title='bbox 3448 2482 3574 2535; x_wconf 84' lang='lat' dir='ltr'><strong>deli-</strong></span> 
     </span>
    </p>
   </div>
   <div class='ocr_carea' id='block_1_56' title="bbox 1997 2568 3575 2638">
    <p class='ocr_par' dir='ltr' id='par_1_56' title="bbox 1997 2568 3575 2638">
     <span class='ocr_line' id='line_1_56' title="bbox 1997 2568 3575 2638; baseline 0 -15"><span class='ocrx_word' id='word_1_402' title='bbox 1997 2571 2241 2633; x_wconf 89' lang='lat' dir='ltr'><strong>nicrunt;</strong></span> <span class='ocrx_word' id='word_1_403' title='bbox 2275 2568 2525 2623; x_wconf 39' lang='lat' dir='ltr'><strong>vidi-licet</strong></span> <span class='ocrx_word' id='word_1_404' title='bbox 2550 2569 2763 2638; x_wconf 84' lang='lat' dir='ltr'><strong>quando</strong></span> <span class='ocrx_word' id='word_1_405' title='bbox 2790 2569 2857 2623; x_wconf 90' lang='lat' dir='ltr'><strong>de</strong></span> <span class='ocrx_word' id='word_1_406' title='bbox 2892 2568 3079 2623; x_wconf 81' lang='lat' dir='ltr'><strong>Domin</strong></span> <span class='ocrx_word' id='word_1_407' title='bbox 3104 2590 3112 2615; x_wconf 77' lang='grc' dir='ltr'>ι</span> <span class='ocrx_word' id='word_1_408' title='bbox 3141 2570 3423 2626; x_wconf 86' lang='lat' dir='ltr'><strong>Salvatore</strong></span> <span class='ocrx_word' id='word_1_409' title='bbox 3452 2588 3575 2625; x_wconf 42' lang='lat' dir='ltr'><strong>seu.</strong></span> 
     </span>
    </p>
   </div>
   <div class='ocr_carea' id='block_1_57' title="bbox 2006 2660 3576 2720">
    <p class='ocr_par' dir='ltr' id='par_1_57' title="bbox 2006 2660 3576 2720">
     <span class='ocr_line' id='line_1_57' title="bbox 2006 2660 3576 2720; baseline 0.003 -6"><span class='ocrx_word' id='word_1_410' title='bbox 2006 2661 2295 2715; x_wconf 74' lang='lat' dir='ltr'><strong>tentialiter</strong></span> <span class='ocrx_word' id='word_1_411' title='bbox 2323 2671 2445 2715; x_wconf 88' lang='lat' dir='ltr'><strong>sunt</strong></span> <span class='ocrx_word' id='word_1_412' title='bbox 2472 2660 2653 2716; x_wconf 89' lang='lat' dir='ltr'><strong>locuti.</strong></span> <span class='ocrx_word' id='word_1_413' title='bbox 2689 2661 2921 2715; x_wconf 84' lang='lat' dir='ltr'><strong>Dormire</strong></span> <span class='ocrx_word' id='word_1_414' title='bbox 2956 2672 3038 2717; x_wconf 89' lang='lat' dir='ltr'><strong>est</strong></span> <span class='ocrx_word' id='word_1_415' title='bbox 3067 2672 3242 2717; x_wconf 91' lang='lat' dir='ltr'><strong>autem</strong></span> <span class='ocrx_word' id='word_1_416' title='bbox 3273 2679 3299 2716; x_wconf 86' lang='lat' dir='ltr'><strong>a</strong></span> <span class='ocrx_word' id='word_1_417' title='bbox 3330 2664 3576 2720; x_wconf 80' lang='lat' dir='ltr'><strong>sensibus</strong></span> 
     </span>
    </p>
   </div>
   <div class='ocr_carea' id='block_1_58' title="bbox 1996 2749 3575 2821">
    <p class='ocr_par' dir='ltr' id='par_1_58' title="bbox 1996 2749 3575 2821">
     <span class='ocr_line' id='line_1_58' title="bbox 1996 2749 3575 2821; baseline 0.003 -16"><span class='ocrx_word' id='word_1_418' title='bbox 1996 2751 2173 2805; x_wconf 87' lang='lat' dir='ltr'><strong>carnis</strong></span> <span class='ocrx_word' id='word_1_419' title='bbox 2221 2749 2447 2806; x_wconf 88' lang='lat' dir='ltr'><strong>remissa</strong></span> <span class='ocrx_word' id='word_1_420' title='bbox 2496 2750 2690 2805; x_wconf 79' lang='lat' dir='ltr'><strong>mentis</strong></span> <span class='ocrx_word' id='word_1_421' title='bbox 2754 2752 3047 2805; x_wconf 89' lang='lat' dir='ltr'><strong>intentione</strong></span> <span class='ocrx_word' id='word_1_422' title='bbox 3096 2753 3467 2821; x_wconf 86' lang='lat' dir='ltr'><strong>requiescere,</strong></span> <span class='ocrx_word' id='word_1_423' title='bbox 3521 2766 3575 2809; x_wconf 90' lang='lat' dir='ltr'><strong>et</strong></span> 
     </span>
    </p>
   </div>
   <div class='ocr_carea' id='block_1_59' title="bbox 2001 2841 3573 2913">
    <p class='ocr_par' dir='ltr' id='par_1_59' title="bbox 2001 2841 3573 2913">
     <span class='ocr_line' id='line_1_59' title="bbox 2001 2841 3573 2913; baseline 0.002 -16"><span class='ocrx_word' id='word_1_424' title='bbox 2001 2845 2191 2897; x_wconf 60' lang='lat' dir='ltr'><strong>ite-rum</strong></span> <span class='ocrx_word' id='word_1_425' title='bbox 2223 2841 2289 2896; x_wconf 88' lang='lat' dir='ltr'><strong>ad</strong></span> <span class='ocrx_word' id='word_1_426' title='bbox 2319 2854 2468 2895; x_wconf 89' lang='lat' dir='ltr'><strong>actus</strong></span> <span class='ocrx_word' id='word_1_427' title='bbox 2516 2842 2635 2895; x_wconf 79' lang='lat' dir='ltr'><strong>vita:</strong></span> <span class='ocrx_word' id='word_1_428' title='bbox 2668 2850 2862 2895; x_wconf 65' lang='lat' dir='ltr'><strong>nostra:</strong></span> <span class='ocrx_word' id='word_1_429' title='bbox 2910 2855 3157 2910; x_wconf 80' lang='lat' dir='ltr'><strong>reparato</strong></span> <span class='ocrx_word' id='word_1_430' title='bbox 3199 2844 3363 2897; x_wconf 90' lang='lat' dir='ltr'><strong>animi</strong></span> <span class='ocrx_word' id='word_1_431' title='bbox 3392 2845 3573 2913; x_wconf 83' lang='lat' dir='ltr'><strong>vigore</strong></span> 
     </span>
    </p>
   </div>
   <div class='ocr_carea' id='block_1_60' title="bbox 1999 2924 3575 2995">
    <p class='ocr_par' dir='ltr' id='par_1_60' title="bbox 1999 2924 3575 2995">
     <span class='ocr_line' id='line_1_60' title="bbox 1999 2924 3575 2995; baseline 0.001 -12"><span class='ocrx_word' id='word_1_432' title='bbox 1999 2944 2260 2984; x_wconf 81' lang='lat' dir='ltr'><strong>remeare.</strong></span> <span class='ocrx_word' id='word_1_433' title='bbox 2299 2927 2450 2995; x_wconf 87' lang='lat' dir='ltr'><strong>Quod</strong></span> <span class='ocrx_word' id='word_1_434' title='bbox 2484 2926 2641 2979; x_wconf 80' lang='lat' dir='ltr'><strong>morti</strong></span> <span class='ocrx_word' id='word_1_435' title='bbox 2674 2924 2955 2980; x_wconf 76' lang='lat' dir='ltr'><strong>d0minica:</strong></span> <span class='ocrx_word' id='word_1_436' title='bbox 2986 2928 3340 2994; x_wconf 77' lang='lat' dir='ltr'><strong>pulcherrime</strong></span> <span class='ocrx_word' id='word_1_437' title='bbox 3368 2931 3575 2984; x_wconf 82' lang='lat' dir='ltr'><strong>videtur</strong></span> 
     </span>
    </p>
   </div>
   <div class='ocr_carea' id='block_1_61' title="bbox 1999 3019 3575 3090">
    <p class='ocr_par' dir='ltr' id='par_1_61' title="bbox 1999 3019 3575 3090">
     <span class='ocr_line' id='line_1_61' title="bbox 1999 3019 3575 3090; baseline 0.003 -17"><span class='ocrx_word' id='word_1_438' title='bbox 1999 3029 2232 3090; x_wconf 88' lang='lat' dir='ltr'><strong>aptatum</strong></span> <span class='ocrx_word' id='word_1_439' title='bbox 2261 3062 2275 3085; x_wconf 95' lang='lat'><strong>,</strong></span> <span class='ocrx_word' id='word_1_440' title='bbox 2303 3021 2421 3089; x_wconf 82' lang='lat' dir='ltr'><strong>quia</strong></span> <span class='ocrx_word' id='word_1_441' title='bbox 2460 3028 2609 3074; x_wconf 88' lang='lat' dir='ltr'><strong>tanta</strong></span> <span class='ocrx_word' id='word_1_442' title='bbox 2656 3019 2901 3073; x_wconf 83' lang='lat' dir='ltr'><strong>celeritas</strong></span> <span class='ocrx_word' id='word_1_443' title='bbox 2933 3020 3339 3075; x_wconf 88' lang='lat' dir='ltr'><strong>resurrectionis</strong></span> <span class='ocrx_word' id='word_1_444' title='bbox 3371 3021 3487 3089; x_wconf 79' lang='lat' dir='ltr'><strong>fuit,</strong></span> <span class='ocrx_word' id='word_1_445' title='bbox 3520 3036 3575 3078; x_wconf 90' lang='lat' dir='ltr'><strong>ut</strong></span> 
     </span>
    </p>
   </div>
   <div class='ocr_carea' id='block_1_62' title="bbox 299 3110 3577 3192">
    <p class='ocr_par' dir='ltr' id='par_1_62' title="bbox 299 3110 3577 3192">
     <span class='ocr_line' id='line_1_62' title="bbox 299 3110 3577 3192; baseline 0 -24"><span class='ocrx_word' id='word_1_446' title='bbox 299 3129 448 3171; x_wconf 75' lang='lat' dir='ltr'><strong>stum</strong></span> <span class='ocrx_word' id='word_1_447' title='bbox 480 3117 759 3172; x_wconf 87' lang='lat' dir='ltr'><strong>Dominum</strong></span> <span class='ocrx_word' id='word_1_448' title='bbox 790 3119 912 3172; x_wconf 84' lang='lat' dir='ltr'><strong>talia</strong></span> <span class='ocrx_word' id='word_1_449' title='bbox 939 3120 1221 3188; x_wconf 84' lang='lat' dir='ltr'><strong>pertulisse</strong></span> <span class='ocrx_word' id='word_1_450' title='bbox 1244 3129 1592 3189; x_wconf 79' lang='lat' dir='ltr'><strong>cognoscunt,</strong></span> <span class='ocrx_word' id='word_1_451' title='bbox 1611 3119 1702 3190; x_wconf 88' lang='lat' dir='ltr'><strong>qui</strong></span> <span class='ocrx_word' id='word_1_452' title='bbox 1721 3119 1894 3175; x_wconf 77' lang='lat' dir='ltr'><strong>dixit:</strong></span> <span class='ocrx_word' id='word_1_453' title='bbox 1926 3110 1970 3172; x_wconf 90' lang='lat' dir='ltr'><strong>C</strong></span> <span class='ocrx_word' id='word_1_454' title='bbox 2002 3118 2250 3169; x_wconf 78' lang='lat' dir='ltr'><strong>dormisse</strong></span> <span class='ocrx_word' id='word_1_455' title='bbox 2278 3115 2452 3192; x_wconf 86' lang='lat' dir='ltr'><strong>potius</strong></span> <span class='ocrx_word' id='word_1_456' title='bbox 2481 3127 2636 3185; x_wconf 87' lang='lat' dir='ltr'><strong>quam</strong></span> <span class='ocrx_word' id='word_1_457' title='bbox 2664 3122 2904 3167; x_wconf 90' lang='lat' dir='ltr'><strong>mortuus</strong></span> <span class='ocrx_word' id='word_1_458' title='bbox 2930 3114 3227 3169; x_wconf 85' lang='lat' dir='ltr'><strong>aestimetur</strong></span> <span class='ocrx_word' id='word_1_459' title='bbox 3252 3133 3265 3167; x_wconf 92' lang='lat'><strong>:</strong></span> <span class='ocrx_word' id='word_1_460' title='bbox 3291 3131 3577 3185; x_wconf 80' lang='lat' dir='ltr'><strong>resurgens</strong></span> 
     </span>
    </p>
   </div>
   <div class='ocr_carea' id='block_1_63' title="bbox 305 3206 1905 3280">
    <p class='ocr_par' dir='ltr' id='par_1_63' title="bbox 305 3206 1905 3280">
     <span class='ocr_line' id='line_1_63' title="bbox 305 3206 1905 3280; baseline 0.002 -19"><span class='ocrx_word' id='word_1_461' title='bbox 305 3206 364 3261; x_wconf 78' lang='lat' dir='ltr'><strong>Si</strong></span> <span class='ocrx_word' id='word_1_462' title='bbox 393 3223 479 3259; x_wconf 82' lang='lat' dir='ltr'><strong>me</strong></span> <span class='ocrx_word' id='word_1_463' title='bbox 506 3209 753 3273; x_wconf 78' lang='lat' dir='ltr'><strong>persecuti</strong></span> <span class='ocrx_word' id='word_1_464' title='bbox 779 3220 919 3274; x_wconf 83' lang='lat' dir='ltr'><strong>sunt,</strong></span> <span class='ocrx_word' id='word_1_465' title='bbox 941 3219 991 3263; x_wconf 85' lang='lat' dir='ltr'><strong>et</strong></span> <span class='ocrx_word' id='word_1_466' title='bbox 1014 3226 1099 3264; x_wconf 85' lang='lat' dir='ltr'><strong>vos</strong></span> <span class='ocrx_word' id='word_1_467' title='bbox 1131 3220 1493 3280; x_wconf 84' lang='lat' dir='ltr'><strong>persequentur</strong></span> <span class='ocrx_word' id='word_1_468' title='bbox 1514 3226 1534 3265; x_wconf 89' lang='lat'><strong><em>:</em></strong></span> <span class='ocrx_word' id='word_1_469' title='bbox 1553 3212 1597 3265; x_wconf 90' lang='lat' dir='ltr'><strong>si</strong></span> <span class='ocrx_word' id='word_1_470' title='bbox 1622 3226 1905 3265; x_wconf 76' lang='lat' dir='ltr'><strong>sermonem</strong></span> 
     </span>
    </p>
   </div>
   <div class='ocr_carea' id='block_1_64' title="bbox 305 3303 1902 3377">
    <p class='ocr_par' dir='ltr' id='par_1_64' title="bbox 305 3303 1902 3377">
     <span class='ocr_line' id='line_1_64' title="bbox 305 3303 1902 3377; baseline 0.005 -25"><span class='ocrx_word' id='word_1_471' title='bbox 305 3316 473 3353; x_wconf 71' lang='lat' dir='ltr'><strong>meum</strong></span> <span class='ocrx_word' id='word_1_472' title='bbox 494 3313 837 3365; x_wconf 81' lang='lat' dir='ltr'><strong>servaverunt,</strong></span> <span class='ocrx_word' id='word_1_473' title='bbox 854 3311 902 3357; x_wconf 87' lang='lat' dir='ltr'><strong>et</strong></span> <span class='ocrx_word' id='word_1_474' title='bbox 923 3313 1146 3356; x_wconf 84' lang='lat' dir='ltr'><strong>vestrum</strong></span> <span class='ocrx_word' id='word_1_475' title='bbox 1167 3305 1433 3358; x_wconf 79' lang='lat' dir='ltr'><strong>servabunt</strong></span> <span class='ocrx_word' id='word_1_476' title='bbox 1459 3303 1639 3375; x_wconf 84' lang='lat' dir='ltr'><strong>(Joan.</strong></span> <span class='ocrx_word' id='word_1_477' title='bbox 1668 3321 1754 3371; x_wconf 82' lang='lat' dir='ltr'><strong>xv,</strong></span> <span class='ocrx_word' id='word_1_478' title='bbox 1784 3304 1902 3377; x_wconf 70' lang='lat'><strong>5&#39;20).</strong></span> 
     </span>
    </p>
   </div>
   <div class='ocr_carea' id='block_1_65' title="bbox 309 3390 1899 3463">
    <p class='ocr_par' dir='ltr' id='par_1_65' title="bbox 309 3390 1899 3463">
     <span class='ocr_line' id='line_1_65' title="bbox 309 3390 1899 3463; baseline 0.004 -20"><span class='ocrx_word' id='word_1_479' title='bbox 309 3390 519 3445; x_wconf 82' lang='lat' dir='ltr'><strong>Inimici</strong></span> <span class='ocrx_word' id='word_1_480' title='bbox 543 3407 673 3447; x_wconf 85' lang='lat' dir='ltr'><strong>vero</strong></span> <span class='ocrx_word' id='word_1_481' title='bbox 703 3392 943 3447; x_wconf 72' lang='lat' dir='ltr'><strong>dixerunt</strong></span> <span class='ocrx_word' id='word_1_482' title='bbox 966 3396 1121 3462; x_wconf 88' lang='lat' dir='ltr'><strong>mala,</strong></span> <span class='ocrx_word' id='word_1_483' title='bbox 1145 3395 1360 3463; x_wconf 84' lang='lat' dir='ltr'><strong>quando</strong></span> <span class='ocrx_word' id='word_1_484' title='bbox 1398 3395 1531 3449; x_wconf 80' lang='lat' dir='ltr'><strong>falsa</strong></span> <span class='ocrx_word' id='word_1_485' title='bbox 1564 3396 1723 3450; x_wconf 89' lang='lat' dir='ltr'><strong>locuti</strong></span> <span class='ocrx_word' id='word_1_486' title='bbox 1751 3402 1899 3449; x_wconf 83' lang='lat' dir='ltr'><strong>sunt.</strong></span> 
     </span>
    </p>
   </div>
   <div class='ocr_carea' id='block_1_66' title="bbox 307 3484 1895 3556">
    <p class='ocr_par' dir='ltr' id='par_1_66' title="bbox 307 3484 1895 3556">
     <span class='ocr_line' id='line_1_66' title="bbox 307 3484 1895 3556; baseline 0.001 -18"><span class='ocrx_word' id='word_1_487' title='bbox 307 3485 545 3538; x_wconf 62' lang='lat' dir='ltr'><strong>Neces~c</strong></span> <span class='ocrx_word' id='word_1_488' title='bbox 580 3484 720 3537; x_wconf 87' lang='lat' dir='ltr'><strong>enim</strong></span> <span class='ocrx_word' id='word_1_489' title='bbox 750 3494 865 3538; x_wconf 79' lang='lat' dir='ltr'><strong>erat</strong></span> <span class='ocrx_word' id='word_1_490' title='bbox 896 3494 953 3538; x_wconf 85' lang='grc' dir='ltr'><strong>ιιι</strong></span> <span class='ocrx_word' id='word_1_491' title='bbox 979 3485 1128 3553; x_wconf 86' lang='lat' dir='ltr'><strong>impii</strong></span> <span class='ocrx_word' id='word_1_492' title='bbox 1157 3486 1435 3540; x_wconf 88' lang='lat' dir='ltr'><strong>mendacia</strong></span> <span class='ocrx_word' id='word_1_493' title='bbox 1463 3488 1781 3555; x_wconf 76' lang='lat' dir='ltr'><strong>cogitarent,</strong></span> <span class='ocrx_word' id='word_1_494' title='bbox 1805 3485 1895 3556; x_wconf 89' lang='lat' dir='ltr'><strong>qui</strong></span> 
     </span>
    </p>
   </div>
   <div class='ocr_carea' id='block_1_67' title="bbox 307 3576 1901 3647">
    <p class='ocr_par' dir='ltr' id='par_1_67' title="bbox 307 3576 1901 3647">
     <span class='ocr_line' id='line_1_67' title="bbox 307 3576 1901 3647; baseline 0.003 -19"><span class='ocrx_word' id='word_1_495' title='bbox 307 3576 527 3629; x_wconf 80' lang='lat' dir='ltr'><strong>diabolo</strong></span> <span class='ocrx_word' id='word_1_496' title='bbox 548 3584 771 3631; x_wconf 89' lang='lat' dir='ltr'><strong>auctore</strong></span> <span class='ocrx_word' id='word_1_497' title='bbox 795 3576 1142 3641; x_wconf 76' lang='lat' dir='ltr'><strong>fremuerunt.</strong></span> <span class='ocrx_word' id='word_1_498' title='bbox 1167 3578 1419 3647; x_wconf 70' lang='lat' dir='ltr'><strong>Sequitur</strong></span> <span class='ocrx_word' id='word_1_499' title='bbox 1446 3596 1460 3630; x_wconf 95' lang='lat'><strong>:</strong></span> <span class='ocrx_word' id='word_1_500' title='bbox 1483 3578 1691 3647; x_wconf 79' lang='lat' dir='ltr'><strong>quando</strong></span> <span class='ocrx_word' id='word_1_501' title='bbox 1716 3581 1901 3633; x_wconf 85' lang='lat' dir='ltr'><strong>morie-</strong></span> 
     </span>
    </p>
   </div>
   <div class='ocr_carea' id='block_1_68' title="bbox 310 3669 1903 3741">
    <p class='ocr_par' dir='ltr' id='par_1_68' title="bbox 310 3669 1903 3741">
     <span class='ocr_line' id='line_1_68' title="bbox 310 3669 1903 3741; baseline 0.001 -19"><span class='ocrx_word' id='word_1_502' title='bbox 310 3680 392 3722; x_wconf 66' lang='lat' dir='ltr'><strong>iur</strong></span> <span class='ocrx_word' id='word_1_503' title='bbox 418 3680 470 3723; x_wconf 88' lang='lat' dir='ltr'><strong>et</strong></span> <span class='ocrx_word' id='word_1_504' title='bbox 497 3669 653 3739; x_wconf 83' lang='lat' dir='ltr'><strong>periet</strong></span> <span class='ocrx_word' id='word_1_505' title='bbox 682 3685 865 3741; x_wconf 81' lang='lat' dir='ltr'><strong>nomen</strong></span> <span class='ocrx_word' id='word_1_506' title='bbox 892 3672 1041 3740; x_wconf 83' lang='lat' dir='ltr'><strong>ejus?</strong></span> <span class='ocrx_word' id='word_1_507' title='bbox 1092 3669 1262 3723; x_wconf 70' lang='lat' dir='ltr'><strong>Verba</strong></span> <span class='ocrx_word' id='word_1_508' title='bbox 1292 3679 1419 3724; x_wconf 91' lang='lat' dir='ltr'><strong>sunt</strong></span> <span class='ocrx_word' id='word_1_509' title='bbox 1445 3671 1773 3726; x_wconf 76' lang='lat' dir='ltr'><strong>dementiam</strong></span> <span class='ocrx_word' id='word_1_510' title='bbox 1807 3672 1903 3724; x_wconf 84' lang='lat' dir='ltr'><strong>Ju-</strong></span> 
     </span>
    </p>
   </div>
   <div class='ocr_carea' id='block_1_69' title="bbox 312 3758 1905 3827">
    <p class='ocr_par' dir='ltr' id='par_1_69' title="bbox 312 3758 1905 3827">
     <span class='ocr_line' id='line_1_69' title="bbox 312 3758 1905 3827; baseline 0.003 -13"><span class='ocrx_word' id='word_1_511' title='bbox 312 3765 584 3825; x_wconf 64' lang='lat' dir='ltr'><strong>dxorum;</strong></span> <span class='ocrx_word' id='word_1_512' title='bbox 610 3758 859 3815; x_wconf 85' lang='lat' dir='ltr'><strong>dicebant</strong></span> <span class='ocrx_word' id='word_1_513' title='bbox 883 3764 1022 3815; x_wconf 88' lang='lat' dir='ltr'><strong>enim</strong></span> <span class='ocrx_word' id='word_1_514' title='bbox 1050 3780 1062 3814; x_wconf 88' lang='lat'><strong>:</strong></span> <span class='ocrx_word' id='word_1_515' title='bbox 1089 3761 1149 3818; x_wconf 88' lang='lat' dir='ltr'><strong>Si</strong></span> <span class='ocrx_word' id='word_1_516' title='bbox 1181 3763 1523 3817; x_wconf 78' lang='lat' dir='ltr'><strong>dimiserimus</strong></span> <span class='ocrx_word' id='word_1_517' title='bbox 1548 3778 1686 3827; x_wconf 84' lang='lat' dir='ltr'><strong>eum,</strong></span> <span class='ocrx_word' id='word_1_518' title='bbox 1709 3764 1905 3820; x_wconf 76' lang='lat' dir='ltr'><strong>venient</strong></span> 
     </span>
    </p>
   </div>
   <div class='ocr_carea' id='block_1_70' title="bbox 317 3854 1902 3926">
    <p class='ocr_par' dir='ltr' id='par_1_70' title="bbox 317 3854 1902 3926">
     <span class='ocr_line' id='line_1_70' title="bbox 317 3854 1902 3926; baseline 0.001 -17"><span class='ocrx_word' id='word_1_519' title='bbox 317 3855 535 3909; x_wconf 79' lang='lat' dir='ltr'><strong>Romani</strong></span> <span class='ocrx_word' id='word_1_520' title='bbox 560 3865 605 3908; x_wconf 89' lang='lat' dir='ltr'><strong>et</strong></span> <span class='ocrx_word' id='word_1_521' title='bbox 631 3854 812 3908; x_wconf 86' lang='lat' dir='ltr'><strong>tollent</strong></span> <span class='ocrx_word' id='word_1_522' title='bbox 848 3857 993 3909; x_wconf 79' lang='lat' dir='ltr'><strong>nobis</strong></span> <span class='ocrx_word' id='word_1_523' title='bbox 1018 3865 1063 3909; x_wconf 79' lang='lat' dir='ltr'><strong>et</strong></span> <span class='ocrx_word' id='word_1_524' title='bbox 1093 3855 1262 3909; x_wconf 85' lang='lat' dir='ltr'><strong>locum</strong></span> <span class='ocrx_word' id='word_1_525' title='bbox 1292 3866 1341 3909; x_wconf 92' lang='lat' dir='ltr'><strong>et</strong></span> <span class='ocrx_word' id='word_1_526' title='bbox 1371 3872 1583 3926; x_wconf 78' lang='lat' dir='ltr'><strong>regnum</strong></span> <span class='ocrx_word' id='word_1_527' title='bbox 1612 3855 1792 3926; x_wconf 81' lang='lat' dir='ltr'><strong>(Joan.</strong></span> <span class='ocrx_word' id='word_1_528' title='bbox 1827 3872 1902 3922; x_wconf 76' lang='lat' dir='ltr'><strong>st,</strong></span> 
     </span>
    </p>
   </div>
   <div class='ocr_carea' id='block_1_71' title="bbox 316 3946 1907 4020">
    <p class='ocr_par' dir='ltr' id='par_1_71' title="bbox 316 3946 1907 4020">
     <span class='ocr_line' id='line_1_71' title="bbox 316 3946 1907 4020; baseline 0.003 -17"><span class='ocrx_word' id='word_1_529' title='bbox 316 3948 409 4003; x_wconf 66' lang='grc' dir='ltr'><strong>ιε»</strong></span> <span class='ocrx_word' id='word_1_530' title='bbox 428 3966 445 4013; x_wconf 87' lang='grc'>;</span> <span class='ocrx_word' id='word_1_531' title='bbox 466 3948 593 4003; x_wconf 88' lang='lat' dir='ltr'><strong>item</strong></span> <span class='ocrx_word' id='word_1_532' title='bbox 617 3946 845 4017; x_wconf 87' lang='lat' dir='ltr'><strong>Caiphas</strong></span> <span class='ocrx_word' id='word_1_533' title='bbox 872 3948 983 4002; x_wconf 84' lang='lat' dir='ltr'><strong>ait:</strong></span> <span class='ocrx_word' id='word_1_534' title='bbox 1012 3946 1233 4020; x_wconf 72' lang='lat' dir='ltr'><strong>Expedit</strong></span> <span class='ocrx_word' id='word_1_535' title='bbox 1255 3959 1308 4002; x_wconf 89' lang='lat' dir='ltr'><strong>ut</strong></span> <span class='ocrx_word' id='word_1_536' title='bbox 1332 3967 1464 4003; x_wconf 87' lang='lat' dir='ltr'><strong>unus</strong></span> <span class='ocrx_word' id='word_1_537' title='bbox 1485 3951 1633 4002; x_wconf 83' lang='lat' dir='ltr'><strong>homo</strong></span> <span class='ocrx_word' id='word_1_538' title='bbox 1660 3952 1907 4007; x_wconf 83' lang='lat' dir='ltr'><strong>moriatur</strong></span> 
     </span>
    </p>
   </div>
   <div class='ocr_carea' id='block_1_72' title="bbox 314 4038 1905 4110">
    <p class='ocr_par' dir='ltr' id='par_1_72' title="bbox 314 4038 1905 4110">
     <span class='ocr_line' id='line_1_72' title="bbox 314 4038 1905 4110; baseline 0.003 -20"><span class='ocrx_word' id='word_1_539' title='bbox 314 4056 412 4106; x_wconf 83' lang='lat' dir='ltr'><strong>pro</strong></span> <span class='ocrx_word' id='word_1_540' title='bbox 433 4040 751 4105; x_wconf 73' lang='lat' dir='ltr'><strong>omnibus,et</strong></span> <span class='ocrx_word' id='word_1_541' title='bbox 784 4056 885 4093; x_wconf 86' lang='lat' dir='ltr'><strong>non</strong></span> <span class='ocrx_word' id='word_1_542' title='bbox 907 4048 1012 4093; x_wconf 88' lang='lat' dir='ltr'><strong>tota</strong></span> <span class='ocrx_word' id='word_1_543' title='bbox 1043 4058 1162 4105; x_wconf 86' lang='lat' dir='ltr'><strong>gens</strong></span> <span class='ocrx_word' id='word_1_544' title='bbox 1193 4050 1361 4110; x_wconf 60' lang='lat' dir='ltr'><strong>px-reat</strong></span> <span class='ocrx_word' id='word_1_545' title='bbox 1388 4038 1573 4109; x_wconf 88' lang='lat' dir='ltr'><strong>(Ibid.,</strong></span> <span class='ocrx_word' id='word_1_546' title='bbox 1604 4039 1717 4110; x_wconf 72' lang='grc'><strong>49).</strong></span> <span class='ocrx_word' id='word_1_547' title='bbox 1742 4041 1905 4095; x_wconf 83' lang='lat' dir='ltr'><strong>Periit</strong></span> 
     </span>
    </p>
   </div>
   <div class='ocr_carea' id='block_1_73' title="bbox 315 4131 1905 4201">
    <p class='ocr_par' dir='ltr' id='par_1_73' title="bbox 315 4131 1905 4201">
     <span class='ocr_line' id='line_1_73' title="bbox 315 4131 1905 4201; baseline 0.001 -15"><span class='ocrx_word' id='word_1_548' title='bbox 315 4133 465 4187; x_wconf 87' lang='lat' dir='ltr'><strong>enim</strong></span> <span class='ocrx_word' id='word_1_549' title='bbox 512 4146 695 4185; x_wconf 79' lang='lat' dir='ltr'><strong>nomen</strong></span> <span class='ocrx_word' id='word_1_550' title='bbox 723 4132 865 4201; x_wconf 77' lang='lat' dir='ltr'><strong>ejus,</strong></span> <span class='ocrx_word' id='word_1_551' title='bbox 886 4132 982 4187; x_wconf 87' lang='lat' dir='ltr'><strong>sed</strong></span> <span class='ocrx_word' id='word_1_552' title='bbox 1015 4133 1081 4187; x_wconf 86' lang='lat' dir='ltr'><strong>ab</strong></span> <span class='ocrx_word' id='word_1_553' title='bbox 1109 4131 1240 4201; x_wconf 87' lang='lat' dir='ltr'><strong>ipsis</strong></span> <span class='ocrx_word' id='word_1_554' title='bbox 1266 4132 1355 4201; x_wconf 73' lang='lat' dir='ltr'><strong>qui</strong></span> <span class='ocrx_word' id='word_1_555' title='bbox 1385 4131 1434 4187; x_wconf 90' lang='lat' dir='ltr'><strong>ei</strong></span> <span class='ocrx_word' id='word_1_556' title='bbox 1466 4132 1685 4187; x_wconf 87' lang='lat' dir='ltr'><strong>credere</strong></span> <span class='ocrx_word' id='word_1_557' title='bbox 1715 4134 1905 4187; x_wconf 90' lang='lat' dir='ltr'><strong>nolue-</strong></span> 
     </span>
    </p>
   </div>
   <div class='ocr_carea' id='block_1_74' title="bbox 313 4234 465 4280">
    <p class='ocr_par' dir='ltr' id='par_1_74' title="bbox 313 4234 465 4280">
     <span class='ocr_line' id='line_1_74' title="bbox 313 4234 465 4280; baseline 0.007 -1"><span class='ocrx_word' id='word_1_558' title='bbox 313 4234 465 4280; x_wconf 81' lang='lat' dir='ltr'><strong>runt.</strong></span> 
     </span>
    </p>
   </div>
   <div class='ocr_carea' id='block_1_75' title="bbox 394 4314 1909 4387">
    <p class='ocr_par' dir='ltr' id='par_1_75' title="bbox 394 4314 1909 4387">
     <span class='ocr_line' id='line_1_75' title="bbox 394 4314 1909 4387; baseline 0.001 -18"><span class='ocrx_word' id='word_1_559' title='bbox 394 4316 545 4371; x_wconf 79' lang='lat' dir='ltr'><strong>Vers.</strong></span> <span class='ocrx_word' id='word_1_560' title='bbox 578 4314 635 4371; x_wconf 81' lang='grc' dir='ltr'><strong>ϐ.</strong></span> <span class='ocrx_word' id='word_1_561' title='bbox 671 4314 735 4369; x_wconf 85' lang='lat' dir='ltr'><strong>Et</strong></span> <span class='ocrx_word' id='word_1_562' title='bbox 774 4314 1189 4387; x_wconf 87' lang='lat' dir='ltr'><strong>ingrediebantur</strong></span> <span class='ocrx_word' id='word_1_563' title='bbox 1236 4323 1291 4369; x_wconf 84' lang='lat' dir='ltr'><strong>ut</strong></span> <span class='ocrx_word' id='word_1_564' title='bbox 1328 4316 1736 4370; x_wconf 66' lang='lat' dir='ltr'><strong>viderentwana</strong></span> <span class='ocrx_word' id='word_1_565' title='bbox 1765 4317 1909 4371; x_wconf 80' lang='lat' dir='ltr'><strong>locu—</strong></span> 
     </span>
    </p>
   </div>
   <div class='ocr_carea' id='block_1_76' title="bbox 316 4417 869 4463">
    <p class='ocr_par' dir='ltr' id='par_1_76' title="bbox 316 4417 869 4463">
     <span class='ocr_line' id='line_1_76' title="bbox 316 4417 869 4463; baseline 0.005 -4"><span class='ocrx_word' id='word_1_566' title='bbox 316 4417 429 4460; x_wconf 75' lang='lat' dir='ltr'><strong>tum</strong></span> <span class='ocrx_word' id='word_1_567' title='bbox 459 4419 531 4463; x_wconf 86' lang='lat' dir='ltr'><strong>est</strong></span> <span class='ocrx_word' id='word_1_568' title='bbox 562 4424 650 4462; x_wconf 83' lang='lat' dir='ltr'><strong>cor</strong></span> <span class='ocrx_word' id='word_1_569' title='bbox 678 4424 869 4462; x_wconf 86' lang='lat' dir='ltr'><strong>eorum.</strong></span> 
     </span>
    </p>
   </div>
   <div class='ocr_carea' id='block_1_77' title="bbox 2006 3203 3577 3275">
    <p class='ocr_par' dir='ltr' id='par_1_77' title="bbox 2006 3203 3577 3275">
     <span class='ocr_line' id='line_1_77' title="bbox 2006 3203 3577 3275; baseline 0.003 -16"><span class='ocrx_word' id='word_1_570' title='bbox 2006 3203 2345 3268; x_wconf 80' lang='lat' dir='ltr'><strong>fortissimus,</strong></span> <span class='ocrx_word' id='word_1_571' title='bbox 2378 3205 2466 3275; x_wconf 90' lang='lat' dir='ltr'><strong>qui</strong></span> <span class='ocrx_word' id='word_1_572' title='bbox 2516 3214 2573 3258; x_wconf 89' lang='lat' dir='ltr'><strong>ut</strong></span> <span class='ocrx_word' id='word_1_573' title='bbox 2614 3203 2897 3259; x_wconf 88' lang='lat' dir='ltr'><strong>imbecillis</strong></span> <span class='ocrx_word' id='word_1_574' title='bbox 2940 3204 3206 3259; x_wconf 89' lang='lat' dir='ltr'><strong>occubuit.</strong></span> <span class='ocrx_word' id='word_1_575' title='bbox 3254 3206 3319 3259; x_wconf 85' lang='lat' dir='ltr'><strong>Et</strong></span> <span class='ocrx_word' id='word_1_576' title='bbox 3362 3223 3428 3262; x_wconf 90' lang='lat' dir='ltr'><strong>ne</strong></span> <span class='ocrx_word' id='word_1_577' title='bbox 3473 3209 3577 3264; x_wconf 87' lang='lat' dir='ltr'><strong>sibi</strong></span> 
     </span>
    </p>
   </div>
   <div class='ocr_carea' id='block_1_78' title="bbox 2006 3293 3579 3364">
    <p class='ocr_par' dir='ltr' id='par_1_78' title="bbox 2006 3293 3579 3364">
     <span class='ocr_line' id='line_1_78' title="bbox 2006 3293 3579 3364; baseline 0.001 -14"><span class='ocrx_word' id='word_1_578' title='bbox 2006 3296 2242 3351; x_wconf 67' lang='lat' dir='ltr'><strong>haeretici</strong></span> <span class='ocrx_word' id='word_1_579' title='bbox 2268 3296 2467 3351; x_wconf 87' lang='lat' dir='ltr'><strong>diutius</strong></span> <span class='ocrx_word' id='word_1_580' title='bbox 2495 3293 2856 3359; x_wconf 86' lang='lat' dir='ltr'><strong>blandiantur,</strong></span> <span class='ocrx_word' id='word_1_581' title='bbox 2883 3310 2950 3348; x_wconf 91' lang='lat' dir='ltr'><strong>au</strong></span> <span class='ocrx_word' id='word_1_582' title='bbox 2974 3296 3102 3349; x_wconf 85' lang='lat' dir='ltr'><strong>liant</strong></span> <span class='ocrx_word' id='word_1_583' title='bbox 3150 3296 3295 3350; x_wconf 89' lang='lat' dir='ltr'><strong>illum</strong></span> <span class='ocrx_word' id='word_1_584' title='bbox 3338 3298 3426 3364; x_wconf 84' lang='lat' dir='ltr'><strong>qui</strong></span> <span class='ocrx_word' id='word_1_585' title='bbox 3455 3299 3579 3352; x_wconf 63' lang='lat' dir='ltr'><strong>dor»</strong></span> 
     </span>
    </p>
   </div>
   <div class='ocr_carea' id='block_1_79' title="bbox 2005 3385 3577 3458">
    <p class='ocr_par' dir='ltr' id='par_1_79' title="bbox 2005 3385 3577 3458">
     <span class='ocr_line' id='line_1_79' title="bbox 2005 3385 3577 3458; baseline 0.003 -19"><span class='ocrx_word' id='word_1_586' title='bbox 2005 3388 2102 3440; x_wconf 88' lang='lat' dir='ltr'><strong>mit</strong></span> <span class='ocrx_word' id='word_1_587' title='bbox 2146 3387 2317 3457; x_wconf 90' lang='lat' dir='ltr'><strong>ipsum</strong></span> <span class='ocrx_word' id='word_1_588' title='bbox 2376 3385 2478 3440; x_wconf 90' lang='lat' dir='ltr'><strong>sibi</strong></span> <span class='ocrx_word' id='word_1_589' title='bbox 2533 3387 2763 3456; x_wconf 87' lang='lat' dir='ltr'><strong>adjicere</strong></span> <span class='ocrx_word' id='word_1_590' title='bbox 2821 3394 2879 3439; x_wconf 90' lang='lat' dir='ltr'><strong>ut</strong></span> <span class='ocrx_word' id='word_1_591' title='bbox 2925 3397 3198 3458; x_wconf 74' lang='lat' dir='ltr'><strong>resurgat;</strong></span> <span class='ocrx_word' id='word_1_592' title='bbox 3248 3387 3380 3442; x_wconf 90' lang='lat' dir='ltr'><strong>sicut</strong></span> <span class='ocrx_word' id='word_1_593' title='bbox 3425 3400 3478 3444; x_wconf 89' lang='lat' dir='ltr'><strong>et</strong></span> <span class='ocrx_word' id='word_1_594' title='bbox 3524 3391 3577 3444; x_wconf 88' lang='lat' dir='ltr'><strong>in</strong></span> 
     </span>
    </p>
   </div>
   <div class='ocr_carea' id='block_1_80' title="bbox 2007 3475 3579 3551">
    <p class='ocr_par' dir='ltr' id='par_1_80' title="bbox 2007 3475 3579 3551">
     <span class='ocr_line' id='line_1_80' title="bbox 2007 3475 3579 3551; baseline 0.001 -16"><span class='ocrx_word' id='word_1_595' title='bbox 2007 3479 2292 3551; x_wconf 74' lang='lat' dir='ltr'><strong>Evmgelio</strong></span> <span class='ocrx_word' id='word_1_596' title='bbox 2337 3478 2841 3534; x_wconf 82' lang='lat' dir='ltr'><strong>dicit:Potestatem</strong></span> <span class='ocrx_word' id='word_1_597' title='bbox 2886 3479 3044 3534; x_wconf 82' lang='lat' dir='ltr'><strong>habeo</strong></span> <span class='ocrx_word' id='word_1_598' title='bbox 3085 3484 3305 3549; x_wconf 85' lang='lat' dir='ltr'><strong>ponendi</strong></span> <span class='ocrx_word' id='word_1_599' title='bbox 3358 3475 3579 3537; x_wconf 83' lang='lat' dir='ltr'><strong>animum</strong></span> 
     </span>
    </p>
   </div>
   <div class='ocr_carea' id='block_1_81' title="bbox 2004 3571 3580 3644">
    <p class='ocr_par' dir='ltr' id='par_1_81' title="bbox 2004 3571 3580 3644">
     <span class='ocr_line' id='line_1_81' title="bbox 2004 3571 3580 3644; baseline 0.004 -20"><span class='ocrx_word' id='word_1_600' title='bbox 2004 3586 2187 3636; x_wconf 83' lang='lat' dir='ltr'><strong>meum,</strong></span> <span class='ocrx_word' id='word_1_601' title='bbox 2210 3580 2259 3624; x_wconf 83' lang='lat' dir='ltr'><strong>et</strong></span> <span class='ocrx_word' id='word_1_602' title='bbox 2284 3579 2581 3639; x_wconf 82' lang='lat' dir='ltr'><strong>potestatem</strong></span> <span class='ocrx_word' id='word_1_603' title='bbox 2611 3571 2769 3624; x_wconf 77' lang='lat' dir='ltr'><strong>habeo</strong></span> <span class='ocrx_word' id='word_1_604' title='bbox 2790 3572 2969 3624; x_wconf 80' lang='lat' dir='ltr'><strong>iterum</strong></span> <span class='ocrx_word' id='word_1_605' title='bbox 2998 3573 3230 3626; x_wconf 79' lang='lat' dir='ltr'><strong>sumendi</strong></span> <span class='ocrx_word' id='word_1_606' title='bbox 3259 3590 3368 3626; x_wconf 77' lang='lat' dir='ltr'><strong>eam</strong></span> <span class='ocrx_word' id='word_1_607' title='bbox 3397 3574 3580 3644; x_wconf 77' lang='lat' dir='ltr'><strong>(Joaa.</strong></span> 
     </span>
    </p>
   </div>
   <div class='ocr_carea' id='block_1_82' title="bbox 2005 3663 2225 3739">
    <p class='ocr_par' dir='ltr' id='par_1_82' title="bbox 2005 3663 2225 3739">
     <span class='ocr_line' id='line_1_82' title="bbox 2005 3663 2225 3739; baseline -0.009 -23"><span class='ocrx_word' id='word_1_608' title='bbox 2005 3677 2058 3724; x_wconf 73' lang='grc' dir='ltr'><strong>ι.</strong></span> <span class='ocrx_word' id='word_1_609' title='bbox 2094 3663 2225 3739; x_wconf 79' lang='grc'><strong>18).¹</strong></span> 
     </span>
    </p>
   </div>
   <div class='ocr_carea' id='block_1_83' title="bbox 2074 3754 3581 3827">
    <p class='ocr_par' dir='ltr' id='par_1_83' title="bbox 2074 3754 3581 3827">
     <span class='ocr_line' id='line_1_83' title="bbox 2074 3754 3581 3827; baseline 0 -16"><span class='ocrx_word' id='word_1_610' title='bbox 2074 3757 2230 3811; x_wconf 73' lang='lat' dir='ltr'><strong>Vcrs.</strong></span> <span class='ocrx_word' id='word_1_611' title='bbox 2264 3754 2330 3810; x_wconf 76' lang='grc'><strong>10</strong></span> <span class='ocrx_word' id='word_1_612' title='bbox 2385 3754 2584 3808; x_wconf 83' lang='lat' dir='ltr'><strong>Etenim</strong></span> <span class='ocrx_word' id='word_1_613' title='bbox 2607 3756 2753 3809; x_wconf 82' lang='lat' dir='ltr'><strong>homo</strong></span> <span class='ocrx_word' id='word_1_614' title='bbox 2781 3756 2919 3823; x_wconf 83' lang='lat' dir='ltr'><strong>pacis</strong></span> <span class='ocrx_word' id='word_1_615' title='bbox 2948 3772 3069 3809; x_wconf 77' lang='lat' dir='ltr'><strong>mea:</strong></span> <span class='ocrx_word' id='word_1_616' title='bbox 3090 3756 3141 3810; x_wconf 89' lang='lat' dir='ltr'><strong>in</strong></span> <span class='ocrx_word' id='word_1_617' title='bbox 3166 3772 3265 3825; x_wconf 85' lang='lat' dir='ltr'><strong>quo</strong></span> <span class='ocrx_word' id='word_1_618' title='bbox 3285 3760 3545 3827; x_wconf 83' lang='lat' dir='ltr'><strong>sperabam</strong></span> <span class='ocrx_word' id='word_1_619' title='bbox 3563 3796 3581 3826; x_wconf 92' lang='lat'><strong>,</strong></span> 
     </span>
    </p>
   </div>
   <div class='ocr_carea' id='block_1_84' title="bbox 2004 3849 3584 3920">
    <p class='ocr_par' dir='ltr' id='par_1_84' title="bbox 2004 3849 3584 3920">
     <span class='ocr_line' id='line_1_84' title="bbox 2004 3849 3584 3920; baseline 0.003 -20"><span class='ocrx_word' id='word_1_620' title='bbox 2004 3849 2093 3920; x_wconf 87' lang='lat' dir='ltr'><strong>qui</strong></span> <span class='ocrx_word' id='word_1_621' title='bbox 2139 3850 2312 3902; x_wconf 85' lang='lat' dir='ltr'><strong>edebat</strong></span> <span class='ocrx_word' id='word_1_622' title='bbox 2356 3864 2512 3920; x_wconf 84' lang='lat' dir='ltr'><strong>panes</strong></span> <span class='ocrx_word' id='word_1_623' title='bbox 2563 3865 2696 3903; x_wconf 82' lang='lat' dir='ltr'><strong>meos</strong></span> <span class='ocrx_word' id='word_1_624' title='bbox 2744 3850 3005 3919; x_wconf 83' lang='lat' dir='ltr'><strong>ampliavit</strong></span> <span class='ocrx_word' id='word_1_625' title='bbox 3049 3851 3315 3903; x_wconf 84' lang='lat' dir='ltr'><strong>adversum</strong></span> <span class='ocrx_word' id='word_1_626' title='bbox 3356 3868 3432 3904; x_wconf 87' lang='lat' dir='ltr'><strong>me</strong></span> <span class='ocrx_word' id='word_1_627' title='bbox 3459 3868 3584 3920; x_wconf 56' lang='lat' dir='ltr'><strong>stips</strong></span> 
     </span>
    </p>
   </div>
   <div class='ocr_carea' id='block_1_85' title="bbox 2008 3934 3577 4012">
    <p class='ocr_par' dir='ltr' id='par_1_85' title="bbox 2008 3934 3577 4012">
     <span class='ocr_line' id='line_1_85' title="bbox 2008 3934 3577 4012; baseline 0.001 -17"><span class='ocrx_word' id='word_1_628' title='bbox 2008 3943 2395 4009; x_wconf 85' lang='lat' dir='ltr'><strong>plantationem.</strong></span> <span class='ocrx_word' id='word_1_629' title='bbox 2430 3934 2705 3995; x_wconf 79' lang='lat' dir='ltr'><strong>Hominem</strong></span> <span class='ocrx_word' id='word_1_630' title='bbox 2747 3942 2888 4012; x_wconf 88' lang='lat' dir='ltr'><strong>pacis</strong></span> <span class='ocrx_word' id='word_1_631' title='bbox 2928 3957 3037 3996; x_wconf 74' lang='lat' dir='ltr'><strong>suze</strong></span> <span class='ocrx_word' id='word_1_632' title='bbox 3086 3942 3215 3997; x_wconf 86' lang='lat' dir='ltr'><strong>dicit</strong></span> <span class='ocrx_word' id='word_1_633' title='bbox 3256 3943 3577 4011; x_wconf 87' lang='lat' dir='ltr'><strong>discipulum</strong></span> 
     </span>
    </p>
   </div>
   <div class='ocr_carea' id='block_1_86' title="bbox 2007 4031 3577 4103">
    <p class='ocr_par' dir='ltr' id='par_1_86' title="bbox 2007 4031 3577 4103">
     <span class='ocr_line' id='line_1_86' title="bbox 2007 4031 3577 4103; baseline -0.001 -14"><span class='ocrx_word' id='word_1_634' title='bbox 2007 4032 2220 4097; x_wconf 50' lang='lat' dir='ltr'><strong>J&#39;ulam,</strong></span> <span class='ocrx_word' id='word_1_635' title='bbox 2253 4033 2341 4103; x_wconf 89' lang='lat' dir='ltr'><strong>qui</strong></span> <span class='ocrx_word' id='word_1_636' title='bbox 2383 4034 2457 4087; x_wconf 90' lang='lat' dir='ltr'><strong>illi</strong></span> <span class='ocrx_word' id='word_1_637' title='bbox 2506 4047 2686 4101; x_wconf 84' lang='lat' dir='ltr'><strong>pacem</strong></span> <span class='ocrx_word' id='word_1_638' title='bbox 2718 4031 2890 4098; x_wconf 90' lang='lat' dir='ltr'><strong>dedit,</strong></span> <span class='ocrx_word' id='word_1_639' title='bbox 2920 4032 3134 4103; x_wconf 86' lang='lat' dir='ltr'><strong>quando</strong></span> <span class='ocrx_word' id='word_1_640' title='bbox 3171 4047 3292 4086; x_wconf 89' lang='lat' dir='ltr'><strong>eum</strong></span> <span class='ocrx_word' id='word_1_641' title='bbox 3344 4035 3577 4088; x_wconf 83' lang='lat' dir='ltr'><strong>tradidit.</strong></span> 
     </span>
    </p>
   </div>
   <div class='ocr_carea' id='block_1_87' title="bbox 2014 4122 3575 4191">
    <p class='ocr_par' dir='ltr' id='par_1_87' title="bbox 2014 4122 3575 4191">
     <span class='ocr_line' id='line_1_87' title="bbox 2014 4122 3575 4191; baseline 0.001 -14"><span class='ocrx_word' id='word_1_642' title='bbox 2014 4124 2198 4178; x_wconf 79' lang='lat' dir='ltr'><strong>Pacem</strong></span> <span class='ocrx_word' id='word_1_643' title='bbox 2226 4124 2485 4191; x_wconf 78' lang='lat' dir='ltr'><strong>siquidem</strong></span> <span class='ocrx_word' id='word_1_644' title='bbox 2516 4122 2764 4186; x_wconf 89' lang='lat' dir='ltr'><strong>dicimus,</strong></span> <span class='ocrx_word' id='word_1_645' title='bbox 2796 4138 2915 4178; x_wconf 91' lang='lat' dir='ltr'><strong>cum</strong></span> <span class='ocrx_word' id='word_1_646' title='bbox 2962 4138 3061 4178; x_wconf 92' lang='lat' dir='ltr'><strong>nos</strong></span> <span class='ocrx_word' id='word_1_647' title='bbox 3103 4123 3327 4179; x_wconf 88' lang='lat' dir='ltr'><strong>invicem</strong></span> <span class='ocrx_word' id='word_1_648' title='bbox 3359 4126 3575 4180; x_wconf 74' lang='lat' dir='ltr'><strong>oscula-</strong></span> 
     </span>
    </p>
   </div>
   <div class='ocr_carea' id='block_1_88' title="bbox 2010 4212 3583 4287">
    <p class='ocr_par' dir='ltr' id='par_1_88' title="bbox 2010 4212 3583 4287">
     <span class='ocr_line' id='line_1_88' title="bbox 2010 4212 3583 4287; baseline 0.001 -19"><span class='ocrx_word' id='word_1_649' title='bbox 2010 4230 2147 4268; x_wconf 88' lang='lat' dir='ltr'><strong>mur.</strong></span> <span class='ocrx_word' id='word_1_650' title='bbox 2196 4214 2325 4267; x_wconf 83' lang='lat' dir='ltr'><strong>Nam</strong></span> <span class='ocrx_word' id='word_1_651' title='bbox 2352 4214 2397 4268; x_wconf 86' lang='lat' dir='ltr'><strong>si</strong></span> <span class='ocrx_word' id='word_1_652' title='bbox 2430 4212 2494 4267; x_wconf 86' lang='lat' dir='ltr'><strong>ad</strong></span> <span class='ocrx_word' id='word_1_653' title='bbox 2536 4212 2727 4265; x_wconf 68' lang='lat' dir='ltr'><strong>animse</strong></span> <span class='ocrx_word' id='word_1_654' title='bbox 2760 4213 3191 4282; x_wconf 88' lang='lat' dir='ltr'><strong>tranquillitatem</strong></span> <span class='ocrx_word' id='word_1_655' title='bbox 3222 4214 3448 4279; x_wconf 83' lang='lat' dir='ltr'><strong>releras,</strong></span> <span class='ocrx_word' id='word_1_656' title='bbox 3479 4231 3583 4287; x_wconf 71' lang='lat' dir='ltr'><strong>pax</strong></span> 
     </span>
    </p>
   </div>
   <div class='ocr_carea' id='block_1_89' title="bbox 2009 4303 3581 4374">
    <p class='ocr_par' dir='ltr' id='par_1_89' title="bbox 2009 4303 3581 4374">
     <span class='ocr_line' id='line_1_89' title="bbox 2009 4303 3581 4374; baseline 0 -15"><span class='ocrx_word' id='word_1_657' title='bbox 2009 4318 2130 4359; x_wconf 87' lang='lat' dir='ltr'><strong>esse</strong></span> <span class='ocrx_word' id='word_1_658' title='bbox 2178 4305 2228 4358; x_wconf 91' lang='lat' dir='ltr'><strong>in</strong></span> <span class='ocrx_word' id='word_1_659' title='bbox 2272 4303 2415 4359; x_wconf 89' lang='lat' dir='ltr'><strong>illius</strong></span> <span class='ocrx_word' id='word_1_660' title='bbox 2463 4306 2622 4359; x_wconf 91' lang='lat' dir='ltr'><strong>corde</strong></span> <span class='ocrx_word' id='word_1_661' title='bbox 2672 4316 2775 4358; x_wconf 80' lang='lat' dir='ltr'><strong>non</strong></span> <span class='ocrx_word' id='word_1_662' title='bbox 2822 4305 3015 4374; x_wconf 86' lang='lat' dir='ltr'><strong>potuit,</strong></span> <span class='ocrx_word' id='word_1_663' title='bbox 3046 4307 3135 4374; x_wconf 89' lang='lat' dir='ltr'><strong>qui</strong></span> <span class='ocrx_word' id='word_1_664' title='bbox 3181 4304 3402 4359; x_wconf 89' lang='lat' dir='ltr'><strong>insidias</strong></span> <span class='ocrx_word' id='word_1_665' title='bbox 3431 4305 3581 4361; x_wconf 36' lang='lat' dir='ltr'><strong>blans</strong></span> 
     </span>
    </p>
   </div>
   <div class='ocr_carea' id='block_1_90' title="bbox 2012 4396 3586 4467">
    <p class='ocr_par' dir='ltr' id='par_1_90' title="bbox 2012 4396 3586 4467">
     <span class='ocr_line' id='line_1_90' title="bbox 2012 4396 3586 4467; baseline 0.001 -19"><span class='ocrx_word' id='word_1_666' title='bbox 2012 4396 2204 4449; x_wconf 86' lang='lat' dir='ltr'><strong>diendo</strong></span> <span class='ocrx_word' id='word_1_667' title='bbox 2231 4396 2567 4465; x_wconf 64' lang='lat' dir='ltr'><strong>praeparavit.</strong></span> <span class='ocrx_word' id='word_1_668' title='bbox 2599 4396 2832 4459; x_wconf 80' lang='lat' dir='ltr'><strong>Addidit,</strong></span> <span class='ocrx_word' id='word_1_669' title='bbox 2862 4396 2913 4447; x_wconf 87' lang='lat' dir='ltr'><strong>in</strong></span> <span class='ocrx_word' id='word_1_670' title='bbox 2943 4412 3040 4460; x_wconf 83' lang='lat' dir='ltr'><strong>quo</strong></span> <span class='ocrx_word' id='word_1_671' title='bbox 3070 4397 3367 4467; x_wconf 79' lang='lat' dir='ltr'><strong>sperabam;</strong></span> <span class='ocrx_word' id='word_1_672' title='bbox 3399 4399 3449 4452; x_wconf 89' lang='lat' dir='ltr'><strong>id</strong></span> <span class='ocrx_word' id='word_1_673' title='bbox 3504 4409 3586 4452; x_wconf 86' lang='lat' dir='ltr'><strong>est</strong></span> 
     </span>
    </p>
   </div>
   <div class='ocr_carea' id='block_1_91' title="bbox 400 4474 1898 4571">
    <p class='ocr_par' dir='ltr' id='par_1_91' title="bbox 400 4496 1898 4571">
     <span class='ocr_line' id='line_1_91' title="bbox 400 4496 1898 4571; baseline -0.001 -18"><span class='ocrx_word' id='word_1_674' title='bbox 400 4499 551 4553; x_wconf 73' lang='lat' dir='ltr'><strong>Vers.</strong></span> <span class='ocrx_word' id='word_1_675' title='bbox 580 4500 636 4552; x_wconf 87' lang='lat'><strong>7.</strong></span> <span class='ocrx_word' id='word_1_676' title='bbox 687 4496 1133 4571; x_wconf 84' lang='lat' dir='ltr'><strong>Congregaverunt</strong></span> <span class='ocrx_word' id='word_1_677' title='bbox 1170 4497 1487 4567; x_wconf 85' lang='lat' dir='ltr'><strong>iniquitatem</strong></span> <span class='ocrx_word' id='word_1_678' title='bbox 1530 4499 1732 4553; x_wconf 81' lang='lat' dir='ltr'><strong>sibi:et</strong></span> <span class='ocrx_word' id='word_1_679' title='bbox 1769 4515 1898 4569; x_wconf 74' lang='lat' dir='ltr'><strong>egre</strong></span> 
     </span>
    </p>
   </div>
   <div class='ocr_carea' id='block_1_92' title="bbox 2003 4474 3589 4571">
    <p class='ocr_par' dir='ltr' id='par_1_92' title="bbox 2017 4486 3589 4559">
     <span class='ocr_line' id='line_1_92' title="bbox 2017 4486 3589 4559; baseline 0.004 -19"><span class='ocrx_word' id='word_1_680' title='bbox 2017 4487 2069 4540; x_wconf 90' lang='lat' dir='ltr'><strong>in</strong></span> <span class='ocrx_word' id='word_1_681' title='bbox 2121 4502 2227 4555; x_wconf 87' lang='lat' dir='ltr'><strong>quo</strong></span> <span class='ocrx_word' id='word_1_682' title='bbox 2276 4503 2492 4556; x_wconf 81' lang='lat' dir='ltr'><strong>sperate</strong></span> <span class='ocrx_word' id='word_1_683' title='bbox 2541 4488 2783 4557; x_wconf 90' lang='lat' dir='ltr'><strong>putabar.</strong></span> <span class='ocrx_word' id='word_1_684' title='bbox 2832 4486 2962 4542; x_wconf 81' lang='lat' dir='ltr'><strong>Nam</strong></span> <span class='ocrx_word' id='word_1_685' title='bbox 3008 4490 3275 4559; x_wconf 89' lang='lat' dir='ltr'><strong>quomodo</strong></span> <span class='ocrx_word' id='word_1_686' title='bbox 3308 4491 3489 4545; x_wconf 85' lang='lat' dir='ltr'><strong>habuit</strong></span> <span class='ocrx_word' id='word_1_687' title='bbox 3535 4493 3589 4546; x_wconf 89' lang='lat' dir='ltr'><strong>in</strong></span> 
     </span>
    </p>
   </div>
   <div class='ocr_carea' id='block_1_93' title="bbox 317 4590 1912 4660">
    <p class='ocr_par' dir='ltr' id='par_1_93' title="bbox 317 4590 1912 4660">
     <span class='ocr_line' id='line_1_93' title="bbox 317 4590 1912 4660; baseline 0.001 -17"><span class='ocrx_word' id='word_1_688' title='bbox 317 4591 595 4644; x_wconf 77' lang='lat' dir='ltr'><strong>die&#39;cntur</strong></span> <span class='ocrx_word' id='word_1_689' title='bbox 636 4590 798 4659; x_wconf 80' lang='lat' dir='ltr'><strong>foras,</strong></span> <span class='ocrx_word' id='word_1_690' title='bbox 823 4599 868 4643; x_wconf 89' lang='lat' dir='ltr'><strong>et</strong></span> <span class='ocrx_word' id='word_1_691' title='bbox 910 4590 1267 4660; x_wconf 87' lang='lat' dir='ltr'><strong>loquebantur.</strong></span> <span class='ocrx_word' id='word_1_692' title='bbox 1301 4590 1531 4659; x_wconf 82' lang='lat' dir='ltr'><strong>Tempus</strong></span> <span class='ocrx_word' id='word_1_693' title='bbox 1584 4590 1707 4645; x_wconf 86' lang='lat' dir='ltr'><strong>illud</strong></span> <span class='ocrx_word' id='word_1_694' title='bbox 1740 4590 1912 4645; x_wconf 88' lang='lat' dir='ltr'><strong>domi-</strong></span> 
     </span>
    </p>
   </div>
   <div class='ocr_carea' id='block_1_94' title="bbox 317 4681 1908 4752">
    <p class='ocr_par' dir='ltr' id='par_1_94' title="bbox 317 4681 1908 4752">
     <span class='ocr_line' id='line_1_94' title="bbox 317 4681 1908 4752; baseline 0 -15"><span class='ocrx_word' id='word_1_695' title='bbox 317 4685 461 4737; x_wconf 72' lang='lat' dir='ltr'><strong>nica:</strong></span> <span class='ocrx_word' id='word_1_696' title='bbox 493 4682 753 4752; x_wconf 79' lang='lat' dir='ltr'><strong>passionis</strong></span> <span class='ocrx_word' id='word_1_697' title='bbox 784 4682 1027 4751; x_wconf 79' lang='lat' dir='ltr'><strong>exponit,</strong></span> <span class='ocrx_word' id='word_1_698' title='bbox 1062 4682 1273 4751; x_wconf 89' lang='lat' dir='ltr'><strong>quando</strong></span> <span class='ocrx_word' id='word_1_699' title='bbox 1302 4681 1464 4735; x_wconf 85' lang='lat' dir='ltr'><strong>Judas</strong></span> <span class='ocrx_word' id='word_1_700' title='bbox 1503 4697 1608 4735; x_wconf 89' lang='lat' dir='ltr'><strong>non</strong></span> <span class='ocrx_word' id='word_1_701' title='bbox 1648 4682 1715 4736; x_wconf 88' lang='lat' dir='ltr'><strong>ad</strong></span> <span class='ocrx_word' id='word_1_702' title='bbox 1750 4698 1908 4737; x_wconf 89' lang='lat' dir='ltr'><strong>vene-</strong></span> 
     </span>
    </p>
   </div>
   <div class='ocr_carea' id='block_1_95' title="bbox 318 4771 1911 4851">
    <p class='ocr_par' dir='ltr' id='par_1_95' title="bbox 318 4771 1911 4851">
     <span class='ocr_line' id='line_1_95' title="bbox 318 4771 1911 4851; baseline 0.001 -26"><span class='ocrx_word' id='word_1_703' title='bbox 318 4772 549 4825; x_wconf 80' lang='lat' dir='ltr'><strong>randum</strong></span> <span class='ocrx_word' id='word_1_704' title='bbox 577 4772 885 4837; x_wconf 87' lang='lat' dir='ltr'><strong>Dominum,</strong></span> <span class='ocrx_word' id='word_1_705' title='bbox 908 4772 1000 4826; x_wconf 86' lang='lat' dir='ltr'><strong>sed</strong></span> <span class='ocrx_word' id='word_1_706' title='bbox 1028 4773 1094 4826; x_wconf 86' lang='lat' dir='ltr'><strong>ad</strong></span> <span class='ocrx_word' id='word_1_707' title='bbox 1131 4771 1455 4838; x_wconf 73' lang='lat' dir='ltr'><strong>perdendum</strong></span> <span class='ocrx_word' id='word_1_708' title='bbox 1485 4773 1663 4841; x_wconf 84' lang='lat' dir='ltr'><strong>potius</strong></span> <span class='ocrx_word' id='word_1_709' title='bbox 1692 4772 1911 4851; x_wconf 78' lang='lat' dir='ltr'><strong>dolosus</strong></span> 
     </span>
    </p>
   </div>
   <div class='ocr_carea' id='block_1_96' title="bbox 316 4862 1913 4936">
    <p class='ocr_par' dir='ltr' id='par_1_96' title="bbox 316 4862 1913 4936">
     <span class='ocr_line' id='line_1_96' title="bbox 316 4862 1913 4936; baseline 0 -19"><span class='ocrx_word' id='word_1_710' title='bbox 316 4864 580 4917; x_wconf 72' lang='lat' dir='ltr'><strong>intrabat.</strong></span> <span class='ocrx_word' id='word_1_711' title='bbox 623 4862 758 4917; x_wconf 73' lang='lat' dir='ltr'><strong>Nam</strong></span> <span class='ocrx_word' id='word_1_712' title='bbox 799 4863 937 4931; x_wconf 89' lang='lat' dir='ltr'><strong>quod</strong></span> <span class='ocrx_word' id='word_1_713' title='bbox 991 4863 1263 4931; x_wconf 88' lang='lat' dir='ltr'><strong>pluraliter</strong></span> <span class='ocrx_word' id='word_1_714' title='bbox 1297 4863 1495 4918; x_wconf 89' lang='lat' dir='ltr'><strong>dictum</strong></span> <span class='ocrx_word' id='word_1_715' title='bbox 1525 4873 1627 4930; x_wconf 89' lang='lat' dir='ltr'><strong>est,</strong></span> <span class='ocrx_word' id='word_1_716' title='bbox 1658 4864 1913 4936; x_wconf 83' lang='lat' dir='ltr'><strong>ingredie-</strong></span> 
     </span>
    </p>
   </div>
   <div class='ocr_carea' id='block_1_97' title="bbox 316 4952 1911 5022">
    <p class='ocr_par' dir='ltr' id='par_1_97' title="bbox 316 4952 1911 5022">
     <span class='ocr_line' id='line_1_97' title="bbox 316 4952 1911 5022; baseline 0.003 -19"><span class='ocrx_word' id='word_1_717' title='bbox 316 4954 533 5015; x_wconf 73' lang='lat' dir='ltr'><strong>bantur,</strong></span> <span class='ocrx_word' id='word_1_718' title='bbox 562 4964 614 5005; x_wconf 91' lang='lat' dir='ltr'><strong>et</strong></span> <span class='ocrx_word' id='word_1_719' title='bbox 646 4952 769 5005; x_wconf 68' lang='lat' dir='ltr'><strong>illus</strong></span> <span class='ocrx_word' id='word_1_720' title='bbox 798 4952 1061 5019; x_wconf 69' lang='lat' dir='ltr'><strong>signiﬁcat</strong></span> <span class='ocrx_word' id='word_1_721' title='bbox 1090 4952 1176 5021; x_wconf 91' lang='lat' dir='ltr'><strong>qui</strong></span> <span class='ocrx_word' id='word_1_722' title='bbox 1210 4954 1257 5006; x_wconf 83' lang='lat' dir='ltr'><strong>ei</strong></span> <span class='ocrx_word' id='word_1_723' title='bbox 1293 4968 1480 5007; x_wconf 89' lang='lat' dir='ltr'><strong>manus</strong></span> <span class='ocrx_word' id='word_1_724' title='bbox 1529 4954 1749 5022; x_wconf 81' lang='lat' dir='ltr'><strong>injicere</strong></span> <span class='ocrx_word' id='word_1_725' title='bbox 1782 4970 1911 5022; x_wconf 72' lang='lat' dir='ltr'><strong>prte-</strong></span> 
     </span>
    </p>
   </div>
   <div class='ocr_carea' id='block_1_98' title="bbox 315 5042 1914 5116">
    <p class='ocr_par' dir='ltr' id='par_1_98' title="bbox 315 5042 1914 5116">
     <span class='ocr_line' id='line_1_98' title="bbox 315 5042 1914 5116; baseline 0.003 -20"><span class='ocrx_word' id='word_1_726' title='bbox 315 5054 692 5111; x_wconf 78' lang='lat' dir='ltr'><strong>sumpsernnt.</strong></span> <span class='ocrx_word' id='word_1_727' title='bbox 727 5042 875 5096; x_wconf 82' lang='lat' dir='ltr'><strong>Vana</strong></span> <span class='ocrx_word' id='word_1_728' title='bbox 911 5059 1035 5098; x_wconf 83' lang='lat' dir='ltr'><strong>vero</strong></span> <span class='ocrx_word' id='word_1_729' title='bbox 1062 5044 1221 5096; x_wconf 65' lang='grc' dir='ltr'><strong>ιη·ιαὶ</strong></span> <span class='ocrx_word' id='word_1_730' title='bbox 1251 5054 1370 5098; x_wconf 81' lang='lat' dir='ltr'><strong>sunt</strong></span> <span class='ocrx_word' id='word_1_731' title='bbox 1394 5044 1586 5112; x_wconf 69' lang='lat' dir='ltr'><strong>Judmi,</strong></span> <span class='ocrx_word' id='word_1_732' title='bbox 1609 5048 1822 5116; x_wconf 90' lang='lat' dir='ltr'><strong>quando</strong></span> <span class='ocrx_word' id='word_1_733' title='bbox 1848 5048 1914 5101; x_wconf 80' lang='lat' dir='ltr'><strong>de</strong></span> 
     </span>
    </p>
   </div>
   <div class='ocr_carea' id='block_1_99' title="bbox 318 5133 1913 5203">
    <p class='ocr_par' dir='ltr' id='par_1_99' title="bbox 318 5133 1913 5203">
     <span class='ocr_line' id='line_1_99' title="bbox 318 5133 1913 5203; baseline 0.001 -16"><span class='ocrx_word' id='word_1_734' title='bbox 318 5137 479 5187; x_wconf 83' lang='lat' dir='ltr'><strong>illius</strong></span> <span class='ocrx_word' id='word_1_735' title='bbox 525 5143 696 5187; x_wconf 89' lang='lat' dir='ltr'><strong>morte</strong></span> <span class='ocrx_word' id='word_1_736' title='bbox 740 5133 1037 5187; x_wconf 73' lang='lat' dir='ltr'><strong>crudeliter</strong></span> <span class='ocrx_word' id='word_1_737' title='bbox 1081 5144 1483 5200; x_wconf 86' lang='lat' dir='ltr'><strong>tractaverunt,</strong></span> <span class='ocrx_word' id='word_1_738' title='bbox 1534 5136 1621 5203; x_wconf 91' lang='lat' dir='ltr'><strong>qui</strong></span> <span class='ocrx_word' id='word_1_739' title='bbox 1675 5137 1913 5188; x_wconf 89' lang='lat' dir='ltr'><strong>omnium</strong></span> 
     </span>
    </p>
   </div>
   <div class='ocr_carea' id='block_1_100' title="bbox 318 5225 1916 5296">
    <p class='ocr_par' dir='ltr' id='par_1_100' title="bbox 318 5225 1916 5296">
     <span class='ocr_line' id='line_1_100' title="bbox 318 5225 1916 5296; baseline 0.002 -21"><span class='ocrx_word' id='word_1_740' title='bbox 318 5225 439 5276; x_wconf 75' lang='lat' dir='ltr'><strong>vita</strong></span> <span class='ocrx_word' id='word_1_741' title='bbox 471 5238 586 5279; x_wconf 80' lang='lat' dir='ltr'><strong>esse</strong></span> <span class='ocrx_word' id='word_1_742' title='bbox 632 5226 995 5293; x_wconf 79' lang='lat' dir='ltr'><strong>cognoscitur.</strong></span> <span class='ocrx_word' id='word_1_743' title='bbox 1045 5225 1317 5294; x_wconf 75' lang='lat' dir='ltr'><strong>Sequitur,</strong></span> <span class='ocrx_word' id='word_1_744' title='bbox 1348 5236 1785 5296; x_wconf 71' lang='lat' dir='ltr'><strong>congregaverant</strong></span> <span class='ocrx_word' id='word_1_745' title='bbox 1816 5226 1916 5278; x_wconf 84' lang='lat' dir='ltr'><strong>ini-</strong></span> 
     </span>
    </p>
   </div>
   <div class='ocr_carea' id='block_1_101' title="bbox 315 5316 1918 5388">
    <p class='ocr_par' dir='ltr' id='par_1_101' title="bbox 315 5316 1918 5388">
     <span class='ocr_line' id='line_1_101' title="bbox 315 5316 1918 5388; baseline 0.002 -21"><span class='ocrx_word' id='word_1_746' title='bbox 315 5318 574 5385; x_wconf 72' lang='lat' dir='ltr'><strong>quitatem</strong></span> <span class='ocrx_word' id='word_1_747' title='bbox 601 5318 718 5372; x_wconf 88' lang='lat' dir='ltr'><strong>sibi.</strong></span> <span class='ocrx_word' id='word_1_748' title='bbox 750 5316 1061 5370; x_wconf 77' lang='lat' dir='ltr'><strong>Conventus</strong></span> <span class='ocrx_word' id='word_1_749' title='bbox 1094 5317 1329 5384; x_wconf 83' lang='lat' dir='ltr'><strong>ipSorum</strong></span> <span class='ocrx_word' id='word_1_750' title='bbox 1362 5316 1706 5388; x_wconf 75' lang='lat' dir='ltr'><strong>congregatio</strong></span> <span class='ocrx_word' id='word_1_751' title='bbox 1733 5316 1918 5386; x_wconf 88' lang='lat' dir='ltr'><strong>utique</strong></span> 
     </span>
    </p>
   </div>
   <div class='ocr_carea' id='block_1_102' title="bbox 316 5407 1920 5476">
    <p class='ocr_par' dir='ltr' id='par_1_102' title="bbox 316 5407 1920 5476">
     <span class='ocr_line' id='line_1_102' title="bbox 316 5407 1920 5476; baseline -0.001 -14"><span class='ocrx_word' id='word_1_752' title='bbox 316 5407 436 5462; x_wconf 78' lang='lat' dir='ltr'><strong>iuit</strong></span> <span class='ocrx_word' id='word_1_753' title='bbox 483 5409 832 5474; x_wconf 69' lang='lat' dir='ltr'><strong>precantium,</strong></span> <span class='ocrx_word' id='word_1_754' title='bbox 866 5407 1079 5476; x_wconf 80' lang='lat' dir='ltr'><strong>quando</strong></span> <span class='ocrx_word' id='word_1_755' title='bbox 1111 5408 1163 5460; x_wconf 92' lang='lat' dir='ltr'><strong>in</strong></span> <span class='ocrx_word' id='word_1_756' title='bbox 1195 5424 1301 5462; x_wconf 92' lang='lat' dir='ltr'><strong>uno</strong></span> <span class='ocrx_word' id='word_1_757' title='bbox 1333 5407 1568 5462; x_wconf 79' lang='lat' dir='ltr'><strong>facinore</strong></span> <span class='ocrx_word' id='word_1_758' title='bbox 1599 5409 1778 5461; x_wconf 83' lang='lat' dir='ltr'><strong>omnia</strong></span> <span class='ocrx_word' id='word_1_759' title='bbox 1803 5424 1920 5461; x_wconf 46' lang='lat' dir='ltr'><strong>sees</strong></span> 
     </span>
    </p>
   </div>
   <div class='ocr_carea' id='block_1_103' title="bbox 318 5499 1918 5569">
    <p class='ocr_par' dir='ltr' id='par_1_103' title="bbox 318 5499 1918 5569">
     <span class='ocr_line' id='line_1_103' title="bbox 318 5499 1918 5569; baseline -0.001 -15"><span class='ocrx_word' id='word_1_760' title='bbox 318 5503 447 5554; x_wconf 76' lang='lat' dir='ltr'><strong>tera</strong></span> <span class='ocrx_word' id='word_1_761' title='bbox 484 5508 780 5569; x_wconf 84' lang='lat' dir='ltr'><strong>perpetrata</strong></span> <span class='ocrx_word' id='word_1_762' title='bbox 822 5508 969 5565; x_wconf 86' lang='lat' dir='ltr'><strong>sunt,</strong></span> <span class='ocrx_word' id='word_1_763' title='bbox 1000 5499 1128 5554; x_wconf 84' lang='lat' dir='ltr'><strong>dum</strong></span> <span class='ocrx_word' id='word_1_764' title='bbox 1160 5515 1339 5554; x_wconf 85' lang='lat' dir='ltr'><strong>rerum</strong></span> <span class='ocrx_word' id='word_1_765' title='bbox 1389 5500 1670 5555; x_wconf 89' lang='lat' dir='ltr'><strong>Dominum</strong></span> <span class='ocrx_word' id='word_1_766' title='bbox 1702 5500 1918 5554; x_wconf 89' lang='lat' dir='ltr'><strong>crucili-</strong></span> 
     </span>
    </p>
   </div>
   <div class='ocr_carea' id='block_1_104' title="bbox 312 5591 1923 5665">
    <p class='ocr_par' dir='ltr' id='par_1_104' title="bbox 312 5591 1923 5665">
     <span class='ocr_line' id='line_1_104' title="bbox 312 5591 1923 5665; baseline 0.001 -20"><span class='ocrx_word' id='word_1_767' title='bbox 312 5608 468 5665; x_wconf 62' lang='lat' dir='ltr'><strong>gere</strong></span> <span class='ocrx_word' id='word_1_768' title='bbox 492 5593 861 5649; x_wconf 82' lang='lat' dir='ltr'><strong>decreverunt.</strong></span> <span class='ocrx_word' id='word_1_769' title='bbox 914 5592 1077 5647; x_wconf 78' lang='lat' dir='ltr'><strong>Foras</strong></span> <span class='ocrx_word' id='word_1_770' title='bbox 1102 5594 1289 5663; x_wconf 79' lang='lat' dir='ltr'><strong>egressi</strong></span> <span class='ocrx_word' id='word_1_771' title='bbox 1314 5603 1464 5657; x_wconf 83' lang='lat' dir='ltr'><strong>sunt;</strong></span> <span class='ocrx_word' id='word_1_772' title='bbox 1495 5591 1747 5661; x_wconf 87' lang='lat' dir='ltr'><strong>quoniam</strong></span> <span class='ocrx_word' id='word_1_773' title='bbox 1782 5593 1923 5646; x_wconf 85' lang='lat' dir='ltr'><strong>intus</strong></span> 
     </span>
    </p>
   </div>
   <div class='ocr_carea' id='block_1_105' title="bbox 316 5681 1922 5754">
    <p class='ocr_par' dir='ltr' id='par_1_105' title="bbox 316 5681 1922 5754">
     <span class='ocr_line' id='line_1_105' title="bbox 316 5681 1922 5754; baseline -0.004 -13"><span class='ocrx_word' id='word_1_774' title='bbox 316 5698 487 5741; x_wconf 72' lang='lat' dir='ltr'><strong>stare</strong></span> <span class='ocrx_word' id='word_1_775' title='bbox 513 5700 615 5739; x_wconf 81' lang='lat' dir='ltr'><strong>non</strong></span> <span class='ocrx_word' id='word_1_776' title='bbox 644 5691 914 5754; x_wconf 73' lang='lat' dir='ltr'><strong>ptiterant,</strong></span> <span class='ocrx_word' id='word_1_777' title='bbox 940 5684 1028 5753; x_wconf 90' lang='lat' dir='ltr'><strong>qni</strong></span> <span class='ocrx_word' id='word_1_778' title='bbox 1054 5685 1120 5737; x_wconf 80' lang='lat' dir='ltr'><strong>alt</strong></span> <span class='ocrx_word' id='word_1_779' title='bbox 1142 5699 1338 5740; x_wconf 86' lang='lat' dir='ltr'><strong>arcano</strong></span> <span class='ocrx_word' id='word_1_780' title='bbox 1370 5685 1490 5739; x_wconf 85' lang='lat' dir='ltr'><strong>li.lei</strong></span> <span class='ocrx_word' id='word_1_781' title='bbox 1520 5681 1922 5752; x_wconf 82' lang='lat' dir='ltr'><strong>discrepabant.</strong></span> 
     </span>
    </p>
   </div>
   <div class='ocr_carea' id='block_1_106' title="bbox 622 5775 1138 5836">
    <p class='ocr_par' dir='ltr' id='par_1_106' title="bbox 622 5775 1138 5836">
     <span class='ocr_line' id='line_1_106' title="bbox 622 5775 1138 5836; baseline -0.006 0"><span class='ocrx_word' id='word_1_782' title='bbox 622 5778 888 5836; x_wconf 73' lang='grc' dir='ltr'><strong>ΡΑτηυε..</strong></span> <span class='ocrx_word' id='word_1_783' title='bbox 939 5775 1040 5833; x_wconf 67' lang='lat' dir='ltr'><strong>LX</strong></span> <span class='ocrx_word' id='word_1_784' title='bbox 1059 5775 1138 5834; x_wconf 78' lang='grc' dir='ltr'><strong>Χ.</strong></span> 
     </span>
    </p>
   </div>
   <div class='ocr_carea' id='block_1_107' title="bbox 2018 4579 3587 4651">
    <p class='ocr_par' dir='ltr' id='par_1_107' title="bbox 2018 4579 3587 4651">
     <span class='ocr_line' id='line_1_107' title="bbox 2018 4579 3587 4651; baseline 0.001 -17"><span class='ocrx_word' id='word_1_785' title='bbox 2018 4579 2234 4635; x_wconf 65' lang='lat' dir='ltr'><strong>homine</strong></span> <span class='ocrx_word' id='word_1_786' title='bbox 2265 4582 2497 4650; x_wconf 84' lang='lat' dir='ltr'><strong>pessimo</strong></span> <span class='ocrx_word' id='word_1_787' title='bbox 2526 4595 2767 4649; x_wconf 84' lang='lat' dir='ltr'><strong>sperare,</strong></span> <span class='ocrx_word' id='word_1_788' title='bbox 2796 4582 2885 4649; x_wconf 84' lang='lat' dir='ltr'><strong>qui</strong></span> <span class='ocrx_word' id='word_1_789' title='bbox 2929 4581 3075 4634; x_wconf 90' lang='lat' dir='ltr'><strong>illum</strong></span> <span class='ocrx_word' id='word_1_790' title='bbox 3108 4581 3276 4649; x_wconf 88' lang='lat' dir='ltr'><strong>potuit</strong></span> <span class='ocrx_word' id='word_1_791' title='bbox 3306 4593 3587 4651; x_wconf 88' lang='lat' dir='ltr'><strong>antequam</strong></span> 
     </span>
    </p>
   </div>
   <div class='ocr_carea' id='block_1_108' title="bbox 2019 4669 3591 4742">
    <p class='ocr_par' dir='ltr' id='par_1_108' title="bbox 2019 4669 3591 4742">
     <span class='ocr_line' id='line_1_108' title="bbox 2019 4669 3591 4742; baseline 0.001 -18"><span class='ocrx_word' id='word_1_792' title='bbox 2019 4681 2333 4727; x_wconf 88' lang='lat' dir='ltr'><strong>nasceretur</strong></span> <span class='ocrx_word' id='word_1_793' title='bbox 2360 4669 2682 4742; x_wconf 73' lang='lat' dir='ltr'><strong>agnoscere?</strong></span> <span class='ocrx_word' id='word_1_794' title='bbox 2712 4671 2841 4723; x_wconf 80' lang='lat' dir='ltr'><strong>Nam</strong></span> <span class='ocrx_word' id='word_1_795' title='bbox 2872 4680 2928 4723; x_wconf 91' lang='lat' dir='ltr'><strong>ut</strong></span> <span class='ocrx_word' id='word_1_796' title='bbox 2958 4670 3220 4741; x_wconf 83' lang='lat' dir='ltr'><strong>intelligas</strong></span> <span class='ocrx_word' id='word_1_797' title='bbox 3263 4671 3428 4725; x_wconf 81' lang='lat' dir='ltr'><strong>fuisse</strong></span> <span class='ocrx_word' id='word_1_798' title='bbox 3457 4687 3591 4739; x_wconf 52' lang='lat' dir='ltr'><strong>pra»</strong></span> 
     </span>
    </p>
   </div>
   <div class='ocr_carea' id='block_1_109' title="bbox 2016 4758 3593 4832">
    <p class='ocr_par' dir='ltr' id='par_1_109' title="bbox 2016 4758 3593 4832">
     <span class='ocr_line' id='line_1_109' title="bbox 2016 4758 3593 4832; baseline -0.003 -13"><span class='ocrx_word' id='word_1_799' title='bbox 2016 4765 2229 4829; x_wconf 84' lang='lat' dir='ltr'><strong>scitum,</strong></span> <span class='ocrx_word' id='word_1_800' title='bbox 2262 4765 2339 4816; x_wconf 75' lang='lat' dir='ltr'><strong>sic</strong></span> <span class='ocrx_word' id='word_1_801' title='bbox 2365 4762 2478 4832; x_wconf 89' lang='lat' dir='ltr'><strong>ipse</strong></span> <span class='ocrx_word' id='word_1_802' title='bbox 2512 4762 2769 4816; x_wconf 87' lang='lat' dir='ltr'><strong>Dominus</strong></span> <span class='ocrx_word' id='word_1_803' title='bbox 2795 4762 2918 4816; x_wconf 83' lang='lat' dir='ltr'><strong>dicit</strong></span> <span class='ocrx_word' id='word_1_804' title='bbox 2949 4780 2959 4814; x_wconf 92' lang='lat'><strong>:</strong></span> <span class='ocrx_word' id='word_1_805' title='bbox 2987 4758 3171 4815; x_wconf 70' lang='lat' dir='ltr'><strong>Nonne</strong></span> <span class='ocrx_word' id='word_1_806' title='bbox 3208 4777 3294 4816; x_wconf 86' lang='lat' dir='ltr'><strong>vos</strong></span> <span class='ocrx_word' id='word_1_807' title='bbox 3322 4762 3593 4815; x_wconf 81' lang='lat' dir='ltr'><strong>duodecim</strong></span> 
     </span>
    </p>
   </div>
   <div class='ocr_carea' id='block_1_110' title="bbox 2018 4849 3593 4923">
    <p class='ocr_par' dir='ltr' id='par_1_110' title="bbox 2018 4849 3593 4923">
     <span class='ocr_line' id='line_1_110' title="bbox 2018 4849 3593 4923; baseline -0.001 -16"><span class='ocrx_word' id='word_1_808' title='bbox 2018 4854 2168 4922; x_wconf 85' lang='lat' dir='ltr'><strong>e&#39;egi,</strong></span> <span class='ocrx_word' id='word_1_809' title='bbox 2198 4862 2244 4906; x_wconf 91' lang='lat' dir='ltr'><strong>et</strong></span> <span class='ocrx_word' id='word_1_810' title='bbox 2292 4867 2423 4904; x_wconf 82' lang='lat' dir='ltr'><strong>unus</strong></span> <span class='ocrx_word' id='word_1_811' title='bbox 2472 4865 2535 4905; x_wconf 63' lang='lat' dir='ltr'><strong>es</strong></span> <span class='ocrx_word' id='word_1_812' title='bbox 2573 4850 2712 4905; x_wconf 84' lang='lat' dir='ltr'><strong>vobis</strong></span> <span class='ocrx_word' id='word_1_813' title='bbox 2756 4851 2991 4905; x_wconf 84' lang='lat' dir='ltr'><strong>diabolus</strong></span> <span class='ocrx_word' id='word_1_814' title='bbox 3029 4861 3102 4905; x_wconf 86' lang='lat' dir='ltr'><strong>est</strong></span> <span class='ocrx_word' id='word_1_815' title='bbox 3148 4849 3328 4923; x_wconf 81' lang='lat' dir='ltr'><strong>(Joan.</strong></span> <span class='ocrx_word' id='word_1_816' title='bbox 3360 4866 3433 4917; x_wconf 76' lang='lat' dir='ltr'><strong>VI,</strong></span> <span class='ocrx_word' id='word_1_817' title='bbox 3462 4849 3593 4922; x_wconf 57' lang='grc' dir='ltr'><strong>δον</strong></span> 
     </span>
    </p>
   </div>
   <div class='ocr_carea' id='block_1_111' title="bbox 2018 4940 3594 5011">
    <p class='ocr_par' dir='ltr' id='par_1_111' title="bbox 2018 4940 3594 5011">
     <span class='ocr_line' id='line_1_111' title="bbox 2018 4940 3594 5011; baseline 0 -15"><span class='ocrx_word' id='word_1_818' title='bbox 2018 4941 2309 5011; x_wconf 84' lang='lat' dir='ltr'><strong>Sequitur,</strong></span> <span class='ocrx_word' id='word_1_819' title='bbox 2357 4942 2446 5010; x_wconf 83' lang='lat' dir='ltr'><strong>qui</strong></span> <span class='ocrx_word' id='word_1_820' title='bbox 2490 4941 2665 4995; x_wconf 87' lang='lat' dir='ltr'><strong>edebat</strong></span> <span class='ocrx_word' id='word_1_821' title='bbox 2714 4956 2869 5011; x_wconf 73' lang='lat' dir='ltr'><strong>partes</strong></span> <span class='ocrx_word' id='word_1_822' title='bbox 2911 4956 3045 4995; x_wconf 85' lang='lat' dir='ltr'><strong>meos</strong></span> <span class='ocrx_word' id='word_1_823' title='bbox 3080 4956 3099 4994; x_wconf 85' lang='lat'><strong><em>:</em></strong></span> <span class='ocrx_word' id='word_1_824' title='bbox 3135 4942 3251 4995; x_wconf 84' lang='lat' dir='ltr'><strong>sive</strong></span> <span class='ocrx_word' id='word_1_825' title='bbox 3294 4940 3594 4996; x_wconf 87' lang='lat' dir='ltr'><strong>doetrinam</strong></span> 
     </span>
    </p>
   </div>
   <div class='ocr_carea' id='block_1_112' title="bbox 2023 5031 3595 5102">
    <p class='ocr_par' dir='ltr' id='par_1_112' title="bbox 2023 5031 3595 5102">
     <span class='ocr_line' id='line_1_112' title="bbox 2023 5031 3595 5102; baseline 0.001 -16"><span class='ocrx_word' id='word_1_826' title='bbox 2023 5048 2195 5087; x_wconf 88' lang='lat' dir='ltr'><strong>meatu</strong></span> <span class='ocrx_word' id='word_1_827' title='bbox 2236 5032 2507 5097; x_wconf 80' lang='lat' dir='ltr'><strong>audiebat,</strong></span> <span class='ocrx_word' id='word_1_828' title='bbox 2557 5032 2700 5086; x_wconf 89' lang='lat' dir='ltr'><strong>unde</strong></span> <span class='ocrx_word' id='word_1_829' title='bbox 2746 5031 3096 5102; x_wconf 85' lang='lat' dir='ltr'><strong>spiritualiter</strong></span> <span class='ocrx_word' id='word_1_830' title='bbox 3138 5033 3595 5101; x_wconf 73' lang='lat' dir='ltr'><strong>epulamurtsive</strong></span> 
     </span>
    </p>
   </div>
   <div class='ocr_carea' id='block_1_113' title="bbox 2020 5122 3597 5195">
    <p class='ocr_par' dir='ltr' id='par_1_113' title="bbox 2020 5122 3597 5195">
     <span class='ocr_line' id='line_1_113' title="bbox 2020 5122 3597 5195; baseline -0.002 -17"><span class='ocrx_word' id='word_1_831' title='bbox 2020 5123 2143 5195; x_wconf 88' lang='lat' dir='ltr'><strong>quia</strong></span> <span class='ocrx_word' id='word_1_832' title='bbox 2184 5138 2400 5179; x_wconf 89' lang='lat' dir='ltr'><strong>manum</strong></span> <span class='ocrx_word' id='word_1_833' title='bbox 2449 5122 2591 5177; x_wconf 86' lang='lat' dir='ltr'><strong>misit</strong></span> <span class='ocrx_word' id='word_1_834' title='bbox 2635 5136 2754 5177; x_wconf 90' lang='lat' dir='ltr'><strong>cum</strong></span> <span class='ocrx_word' id='word_1_835' title='bbox 2787 5124 2901 5189; x_wconf 90' lang='lat' dir='ltr'><strong>ipso</strong></span> <span class='ocrx_word' id='word_1_836' title='bbox 2930 5122 2982 5179; x_wconf 90' lang='lat' dir='ltr'><strong>in</strong></span> <span class='ocrx_word' id='word_1_837' title='bbox 3011 5122 3315 5192; x_wconf 71' lang='lat' dir='ltr'><strong>paropside,</strong></span> <span class='ocrx_word' id='word_1_838' title='bbox 3341 5124 3597 5189; x_wconf 49' lang='lat' dir='ltr'><strong>quetnad.</strong></span> 
     </span>
    </p>
   </div>
   <div class='ocr_carea' id='block_1_114' title="bbox 2026 5211 3596 5285">
    <p class='ocr_par' dir='ltr' id='par_1_114' title="bbox 2026 5211 3596 5285">
     <span class='ocr_line' id='line_1_114' title="bbox 2026 5211 3596 5285; baseline -0.003 -17"><span class='ocrx_word' id='word_1_839' title='bbox 2026 5214 2242 5268; x_wconf 90' lang='lat' dir='ltr'><strong>modum</strong></span> <span class='ocrx_word' id='word_1_840' title='bbox 2284 5214 2555 5285; x_wconf 82' lang='lat' dir='ltr'><strong>Evangelii</strong></span> <span class='ocrx_word' id='word_1_841' title='bbox 2588 5214 2760 5283; x_wconf 80' lang='lat' dir='ltr'><strong>lingua</strong></span> <span class='ocrx_word' id='word_1_842' title='bbox 2806 5211 3064 5267; x_wconf 85' lang='lat' dir='ltr'><strong>declarat.</strong></span> <span class='ocrx_word' id='word_1_843' title='bbox 3114 5213 3181 5267; x_wconf 86' lang='lat' dir='ltr'><strong>Et</strong></span> <span class='ocrx_word' id='word_1_844' title='bbox 3211 5212 3402 5271; x_wconf 89' lang='lat' dir='ltr'><strong>merito</strong></span> <span class='ocrx_word' id='word_1_845' title='bbox 3442 5214 3596 5279; x_wconf 81' lang='lat' dir='ltr'><strong>dixit,</strong></span> 
     </span>
    </p>
   </div>
   <div class='ocr_carea' id='block_1_115' title="bbox 2024 5306 3599 5377">
    <p class='ocr_par' dir='ltr' id='par_1_115' title="bbox 2024 5306 3599 5377">
     <span class='ocr_line' id='line_1_115' title="bbox 2024 5306 3599 5377; baseline -0.001 -19"><span class='ocrx_word' id='word_1_846' title='bbox 2024 5308 2314 5377; x_wconf 83' lang='lat' dir='ltr'><strong>ampliavit,</strong></span> <span class='ocrx_word' id='word_1_847' title='bbox 2346 5307 2555 5376; x_wconf 82' lang='lat' dir='ltr'><strong>quando</strong></span> <span class='ocrx_word' id='word_1_848' title='bbox 2586 5306 2953 5377; x_wconf 84' lang='lat' dir='ltr'><strong>ignorantibus</strong></span> <span class='ocrx_word' id='word_1_849' title='bbox 2984 5307 3104 5375; x_wconf 90' lang='lat' dir='ltr'><strong>quis</strong></span> <span class='ocrx_word' id='word_1_850' title='bbox 3136 5316 3279 5360; x_wconf 75' lang='lat' dir='ltr'><strong>esset</strong></span> <span class='ocrx_word' id='word_1_851' title='bbox 3311 5306 3422 5375; x_wconf 86' lang='lat' dir='ltr'><strong>ipse</strong></span> <span class='ocrx_word' id='word_1_852' title='bbox 3452 5320 3599 5360; x_wconf 81' lang='lat' dir='ltr'><strong>mon-</strong></span> 
     </span>
    </p>
   </div>
   <div class='ocr_carea' id='block_1_116' title="bbox 2025 5396 3604 5468">
    <p class='ocr_par' dir='ltr' id='par_1_116' title="bbox 2025 5396 3604 5468">
     <span class='ocr_line' id='line_1_116' title="bbox 2025 5396 3604 5468; baseline -0.003 -14"><span class='ocrx_word' id='word_1_853' title='bbox 2025 5407 2309 5455; x_wconf 90' lang='lat' dir='ltr'><strong>straverat.</strong></span> <span class='ocrx_word' id='word_1_854' title='bbox 2358 5398 2403 5453; x_wconf 92' lang='grc' dir='ltr'><strong>Ο</strong></span> <span class='ocrx_word' id='word_1_855' title='bbox 2450 5399 2762 5468; x_wconf 84' lang='lat' dir='ltr'><strong>discipulum</strong></span> <span class='ocrx_word' id='word_1_856' title='bbox 2820 5398 3071 5464; x_wconf 85' lang='lat' dir='ltr'><strong>surdum,</strong></span> <span class='ocrx_word' id='word_1_857' title='bbox 3102 5411 3137 5452; x_wconf 85' lang='grc' dir='ltr'><strong>ο</strong></span> <span class='ocrx_word' id='word_1_858' title='bbox 3183 5396 3396 5452; x_wconf 89' lang='lat' dir='ltr'><strong>indocili</strong></span> <span class='ocrx_word' id='word_1_859' title='bbox 3445 5397 3604 5451; x_wconf 69' lang='lat' dir='ltr'><strong>corde</strong></span> 
     </span>
    </p>
   </div>
   <div class='ocr_carea' id='block_1_117' title="bbox 2025 5487 3601 5561">
    <p class='ocr_par' dir='ltr' id='par_1_117' title="bbox 2025 5487 3601 5561">
     <span class='ocr_line' id='line_1_117' title="bbox 2025 5487 3601 5561; baseline -0.004 -16"><span class='ocrx_word' id='word_1_860' title='bbox 2025 5490 2399 5546; x_wconf 47' lang='lat' dir='ltr'><strong>durissimum!</strong></span> <span class='ocrx_word' id='word_1_861' title='bbox 2431 5490 2559 5558; x_wconf 85' lang='lat' dir='ltr'><strong>Quis</strong></span> <span class='ocrx_word' id='word_1_862' title='bbox 2589 5492 2729 5545; x_wconf 86' lang='lat' dir='ltr'><strong>enim</strong></span> <span class='ocrx_word' id='word_1_863' title='bbox 2758 5506 2880 5545; x_wconf 91' lang='lat' dir='ltr'><strong>eum</strong></span> <span class='ocrx_word' id='word_1_864' title='bbox 2912 5505 2942 5544; x_wconf 87' lang='lat' dir='ltr'><strong>a</strong></span> <span class='ocrx_word' id='word_1_865' title='bbox 2987 5498 3131 5543; x_wconf 88' lang='lat' dir='ltr'><strong>tanta</strong></span> <span class='ocrx_word' id='word_1_866' title='bbox 3165 5488 3361 5557; x_wconf 75' lang='lat' dir='ltr'><strong>pietate</strong></span> <span class='ocrx_word' id='word_1_867' title='bbox 3402 5487 3601 5561; x_wconf 84' lang='lat' dir='ltr'><strong>aliquid</strong></span> 
     </span>
    </p>
   </div>
   <div class='ocr_carea' id='block_1_118' title="bbox 2029 5578 3607 5651">
    <p class='ocr_par' dir='ltr' id='par_1_118' title="bbox 2029 5578 3607 5651">
     <span class='ocr_line' id='line_1_118' title="bbox 2029 5578 3607 5651; baseline -0.004 -14"><span class='ocrx_word' id='word_1_868' title='bbox 2029 5584 2238 5637; x_wconf 87' lang='lat' dir='ltr'><strong>virtutis</strong></span> <span class='ocrx_word' id='word_1_869' title='bbox 2282 5582 2461 5636; x_wconf 89' lang='lat' dir='ltr'><strong>animo</strong></span> <span class='ocrx_word' id='word_1_870' title='bbox 2507 5582 2809 5651; x_wconf 80' lang='lat' dir='ltr'><strong>percepisse</strong></span> <span class='ocrx_word' id='word_1_871' title='bbox 2847 5581 3053 5648; x_wconf 85' lang='lat' dir='ltr'><strong>credat,</strong></span> <span class='ocrx_word' id='word_1_872' title='bbox 3085 5580 3177 5651; x_wconf 85' lang='lat' dir='ltr'><strong>qui</strong></span> <span class='ocrx_word' id='word_1_873' title='bbox 3221 5593 3327 5635; x_wconf 86' lang='lat' dir='ltr'><strong>tam</strong></span> <span class='ocrx_word' id='word_1_874' title='bbox 3371 5578 3607 5638; x_wconf 77' lang='lat' dir='ltr'><strong>crudelis</strong></span> 
     </span>
    </p>
   </div>
   <div class='ocr_carea' id='block_1_119' title="bbox 2030 5675 2557 5745">
    <p class='ocr_par' dir='ltr' id='par_1_119' title="bbox 2030 5675 2557 5745">
     <span class='ocr_line' id='line_1_119' title="bbox 2030 5675 2557 5745; baseline -0.008 -14"><span class='ocrx_word' id='word_1_875' title='bbox 2030 5676 2233 5731; x_wconf 79' lang='lat' dir='ltr'><strong>exstitit</strong></span> <span class='ocrx_word' id='word_1_876' title='bbox 2262 5675 2557 5745; x_wconf 76' lang='lat' dir='ltr'><strong>parricida?</strong></span> 
     </span>
    </p>
   </div>
   <div class='ocr_carea' id='block_1_120' title="bbox 3149 5768 3220 5825">
    <p class='ocr_par' dir='ltr' id='par_1_120' title="bbox 3149 5768 3220 5825">
     <span class='ocr_line' id='line_1_120' title="bbox 3149 5768 3220 5825; baseline 0 0"><span class='ocrx_word' id='word_1_877' title='bbox 3149 5768 3220 5825; x_wconf 80' lang='grc'><strong>10</strong></span> 
     </span>
    </p>
   </div>
  </div>
