4030 6172
342 240 447 302 ξοδ
1546 242 1611 295 Il.
1656 241 1930 298 AUiiELll

1972 242 2208 298 tiASSlU
2220 243 2372 296 DORI
3505 244 3609 299 διῖο

410 354 569 417 Verg.
608 363 693 418 ιι,
732 361 811 415 Tu
850 367 1039 424 autem,
1086 357 1315 421 Domine,
1347 356 1584 429 miserere
1613 355 1731 421 mei,
1762 363 1809 406 et
1838 370 1921 407 re-
1950 357 1994 415 Α
2027 353 2327 407 benedicno
2357 367 2419 407 ex
2450 353 2625 408 alieno
2648 352 2950 408 celebratur
2979 353 3220 415 arb'trio.
3258 352 3394 407 Deus
3424 364 3601 411 autem

344 453 532 507 suscita
559 470 637 507 me
656 467 678 509 :
699 458 747 506 et
784 450 1059 505 retribuam
1087 448 1210 501 illis.
1261 446 1510 515 Exposita
1555 448 1826 515 passione,
1857 445 1922 498 ad

348 546 561 600 tertium
592 543 736 601 venit
782 543 1105 611 ingressum,
1138 537 1191 592 in
1221 553 1327 609 quo
1351 537 1759 594 resurrectionis
1787 551 1921 602 sum,

347 651 441 704 per
476 634 529 689 id
574 633 716 705 quod
764 633 924 686 homo
967 639 1085 695 est,
1118 630 1233 685 ﬁeri
1282 628 1539 683 miracula
1584 627 1922 695 deprecatur.

346 724 481 792 Quid
522 724 689 795 erigis
724 737 901 787 aures,
940 721 1224 776 btet-elice?
1251 719 1387 788 Quid
1435 727 1487 775 te
1533 724 1689 788 putas
1724 714 1924 785 aliquid

348 810 633 880 invenisse,
662 814 804 884 quod
838 826 980 867 tuam
1011 812 1175 882 possit
1204 824 1472 866 excusare
1513 806 1835 878 perﬁdiam?
1868 805 1927 861 Si

348 910 664 968 potestatem
710 903 939 973 quaeris,
971 901 1094 955 andi
1134 900 1276 968 quod
1325 900 1377 953 in
1424 898 1709 969 Evangelio
1755 895 1922 952 dicit:

349 996 541 1052 Solvite
566 996 811 1068 templum
833 997 945 1061 hoc,
964 1005 1011 1049 et
1038 996 1090 1050 in
1114 996 1283 1049 triduo
1302 1000 1388 1048 sus
1398 993 1565 1048 citabo
1582 992 1714 1047 illud
1743 993 1923 1065 (Joan.

349 1104 408 1155 n,
433 1087 543 1160 l9).
575 1088 672 1144 ilic
699 1087 1005 1143 humanitas
1029 1095 1202 1159 rugat,
1253 1087 1323 1142 ibi
1347 1087 1598 1141 divinitas
1620 1086 1924 1154 pollicetur.

352 1182 544 1238 Desine
589 1181 885 1237 calumnias
935 1181 1131 1247 facere,
1162 1190 1388 1247 utraque
1429 1178 1575 1233 enim
1606 1179 1929 1232 conveniunt

348 1272 401 1327 in
432 1272 657 1327 Domino
684 1271 962 1329 Salvatore
984 1288 999 1326 :
1025 1271 1153 1341 quia
1190 1270 1415 1325 Verbum
1443 1285 1563 1324 caro
1606 1273 1799 1339 factum
1828 1278 1925 1334 est,

347 1375 396 1418 et
442 1363 689 1419 habitavit
727 1365 780 1418 in
820 1363 961 1418 nobis
989 1362 1171 1433 (Joan.
1211 1379 1250 1427 ι,
1292 1361 1401 1432 Η).
1459 1362 1754 1415 ltetribnam
1796 1360 1924 1424 illis,

347 1454 501 1520 dixit,
525 1470 633 1511 non
661 1454 848 1511 dolore
870 1455 1139 1519 vindictm,
1164 1453 1258 1509 sed
1282 1451 1685 1519 exspectatione
1707 1453 1920 1521 patieno

349 1549 455 1602 tite.
482 1549 612 1603 Nam
638 1548 898 1618 hodieque
922 1548 1234 1603 sustinendo
1263 1548 1406 1610 illos,
1437 1560 1685 1615 magnam
1715 1557 1923 1618 partem

348 1656 530 1697 eorum
562 1642 861 1698 clementiae
888 1632 1000 1697 suae
1026 1642 1336 1710 operatione
1358 1639 1641 1694 convertit.

2027 442 2315 496 benedictus
2342 450 2453 507 est,
2504 442 2603 497 etsi
2631 455 2820 498 omnes
2866 452 3103 509 taceant;
3132 444 3253 512 quia
3305 443 3398 501 ille
3444 460 3609 503 omne

2026 535 2221 589 bonum
2253 549 2358 590 non
2385 544 2636 604 tanquam
2662 544 2974 591 extraneum
3004 535 3245 603 suscipit,
3276 535 3369 592 sed
3399 539 3468 590 ab
3495 539 3613 608 ipso

2028 626 2382 695 progreditur.
2409 624 2539 680 Nam
2568 625 2708 695 quod
2736 625 2869 681 dixit
2903 644 2915 679 :
2947 626 2992 680 Α
3028 625 3249 691 uacula,
3290 638 3609 697 praesentem

2028 715 2283 771 mundum
2334 715 2630 786 signiﬁcat,
2657 731 2722 772 ex
2746 731 2853 787 quo
2883 716 3246 773 administrari
3276 727 3450 788 empta
3491 728 3618 773 sunt

2026 809 2228 863 omnia.
2257 807 2317 862 Et
2342 824 2502 878 usque
2539 808 2591 861 in
2622 808 2897 875 uetulum,
2927 808 3163 864 futurum
3202 810 3313 865 vult
3340 811 3561 879 intelligi
3598 852 3610 873 ,

2028 903 2116 957 ubi
2137 903 2245 971 jam
2276 901 2457 956 omnia
2487 910 2688 957 eterna
2716 902 3046 969 consistunt,
3068 918 3169 960 nec
3197 904 3376 975 al'qua
3405 914 3613 975 tempo-

2030 994 2104 1051 ris
2125 994 2475 1050 mutabilitate
2513 994 2840 1051 dilabuntur.
2873 995 3005 1051 Nam
3036 998 3161 1052 licet
3194 998 3438 1053 secutum
3471 999 3613 1052 istud

2028 1086 2272 1151 deliciat,
2309 1085 2399 1141 Dei
2425 1094 2601 1142 tamen
2632 1086 2933 1141 benedictio
2955 1088 3405 1143 incommutabilis
3435 1104 3619 1158 perse-

2030 1187 2199 1234 verat.
2253 1179 2471 1235 Addidit
2509 1180 2622 1250 ﬁat,
2654 1181 2763 1249 ﬁat.
2800 1180 2910 1236 Hoc
2939 1181 3160 1237 verbum
3188 1184 3514 1251 geminatum
3537 1184 3620 1237 ἰη-

2031 1278 2231 1325 stanter
2258 1271 2328 1324 ab
2371 1270 2617 1327 omnibus
2666 1272 2919 1340 praedicat
2961 1287 3082 1327 esse
3129 1271 3453 1328 faciendum.
3498 1273 3615 1327 Non

2030 1360 2174 1415 enim
2204 1361 2281 1414 sic
2306 1360 2706 1432 intelligendum
2736 1372 2838 1427 est,
2873 1372 2928 1415 ut
2959 1372 3169 1431 putetur
3202 1364 3294 1431 ﬁat
3328 1364 3620 1417 benedictus

2034 1454 2314 1519 Dominus;
2348 1463 2598 1525 tanquam
2648 1458 2692 1509 si
2740 1472 2844 1510 non
2890 1455 3136 1513 laudetur
3179 1456 3468 1510 bemdictus
3509 1472 3618 1510 non

2031 1549 2101 1602 sit
2131 1565 2146 1602 :
2178 1548 2270 1603 sed
2300 1548 2402 1602 hoc
2429 1560 2530 1615 est,
2561 1549 2674 1616 ﬁat,
2704 1566 2775 1604 un
2796 1551 2843 1604 le
2872 1565 2968 1604 nos
3001 1549 3336 1617 prolicimus,
3367 1552 3491 1607 dum
3519 1550 3607 1619 iu-

2034 1644 2167 1713 giter
2194 1642 2306 1713 ejus
2329 1642 2575 1700 laudibus
2603 1657 2944 1705 occupamur.
2974 1642 3150 1712 Aliqui
3183 1657 3310 1696 vero
3336 1644 3620 1712 exposito-

422 1732 571 1788 Vers.
604 1734 687 1788 12.
724 1732 789 1787 In
813 1734 909 1788 hoc
932 1731 1141 1804 cognovi
1162 1733 1401 1803 quoniam
1428 1731 1632 1785 voluisti
1656 1745 1737 1785 me
1761 1773 1774 1794 ,
1799 1747 1925 1801 quo-
1958 1724 2005 1783 B
2034 1748 2149 1788 rum
2174 1750 2275 1804 pro
2304 1734 2460 1789 istius
2489 1731 2634 1789 verbi
2665 1733 2920 1798 novitate,
2953 1733 3097 1803 quod
3134 1742 3216 1787 est
3247 1734 3412 1788 hic-et
3450 1732 3502 1788 in
3531 1748 3619 1789 se-

350 1827 488 1879 niam
533 1840 633 1879 nan
676 1823 915 1894 gaudebit
955 1824 1191 1878 inimicus
1237 1840 1375 1877 meus
1401 1839 1558 1892 super
1600 1839 1700 1877 me.
1731 1821 1929 1895 Cogno-

346 1918 476 1971 cisse
501 1932 559 1971 se
584 1917 716 1971 dicit
745 1917 797 1971 in
824 1917 920 1970 hac
940 1916 1281 1972 dilectionem
1315 1917 1511 1983 Patris,
1548 1918 1668 1987 quia
1699 1916 1930 1987 gloriosa

345 2022 425 2065 est
458 2014 780 2068 resurrectio
825 2025 1092 2069 secutura.
1144 2013 1394 2079 Quoniam
1435 2015 1641 2068 voluisti
1671 2031 1770 2082 me,
1805 2014 1931 2068 Sub-

345 2104 466 2158 audi
495 2104 817 2172 gloriﬁcare,
851 2107 1108 2161 exaltare.
1141 2105 1372 2161 Possunt
1399 2108 1541 2162 enim
1574 2106 1697 2163 huic
1729 2107 1847 2161 loco
1876 2113 1932 2161 et

353 2196 467 2249 haec
497 2196 656 2248 verba
687 2210 806 2265 quae
835 2197 975 2251 dicta
1009 2206 1151 2264 sunt,
1188 2209 1241 2252 et
1282 2198 1364 2251 his
1396 2200 1588 2252 similia
1614 2198 1926 2254 convenire.

355 2285 608 2351 Addidit,
650 2288 889 2355 quoniam
917 2304 1019 2340 non
1057 2286 1299 2356 gaudebit
1329 2288 1567 2344 inimicus
1605 2305 1745 2341 meus
1774 2304 1931 2358 super

349 2396 446 2434 me.
478 2380 589 2435 lloc
609 2388 724 2435 erat
743 2380 883 2448 quod
908 2378 1063 2445 dixit,
1085 2380 1327 2445 quoniam
1351 2381 1556 2434 voluisti
1580 2396 1690 2445 me;
1718 2381 1928 2436 scilicet

343 2473 467 2543 quia
497 2473 732 2527 inimicus
776 2485 933 2541 supra
965 2481 1086 2525 eum
1115 2487 1215 2524 non
1241 2480 1323 2525 est
1351 2471 1578 2542 gaudere
1602 2471 1921 2541 permissus,

353 2564 568 2634 quando
614 2563 701 2619 illa
747 2579 865 2634 quae
911 2562 1287 2632 disponebant,
1317 2562 1618 2617 nullatenus
1669 2562 1927 2632 impleve-

350 2668 492 2710 tunt.
531 2655 686 2728 14],
716 2657 795 2712 Ad
826 2653 929 2709 hoc
966 2655 1111 2710 enim
1156 2670 1278 2709 eum
1328 2654 1574 2710 occidere
1618 2656 1921 2721 voluerunt,

343 2747 485 2801 sicut
526 2761 773 2817 superius
800 2745 1000 2802 dictum
1025 2754 1129 2811 est,
1161 2757 1218 2802 ut
1245 2760 1439 2801 nomen
1468 2744 1584 2816 eius
1616 2748 1828 2815 penitus
1856 2746 1924 2801 de

343 2847 485 2893 terra
532 2839 869 2910 abrogarent.
938 2838 1045 2893 Sed
1105 2852 1326 2893 econzra
1379 2838 1563 2893 vident
1626 2837 1919 2893 Ecclesiam

340 2932 537 2989 Christi
583 2942 693 2987 toto
743 2933 872 2989 orbe
918 2932 1189 2999 dill'usam,
1218 2946 1521 3003 nomenque
1562 2932 1682 3004 ejus
1722 2934 1922 3004 ubique

340 3025 752 3083 celeberrimum
802 3040 922 3082 esse
969 3037 1325 3097 cognoscunt;
1365 3035 1423 3081 ut
1464 3028 1657 3083 merito
1686 3028 1919 3097 gaudere

340 3131 444 3170 non
478 3117 702 3186 possint,
735 3117 925 3185 quibus
952 3126 1059 3170 tam
1088 3116 1355 3170 contraria
1386 3124 1770 3187 provenerunt.

412 3206 560 3261 Vers.
594 3207 679 3264 1'5.
721 3206 939 3275 Pmpter
972 3207 1313 3261 innocentiam
1345 3218 1516 3261 autem
1546 3224 1712 3262 meam
1743 3225 1918 3264 susce-

337 3300 458 3371 pisti
497 3315 594 3366 nte,
645 3308 693 3353 et
732 3300 1050 3369 conﬁrmasti
1076 3316 1157 3354 me
1190 3301 1241 3353 in
1266 3312 1535 3369 conspectu
1563 3312 1651 3355 tuo
1680 3304 1733 3356 in
1761 3312 1913 3357 teter-

338 3406 479 3449 num.
513 3391 646 3447 Vere
670 3402 853 3447 Sancta
884 3392 1209 3460 innocentia,
1230 3408 1373 3463 vere
1412 3394 1752 3461 simplicitas,
1786 3410 1915 3453 vere

339 3484 602 3538 humilitas
632 3483 817 3548 beata;
849 3494 907 3539 ut
934 3493 1012 3539 tot
1039 3484 1175 3539 mala
1206 3500 1414 3554 passus,
1448 3487 1589 3541 nulla
1614 3502 1674 3542 se
1689 3497 1914 3557 conten-

337 3577 479 3631 tione
527 3576 853 3632 defenderet.
909 3576 1125 3631 Plarato
1175 3578 1354 3632 animo
1405 3579 1513 3633 ibat
1553 3578 1620 3634 ad
1670 3594 1913 3649 crucem,

337 3666 616 3735 tranquilla
649 3678 826 3723 mente
857 3668 1165 3721 moriturus.
1198 3667 1387 3723 Omnia
1425 3669 1590 3724 verba
1622 3682 1741 3739 quze
1776 3685 1912 3739 pta-

336 3757 473 3813 dicta
495 3766 616 3811 sunt
640 3772 736 3827 per
758 3757 1039 3827 prophetas
1064 3757 1405 3828 integerrima
1429 3762 1653 3815 veritate
1676 3762 1913 3830 comple-

336 3849 428 3904 vit.
459 3846 634 3902 Doluit
659 3848 868 3903 casibus
892 3850 1345 3918 persequentium,
1368 3858 1421 3903 et
1445 3850 1497 3904 in
1519 3864 1678 3905 cruce
1707 3852 1915 3920 positus

336 3958 433 4009 pro
456 3940 684 3997 inimicis
730 3941 843 3997 suis
871 3941 1319 3996 clementissimus
1344 3942 1585 3998 exoravit
1613 3958 1628 4008 ;
1662 3945 1911 4013 quoniam

337 4032 437 4088 hoc
462 4043 514 4088 et
540 4048 569 4087 a
602 4032 840 4087 lldelibus
864 4032 975 4086 suis
999 4029 1299 4086 faciendum
1330 4045 1449 4087 esse
1479 4032 1814 4087 decreverat.
1851 4033 1916 4088 Et

336 4123 527 4180 merito
572 4123 717 4178 dedit
765 4130 1122 4193 praeceptum,
1165 4122 1253 4193 qui
1286 4123 1542 4192 praemisit
1581 4123 1909 4190 exemplum.

335 4215 606 4284 Sequitur,
635 4225 679 4268 et
705 4215 1017 4283 conﬁrmasti
1054 4229 1133 4267 me
1167 4214 1221 4267 in
1243 4221 1513 4284 conspectu
1558 4223 1644 4268 tuo
1677 4214 1731 4268 in
1768 4223 1915 4269 teter-

336 4305 602 4360 num.1iic
635 4305 746 4374 jam
779 4304 1051 4359 beatitudo
1096 4305 1263 4373 ipsius
1289 4315 1490 4359 sanetae
1531 4306 1915 4360 incarnationis

337 4397 673 4465 exprimitur,
700 4397 785 4465 qui
817 4396 1121 4450 moribundi
1144 4398 1384 4465 corporis
1408 4398 1717 4453 inﬁrmitate
1744 4400 1908 4468 depo-

2039 1829 2367 1899 ptuagesimo
2398 1831 2587 1898 primo.
2614 1829 2728 1884 sive
2762 1826 2816 1881 in
2842 1825 3171 1896 octogesimo
3196 1836 3418 1890 octavo,
3448 1826 3529 1881 vel
3561 1827 3619 1881 in

2034 1923 2325 1977 centesimo
2346 1922 2561 1992 quinto,
2595 1920 2645 1974 in
2676 1922 2911 1991 quinque
2940 1919 3103 1974 libros
3132 1919 3276 1988 psalt
3295 1921 3444 1983 rium
3476 1919 3618 1974 divi-

2032 2014 2263 2068 dendum
2295 2027 2413 2067 esse
2457 2021 2790 2081 putaverunt.
2824 2011 2930 2067 Sed
2972 2011 3052 2066 eis
3084 2027 3187 2064 non
3225 2025 3345 2066 esse
3386 2025 3617 2066 consen-

2032 2105 2269 2160 tiendum
2304 2105 2354 2159 in
2388 2103 2700 2173 pr.el‘atioue
2748 2113 2929 2158 nostra
2966 2103 3295 2158 sullicienter
3336 2113 3618 2158 ostensum

2030 2206 2132 2252 est.
2169 2195 2223 2250 In
2258 2195 2476 2252 Actibus
2504 2196 2697 2267 quippe
2722 2196 3086 2264 apostolorum
3115 2196 3253 2265 (Act.
3288 2210 3322 2261 ι,
3350 2195 3440 2265 20)
3476 2209 3619 2248 unus

2032 2286 2167 2341 liber
2190 2285 2379 2357 legitur
2408 2300 2528 2342 esse
2560 2287 2905 2356 psalmorum.

2565 2398 2834 2459 Conclusio
2874 2398 3078 2467 psalmi.

2098 2517 2387 2585 Superiora
2416 2514 2650 2585 psalmo,
2682 2513 2735 2568 in
2766 2514 2934 2583 prima
2969 2521 3119 2581 parte
3151 2510 3386 2564 Ecclesia
3417 2519 3605 2564 sancta

2026 2611 2197 2667 locuta
2223 2619 2326 2674 est,
2358 2618 2413 2665 et
2442 2618 2561 2676 post
2591 2607 2796 2661 Domini
2838 2606 2999 2660 verba
3032 2613 3212 2659 secuta
3244 2612 3368 2659 aunt
3402 2620 3416 2656 :
3450 2605 3517 2658 ita
3551 2614 3614 2659 et

2025 2705 2076 2757 in
2108 2704 2209 2757 hoc
2237 2701 2493 2770 propheta
2523 2714 2821 2769 praecursor
2852 2708 2955 2753 est.
2992 2697 3045 2752 In
3078 2698 3201 2767 ipso
3230 2697 3429 2766 quippe
3458 2698 3618 2766 prin-

2023 2797 2167 2863 cipio
2194 2797 2379 2850 beatus
2408 2794 2574 2848 David
2603 2808 2695 2863 per
2722 2793 3091 2862 eleemosynas
3132 2800 3347 2845 sanctas
3376 2790 3619 2844 morales

2024 2902 2122 2942 nus
2150 2887 2329 2942 docuit
2354 2885 2683 2955 disciplinas.
2717 2884 2967 2941 Secundo
2994 2899 3088 2954 per
3114 2886 3415 2954 passionem
3451 2898 3616 2936 suam

2026 2980 2281 3034 Dominus
2308 2978 2578 3032 naturales
2616 2976 2833 3030 semitas
2871 2973 3147 3030 iudicavit.
3191 2972 3373 3029 Tertio
3418 2988 3617 3028 reur-

1944 3084 1990 3146 ο
2023 3070 2276 3127 rectionis
2302 3069 2557 3125 miraculo
2578 3067 2866 3136 inspectiva
2894 3081 2991 3122 nos
3013 3067 3255 3122 clari'ate
3275 3066 3559 3134 complevit
3595 3108 3613 3128 ,

2020 3174 2079 3218 ut
2101 3162 2335 3218 celestis
2368 3160 2724 3230 philosophiae
2749 3158 2948 3213 veritas
2996 3156 3164 3212 tribus
3213 3156 3450 3226 partibus
3482 3170 3609 3209 nar‘

2016 3261 2129 3306 rata
2160 3260 2452 3306 constaret.
2492 3251 2643 3317 Quod
2686 3250 2728 3304 si
2775 3250 3061 3317 diligenter
3100 3247 3431 3316 inspexeris,
3460 3255 3512 3301 et
3554 3249 3616 3300 in

2020 3343 2238 3413 reliquis
2283 3342 2503 3410 psalmis
2542 3339 2775 3410 positum
2821 3338 3123 3409 frequenter
3152 3338 3406 3393 invenies.
3450 3336 3527 3393 Un
3560 3340 3618 3391 ὀ

2020 3434 2208 3504 psalmi
2251 3433 2408 3503 hujus
2445 3443 2696 3501 suscepto
2727 3432 2986 3486 beneﬂcio
3028 3444 3217 3500 magna
3244 3429 3615 3484 exsultatiope

2016 3524 2300 3579 dicendum
2352 3536 2477 3579 est:
2512 3522 2818 3578 Benedictus
2861 3520 3113 3575 Dominus
3164 3519 3303 3574 Deus
3343 3518 3541 3584 Israel,
3576 3538 3610 3573 α

2014 3617 2225 3685 seculo,
2252 3626 2300 3671 et
2325 3631 2482 3686 usque
2504 3616 2557 3670 in
2576 3615 2824 3670 secutum
2845 3628 2865 3669 :
2894 3613 3009 3683 ﬁet,
3037 3612 3148 3682 ﬁat.

2321 3728 2681 3785 EXPOSITIO
2709 3720 2771 3782 ΙΝ
2802 3726 3123 3783 PSALMUM
3157 3722 3295 3780 XLI.

2128 3821 2192 3876 1η
2222 3823 2405 3890 ﬁnem,
2436 3820 2717 3874 intellectus
2744 3816 2869 3890 ﬁliis
2897 3815 3026 3871 Core
3055 3816 3279 3884 psalmus
3304 3816 3488 3871 David.

2089 3938 2231 3992 Inter
2257 3936 2418 3992 verba
2454 3934 2651 3987 usitata
2699 3932 2838 4000 filios
2875 3929 3006 3987 Core
3043 3929 3250 3984 naviter
3284 3928 3603 3992 introducit,

2018 4047 2137 4104 qua:
2175 4029 2391 4085 nomina
2416 4036 2693 4082 cantorum
2739 4031 2885 4088 sunt,
2917 4036 3022 4076 non
3052 4020 3604 4093 psalmigraphorutn;

2019 4122 2155 4178 sicut
2182 4119 2251 4176 de
2280 4117 2505 4173 ldithum
2539 4117 2589 4171 in
2623 4114 2896 4184 trigesimo
2923 4121 3117 4168 octavo
3151 4113 3353 4179 psalmo
3377 4111 3488 4179 jam
3516 4112 3605 4167 d1-

2017 4228 2159 4271 ctmn
2196 4222 2298 4268 est.
2330 4210 2391 4265 lli
2434 4210 2579 4263 enim
2614 4223 2645 4262 a
2686 4205 2858 4261 David
2887 4205 2952 4259 ad
3000 4202 3348 4274 psalmodiam
3383 4203 3597 4259 fuerant

2018 4306 2173 4361 electi
2193 4321 2208 4369 ;
2228 4303 2318 4356 sed
2337 4309 2552 4371 propter
2580 4296 2986 4367 signiﬁcantiam
3007 4294 3281 4349 nominum
3304 4308 3604 4364 congruen-

2020 4405 2101 4450 ter
2130 4393 2294 4448 titulis
2323 4390 2574 4445 videntur
2615 4387 2876 4457 appositi;
2906 4385 3046 4456 quod
3078 4400 3271 4454 magno
3300 4382 3475 4438 studio
3506 4385 3605 4439 de-

340 4464 459 4551 sita,
482 4487 639 4540 homo
664 4464 802 4541 Deus
830 4503 895 4542 ex
927 4486 1149 4553 duabus,
1180 4464 1313 4542 etin
1336 4489 1541 4543 duabus
1562 4491 1765 4546 naturis
1795 4464 1911 4547 dis-
1943 4464 1989 4524 υ
2016 4487 2201 4541 bemus
2221 4481 2513 4553 inquirere,
2539 4490 2594 4533 ut
2618 4477 2772 4533 nobis
2788 4477 2932 4532 velut
2951 4473 3362 4530 candidissimus
3376 4473 3605 4528 nucleus

340 4579 518 4631 tinctis
579 4586 735 4647 atque
785 4577 1031 4646 perlectis
1080 4586 1357 4646 permanet
1401 4579 1450 4632 iu
1501 4580 1665 4649 glori-t
1712 4581 1910 4650 sempi-

337 4679 484 4724 terna
514 4686 529 4722 :
564 4669 715 4738 cujus
743 4685 933 4724 nomen
970 4685 1130 4740 super
1168 4687 1326 4724 omne
1371 4686 1564 4726 nomen
1609 4682 1721 4737 est,
1760 4674 1912 4742 cujus

335 4772 569 4830 patestas
595 4764 732 4817 ccclo
760 4772 1020 4833 terrchue
1046 4765 1302 4832 imperat,
1332 4766 1415 4819 cui
1462 4763 1624 4819 Omne
1657 4782 1791 4837 genu
1818 4769 1913 4837 ﬂe-

334 4853 487 4906 ctitur
530 4856 835 4918 cwlestium,
887 4855 1230 4920 terrestrium,
1279 4864 1325 4907 et
1365 4855 1684 4924 infernarum
1725 4858 1745 4929 (
1778 4856 1906 4911 ΡΙιὶ-

335 4948 425 5019 lip.
461 4962 517 5011 tt,
549 4946 657 5014 l0).
1080 4944 1085 4949 ’

409 5038 559 5094 Vers.
596 5036 680 5093 η.
708 5034 1015 5091 Benedictus
1040 5036 1287 5092 Dominus
1309 5034 1447 5091 Deus
1472 5037 1640 5092 Israel
1665 5056 1695 5092 a
1718 5041 1913 5094 alecula

332 5142 379 5185 et
404 5146 563 5198 usque
589 5132 641 5185 in
665 5131 908 5186 steculum
938 5145 957 5184 :
985 5129 1095 5197 ﬁat,
1125 5128 1237 5200 ﬁat.
1266 5128 1532 5198 Expositis
1554 5145 1671 5201 quas
1692 5131 1757 5185 ad
1786 5145 1909 5198 pas-

332 5224 539 5277 sionem
578 5229 633 5276 et
675 5223 1124 5275 resurrectionem
1168 5218 1366 5274 Christi
1413 5221 1621 5275 Domini
1673 5206 1912 5289 perime-

336 5319 481 5383 haut,
510 5313 728 5384 pulchre
758 5324 937 5367 secuta
989 5320 1073 5367 est
1114 5309 1378 5366 laudativa
1421 5314 1727 5380 conclusio;
1788 5312 1909 5383 quia

335 5404 478 5460 omni
511 5416 748 5474 tempore
774 5402 1017 5458 benedici
1049 5402 1203 5457 debet
1247 5403 1335 5473 qni
1362 5419 1508 5471 spem
1539 5412 1773 5457 nostram
1795 5404 1906 5473 glo-

338 5495 413 5549 ria
442 5510 553 5551 suae
582 5495 992 5566 dispensttiouis
1020 5493 1276 5561 implevit.
1310 5492 1649 5547 Benedictum
1681 5491 1909 5548 dicimus

334 5600 387 5643 ct
410 5588 677 5643 hominem
710 5589 790 5641 cui
825 5586 961 5642 bene
984 5586 1158 5640 ticitnr
1188 5601 1205 5651 ;
1253 5587 1337 5639 cui
1388 5593 1563 5641 tamen
1598 5585 1641 5638 si
1672 5601 1776 5641 non
1808 5585 1905 5640 be-

338 5680 632 5745 nedicatur,
666 5680 974 5735 benedictus
1006 5695 1106 5734 nou
1139 5687 1248 5746 est;
1289 5691 1340 5733 ct
1383 5676 1774 5747 quodammodo
1803 5678 1898 5731 ista

2016 4587 2206 4631 exutus
2236 4590 2334 4629 suo
2357 4572 2588 4642 tegmine
2613 4569 2867 4625 decenter
2888 4574 3162 4637 appareat.
3189 4561 3449 4619 Hebraice
3471 4561 3604 4617 Core

2024 4669 2220 4723 lilClltll’
2247 4664 2491 4720 Calvaria
2510 4680 2523 4717 :
2542 4661 2800 4717 Calvaria:
2828 4674 2955 4715 vero
2986 4658 3137 4712 locus
3165 4666 3264 4722 est,
3299 4655 3384 4709 ulti
3414 4655 3603 4710 Domi-

2018 4773 2142 4813 num
2168 4756 2500 4813 Salvatorem
2525 4761 2735 4809 constat
2756 4766 2876 4806 esse
2901 4742 3231 4805 cruciﬁxum.
3264 4745 3603 4814 Quapropter

2016 4851 2112 4919 [illi
2150 4850 2278 4903 Core
2308 4847 2499 4901 merito
2529 4844 2805 4908 dicuntur,
2842 4842 2933 4912 qui
2983 4851 3232 4910 tanquam
3273 4838 3604 4909 gloriosissi-

2017 4958 2160 4995 mum
2206 4951 2467 5007 tropasum
2519 4933 2756 4991 cmlestis
2798 4932 2989 5004 Regis,
3042 4930 3092 4984 id
3137 4940 3222 4984 est
3267 4928 3603 4999 signaculum

2015 5032 2191 5087 crucis
2238 5030 2512 5099 suscipere
2562 5033 2890 5079 meruerunt.
2944 5022 3009 5076 Et
3058 5021 3177 5075 ideo
3223 5020 3459 5088 psalmus
3514 5020 3609 5076 hic

2015 5126 2160 5179 omni
2187 5123 2440 5176 convenit
2468 5117 2787 5182 Christiano,
2819 5114 2911 5184 qui
2935 5128 3120 5167 amore
3153 5109 3361 5165 Domini
3386 5110 3609 5167 ﬂamma

2019 5216 2308 5270 Dominicae
2337 5210 2611 5267 charitatls
2640 5206 2972 5270 accenditur,
2995 5205 3113 5260 sine
3136 5217 3237 5274 qua
3263 5213 3430 5257 totmn
3454 5201 3610 5272 abje.

2013 5317 2157 5362 ctum
2203 5314 2286 5359 est
2327 5302 2582 5374 quidquid
2634 5301 2685 5355 in
2739 5299 2986 5353 humanis
3034 5295 3196 5351 rebus
3226 5303 3436 5362 putatur
3486 5296 3611 5350 exi-

2016 5398 2201 5452 tninm.
2252 5394 2327 5450 De
2371 5409 2473 5463 qua
2524 5408 2581 5447 re
2626 5392 2714 5444 hic
2764 5391 2963 5459 primus
3007 5394 3091 5442 est
3128 5389 3401 5457 psalmus,
3439 5400 3607 5454 quem

2009 5490 2367 5559 octogesimus
2415 5486 2629 5551 tertius,
2667 5492 2723 5538 et
2759 5480 3115 5550 octogesimus
3158 5486 3377 5547 quartus
3411 5477 3609 5531 subse-

2010 5593 2260 5653 qunnlur.
2298 5580 2402 5637 Sed
2435 5581 2486 5634 in
2519 5578 2601 5634 his
2629 5575 2938 5632 nominibus
2986 5572 3115 5628 illud
3155 5570 3468 5627 meminisse
3496 5571 3598 5625 de-

2013 5676 2196 5730 bemus
2223 5672 2363 5742 quod
2394 5673 2582 5727 beatus
2617 5669 2970 5734 Hieronymus
3002 5666 3074 5720 ait
3102 5664 3193 5733 (In
3221 5662 3417 5731 Expos.
3448 5659 3600 5715 tituli
