4030 6172
316 274 419 333 501

319 390 460 455 ρωι.
494 384 771 454 Lxxxtv),
801 396 962 437 omne
995 378 1305 449 psalterium
1352 380 1526 447 sagaci
1579 390 1759 431 metite
1789 391 1911 444 per-
1940 381 1985 436 Α

317 479 583 535 lustrans.
624 475 904 545 Nunquam
954 469 1168 526 invenio
1212 470 1353 541 quod
1397 469 1493 539 ﬁlii
1539 468 1670 524 Core
1712 466 1914 536 aliquid

318 568 481 623 triste
522 565 858 622 caittaverint
892 580 903 614 :
938 576 1152 631 semper
1197 561 1341 615 enim
1384 560 1436 614 in
1471 559 1688 628 psalmis
1729 574 1918 614 eorum

319 656 444 713 lata
495 665 621 709 sunt
674 663 729 708 et
773 651 1038 722 jucunda;
1095 650 1550 720 smeularibusque
1598 650 1921 720 contemptis

319 750 564 806 caleatia
586 757 644 802 et
665 756 868 802 eterna
898 743 1231 805 desiderant,
1262 749 1622 813 congruentes
1651 743 1922 810 interpre-

323 841 514 895 tationi
543 837 779 894 nominis
808 834 913 891 sui.

908 923 1104 980 Divisio
1128 923 1333 994 psalmi.

398 1019 570 1076 Filius
592 1021 746 1085 Core,
769 1034 929 1089 quem
950 1019 1184 1073 diximus
1205 1017 1381 1072 crucis
1402 1016 1608 1071 honore
1627 1016 1915 1085 signatum,

324 1114 499 1179 prima
550 1112 894 1181 professione
940 1109 1131 1179 psalmi
1182 1107 1337 1177 hujus
1380 1123 1542 1163 omne
1588 1107 1917 1162 desiderium

324 1205 528 1258 mentis
569 1219 681 1258 sua:
720 1204 787 1257 ad
830 1202 1109 1257 Dominum
1154 1199 1284 1255 dicit
1312 1215 1432 1255 esse
1482 1200 1815 1254 translatum.
1862 1200 1917 1254 lu

325 1293 568 1349 secunda
604 1308 701 1362 per
747 1292 1237 1361 quinquepartitum
1278 1291 1646 1361 syllogismum
1687 1290 1920 1359 loquitur

321 1385 521 1438 anima:
544 1399 689 1446 suae,
722 1382 908 1437 dicens
941 1396 1058 1437 eam
1090 1382 1142 1435 in
1171 1383 1271 1436 hoc
1312 1381 1493 1437 saeculi
1522 1382 1637 1435 salo
1682 1395 1786 1435 non
1825 1380 1919 1436 de-

327 1477 455 1531 bere
485 1474 724 1541 turbari,
751 1473 876 1543 quia
910 1475 1047 1528 Deus
1076 1482 1156 1527 est
1187 1473 1356 1543 ipsius
1388 1474 1490 1527 lixa
1527 1473 1918 1529 deliberatione

325 1567 621 1637 refugium.

862 1656 1134 1724 Expositio
1177 1654 1385 1724 psalmi.

1306 262 1670 319 EXPOSITIO
1703 261 1765 316 ΙΝ
1808 258 2259 317 ΡεΑιτιειιιυΜ.
2304 256 2493 315 PSAL.
2526 259 2636 314 XLI

3497 247 3600 302 509.

2095 374 2243 427 Vers.
2275 375 2328 428 3.
2366 371 2595 427 Fuerunt
2636 372 2762 425 mihi
2801 371 3045 442 lacrynue
3093 385 3215 425 mm
3242 382 3397 436 panes
3433 370 3514 420 die
3543 382 3602 418 ac

2024 478 2185 524 nocte.
2217 468 2446 521 Audiaut
2478 468 2577 521 hoc
2620 467 2708 535 qui
2738 466 2964 521 Domino
3007 464 3135 519 fiere
3185 477 3290 517 non
3321 468 3599 530 appetunt.

2018 559 2175 627 iuges
2208 559 2472 630 lacrymas
2510 575 2616 614 non
2659 559 2926 625 inediam,
2954 557 3047 613 sed
3076 558 3375 612 satietatem
3424 551 3596 623 patius

2023 649 2284 705 intulisse.
2336 650 2445 705 Nec
2494 650 2792 717 immerito,
2824 650 2948 718 quia
2992 648 3147 704 ﬂetus
3196 646 3291 702 ille
3322 645 3475 701 cibus
3516 657 3599 699 est

2021 740 2341 805 animarum,
2373 740 2741 794 corroboratio
2767 754 3041 805 sensuum,
3066 738 3330 793 absolutio
3354 745 3598 804 peccato-

2020 843 2169 896 rum,
2199 828 2421 884 refectio
2459 830 2746 894 mentium,
2780 829 2988 883 lavacra
3028 829 3328 895 culparum.
3358 824 3461 880 Sed
3505 838 3599 893 per

2022 918 2119 973 has
2162 919 2317 990 juges
2364 921 2624 991 lacrymas
2674 920 2935 990 significat
2973 918 3355 974 afflictionibus
3392 914 3595 971 erudiri

2020 1019 2178 1073 posse
2225 1008 2476 1075 populum
2523 1008 2901 1063 Christianum.
2958 1008 3135 1071 Diem,
3187 1006 3597 1076 prosperitatem

2019 1094 2275 1150 debemus
2301 1098 2545 1165 accipere
2576 1115 2588 1148 :
2624 1109 2819 1154 noctem
2848 1114 2974 1154 vero
3023 1097 3310 1151 tristitiam.
3355 1096 3455 1152 Per
3483 1095 3600 1150 hac

2019 1184 2160 1237 enim
2191 1184 2319 1248 duo,
2349 1200 2507 1240 omne
2533 1196 2739 1255 tempus
2768 1187 2892 1241 vitm
2926 1185 3152 1239 hominis
3183 1184 3463 1238 indicatur.

2093 1274 2244 1330 Vers.
2277 1278 2330 1330 4.
2367 1275 2502 1330 Dum
2543 1278 2729 1331 dicitur
2764 1276 2889 1331 mihi
2915 1278 3175 1348 quotidie:
3209 1274 3307 1329 Ubi
3339 1284 3413 1329 est
3465 1274 3601 1328 Deus

2017 1366 2174 1418 tuus?
2198 1364 2423 1420 Causam
2460 1368 2632 1422 reddit
2671 1370 2808 1436 ﬁlius
2852 1368 3008 1435 Core,
3040 1379 3205 1436 quare
3240 1368 3390 1436 iuges
3428 1365 3605 1434 lacry-

2020 1470 2135 1512 mas
2161 1456 2314 1513 fudit.
2351 1458 2460 1512 Hoc
2503 1460 2644 1514 enim
2674 1460 2949 1514 dicebatur
2975 1461 3081 1514 assi
3105 1464 3188 1516 lue
3215 1455 3601 1528 persecutionis

2020 1560 2257 1619 tempore
2280 1550 2599 1605 Christianis
2627 1569 2641 1606 :
2673 1552 2787 1607 Non
2812 1564 2893 1607 est
2920 1554 3007 1620 qui
3036 1568 3130 1607 vos
3155 1553 3411 1612 vindicet,
3440 1549 3600 1602 susti-
3684 1615 3689 1619 ⁴

2018 1650 2139 1695 nete
2170 1641 2409 1708 profecto
2450 1656 2568 1709 qua:
2612 1643 2887 1708 volumus,
2919 1660 3039 1711 qua:
3065 1646 3332 1712 jubemus.
3367 1640 3499 1707 Quis
3542 1639 3595 1693 iu
3686 1663 3690 1667 ’

398 1750 554 1803 Vers.
585 1747 636 1800 i.
670 1746 818 1802 Sicut
858 1762 1030 1800 cervus
1068 1746 1321 1799 desiderat
1345 1744 1411 1797 ad
1448 1746 1611 1815 fontes
1640 1761 1912 1812 aquarum,

2025 1732 2127 1785 ista
2152 1731 2441 1786 afflictione
2466 1747 2570 1786 non
2618 1732 2802 1797 ﬂeret,
2847 1734 3044 1789 habere
3082 1735 3466 1789 conscientiam
3515 1742 3599 1783 re-

323 1842 395 1891 ita
436 1840 694 1892 desiderat
737 1838 909 1890 anima
951 1852 1063 1890 mea
1088 1844 1166 1888 ad
1202 1845 1272 1900 te,
1310 1834 1466 1889 Deus.
1514 1835 1612 1889 llic
1641 1835 1803 1904 ﬁgura
1834 1845 1916 1891 est

325 1930 598 1995 parabole,
630 1928 680 1982 id
708 1938 790 1982 est
824 1942 999 1979 rerum
1027 1940 1225 1995 genere
1266 1925 1604 1979 dissimilium
1633 1940 1917 1994 compara-

324 2024 420 2076 tio.
443 2018 602 2075 Cervo
629 2019 772 2073 enim
804 2020 962 2071 homo
990 2018 1229 2071 noscitur
1255 2017 1597 2072 assimilatus.
1627 2017 1781 2082 Quod
1828 2033 1917 2071 ar-

322 2123 634 2177 gumentum
657 2108 1068 2176 comparationis
1094 2108 1287 2163 dicitur
1314 2111 1355 2161 Α
1388 2110 1597 2162 minore
1624 2108 1688 2161 ad
1714 2107 1913 2179 majus.

324 2201 429 2254 Sed
463 2214 571 2253 non
598 2199 867 2258 incassum
905 2196 1149 2253 fidelibus
1180 2197 1279 2252 hoc
1307 2196 1504 2250 animal
1545 2206 1912 2265 comparatur;

325 2301 408 2345 est
428 2294 573 2345 enim
601 2291 772 2360 primo
801 2290 1101 2355 innoxium,
1129 2289 1323 2344 deinde
1347 2288 1766 2355 velocissimum,
1801 2298 1915 2344 ter-

326 2385 399 2437 tio
428 2382 701 2436 desiderio
731 2381 1098 2435 inardescente
1124 2378 1475 2434 siticulosum.
1506 2377 1797 2447 Serpentes
1831 2394 1917 2431 na-

325 2475 474 2527 ribus
522 2472 721 2534 trahit,
769 2484 901 2539 quas
951 2478 1009 2522 ut
1051 2469 1352 2534 voraverit,
1394 2483 1601 2524 veneno
1649 2476 1912 2525 aestuante

325 2576 599 2630 permotus
616 2564 680 2617 ad
706 2563 906 2617 fontem
939 2576 1193 2630 aquarum
1218 2569 1415 2630 quanta
1438 2569 1613 2628 potest
1634 2560 1916 2615 veloci'ate

326 2658 565 2709 t'eStinat.
597 2658 757 2706 Amat
797 2652 937 2706 enim
982 2665 1117 2721 aqua
1147 2651 1287 2704 dulci
1332 2647 1485 2721 142
1528 2650 1917 2719 purissimaque

324 2745 529 2798 satiati.
567 2743 735 2811 llujus
762 2744 956 2796 decora
978 2741 1305 2809 comparatio
1326 2750 1560 2796 nostrum
1586 2738 1914 2794 desiderium

326 2838 585 2890 ardenter
617 2836 863 2902 instigat;
896 2844 949 2886 ut
980 2832 1193 2902 quando
1222 2848 1423 2886 venena
1456 2831 1656 2901 antiqui
1697 2847 1918 2900 serpen-

327 2940 393 2981 llS
422 2928 729 2991 hauritum,
758 2930 814 2980 et
854 2925 974 2995 ejus
1018 2924 1220 2978 facibus
1260 2933 1548 2979 aestuamus
1570 2970 1583 2991 ,
1620 2924 1685 2977 ad
1719 2925 1915 2981 fontem

330 3018 517 3073 divina.
550 3015 926 3071 misericordia:
945 3014 1088 3068 illico
1118 3013 1461 3079 festinemus;
1488 3021 1752 3083 quatenus
1773 3017 1912 3085 quod

2019 1834 2183 1889 ctam,
2214 1834 2268 1877 et
2292 1839 2570 1893 pravorum
2597 1822 2875 1894 sulijacere
2899 1827 3156 1880 conviciis
3183 1844 3197 1878 :
3223 1826 3438 1896 quando
3462 1820 3597 1875 υιιη

2020 1928 2204 1966 omnes
2234 1912 2446 1969 dolores
2477 1925 2578 1978 est,
2608 1914 2755 1968 illum
2786 1917 3123 1971 insoltantem
3154 1933 3407 1983 cernere,
3433 1936 3594 1989 quem

2019 2005 2294 2073 cognoscis
2322 2006 2664 2060 conscientia)
2710 2008 2974 2075 pravitate
3001 2010 3254 2065 sordere?
3286 2013 3347 2064 Et
3391 2015 3596 2081 rcSpice

2018 2097 2441 2153 convenientiam
2474 2112 2651 2152 rerum
2680 2117 2696 2154 :
2723 2114 2757 2168 q
2798 2098 2975 2153 oniam
3004 2100 3144 2155 sicut
3174 2101 3434 2171 lacrymas
3471 2119 3596 2159 suas

2019 2187 2259 2242 assiduas
2287 2188 2614 2258 designavit,
2649 2190 2717 2242 ita
2746 2199 2797 2243 et
2828 2191 3201 2257 impntationes
3229 2191 3391 2247 fuisse
3420 2196 3594 2247 conti-

2019 2294 2152 2335 nuas
2191 2281 2354 2347 dicit;
2377 2289 2433 2334 ut
2460 2281 2639 2335 omnia
2669 2282 2769 2335 sibi
2800 2282 3162 2349 concordent,
3190 2298 3308 2352 quae
3334 2285 3501 2339 sacris
3525 2285 3593 2337 le-

2018 2371 2285 2425 ctionibus
2311 2370 2670 2427 continentur.

2094 2466 2243 2520 Vers.
2270 2465 2324 2521 5.
2356 2464 2486 2519 Haec
2514 2465 2812 2520 recordatus
2836 2482 2947 2519 sum
2967 2509 2980 2526 .
3017 2474 3064 2520 et
3087 2466 3252 2531 e/Tudi
3283 2469 3335 2521 in
3367 2485 3447 2522 me
3484 2472 3593 2522 ani.

2017 2570 2152 2607 mam
2174 2572 2334 2609 meam
2357 2570 2378 2610 :
2398 2557 2638 2624 quoniam
2660 2557 2978 2628 ingrediebar
3001 2559 3051 2610 in
3070 2559 3237 2612 locum
3257 2559 3592 2616 tabcrnocu-‘i.

2021 2647 2073 2700 ld
2102 2656 2207 2711 est,
2241 2647 2368 2699 dum
2400 2648 2512 2702 hac
2540 2663 2657 2717 qua:
2698 2647 2827 2701 mihi
2861 2649 3257 2717 impu'abantur
3283 2650 3476 2704 delicta
3505 2667 3593 2704 co-

2018 2740 2261 2807 gitarem,
2295 2740 2525 2793 animam
2561 2754 2730 2794 meum
2759 2741 2907 2809 quasi
2937 2756 3004 2795 ex
3033 2741 3190 2809 pleno
3216 2743 3593 2810 conceptaculo

2018 2833 2070 2883 in
2124 2829 2387 2901 luci-ymas
2435 2829 2608 2883 subita
2664 2830 3012 2883 inundatione
3072 2830 3317 2897 profudi,
3398 2847 3592 2903 rogans

2020 2918 2205 2984 Deum,
2235 2934 2302 2974 ne
2323 2918 2523 2972 diutius
2545 2918 2635 2971 tali
2655 2919 3013 2988 increpatione
3031 2929 3327 2990 torquerer.
3344 2922 3588 2975 Animam

2017 3026 2143 3064 vero
2171 3024 2322 3064 suam
2350 3012 2401 3063 in
2446 3024 2505 3065 se
2531 3009 2925 3079 quodammodo
2956 3010 3142 3071 fundit,
3178 3012 3268 3080 qui
3303 3012 3461 3078 pleno
3503 3013 3592 3066 de-

331 3110 533 3177 rit-erati
576 3106 896 3160 adversitate
933 3103 1300 3168 contrahitur,
1338 3103 1635 3158 dulcissimi
1686 3104 1909 3161 haustus
1937 3108 1981 3168 C
2014 3107 2211 3160 siderio
2242 3108 2540 3161 conrit-itus
2569 3105 2679 3161 Deo
2708 3119 2768 3161 se
2795 3105 2999 3160 sincera
3046 3107 3433 3175 supplicatione
3468 3121 3589 3176 pro-

330 3200 561 3267 puritate
589 3199 844 3251 vincatur.
873 3195 980 3249 Nec
1010 3204 1157 3248 vacat
1180 3193 1319 3263 quod
1342 3195 1411 3246 ad
1432 3194 1597 3263 fontes
1631 3211 1904 3263 aquarum,

330 3291 487 3353 dixit,
515 3304 620 3340 non
648 3288 712 3339 ad
740 3299 925 3354 aquas.
955 3281 1099 3337 Fons
1126 3285 1269 3338 enim
1296 3299 1544 3353 aquarum
1567 3284 1806 3339 Christus
1828 3293 1913 3340 est.

329 3382 618 3445 Dominus,
648 3379 790 3433 unde
815 3378 991 3432 omnia
1039 3376 1210 3431 ﬂuunt
1255 3390 1586 3446 qurecunque
1636 3376 1904 3433 reficiunt.

325 3477 554 3532 Flueuta
578 3474 718 3528 enim
751 3474 1057 3539 plerumque
1086 3470 1272 3525 siccari
1302 3479 1556 3538 possunt;
1591 3474 1708 3540 fons
1732 3482 1907 3525 autem

318 3582 581 3637 aquarum
614 3577 827 3631 semper
856 3565 1083 3632 irriguos
1125 3573 1228 3615 eSt.
1283 3561 1431 3617 Unde
1470 3563 1661 3616 merito
1707 3563 1906 3618 dictum

321 3669 409 3714 est
439 3657 504 3708 ad
537 3657 795 3723 liquorem
827 3666 989 3706 sacrzt-
1016 3651 1234 3721 originis
1266 3650 1640 3713 festinandum,
1676 3652 1762 3705 ubi
1816 3652 1909 3707 de-

331 3749 592 3803 siderium
626 3759 864 3800 nostrum
897 3760 1163 3813 nunquam
1188 3744 1353 3813 possit
1385 3744 1581 3799 habere
1624 3744 1905 3815 jejunium.

396 3836 554 3890 ναις.
587 3834 641 3886 2.
677 3834 844 3887 Siiivit
870 3835 1038 3885 anima
1060 3849 1171 3887 mea
1195 3832 1264 3884 ad
1290 3832 1448 3886 Deum
1472 3836 1635 3885 tivum
1661 3850 1679 3887 :
1702 3835 1908 3902 quando

323 3928 524 3983 entiam
554 3936 598 3976 et
640 3924 892 3991 apparebo
932 3932 1047 3974 ante
1085 3923 1265 3993 {aciem
1312 3922 1441 3977 Dei?
1478 3923 1545 3978 Ut
1582 3924 1906 3978 desiderium

326 4019 467 4089 quod
502 4018 759 4086 przcm’sit
789 4016 980 4070 divina:
1006 4015 1281 4069 charitatis
1328 4014 1490 4068 fuisse
1535 4030 1905 4087 cognoscef‘es,

331 4113 560 4164 animam
592 4124 740 4163 suam
767 4108 893 4162 dicit
918 4115 1260 4175 conspectum
1292 4104 1500 4159 Domini
1533 4107 1774 4160 sitienter
1817 4124 1909 4177 ap-

331 4214 509 4268 petere
542 4219 555 4252 :
587 4217 691 4268 quo
715 4194 920 4252 ambitu
970 4196 1246 4250 imbecillis
1280 4196 1513 4249 maiime
1554 4196 1909 4259 inflammatur

330 4294 655 4346 humanitas.
707 4289 939 4357 Denique
979 4289 1054 4341 sic
1091 4288 1363 4353 sequitur,
1413 4288 1615 4355 quando
1646 4288 1837 4340 veniam
1859 4297 1907 4340 et

331 4383 585 4453 apparebo
626 4392 742 4433 ante
780 4381 965 4450 faciem
996 4377 1128 4430 Dei?
1164 4377 1365 4431 scilicet
1410 4378 1528 4444 quia
1582 4387 1706 4431 tunc
1756 4376 1909 4430 nobis

2012 3200 2283 3254 straverit.
2318 3198 2387 3253 Et
2413 3207 2532 3252 nota
2561 3197 2699 3266 quod
2731 3200 2903 3252 omnis
2925 3196 3114 3253 effusio
3153 3208 3298 3251 motu
3348 3198 3487 3255 facto
3519 3201 3584 3253 ad

2009 3292 2179 3344 vicina
2216 3290 2330 3344 loca
2362 3289 2714 3358 progreditur.
2759 3288 2948 3343 Anima
2977 3303 3103 3343 vero
3144 3292 3195 3343 in
3220 3304 3279 3344 se
3322 3291 3587 3357 funditur,

2009 3382 2220 3452 quoties
2261 3381 2687 3451 coinpunctionis
2728 3380 2981 3435 instinctu
3029 3381 3080 3434 in
3129 3383 3466 3449 semetipsam
3500 3399 3587 3438 re-

2012 3472 2254 3527 vertitur.
2291 3472 2543 3541 Sequitur
2566 3472 2725 3527 etiam
2755 3486 2853 3527 cur
2895 3473 2945 3525 ἰςι
2974 3487 3034 3525 se
3066 3470 3313 3528 effuderit
3356 3474 3586 3528 animam

2010 3581 2196 3627 suam;
2228 3564 2457 3629 scilicet,
2489 3564 2728 3631 quoniam
2750 3563 3124 3631 iugrediebatur
3146 3565 3198 3617 in
3224 3568 3389 3617 locum
3421 3568 3590 3619 taber-

2010 3657 2215 3721 naruli;
2259 3657 2362 3710 hoc
2398 3660 2480 3709 est
2521 3654 2573 3707 in
2623 3654 2914 3709 Ecclesiam
2944 3666 3281 3722 praesemem.
3334 3656 3406 3709 Ιτιί
3447 3658 3587 3712 enim

2011 3748 2137 3803 dum
2166 3747 2541 3808 ingrederetur
2560 3746 2785 3813 amplius
2808 3746 3065 3816 plorabat,
3098 3748 3324 3815 amplius
3346 3750 3589 3816 gemebat
3644 3764 3655 3771 ‘

2011 3840 2186 3894 adhuc
2205 3839 2401 3894 differri
2425 3840 2570 3893 illam
2597 3838 2912 3905 Jerusalem,
2943 3856 3099 3907 quam
3127 3843 3327 3895 sancis
3353 3845 3463 3897 suis
3487 3844 3589 3898 Do—

2014 3935 2189 3988 minus
2220 3932 2544 4001 repromisit.
2571 3931 2802 3987 Necesse
2826 3942 2907 3985 est
2937 3933 3078 3986 enim
3116 3933 3355 3988 vivacius
3378 3936 3590 3990 deide-

2010 4039 2135 4078 rare
2149 4022 2286 4090 quod
2306 4031 2663 4090 exspectatur,
2680 4022 2891 4092 quando
2907 4019 3022 4091 ejus
3039 4024 3278 4091 quaedam
3297 4026 3589 4081 similitudo

2006 4115 2356 4183 conspicitur.

2088 4215 2236 4268 Vers.
2266 4214 2320 4269 6.
2353 4211 2678 4267 Admirabilt's
2715 4227 2870 4280 usque
2890 4212 2957 4266 ad
2983 4213 3189 4267 domum
3230 4213 3363 4270 Dei:
3391 4215 3444 4270 in
3471 4230 3590 4270 uoce

2011 4302 2358 4357 exsultationis
2405 4313 2453 4357 et
2480 4302 2812 4371 confessionis
2844 4318 2998 4356 unus
3030 4301 3301 4374 epulantis.
3344 4306 3440 4361 Hic
3468 4308 3590 4363 reda

2014 4395 2243 4448 dentium
2273 4402 2386 4458 est,
2413 4394 2554 4461 quod
2596 4395 2646 4446 in
2678 4391 2955 4461 superiore
2981 4408 3136 4447 versu
3161 4395 3313 4463 divit,
3342 4396 3396 4450 in
3422 4400 3588 4453 locum

332 4476 645 4530 manifestus
668 4472 961 4542 apparebit,
994 4472 1206 4537 quando
1235 4485 1331 4523 nos
1359 4470 1410 4525 iu
1439 4467 1644 4538 judicio
1684 4486 1783 4523 suo
1822 4470 1907 4523 di-

2016 4486 2347 4541 t’ibernaculi.
2377 4484 2774 4552 ingrediebatur
2811 4484 2952 4538 enim
2994 4486 3307 4544 admirabile
3346 4490 3589 4545 taberna.

331 4575 555 4633 gnaater
581 4564 890 4630 inapexerit.
936 4562 1027 4614 liis
1057 4560 1214 4628 igitur
1245 4561 1402 4612 rebus
1425 4559 1599 4613 edocti
1620 4600 1634 4624 ,
1672 4560 1907 4613 adverti-

332 4673 446 4711 mus
474 4656 654 4708 auima
679 4673 708 4704 n
736 4654 929 4709 habere
977 4652 1117 4705 sitim
1149 4666 1318 4711 suam,
1346 4665 1467 4703 cum
1496 4649 1765 4706 desiderio
1802 4666 1909 4705 cte-

335 4750 447 4802 Iesti
498 4753 770 4799 commota
821 4744 1030 4796 divinos
1080 4742 1268 4794 fluvios
1316 4741 1545 4808 expetit,
1592 4741 1681 4809 qui
1715 4742 1907 4811 irrigua

335 4855 546 4906 semier
576 4837 819 4891 ubertate
846 4834 1136 4888 funduntur
1171 4850 1183 4885 :
1223 4848 1371 4900 aqua:
1403 4833 1785 4900 capiosissimre
1821 4848 1905 4885 sa-

339 4935 552 4994 lutares,
574 4946 694 5000 qua:
718 4944 821 4981 non
840 4927 1014 4983 solum
1038 4927 1179 4980 sitim
1207 4932 1567 4995 retemperant
1585 4926 1903 4991 animarum,

337 5025 424 5076 sed
465 5024 628 5076 etiam
671 5035 881 5075 omnem
928 5018 1268 5086 indigentiam
1303 5016 1685 5072 imbecillitatis
1721 5018 1906 5072 exclu-

338 5122 480 5165 clunt.
516 5112 641 5166 llazc
668 5111 785 5165 sitis
814 5114 864 5162 in
901 5112 999 5162 hoc
1020 5109 1216 5163 seculo
1240 5107 1411 5162 beatis
1440 5116 1605 5175 pecto-
1624 5106 1741 5161 ibus
1767 5123 1906 5161 sem-

342 5223 429 5271 per
450 5213 740 5267 ειςιτειιιειι,
788 5218 885 5258 nec
917 5205 1094 5271 aliquo
1132 5204 1235 5255 fine
1277 5210 1525 5256 contenta
1569 5200 1855 5268 requiescit
1890 5218 1903 5253 :

340 5299 453 5366 quia
496 5299 543 5352 ei
592 5299 644 5351 in
696 5298 868 5348 futura
913 5292 1237 5349 beatitudine
1277 5293 1435 5344 datur
1482 5290 1722 5343 invenire
1767 5289 1907 5357 quod

342 5400 565 5457 appetit;
599 5392 735 5443 sicut
762 5388 1019 5442 Dominus
1047 5386 1099 5439 in
1132 5384 1423 5453 Evangelia
1453 5383 1580 5436 dicit
1613 5399 1626 5435 :
1660 5379 1803 5435 Beati
1822 5383 1909 5452 qui

341 5484 553 5535 (sarium
583 5492 634 5535 et
662 5482 837 5533 sitiunt
858 5481 1119 5551 justitiam
1140 5517 1154 5539 ,
1186 5475 1426 5543 quoniam
1470 5475 1566 5544 ipsi
1604 5474 1905 5527 saturabun-

343 5582 421 5625 tur
444 5572 655 5642 (Matth.
690 5586 742 5631 v,
772 5570 848 5625 ϐ).
877 5568 1092 5633 Quando
1120 5577 1326 5630 autem,
1361 5581 1478 5620 cum
1522 5567 1757 5634 pondere
1790 5581 1909 5635 pro-

346 5665 552 5716 nuutian
576 5666 682 5715 lum
712 5672 819 5722 rst;
854 5672 902 5713 ut
938 5676 967 5730 g
1000 5659 1111 5711 avis
1136 5658 1184 5711 ci
1216 5658 1454 5713 videatur
1483 5673 1599 5710 esse
1632 5658 1833 5713 di'atio.

2016 4576 2214 4637 cntum,
2243 4577 2329 4642 qui
2353 4584 2459 4629 tam
2486 4575 2680 4644 iniquis
2702 4576 3136 4642 imputationibus
3165 4579 3355 4632 cedere
3384 4584 3591 4637 nescio-

2019 4666 2128 4721 hat.
2152 4664 2433 4720 Dicebatur
2461 4666 2601 4719 enim
2628 4666 2702 4718 illi
2737 4682 2749 4716 :
2785 4664 2883 4720 Ubi
2915 4677 2987 4719 est
3021 4665 3156 4721 Dens
3186 4670 3343 4722 tuas!
3363 4670 3467 4724 Sed
3502 4672 3590 4725 ille

2020 4756 2182 4810 Deum
2206 4765 2480 4822 tantopere
2500 4755 2856 4819 desiderabat,
2879 4766 3076 4825 quanto
3100 4757 3151 4811 in
3168 4773 3290 4811 eum
3320 4760 3591 4816 insultatio

2017 4845 2240 4900 nefanda
2266 4854 2593 4899 surrexerat.
2628 4845 2701 4898 De
2747 4846 2849 4898 isto
2893 4861 3021 4899 vero
3050 4849 3392 4903 tabernaculo
3436 4867 3591 4919 usque

2012 4945 2081 4994 ad
2106 4941 2251 4996 illam
2281 4939 2439 4994 futuri
2462 4939 2642 4993 smculi
2667 4939 2874 4992 domum
2906 4938 3001 4992 Dei
3030 4941 3147 5008 pius
3174 4941 3341 4995 incola
3375 4940 3587 4998 fest'na-

2014 5030 2133 5098 bat,
2155 5045 2222 5085 ne
2249 5030 2431 5084 mundi
2463 5028 2620 5096 liujus
2642 5028 2907 5082 desideria
2932 5040 3117 5084 sancto
3145 5032 3259 5085 viro
3282 5033 3590 5089 viderentur

2011 5134 2247 5186 accepta.
2276 5120 2380 5176 Sed
2413 5120 2677 5189 quomodo
2709 5121 2833 5174 iliue
2873 5121 2952 5176 ire
2979 5125 3348 5181 sanctissimus
3384 5129 3589 5183 ambie-

2016 5211 2142 5265 bat?
2159 5208 2223 5264 In
2246 5227 2359 5264 voce
2379 5212 2566 5263 scilicet
2588 5211 2937 5264 exsultationis
2957 5223 3004 5264 et
3023 5215 3375 5286 confessionis.
3402 5216 3589 5270 Exsul-

2009 5304 2133 5352 ta‘io
2154 5300 2218 5353 ad
2250 5299 2593 5368 psalmodiam
2618 5300 2854 5364 respicit,
2880 5304 3028 5369 confe
3054 5303 3132 5355 sio
3156 5303 3223 5357 ad
3254 5314 3468 5370 peccata
3490 5306 3587 5361 de-

2015 5388 2264 5455 plorantla
2292 5405 2305 5440 :
2337 5403 2455 5457 qua:
2481 5388 2585 5440 duo
2609 5385 2788 5453 juncta
2821 5388 3111 5453 perfectum
3137 5393 3318 5459 utique
3346 5393 3579 5451 efﬂeiun'

2012 5478 2397 5532 Christianum.
2450 5476 2741 5545 Sequitur,
2793 5491 2948 5530 sonus
3001 5483 3279 5546 epulantis.
3338 5482 3583 5542 DefinitTn

2015 5569 2187 5620 brevis
2211 5566 2333 5633 quid
2358 5568 2424 5619 sit
2447 5564 2716 5620 exsultatio
2738 5574 2784 5616 et
2807 5571 3055 5633 couleisio
3078 5611 3092 5631 ,
3121 5570 3168 5624 id
3194 5582 3274 5626 est
3292 5589 3443 5628 sonus
3466 5593 3586 5645 epa-

2015 5660 2164 5708 lautis
2195 5672 2210 5707 :
2242 5658 2358 5723 quia
2387 5670 2547 5708 sonus
2575 5654 2689 5719 ipse
2715 5652 2945 5708 animam
2989 5660 3171 5726 βατεῖν,
3202 5671 3257 5715 et
3295 5664 3475 5731 epulas
3507 5664 3585 5719 illi
