4030 6172
323 247 433 302 '503
1518 241 1585 297 Μ.
1628 240 1899 296 AURELII
1938 238 2343 298 CASSIODORI

3488 236 3589 290 31M

329 364 475 420 suavi
529 361 881 417 delectatione
939 357 1200 412 concedit.
1255 354 1393 423 Quid
1447 354 1590 409 enim
1648 356 1861 409 dubius
1889 397 1903 419 ,
1936 358 1981 417 Α
2013 365 2064 411 te
2113 371 2319 411 summa
2354 356 2635 412 velocitate
2664 354 2878 418 festino,
2934 353 3022 407 ubi
3052 352 3362 422 pervestitse
3409 366 3586 406 reme-

328 456 523 525 qttidve
566 454 830 507 salubrius
878 464 1035 518 quam
1079 449 1242 501 Deum
1292 446 1546 511 laudare,
1577 455 1633 500 et
1671 462 1820 500 reum
1848 459 1906 500 se

329 562 540 615 semper
566 542 826 614 arguere?
858 540 1029 595 Finita
1051 550 1130 593 est
1157 552 1278 609 pars
1299 554 1416 604 quae
1438 539 1579 592 sitim
1608 537 1903 591 habendam

330 636 459 691 dicit
485 639 538 688 in
574 632 795 687 Domino
826 650 838 684 :
884 631 982 686 sed
1029 645 1212 684 rursus
1257 630 1310 684 iu
1345 630 1584 697 sequenti
1622 638 1772 697 parte
1810 643 1906 697 per

330 741 549 798 magnas
582 725 910 793 subtilesque
949 720 1437 792 argumentationes
1476 719 1576 775 hoc
1610 720 1767 772 iterat
1796 734 1811 773 ε
1840 731 1906 772 ne

330 833 423 887 per
464 814 730 871 tristitiam
763 812 956 867 mentis
997 825 1209 866 cessare
1234 809 1501 864 videretur
1541 825 1569 861 a
1613 806 1901 873 desiderio,

329 907 468 977 quod
502 905 760 975 probabili
786 905 977 958 ardore
998 917 1115 957 conv
1134 911 1335 969 eperat.

398 998 552 1053 Vers.
579 999 631 1051 7.
664 997 834 1061 Quare
862 996 1019 1048 tristis
1045 1010 1097 1046 es
1140 993 1315 1045 anima
1345 1007 1473 1054 mea,
1504 999 1550 1044 et
1581 1004 1735 1059 quare
1780 1004 1904 1042 con-

328 1090 503 1142 turbas
527 1088 645 1141 me?
666 1088 829 1157 Spera
878 1087 929 1139 in
974 1084 1192 1137 Domino
1242 1082 1375 1155 [ed.,
1405 1079 1553 1153 Deo].
1587 1081 1693 1133 llus
1723 1094 1906 1135 versus

330 1183 485 1248 paulo
514 1179 791 1234 sollicitius
840 1177 1149 1239 audiamus;
1199 1176 1318 1243 quia
1360 1175 1458 1227 nisi
1504 1173 1747 1227 subtilius
1801 1182 1909 1225 tra-

329 1279 576 1336 ctentur,
602 1269 813 1324 obscuri
852 1276 994 1321 sunt.
1041 1267 1160 1319 Post
1194 1266 1309 1318 illas
1352 1264 1727 1331 itnputatioues
1774 1276 1906 1330 quas

328 1360 601 1415 audiverat
628 1375 643 1413 :
677 1359 775 1413 Ubi
794 1368 867 1411 est
896 1357 1031 1411 Deus
1054 1357 1211 1410 tuus?
1235 1365 1353 1427 post
1382 1355 1691 1409 elfusionem
1714 1354 1907 1405 animm

329 1466 438 1504 sua:
479 1465 637 1519 quam
682 1449 841 1503 nimia
884 1448 1220 1503 tribulat‘one
1251 1453 1547 1515 peregerat,
1582 1445 1726 1498 venit
1769 1444 1907 1499 ﬁlius

329 1544 463 1597 Core
492 1542 559 1596 ad
606 1542 894 1597 secundam
943 1550 1183 1610 partem,
1226 1540 1312 1608 qui
1354 1554 1447 1607 per
1491 1537 1907 1606 quinquepartiti

329 1634 616 1705 syllogismi
643 1633 1036 1689 veracissimam
1066 1631 1428 1700 probationem
1458 1642 1627 1698 usque
1656 1628 1719 1681 ad
1745 1628 1905 1681 ﬁnem

332 1727 523 1792 psalmi
573 1725 806 1795 loquitur
850 1724 917 1778 ad
968 1724 1197 1776 animam
1220 1736 1405 1783 suam,
1447 1720 1671 1773 dicens:
1710 1720 1908 1785 Quare,

329 1817 501 1870 anima
516 1814 1008 1883 mea,inimieorum
1023 1815 1180 1867 szevis
1202 1810 1637 1881 imputatiouibns
1648 1811 1903 1873 sauciata,

331 1908 711 1978 przrgravaris?
756 1906 933 1973 Quare
980 1919 1064 1959 me
1114 1913 1203 1959 tua
1251 1903 1537 1958 afﬂictione
1577 1901 1908 1957 ciinturbas?

331 2001 557 2055 Necesse
595 2007 677 2054 est
706 1998 847 2053 enim
878 2006 936 2052 ttt
962 1996 1048 2051 illa
1091 1995 1256 2050 tristis
1290 2009 1353 2049 ac
1395 2004 1583 2049 mmsta
1628 1992 1907 2046 inﬁrmitas

331 2101 559 2147 humana
605 2092 867 2145 turbetur.
907 2089 1157 2155 Sequitur
1196 2086 1477 2140 adversum
1525 2086 1637 2138 haec
1675 2084 1908 2137 salutare

331 2183 622 2238 remedium
653 2200 665 2233 :
700 2181 865 2252 Spera
892 2181 943 2232 in
972 2177 1189 2230 Domino
1218 2192 1237 2233 :
1265 2177 1388 2247 quia
1417 2190 1541 2244 spes
1566 2176 1683 2243 ejus
1728 2174 1907 2228 omnia

330 2280 620 2329 commutat
637 2273 689 2326 in
713 2272 921 2335 melius,
945 2280 999 2324 et
1021 2270 1085 2323 ad
1108 2278 1367 2323 aeternum
1391 2268 1640 2339 gaudium
1667 2267 1909 2336 perducit

331 2381 464 2433 quos
490 2364 668 2420 saculi
693 2364 843 2417 istius
882 2361 1092 2415 tristitia
1127 2360 1322 2415 inﬂicta
1354 2360 1715 2423 concluserit;
1768 2359 1908 2414 sicut

330 2459 582 2523 scriptum
626 2464 749 2508 est:
799 2452 944 2506 Beati
993 2453 1078 2519 qui
1118 2451 1323 2519 lugent,
1362 2450 1598 2519 quoniam
1635 2449 1734 2521 ipti
1780 2464 1905 2503 con-

324 2546 647 2599 solabamur.
696 2544 807 2599 Nec
844 2558 1036 2598 novum
1090 2542 1332 2597 videatur
1377 2542 1518 2609 quod
1566 2541 1647 2595 adt
1674 2540 1906 2594 animam

328 2652 478 2690 suam
511 2650 734 2705 persona
764 2634 997 2705 loquitur
1018 2634 1347 2699 introducta;
1380 2648 1500 2687 nam
1542 2642 1595 2687 et
1622 2632 1744 2686 alibi
1779 2632 1909 2702 legi-

330 2738 416 2781 tur
450 2744 465 2781 :
498 2725 737 2792 Benedic,
769 2726 941 2779 anima
962 2741 1093 2789 mea,
1127 2723 1354 2777 Domino
1387 2722 1563 2793 (Psal.
1588 2736 1682 2786 cu,
1721 2722 1746 2775 1
1779 2720 1828 2793 );
1853 2730 1909 2777 et

330 2824 455 2879 alibi
482 2840 494 2875 :
528 2822 732 2887 Lauda,
764 2821 939 2875 animo
962 2837 1092 2889 mea,
1124 2820 1395 2875 Dominum
1428 2818 1598 2889 (Psal.
1627 2832 1788 2883 (ζειν,
1815 2818 1903 2887 1);

331 2924 384 2966 et
423 2914 474 2966 in
502 2910 916 2982 quadragesimo
954 2910 1191 2966 secundo
1234 2911 1440 2978 psalmo
1484 2910 1624 2964 idem
1666 2909 1903 2978 repetit:

334 3006 502 3070 Quare
521 3004 679 3057 tristis
703 3020 777 3068 es,
805 3004 980 3057 animo
1008 3019 1119 3059 mea
1145 3000 1314 3073 (Psal.
1350 3016 1491 3068 xw,
1524 3000 1618 3066 5)?

2009 448 2152 502 dium
2180 457 2282 513 est,
2317 456 2371 502 et
2391 446 2685 501 carnalium
2710 446 2969 500 malorum
2992 451 3304 513 competens
3335 444 3591 511 probatur

2006 539 2265 594 exclusio.
2304 538 2441 593 Dicit
2470 539 2630 592 etiam
2661 536 2801 591 unde
2830 551 3023 589 memor
3041 536 3157 598 erit,
3187 535 3251 588 de
3275 544 3408 588 terra
3438 533 3588 588 scili-

2007 643 2095 686 cet
2119 631 2388 695 Iordanis,
2424 632 2527 686 hoc
2553 640 2635 685 est
2664 630 2730 683 de
2770 630 2889 683 loco
2919 630 2969 683 in
3012 643 3117 698 quo
3149 630 3299 696 prius
3334 627 3593 682 Dominus

2010 723 2341 790 baptismat’s
2392 721 2647 777 beneﬁcia
2699 720 3061 775 consecravit.
3118 718 3249 772 Nam
3298 727 3351 771 et
3397 733 3592 772 nomen

2008 814 2179 883 ipsum
2198 814 2445 867 Iordanis
2464 813 2699 868 ﬂuminis
2716 814 3092 880 interpretatur
3111 811 3368 865 descensio
3391 826 3587 865 eorum.

2008 906 2293 961 Descendit
2339 907 2479 960 enim
2527 906 2577 959 in
2614 904 2948 959 altitudinem
3006 901 3227 957 fontium
3274 902 3363 968 qui
3408 917 3467 955 se
3501 902 3592 955 illo

2010 1010 2229 1049 munere
2257 994 2580 1049 sacramenti
2612 994 2885 1048 desiderat
2925 992 3197 1045 innovare.
3240 991 3369 1044 Nam
3402 991 3592 1046 hodie-

2007 1100 2110 1154 que
2138 1086 2207 1138 de
2239 1087 2502 1155 baptizata
2529 1086 2605 1140 sic
2646 1085 2876 1139 dicimus
2909 1101 2923 1135 :
2964 1082 3239 1137 Descendit
3286 1083 3337 1135 in
3371 1082 3591 1141 fontem.

2010 1176 2138 1231 Sive
2162 1178 2441 1231 descensio
2483 1177 2581 1231 ista
2614 1176 2967 1230 humilitatem
2998 1175 3278 1245 signiﬁcat,
3313 1191 3470 1242 quam
3500 1178 3593 1230 ba—

2010 1268 2261 1335 ptizatum
2294 1281 2513 1322 necesse
2533 1277 2617 1321 est
2664 1266 2879 1330 habere,
2913 1266 3001 1335 qui
3036 1265 3243 1319 Domini
3296 1267 3466 1321 nostri
3510 1281 3595 1320 se-

2010 1358 2187 1422 quitur
2216 1358 2474 1412 instituta.
2522 1358 2859 1426 Quapropter
2895 1358 3079 1410 harum
3112 1371 3291 1410 rerum
3324 1356 3449 1411 dum
3485 1372 3594 1411 nte-

2010 1463 2187 1502 mores
2229 1464 2434 1516 sumus,
2484 1448 2972 1518 supervenientium
3003 1447 3264 1502 malorum
3297 1448 3440 1503 nulla
3466 1462 3591 1502 cono

2011 1538 2217 1592 fusione
2245 1541 2540 1594 turbamur.
2852 1600 2855 1603 _

2085 1630 2149 1684 Et
2182 1631 2500 1685 Hermoniim
2535 1648 2565 1684 a
2591 1641 2761 1686 monte
2797 1632 3015 1685 modico.
3050 1630 3370 1684 Hermoniim
3400 1645 3595 1700 parvus

1943 1721 1989 1779 B
2019 1737 2169 1775 mons
2192 1722 2342 1792 juxta
2372 1721 2656 1775 Jordanem
2677 1731 2759 1776 est
2777 1721 3000 1790 positus,
3031 1721 3172 1775 sicut
3196 1720 3591 1777 Deuteronomii

2014 1814 2240 1866 lectione
2266 1812 2605 1883 cognoscitur
2640 1827 2654 1865 :
2688 1812 3005 1882 Accepimus,
3049 1811 3243 1880 inquit,
3279 1812 3331 1863 in
3375 1820 3596 1879 tempore

2008 1904 2100 1958 illo
2127 1916 2312 1960 terram
2339 1904 2403 1958 de
2429 1904 2662 1957 manibus
2689 1905 2907 1958 duorum
2936 1919 3111 1973 regum
3149 1903 3591 1965 Amorrhworum,

2010 1998 2097 2065 qui
2147 2006 2289 2049 erant
2320 2011 2461 2050 secus
2489 1994 2772 2049 Iordanem
2800 2012 2832 2048 a
2864 2005 3084 2048 torrente
3129 1996 3303 2048 Arnon
3343 2010 3498 2063 usque
3524 1996 3594 2046 ad

2011 2094 2229 2139 montem
2274 2085 2507 2140 Harmon
2545 2085 2722 2157 (Deut.
2755 2100 2828 2151 tv,
2877 2085 2967 2151 47,
3014 2084 3130 2155 48).
3176 2084 3281 2140 Sed
3314 2085 3593 2139 videamus

2010 2179 2137 2247 quid
2166 2177 2318 2233 nobis
2345 2178 2700 2249 signiﬁcantia
2741 2177 2902 2232 etiam
2937 2176 3095 2244 huius
3121 2176 3352 2230 nominis
3386 2176 3596 2230 tradere

2010 2269 2271 2323 videatur.
2328 2267 2650 2323 Ilermoniim
2679 2268 2874 2323 dicitur
2922 2270 3226 2333 anathema,
3278 2268 3419 2338 quod
3467 2269 3593 2322 dicit

2012 2359 2174 2415 homo
2201 2360 2437 2426 diabolo,
2486 2360 2700 2430 quando
2732 2360 2795 2413 ad
2850 2359 3021 2414 Deum
3067 2360 3296 2413 venerit.
3349 2359 3413 2414 Et
3458 2359 3599 2414 bene

2010 2450 2162 2516 dixit,
2195 2465 2227 2503 a
2255 2461 2425 2504 monte
2455 2451 2697 2505 modico:
2722 2451 2846 2519 quia
2875 2464 2980 2503 non
3004 2464 3072 2505 ex
3101 2449 3384 2505 altitudine
3407 2465 3591 2519 super-

2010 2542 2109 2596 bia:
2129 2541 2271 2596 Deus
2291 2542 2564 2612 qurcritur,
2594 2544 2686 2597 sed
2709 2542 2968 2597 memoria
2994 2542 3110 2610 ejus
3126 2542 3181 2595 in
3207 2542 3601 2596 humilitatibus

2012 2634 2237 2688 modicis
2265 2633 2556 2690 invenitur.
2587 2634 2925 2703 Quapropter
2946 2635 3069 2687 dum
3091 2643 3400 2704 perceptum
3424 2634 3594 2703 bapti-

2010 2739 2205 2792 smum,
2235 2726 2361 2781 dum
2391 2726 2743 2782 humilitatem
2775 2728 3046 2782 memoria:
3082 2728 3441 2793 recondimus,
3468 2743 3595 2782 sus-

2008 2827 2177 2887 ceptae
2204 2819 2325 2874 ﬁdei
2358 2821 2591 2891 regulas,
2618 2821 2723 2876 don
2743 2830 2850 2875 inte
2882 2819 3133 2886 Domino,
3166 2821 3473 2875 salutariter
3500 2822 3594 2875 ob-

2010 2910 2268 2966 tinemus.

2082 3001 2235 3058 Vers.
2273 3002 2359 3057 10.
2388 3002 2612 3074 Abyssus
2637 3004 2880 3074 abyssum
2928 3004 3133 3057 invocat
3162 3004 3214 3056 in
3254 3019 3370 3056 voce
3396 3012 3593 3056 catam.

400 3093 551 3149 Vers.
577 3096 629 3150 8.
660 3094 915 3160 Quoniam
933 3092 1207 3162 conﬁtebor
1225 3090 1325 3155 illi,
1347 3093 1571 3146 salutare
1591 3091 1759 3146 vultus
1782 3090 1898 3145 mei.
1928 3090 1980 3159 α
2009 3104 2206 3149 clarum
2234 3101 2459 3147 tuarum.

330 3185 404 3239 Ne
430 3186 646 3239 forsitan
684 3185 858 3239 anima
896 3184 1103 3239 diceret
1134 3201 1153 3237 :
1190 3183 1646 3249 Quemadmodum
1687 3196 1903 3253 possum

335 3277 487 3349 153
514 3292 730 3347 sperare
755 3278 806 3331 in
846 3277 1102 3341 Domino,
1134 3277 1259 3330 dum
1286 3284 1373 3330 tua
1404 3277 1533 3331 mihi
1574 3276 1907 3333 imbecillitas

329 3371 631 3439 frequenter
670 3368 935 3423 obsistat?
966 3368 1122 3421 Dicit
1170 3367 1337 3422 Filius
1373 3369 1587 3422 crucis:
1639 3369 1805 3438 Spera
1849 3370 1911 3423 in

330 3460 568 3526 Domino,
598 3461 833 3527 quoniam
851 3474 943 3529 ego
962 3457 1043 3512 illi
1067 3458 1376 3525 conﬁtebor;
1401 3458 1452 3512 id
1479 3466 1562 3513 est
1583 3458 1649 3513 de
1673 3459 1905 3527 peccatis

328 3554 460 3608 nteis
488 3553 854 3622 pmnitentiam
894 3566 1053 3621 gero,
1085 3562 1140 3606 ut
1166 3558 1311 3606 tuam
1350 3551 1690 3606 devotionem
1740 3551 1905 3620 impe-

327 3644 442 3698 dire
470 3658 574 3697 non
597 3643 819 3713 possim.
844 3643 1095 3712 Sequitur
1114 3644 1272 3697 etiam
1303 3643 1388 3698 cui
1410 3642 1717 3711 conﬁtebor;
1746 3642 1797 3696 id
1822 3652 1906 3696 est

326 3736 413 3802 qui
435 3745 518 3790 est
554 3738 781 3790 salutare
807 3738 976 3790 vultus
1013 3738 1131 3791 mei.
1165 3736 1321 3791 Salus
1361 3736 1504 3791 enim
1531 3736 1709 3791 vultus
1737 3736 1905 3791 nostri

325 3828 565 3883 Christus
588 3841 669 3884 est
699 3828 973 3894 Dominus,
996 3829 1086 3897 qui
1116 3828 1168 3881 in
1201 3827 1367 3881 forma
1395 3828 1534 3882 servi
1566 3842 1668 3897 qua
1695 3841 1902 3893 sumus,

323 3924 523 3993 absque
551 3935 768 3993 peccato
805 3922 1272 3992 venire‘dignatus
1308 3931 1426 3985 est;
1458 3924 1597 3977 sicut
1640 3920 1909 3977 Jeremias

324 4017 579 4086 propheta
603 4016 732 4072 dicit
757 4035 770 4069 :
804 4018 1029 4087 Spiritus
1055 4016 1224 4069 vultus
1254 4015 1415 4069 nostri
1450 4015 1677 4069 Christus
1716 4014 1903 4068 Domi-

322 4125 414 4162 nus
434 4109 823 4176 romprehensus
843 4118 936 4175 est,
959 4108 1051 4163 sub
1070 4109 1216 4179 cujus
1239 4107 1517 4160 velamento
1539 4106 1750 4159 vivimus
1771 4105 1904 4159 inter

320 4211 488 4268 gentes
520 4199 732 4271 (Thren.
766 4216 836 4264 tv,
862 4199 975 4266 20).

392 4290 542 4345 Vere.
569 4291 622 4345 9.
659 4290 798 4344 Deus
831 4306 989 4354 meus,
1036 4305 1071 4342 a
1097 4304 1177 4343 me
1201 4290 1312 4357 ipso
1352 4288 1526 4341 anima
1557 4302 1667 4340 mea
1699 4286 1904 4340 turbata

317 4391 390 4435 est
418 4397 436 4433 :
468 4390 730 4449 propterea
759 4396 951 4434 memor
978 4396 1065 4433 ero
1098 4381 1193 4444 tui,
1228 4379 1465 4442 Domine,
1503 4379 1567 4431 de
1607 4388 1745 4431 terra
1780 4375 1901 4431 Ior-

2081 3186 2233 3241 Vers.
2270 3186 2358 3242 11.
2394 3183 2581 3240 Omnia
2609 3185 2809 3241 erceisa
2831 3195 2939 3251 tua,
2962 3196 3011 3241 et
3036 3186 3224 3256 ﬂuctus
3247 3186 3322 3239 tui
3344 3201 3498 3253 super
3520 3200 3607 3237 me

2009 3278 2341 3333 transierunt.
2372 3276 2646 3342 Iordanis,
2691 3272 3045 3345 llermoniim,‘
3073 3275 3296 3346 abyssus
3343 3276 3597 3347 abyssum

2006 3372 2220 3427 inrecat
2250 3370 2303 3425 in
2344 3384 2475 3425 voce
2513 3378 2901 3424 cataractarum
2937 3380 3166 3434 tuarum,
3203 3368 3420 3439 ﬁguram
3453 3368 3599 3421 fece-

2006 3471 2134 3516 runt
2166 3462 2486 3525 sardismos,
2524 3477 2642 3531 qua:
2670 3459 2969 3530 linguarum
2998 3472 3213 3530 semper
3243 3460 3617 3527 permixtione

2007 3551 2281 3608 formatur.
2328 3552 2458 3607 Nam
2489 3552 2738 3607 Iordanis
2768 3560 2821 3606 et
2845 3552 3175 3606 Hermoniim
3222 3550 3443 3604 llebrzca
3471 3562 3602 3605 sunt

2009 3646 2226 3700 nomina
2246 3662 2261 3711 ;
2280 3645 2504 3716 abyssus
2535 3646 2787 3716 abyssum
2806 3654 2859 3699 et
2872 3653 3172 3710 cataractae,
3196 3643 3439 3700 Grzecum
3462 3654 3547 3698 est
3577 3662 3599 3710 ;

2007 3739 2240 3806 invocat,
2280 3739 2336 3794 in
2364 3744 2516 3805 voce,
2548 3738 2792 3793 Latinum
2836 3751 2956 3794 esse
2998 3736 3337 3793 manifestum
3369 3747 3471 3793 est.
3506 3736 3613 3793 Sic

2008 3838 2106 3893 ista
2124 3835 2287 3907 ﬂgura
2306 3837 2359 3893 in
2374 3836 2476 3891 hoc
2504 3835 2623 3891 loco
2639 3836 3020 3893 commixtione
3040 3836 3340 3908 linguarum
3368 3834 3604 3905 pulchre

2007 3929 2300 3997 composita
2331 3937 2434 3983 est.
2465 3927 2682 3983 Duabus
2713 3929 2855 3984 enim
2888 3928 3087 3999 abyssis
3116 3927 3223 3982 duo
3251 3927 3604 3982 Testamenta

2008 4019 2293 4091 signiﬁcat,
2324 4019 2377 4075 id
2429 4027 2512 4075 est
2558 4017 2767 4074 Novum
2796 4029 2849 4074 et
2881 4019 3063 4085 Vetus,
3114 4034 3232 4090 quoa
3262 4033 3320 4074 se
3365 4027 3612 4087 utraque

2008 4127 2188 4172 mutua
2210 4116 2553 4171 atteStatione
2573 4115 2893 4171 conﬁrmant
2919 4131 2933 4168 :
2959 4114 3172 4184 quando
3198 4114 3361 4167 Vt-tus
3382 4112 3603 4167 Novum

2008 4208 2272 4279 praedicit,
2294 4208 2499 4262 Novum
2520 4218 2697 4262 autem
2719 4218 3103 4262 commemorat
3131 4204 3459 4260 Testamenti
3492 4204 3605 4259 Ve-

2004 4299 2135 4356 teris
2163 4299 2437 4353 lectiones.
2474 4297 2563 4353 Sic
2592 4297 2649 4352 lit
2675 4306 2731 4351 ut
2759 4309 2982 4368 utraque
3004 4313 3061 4352 se
3087 4298 3334 4359 invocent,
3367 4294 3597 4365 quando

2006 4388 2073 4443 ad
2101 4391 2416 4444 alterutrum
2448 4387 2518 4444 de
2542 4402 2635 4442 sua
2666 4388 3071 4444 conﬁrmatione
3092 4395 3377 4442 testantur.
3410 4386 3502 4441 Sic
3531 4397 3598 4441 et

317 4475 485 4529 donis.
527 4473 629 4527 Iste
669 4474 755 4543 qui
787 4474 1070 4527 consilium
1098 4472 1257 4527 dabat
1287 4472 1503 4535 animae,
1546 4472 1636 4539 qui
1664 4479 1893 4525 mentem

2009 4479 2128 4534 alibi
2191 4479 2473 4534 Psalmista
2532 4477 2660 4533 dicit
2704 4496 2716 4531 :
2759 4477 2971 4532 Iudicia
3021 4488 3110 4532 tua
3161 4478 3373 4549 abyssus
3424 4479 3604 4534 multa

317 4580 466 4619 suam
515 4564 894 4619 rationabiliter
926 4563 1243 4633 corrigebat,
1278 4562 1343 4615 ad
1390 4560 1756 4616 conditionem
1789 4559 1890 4613 hu-

316 4656 582 4709 manitatis
614 4670 859 4710 reversus
887 4653 1173 4708 conﬁtetur
1200 4653 1408 4717 dicens,
1429 4651 1655 4705 animant
1687 4665 1839 4705 suam
1861 4665 1890 4704 a

315 4764 373 4802 se
420 4749 591 4817 potius
620 4764 725 4801 esse
767 4748 1044 4801 turbatam.
1076 4746 1302 4811 Revera,
1348 4745 1471 4813 quia
1499 4744 1601 4798 nisi
1636 4744 1734 4799 hoc
1763 4744 1889 4797 vitia

313 4840 489 4894 carnis
518 4839 775 4902 facerent,
807 4839 860 4892 in
889 4853 984 4893 sua
1032 4836 1418 4907 tranquillitate
1453 4835 1652 4889 mentis
1682 4835 1887 4902 paritas

316 4939 671 5001 permaneret.
702 4929 850 4983 lianc
876 4938 1052 4983 autem
1085 4927 1544 4981 ratiocinationem
1571 4926 1730 4979 nimis
1750 4939 1893 4978 com-

314 5032 559 5093 petenter
602 5023 833 5077 arbitror
874 5021 1256 5086 introductam,
1306 5030 1364 5074 ut
1396 5020 1558 5074 homo
1604 5020 1894 5074 evidenter

308 5122 626 5184 agnosceret
667 5128 730 5168 ex
772 5127 873 5182 qua
903 5113 1216 5168 diversitate
1256 5119 1548 5166 constaret.
1592 5109 1700 5165 Sed
1747 5110 1893 5164 illius

313 5212 414 5263 iste
434 5208 608 5262 crucis
629 5220 787 5277 quem
820 5205 1073 5277 praefatus
1099 5216 1181 5261 est
1204 5205 1410 5270 titulus,
1440 5206 1675 5259 ostendit
1708 5218 1887 5258 reme-

311 5302 459 5354 dium
483 5311 591 5368 quo
634 5299 802 5366 possit
833 5297 1197 5366 unusquisque
1245 5295 1438 5349 animai
1461 5309 1569 5349 suat
1601 5294 1889 5348 conturba-

312 5392 483 5443 tiones
508 5388 755 5453 evadere,
782 5389 986 5455 dicens,
1021 5386 1305 5458 PrOpterea
1329 5402 1518 5440 memor
1546 5401 1634 5439 ero
1665 5386 1757 5449 tui,
1786 5385 1891 5439 Do-

310 5486 464 5549 mine,
503 5487 566 5537 de
594 5492 729 5539 terra
783 5483 1045 5539 Iordanis.
1102 5482 1421 5552 Propterea,
1472 5480 1523 5535 id
1553 5491 1636 5535 est
1681 5492 1893 5551 propter

311 5577 743 5632 conturbationes
777 5578 909 5633 istas
950 5577 1139 5646 quibus
1188 5575 1364 5629 anima
1396 5587 1515 5628 mea
1549 5573 1893 5627 vehementer

316 5666 579 5732 afﬂigltur.
610 5667 803 5723 Memor
826 5686 910 5725 ero
939 5670 1031 5736 tui,
1073 5666 1328 5729 Domine;
1373 5665 1523 5733 quasi
1564 5664 1791 5755 diceret.
1826 5662 1891 5717 ad

2002 4572 2176 4644 (Psal.
2211 4588 2373 4635 xxvv,
2402 4572 2481 4639 7).
2514 4571 2780 4627 Profunda
2803 4581 2926 4626 sunt
2942 4572 3085 4626 enim
3116 4571 3458 4626 Testamenta
3488 4569 3604 4625 Do-

2001 4665 2152 4733 mini,
2185 4664 2308 4735 quia
2333 4664 2385 4718 in
2412 4664 2534 4719 sinu
2562 4664 2841 4733 sapientiae
2872 4663 3039 4731 ipsius
3059 4662 3165 4716 alta
3191 4662 3418 4717 veritate
3458 4676 3604 4715 con-

1998 4754 2217 4809 sistunt.
2251 4753 2316 4807 In
2343 4770 2458 4809 voce
2487 4763 2666 4808 autem
2695 4763 3067 4807 cataractarum
3094 4764 3323 4816 tuarum,
3356 4753 3603 4820 pmplte-

1999 4855 2081 4899 tas
2111 4856 2163 4898 et
2191 4844 2463 4914 apostolos
2483 4844 2611 4899 dicit
2644 4859 2658 4896 :
2688 4844 2943 4914 quoniam
2977 4842 3115 4897 sicut
3146 4857 3401 4911 aquarum
3454 4844 3603 4896 mulo

2001 4933 2173 4990 titudo
2205 4951 2298 5004 per
2328 4941 2623 4989 cataractas
2652 4933 2943 4998 evomitur,
2979 4933 3048 4986 ita
3073 4941 3124 4987 et
3144 4931 3213 4987 de
3239 4947 3330 4986 ore
3351 4931 3603 5001 ipsorum

2002 5024 2211 5081 Domini
2252 5026 2451 5080 ﬂuenta
2491 5034 2867 5079 manaverant.
2902 5020 3122 5076 Excelsa
3160 5038 3287 5077 vero
3315 5034 3363 5076 et
3402 5026 3603 5092 ﬂuctus

2001 5118 2067 5172 ad
2087 5118 2394 5187 Scripturas
2412 5125 2625 5171 sanctas
2647 5124 3012 5185 competenter
3033 5124 3295 5184 aptemus.
3315 5117 3445 5184 ipsa:
3467 5126 3600 5173 sunt

2001 5212 2144 5267 enim
2175 5225 2307 5280 quas
2337 5212 2581 5279 superius
2624 5210 2833 5281 abysso:
2872 5211 3104 5273 vocavit,
3161 5210 3249 5263 ubi
3279 5220 3331 5263 et
3366 5210 3597 5276 parabo-

2004 5303 2173 5356 larum
2201 5301 2415 5370 quidam
2440 5300 2633 5355 ﬂuctus
2656 5301 2863 5365 alludit,
2897 5310 2949 5356 et
2974 5300 3201 5356 altitudo
3226 5316 3477 5357 sensuum
3506 5302 3599 5369 pia

1996 5390 2421 5461 perscrutatione
2467 5392 2791 5460 grandescit.
2827 5391 2950 5445 llaec
2979 5406 3107 5461 ergo
3157 5406 3315 5460 supra
3360 5405 3418 5444 se
3455 5390 3600 5445 dicit

1999 5484 2276 5539 transiisse
2324 5483 2524 5552 justus,
2583 5483 2705 5553 quia
2757 5485 2809 5539 in
2842 5499 3026 5539 eorum
3079 5483 3269 5539 netitia
3310 5482 3501 5537 avidus
3528 5497 3607 5539 se

1996 5581 2367 5645 perscrutator
2397 5573 2754 5629 immerserat.

2072 5665 2225 5723 Vcrs.
2253 5664 2338 5721 l2.
2374 5661 2441 5721 In
2472 5665 2553 5720 die
2594 5667 2856 5722 mandavit
2902 5665 3152 5722 Dominus
3181 5663 3605 5721 misericordiam
