4030 6172
336 410 442 463 ὃῦὂ

318 624 454 660 mem.
495 604 663 668 Diem,
697 605 923 658 otiosum
957 614 1164 673 tempus
1193 604 1537 673 accipiamus,
1583 604 1633 657 in
1662 620 1767 673 quo
1794 604 1898 657 Do-

319 696 444 751 mini
474 704 737 765 praecepta
761 694 1057 750 discuntur.
1088 695 1220 750 Nam
1244 696 1326 749 lex
1343 694 1460 764 ejus
1485 698 1535 748 in
1564 697 1737 764 spatio
1762 705 1905 749 tran-

320 786 596 855 quillitatis
626 786 889 853 ebibitur;
930 795 1053 841 tunc
1084 789 1227 842 enim
1257 795 1409 843 vacat
1440 785 1666 850 discere,
1692 786 1904 857 quando

318 895 419 934 non
444 889 529 933 est
558 878 701 949 quod
730 878 922 933 debeat
952 878 1228 948 impedire.
1262 878 1540 949 Sequitur,
1574 893 1619 932 et
1650 888 1795 931 nocte
1818 879 1907 931 de-

322 971 572 1037 rlaraait;
602 968 730 1024 illud
764 972 945 1038 utique
980 969 1120 1039 quod
1149 969 1369 1025 discitur
1410 970 1464 1024 in
1488 969 1690 1040 quiete,
1720 972 1770 1024 in
1805 970 1904 1023 tri-

325 1061 592 1116 bulatioue
614 1062 939 1115 declaratur.
971 1058 1125 1114 Prius
1149 1061 1293 1115 enim
1316 1060 1488 1115 otioso
1512 1070 1751 1129 tempore
1776 1061 1904 1125 legis

327 1153 487 1206 verba
538 1152 865 1206 discuntur:
898 1152 992 1207 sed
1042 1167 1226 1207 eorum
1279 1153 1479 1207 fructus
1522 1154 1573 1207 in
1620 1152 1904 1207 amictione

323 1253 680 1309 monstratur;
708 1230 850 1300 sicut
872 1246 1067 1315 legitur
1099 1262 1113 1300 :
1143 1247 1390 1316 Speciosa
1423 1248 1768 1301 misericordia
1798 1246 1903 1300 Do-

323 1340 441 1391 mini
471 1339 524 1391 in
554 1348 778 1407 tempore
803 1338 1148 1391 tribulationis
1175 1337 1346 1407 (Eccl.
1396 1354 1554 1404 xxxv,
1583 1337 1675 1408 c.26)
1703 1354 1717 1403 ;
1751 1340 1819 1391 ita
1847 1338 1904 1393 ﬁt

324 1440 374 1483 ut
401 1438 552 1484 nocte
601 1428 912 1493 declaretur,
964 1428 1103 1499 quod
1136 1428 1187 1483 in
1239 1428 1325 1484 die
1359 1429 1601 1485 discitur.
1662 1430 1898 1499 Addidit,

324 1520 475 1587 Apud
502 1536 583 1573 me
598 1520 760 1573 oratio
790 1516 900 1573 Deo
919 1519 1031 1573 vita:
1059 1535 1222 1583 metu;
1253 1535 1315 1574 ac
1343 1520 1385 1573 si
1408 1520 1628 1587 diceret,
1660 1520 1792 1575 intra
1817 1536 1903 1577 me

323 1621 400 1664 est
426 1610 753 1666 sacriﬁcium
779 1610 918 1679 quod
949 1609 1165 1665 oﬁ‘eram
1200 1611 1329 1666 Deo.
1362 1611 1513 1677 Quod
1542 1623 1624 1666 est
1648 1611 1786 1666 istud
1816 1627 1903 1667 sa-

323 1702 626 1756 criﬁcium?
688 1702 865 1755 Oratio
897 1702 1081 1771 utique
1124 1717 1283 1771 quam
1342 1702 1479 1756 Deus
1526 1717 1632 1757 non
1676 1704 1899 1773 spernit,

323 1806 480 1861 quam
519 1805 683 1862 supra
727 1792 966 1847 victimas
1006 1793 1199 1863 eligit:
1239 1808 1359 1847 cum
1391 1802 1567 1848 tamen
1616 1795 1903 1850 devotione

1265 399 1620 456 EXI‘OSlTlO
1661 400 1723 455 IN
1757 400 2204 458 PSALTEIllUM.
2251 399 2438 456 PSAL.
2481 399 2638 456 XLII.

319 531 486 578 suum,
519 523 565 567 et
611 522 757 565 nocte
800 511 1073 565 declaravit
1102 528 1116 565 :
1147 513 1299 582 Apud
1349 528 1428 566 me
1454 515 1613 566 oratio
1644 514 1752 566 Deo
1782 515 1894 566 rita:
1923 516 1967 574 Α

3485 404 3586 458 πυτς

2076 515 2223 569 Vers.
2259 516 2341 570 l7.
2376 516 2541 584 Spera
2568 517 2619 569 in
2652 515 2891 582 Domino,
2918 518 3159 586 quoniam
3189 516 3356 569 adimo
3378 523 3585 585 con/tte-

2008 607 2094 658 bor
2123 605 2200 657 illi
2228 622 2243 657 :
2274 605 2500 658 salutare
2526 608 2691 659 vultus
2736 607 2852 672 mei,
2877 616 2921 659 et
2968 607 3103 660 Deus
3130 624 3293 662 meus.
3326 608 3585 676 Quaeren-

2004 697 2127 751 dum
2158 697 2379 765 estquid
2408 698 2667 764 signiticet
2692 698 2939 766 repetitio
2971 699 3069 752 ista
3093 701 3379 754 verborum
3409 717 3422 753 :
3452 717 3581 772 quo-

2006 788 2146 841 niam
2180 788 2230 840 in
2288 787 2370 839 his
2401 787 2589 840 litteris
2622 788 2754 840 nihil
2795 790 3144 857 superﬂuum,
3201 791 3332 845 nihil
3375 804 3582 847 constat

2006 894 2123 933 esse
2143 878 2443 933 confusum.
2472 876 2693 932 Videtur
2718 891 2894 933 autem
2920 880 3047 934 mihi
3090 882 3578 952 quinquepartitum

2006 970 2371 1040 syllogismum
2404 968 2623 1022 forsitan
2673 970 2757 1023 hic
2785 971 3030 1039 reperiri,
3061 988 3217 1041 quem
3240 973 3430 1029 Cicero
3459 991 3584 1030 ora-

2006 1059 2212 1114 toribus
2234 1061 2461 1113 aastimat
2492 1059 2899 1128 applicandum;
2950 1072 3005 1114 ut
3032 1064 3305 1119 evidenter
3332 1079 3583 1135 appareat

2006 1150 2299 1205 imitatores
2324 1165 2417 1205 eos
2441 1149 2621 1218 fuisse,
2651 1166 2756 1206 non
2780 1160 3029 1207 auctores
3050 1154 3232 1207 talium
3259 1157 3581 1224 regularum.

2005 1241 2155 1295 Nunc
2180 1244 2331 1297 istius
2352 1244 2826 1313 argumentationis
2848 1244 3094 1300 diStincte
3124 1245 3362 1302 membra
3392 1249 3584 1304 redda-

2006 1350 2144 1388 mus.
2192 1334 2488 1402 Propositio
2534 1346 2617 1391 est
2665 1338 2806 1391 enim
2842 1336 3059 1404 :Quare
3091 1339 3255 1392 tristis
3288 1352 3367 1406 es,
3409 1340 3583 1394 anima

2006 1441 2143 1492 mea,
2163 1436 2215 1480 et
2242 1440 2405 1493 quare
2427 1429 2713 1481 conturbas
2736 1428 2858 1483 me?
2885 1427 3051 1496 Spera
3081 1428 3133 1481 in
3166 1429 3388 1485 Domino
3413 1446 3426 1483 :
3452 1447 3585 1500 quo-

2007 1516 2144 1569 niam
2165 1515 2459 1569 conﬁtebor
2481 1517 2579 1583 illi,
2604 1517 2836 1572 salutare
2849 1517 3025 1572 vultus
3052 1519 3177 1574 mei.
3203 1519 3450 1575 Probatio
3467 1536 3586 1589 pro-

2006 1605 2282 1674 positionis
2332 1614 2558 1673 quatuor
2607 1607 2847 1663 versibus
2887 1610 2976 1676 qui
3033 1621 3351 1679 sequuntur,
3397 1614 3583 1679 procul

2004 1698 2168 1755 dubio
2206 1699 2513 1753 continetur
2540 1699 2812 1768 adjuncta.
2847 1700 3051 1755 Deinde
3083 1701 3331 1769 provenit
3376 1716 3585 1757 assum-

2004 1792 2160 1860 ptio:
2196 1791 2376 1845 Dicam
2435 1791 2545 1845 Deo
2571 1833 2585 1857 ,
2639 1800 2918 1861 susceptor
2963 1807 3115 1847 meus
3156 1808 3215 1847 es
3251 1808 3455 1864 :qttare
3499 1810 3584 1850 me

325 1899 473 1952 purae
503 1886 699 1939 mentis
719 1884 958 1939 oﬁ'ertur.
989 1886 1093 1940 Sed
1116 1887 1214 1941 iste
1237 1885 1492 1941 Dominus
1525 1886 1659 1942 Deus
1680 1898 1761 1943 est
1786 1888 1902 1943 vitta
1929 1874 1977 1936 Β
2009 1885 2206 1940 oblitus
2248 1885 2351 1940 es?
2379 1900 2546 1954 quare
2577 1900 2663 1939 me
2696 1884 2936 1953 repulisti
2969 1903 2981 1937 :
3023 1893 3079 1939 et
3108 1900 3274 1954 quare
3303 1886 3475 1941 tristis
3506 1887 3584 1941 in-

325 1984 537 2039 nostra;
592 1976 717 2045 quia
748 1975 874 2031 dum
905 1977 1138 2045 peccatis
1167 1977 1365 2032 nostris
1393 1977 1708 2034 facientibus
1742 1981 1903 2034 mori-

325 2081 465 2130 mur,
491 2065 614 2137 ejus
639 2066 937 2122 clementia:
964 2067 1279 2124 remissione
1305 2070 1595 2125 salvamur.

390 2154 552 2211 Vers.
591 2155 676 2210 l3.
728 2155 909 2210 Dicam
939 2156 1047 2210 Deo
1077 2173 1096 2210 :
1125 2157 1401 2226 Susceptor
1439 2175 1578 2213 meus
1605 2174 1656 2213 es
1686 2175 1705 2213 :
1734 2159 1907 2226 Quare

324 2263 397 2300 me
420 2244 612 2300 oblitus
633 2262 684 2301 es
700 2247 726 2300 7
746 2263 906 2316 quare
930 2264 1009 2302 me
1032 2249 1266 2317 repulisti
1278 2249 1303 2302 ?
1321 2257 1369 2303 et
1391 2265 1551 2319 quare
1578 2251 1904 2305 contristatus

324 2338 524 2404 incedo,
574 2339 697 2391 dum
726 2338 901 2409 afﬂigit
947 2354 1026 2392 me
1066 2340 1344 2395 inimicus?
1387 2339 1553 2398 Filius
1581 2340 1719 2396 Core
1744 2354 1903 2411 supra

326 2430 533 2486 dixerat
561 2447 576 2483 :
606 2431 760 2500 Apud
782 2446 862 2486 me
888 2432 1051 2486 oratio
1084 2430 1191 2486 Deo
1231 2434 1344 2487 vita
1373 2449 1534 2488 metu:
1564 2448 1704 2488 nunc
1736 2432 1901 2501 ipsam

321 2523 646 2587 orationem,
691 2537 850 2592 quam
896 2523 1141 2592 superius
1190 2524 1463 2592 praimisit,
1523 2524 1803 2593 profitetur
1844 2538 1903 2578 se

325 2612 552 2667 Domino
582 2627 702 2668 esse
729 2613 1025 2669 dicturum:
1052 2615 1102 2669 id
1135 2626 1236 2681 est,
1269 2629 1390 2669 cum
1420 2629 1506 2669 me
1530 2615 1699 2686 gratia
1727 2614 1902 2670 divina

321 2704 658 2773 baptismatis
705 2706 1027 2775 stisceperis,
1063 2710 1164 2761 tuis
1213 2706 1484 2760 beneﬁciis
1514 2707 1567 2760 in
1616 2706 1704 2760 illa
1732 2708 1901 2777 patria

321 2798 714 2867 collocandum,
741 2813 907 2868 quare
938 2814 1023 2853 me
1054 2810 1176 2853 tunc
1205 2799 1402 2867 pateris
1431 2793 1657 2855 diversis
1685 2798 1902 2854 calami-

324 2890 519 2944 tatibus
567 2890 825 2946 diabolica
857 2890 1040 2946 fraude
1071 2891 1289 2946 vexari?
1337 2891 1589 2947 Senserat
1633 2891 1775 2945 enim
1821 2889 1902 2945 vir

321 2981 696 3035 sanctissimus
731 2990 930 3052 quanta
964 2982 1107 3037 illius
1132 2983 1327 3051 quietis
1356 2982 1580 3037 dulcedo
1608 2984 1777 3037 futura
1810 2980 1899 3049 sit,

320 3081 371 3123 et
400 3070 586 3124 mundi
619 3070 773 3126 istius
793 3071 978 3126 itinera
1006 3071 1318 3142 confragosa
1346 3074 1693 3127 vehementer
1715 3072 1901 3128 horre-

325 3162 439 3216 bat.
473 3160 606 3216 Dicit
637 3165 799 3217 etiam
823 3179 972 3219 more
1001 3165 1256 3231 humano,
1289 3168 1459 3230 Quare
1488 3182 1565 3219 me
1586 3166 1773 3220 oblitus
1799 3182 1850 3220 es
1875 3167 1901 3220 ?

320 3253 460 3319 Quia
490 3255 837 3312 differebatur
876 3258 1048 3312 adhuc
1077 3259 1164 3313 illa
1200 3259 1500 3327 promissio,
1531 3273 1687 3330 quam
1728 3261 1778 3315 in
1809 3260 1892 3315 l‘u-

319 3355 440 3400 tura
461 3347 631 3415 patria
660 3349 858 3403 sanctis
879 3350 989 3403 suis
1014 3350 1268 3405 Dominus
1290 3350 1588 3419 pollicetur.
1622 3351 1793 3418 Quare
1819 3369 1897 3408 me

317 3437 601 3508 repulisti?
628 3437 890 3503 Quoniam
931 3440 996 3494 ad
1030 3440 1175 3495 illam
1207 3441 1440 3510 quietem
1483 3442 1656 3497 adhuc
1707 3444 1896 3512 perve-

319 3523 439 3579 nire
491 3542 600 3582 non
650 3539 874 3597 paterat,
928 3546 1086 3599 quam
1137 3531 1425 3587 ferventius
1470 3534 1773 3602 appetebat.
1827 3534 1895 3590 Et

318 3632 474 3681 quare
519 3618 846 3671 contristatus
890 3621 1086 3685 incedo,
1119 3622 1241 3676 dum
1288 3624 1461 3694 aﬂligit
1513 3640 1592 3678 me
1620 3625 1896 3681 inimicus?

321 3707 510 3776 l'tique
557 3711 937 3765 contristamur
971 3714 1182 3781 quando
1230 3714 1436 3786 ﬂagella
1476 3715 1528 3770 in
1566 3716 1668 3771 hoc
1697 3717 1893 3771 mundo

318 3800 661 3869 suscipimus,
691 3804 903 3870 quando
930 3803 1131 3859 inimici
1167 3806 1500 3861 fraudulenta
1547 3808 1893 3879 subreptione

317 3901 608 3957 tentamur,
636 3893 847 3961 quando
873 3897 1051 3949 carnis
1081 3898 1203 3950 vitia
1235 3898 1434 3952 invicto
1459 3913 1522 3953 ac
1561 3910 1891 3969 repugnante

315 3981 489 4034 animo
515 3983 863 4037 sustinemus.
890 3984 1014 4039 Htec
1036 3985 1201 4053 ﬁgura
1224 3986 1419 4041 dicitur
1434 4000 1692 4050 erotema.
1722 4004 1890 4058 quan-

315 4072 381 4123 do
415 4074 517 4129 sub
566 4076 988 4147 interrogatione
1032 4078 1221 4134 crebra
1267 4080 1465 4150 aliquid
1505 4094 1890 4151 exaggeramus

314 4161 572 4221 dolentes.

385 4253 536 4308 Vera.
570 4254 659 4310 14.
694 4254 831 4311 Dum
869 4258 1258 4330 confringantur
1285 4261 1456 4315 omnia
1496 4276 1609 4315 ossa
1634 4278 1764 4328 mea,
1796 4280 1889 4319 ea;-

311 4348 679 4408 probraoerunt
725 4345 881 4417 144,
930 4349 1055 4402 mihi
1104 4350 1191 4418 qui
1233 4351 1477 4404 tribulam
1504 4368 1602 4406 me.
1640 4353 1770 4405 Ossa
1821 4352 1888 4408 ad

314 4433 616 4489 ﬁrmitatem
640 4438 833 4492 mentis
856 4452 999 4507 saepe
1019 4440 1251 4495 diximus
1276 4442 1561 4510 pertinere.
1590 4442 1731 4512 Ergo
1760 4444 1887 4499 dum

312 4525 580 4590 patientiae
630 4537 827 4581 nostra:
855 4530 1027 4601 virtus
1068 4530 1344 4599 amigitur,
1400 4534 1549 4601 quasi
1577 4548 1700 4588 ossa
1746 4534 1889 4591 fran-

312 4628 525 4684 guntur.
562 4618 675 4672 lloc
717 4620 941 4676 irrident
966 4621 1208 4679 videntes
1253 4624 1477 4691 inimici,
1508 4634 1563 4681 et
1590 4627 1734 4682 velut
1766 4643 1887 4697 pro-

313 4707 525 4763 brosum
552 4709 782 4778 aliquem
804 4713 1201 4777 abominantur,
1228 4717 1311 4769 cui
1342 4716 1545 4771 nullam
1578 4716 1885 4775 felicitatem

310 4800 491 4853 mundi
522 4800 675 4854 istius
697 4802 937 4857 arridere
963 4813 1312 4872 cognoscunt.

384 4891 535 4945 Vers.
566 4892 655 4948 15.
679 4892 811 4946 Dum
843 4895 1031 4948 dicitur
1061 4897 1183 4949 mihi
1206 4913 1294 4967 per
1320 4897 1549 4968 singulos
1589 4900 1697 4956 dies
1734 4918 1754 4956 :
1786 4902 1885 4957 Ubi

312 4990 379 5031 est
411 4981 547 5036 Deus
592 4986 752 5038 tuus?
790 4985 916 5041 Haec
942 4996 1024 5041 est
1070 4987 1157 5041 illa
1188 4989 1535 5059 exprobratio
1581 5008 1678 5062 per
1721 5009 1881 5063 quam

310 5074 534 5136 thOdaln
590 5077 785 5132 malleo
834 5092 953 5133 ossa
1006 5080 1276 5149 patientiae
1320 5083 1717 5153 frangebantur.
1768 5087 1880 5144 Hoc

308 5164 448 5217 enim
471 5164 664 5220 habent
679 5167 733 5222 in
753 5171 1141 5227 consuetudine
1162 5184 1534 5241 persecutores
1551 5187 1605 5232 et
1634 5178 1878 5234 irrisores

310 5252 515 5310 afﬂictis
537 5256 715 5313 dicere
750 5260 1070 5319 Christianis
1098 5278 1114 5317 :
1145 5262 1245 5318 Ubi
1285 5272 1358 5319 est
1388 5265 1524 5321 Deus
1553 5268 1718 5322 tuus?
1745 5268 1875 5322 Vin-

308 5344 448 5398 dicet
494 5356 545 5403 te
569 5350 614 5403 si
647 5360 844 5418 potest.
879 5352 1100 5419 Quoties
1130 5353 1233 5411 hoc
1260 5364 1522 5426 martyres
1549 5358 1876 5415 audierunt?

308 5434 522 5499 Quaties
549 5441 887 5499 confessores
918 5445 1006 5513 qui
1038 5447 1321 5502 tormentis
1359 5450 1523 5504 variis
1562 5451 1755 5507 cedere
1784 5469 1877 5507 ne-

310 5525 761 5589 quivemntiﬂam
790 5548 891 5589 vox
916 5534 1016 5589 ista
1046 5537 1391 5593 celeberrima
1417 5551 1521 5606 est,
1547 5543 1759 5611 quando
1777 5546 1879 5601 illis

302 5619 509 5704 assidue
535 5623 751 5690 dicitur,
778 5629 867 5696 qui
918 5644 1017 5698 pro
1063 5630 1277 5687 Christo
1325 5633 1541 5689 nomine
1582 5637 1873 5704 patiuntur.

375 5703 520 5847 \bcrs.
555 5712 643 5767 16.
677 5715 852 5781 Quare
874 5718 1036 5772 tristis
1063 5737 1134 5789 es,
1158 5724 1330 5778 anima
1348 5738 1481 5790 mea,
1507 5734 1553 5779 et
1573 5703 1728 5794 quare
1747 5743 1873 5782 can-

375 5807 397 5840 r
434 5812 485 5847 tta
508 5813 586 5847 me
607 5799 632 5847 2

314 5799 485 5851 turbas
508 5799 632 5855 me?

2006 1974 2159 2038 cedo,
2189 1973 2311 2028 dum
2334 1974 2520 2044 afﬂigit
2546 1990 2630 2027 me
2655 1974 2939 2028 inimicus?
2966 1974 3217 2042 Sequitur
3238 1964 3447 2029 duobus
3462 1977 3582 2029 aliis

2006 2065 2250 2121 versibus
2301 2066 2541 2134 probatio
2592 2066 2993 2135 assumptionis.
3052 2065 3281 2120 lnl‘ertur
3310 2075 3583 2135 postremo

2005 2156 2107 2211 sub
2154 2156 2469 2227 repetitione
2524 2156 2680 2226 primi
2724 2170 2937 2221 versus,
2989 2156 3250 2225 propositi
3283 2155 3581 2226 syllogismi

2004 2244 2195 2301 decora
2242 2246 2517 2302 conclusio
2543 2264 2556 2299 :
2588 2248 2757 2312 Quare
2780 2248 2938 2301 tristis
2970 2264 3041 2312 es,
3072 2249 3242 2301 anima
3288 2250 3446 2301 mea?
3474 2258 3580 2302 etc.

2003 2337 2132 2403 Qute
2155 2337 2403 2408 repetitio
2444 2338 2495 2392 in
2530 2338 2645 2409 lege
2673 2340 3089 2408 quinquepartiti
3120 2340 3413 2410 syllogismi
3444 2344 3581 2396 cele-

2004 2429 2239 2485 berrima
2277 2431 2437 2485 etiam
2490 2445 2631 2485 nunc
2660 2431 2905 2485 habetur.
2946 2431 3053 2486 Nec
3082 2444 3298 2488 moveat
3346 2436 3487 2504 quod
3533 2437 3580 2491 iu

2003 2508 2364 2591 propositione
2399 2523 2609 2579 duobus
2650 2522 2895 2578 versibus
2926 2522 3040 2578 hate
3070 2525 3337 2579 sententia
3377 2526 3615 2580 videtur'

2002 2623 2220 2671 extensa
2254 2632 2268 2668 :
2303 2616 2388 2669 hic
2417 2624 2595 2671 autem
2621 2618 2720 2671 sub
2746 2632 2853 2670 uno
2882 2632 3040 2672 versu
3068 2628 3275 2673 constat
3307 2633 3427 2673 esse
3456 2633 3556 2672 con

1999 2705 2281 2772 strictam;
2330 2706 2508 2761 decuit
2551 2708 2694 2763 enim
2723 2718 2781 2761 ut
2812 2708 2863 2761 in
2898 2710 3003 2764 line
3028 2709 3387 2779 colligeretur,
3440 2711 3578 2780 quod

1995 2811 2162 2869 supra
2189 2797 2349 2853 latius
2377 2798 2589 2853 videtur
2618 2813 2738 2854 esse
2768 2801 3119 2868 propositum.

2536 2910 2807 2965 Conclusio
2842 2911 3045 2979 psalmi.

2072 3024 2237 3080 Filius
2261 3022 2363 3079 iste
2387 3023 2562 3079 crucis
2591 3024 2641 3078 in
2666 3024 2928 3095 principio
2950 3024 3138 3093 psalmi
3162 3025 3369 3094 insigne
3390 3028 3489 3082 volt
3514 3044 3576 3083 ns

1999 3115 2282 3171 ostendere
2302 3114 2626 3169 desiderium
2655 3129 2832 3179 suum,
2862 3117 3131 3184 exquisito
3159 3132 3218 3170 se
3243 3120 3575 3187 comparavit

1922 3241 1968 3303 Ο
2001 3206 2278 3275 exemplo;
2302 3217 2358 3261 ut
2388 3206 2728 3276 singulariter
2756 3207 3064 3261 crederetur
3095 3207 3336 3276 diligere,
3367 3210 3457 3276 qui
3487 3224 3577 3261 co-

1998 3299 2353 3368 gnoscebatur
2383 3306 2490 3352 tam
2520 3300 2717 3367 ingenti
2760 3307 2883 3353 voto
2927 3300 3206 3355 Dominum
3235 3302 3573 3371 concupisse.

1998 3390 2103 3447 Sed
2130 3392 2379 3461 quoniam
2402 3390 2635 3446 humano
2665 3408 2762 3446 usu
2792 3393 2931 3448 bono
2956 3395 3228 3463 proposito
3258 3395 3413 3451 malis
3434 3412 3575 3451 sein-

1997 3498 2091 3552 per
2118 3484 2356 3538 moribus
2395 3483 2672 3549 obviatur;
2723 3484 2848 3539 dum
2881 3501 3031 3541 mens
3059 3486 3260 3555 iniqua,
3292 3504 3448 3557 quem
3478 3504 3575 3558 per

1994 3575 2354 3631 blandimenta
2379 3576 2625 3646 decipere
2664 3592 2767 3631 non
2801 3587 2997 3645 potest,
3042 3578 3282 3634 subdolis
3331 3580 3572 3649 ἱππί-τερθ-

1998 3666 2229 3722 tionibus
2283 3666 2498 3721 molitur
2545 3678 2825 3733 evertere,
2883 3671 3088 3725 crebris
3140 3671 3570 3727 insultationibus

1993 3767 2318 3813 commotum
2369 3774 2429 3813 se
2469 3759 2534 3812 ad
2575 3761 2853 3815 continuas
2896 3761 3159 3830 laerymas
3205 3764 3353 3819 dicit.
3393 3764 3457 3818 Et
3503 3780 3572 3819 ne

1994 3849 2208 3902 tristitia
2236 3850 2417 3902 saeculi
2445 3850 2561 3919 ejus
2584 3851 2818 3904 animum
2848 3864 3154 3921 occuparet,
3180 3864 3270 3908 aut
3301 3856 3352 3909 in
3381 3856 3572 3925 despe-

1993 3940 2216 3994 rationis
2243 3939 2550 3994 discrimina
2574 3943 2902 4009 pcrveniret,
2923 3944 2991 3997 ad
3021 3946 3252 4000 animam
3276 3962 3426 4001 suam
3446 3964 3572 4003 con-

1991 4032 2244 4086 solatoria
2267 4033 2426 4088 verba
2453 4033 2607 4101 facit;
2633 4044 2691 4090 ut
2718 4038 3169 4105 perturbationem
3203 4041 3360 4110 hujus
3389 4043 3570 4097 saeculi

1993 4124 2234 4179 ﬁdelibus
2262 4125 2528 4180 inimicam
2562 4141 2590 4179 a
2620 4141 2677 4181 se
2706 4128 3018 4195 depelleret,
3054 4146 3120 4185 ne
3148 4147 3270 4185 eum
3316 4133 3570 4201 despera-

1993 4213 2149 4268 tionis
2179 4216 2330 4269 taedia
2361 4215 2714 4284 possiderent.
2767 4217 3035 4284 Scriptum
3068 4229 3152 4274 est
3180 4221 3416 4289 quippe:
3454 4222 3568 4276 Tri-

1990 4306 2127 4359 stitia
2153 4307 2286 4360 enim
2307 4324 2417 4376 qua:
2444 4310 2720 4365 secundum
2748 4309 2909 4364 Deum
2931 4321 3023 4374 est,
3047 4314 3390 4383 paenitentiam
3416 4315 3468 4368 in
3486 4331 3570 4369 sa—

1990 4398 2145 4453 lutem
2168 4400 2399 4455 stabilem
2425 4413 2662 4471 operatur
2684 4419 2702 4469 ;
2731 4403 2909 4458 swculi
2930 4414 3098 4458 autem
3122 4407 3329 4459 tristitia
3355 4398 3565 4461 mortem

1990 4499 2229 4559 aperatur
2257 4490 2344 4563 (II
2373 4490 2491 4545 Cor.
2542 4508 2635 4558 vn,
2688 4493 2799 4565 l0).
2850 4495 3184 4565 Quapropter
3223 4498 3415 4553 merito
3455 4514 3481 4551 a
3510 4514 3568 4553 se

1912 4615 1964 4674 υ
1992 4583 2121 4638 illud
2150 4594 2370 4640 conatus
2399 4594 2481 4641 est
2504 4588 2791 4657 expellere,
2817 4590 2956 4643 unde
2981 4588 3082 4643 sibi
3114 4600 3427 4658 perpetuum
3452 4592 3568 4644 exi-

1991 4676 2119 4731 tium
2149 4689 2370 4733 noverat
2397 4680 2695 4736 inunincre.
2728 4681 2793 4735 Et
2817 4682 2935 4736 ideo
2961 4682 3223 4754 hodieque
3249 4684 3387 4738 hunc
3420 4685 3563 4753 psal-

1988 4783 2132 4823 mum
2184 4769 2307 4825 boni
2367 4771 2615 4827 desiderii
2662 4788 2938 4827 suasorem
2990 4784 3149 4843 atque
3206 4776 3563 4830 institutorem

1988 4860 2319 4930 baptizandis
2361 4877 2596 4934 congrue
2623 4864 2873 4920 decantat
2914 4866 3186 4933 Ecclesia;
3234 4878 3493 4937 quatenus
3530 4891 3558 4922 :i

1994 4951 2205 5007 tristitia
2264 4953 2419 5023 hujus
2470 4956 2650 5011 mundi
2698 4958 2933 5022 alienati,
2990 4958 3057 5013 ad
3115 4958 3397 5012 Dominum
3456 4966 3564 5010 tota

1991 5044 2188 5101 mentis
2236 5048 2462 5115 puritate
2509 5049 2758 5103 festinent
2809 5049 2946 5121 [ed.,
2987 5046 3297 5119 suspirem].
3329 5048 3563 5113 Praesta,

1989 5136 2128 5191 bone
2148 5135 2290 5203 Rex,
2324 5149 2379 5191 ut
2406 5139 2678 5209 (quoniam
2708 5158 2810 5197 non
2835 5151 2917 5197 est
2964 5156 3099 5196 unus
3126 5141 3315 5196 modus
3354 5140 3565 5195 miseri-

1984 5227 2181 5281 cordiae
2214 5231 2342 5295 tute)
2369 5231 2507 5285 sicut
2548 5234 2665 5286 illos
2690 5249 2784 5301 per
2814 5249 3006 5304 aquam
3053 5246 3249 5289 sanctae
3279 5249 3564 5304 regenera-

1985 5318 2143 5375 tionis
2167 5320 2365 5387 abluis,
2397 5323 2466 5376 ita
2498 5332 2553 5377 et
2574 5338 2669 5377 nos
2694 5324 2835 5380 dono
2860 5325 3161 5381 clementiae
3189 5334 3292 5379 tua:
3314 5341 3341 5378 a
3372 5339 3563 5395 pecca-

1984 5420 2155 5466 torum
2182 5412 2308 5467 faece
2336 5413 2602 5480 puriﬁces.

2268 5524 2628 5581 EXPQSITIO
2655 5526 2719 5581 IN
2749 5529 3071 5585 PSALMUM
3116 5528 3272 5583 XLII.

2545 5618 2781 5675 Psalmus
2808 5620 2993 5675 David.

2054 5726 2307 5791 Quamvis
2323 5728 2410 5785 alii
2444 5730 2579 5785 tituli
2610 5732 2796 5799 multa,
2822 5734 2909 5788 alii
2933 5737 3242 5791 contineant
3264 5736 3550 5807 pauciora;

1980 5834 2168 5876 omnes
2214 5831 2391 5877 tamen
2432 5822 2497 5877 ad
2542 5838 2789 5892 supernae
2840 5828 3283 5887 considerationis
3335 5843 3560 5886 munera
