4030 6172
399 409 496 460 507
1588 406 1654 459 Μ.
1700 405 1973 462 AUllELll

2080 408 2416 465 iSSIODORl
3547 415 3649 470 508

402 524 789 592 perducuntur;
836 534 895 581 ut
938 524 1055 593 ipsa
1086 524 1314 580 varietas
1346 539 1447 585 nec
1479 521 1746 581 fastidium
1794 523 1970 588 faciat,
2007 526 2054 583 Α
2083 524 2180 576 sita
2200 524 2397 587 clamat
2424 524 2477 579 in
2499 526 2693 594 capite.
2714 526 2843 593 Nam
2865 542 2982 587 cum
3001 528 3069 580 sit
3094 527 3210 610 ejus
3230 528 3473 599 fortitudo
3492 527 3649 594 Deus,

405 631 502 670 nec
522 630 643 685 quae
669 625 791 668 sunt
835 615 1134 669 necessaria
1176 630 1519 669 commonere
1553 614 1793 671 desistat.
1830 613 1982 679 Psal-

404 724 513 759 mus
559 721 688 775 ergo
717 707 879 774 (sicut
928 721 1073 775 saepe
1122 708 1321 762 dictum
1351 708 1454 779 est)
1503 707 1764 783 significat
1812 708 1982 764 melos

401 798 697 854 caelestium
724 800 1027 870 verborum,
1058 786 1195 870 quod
1232 801 1511 862 desursum
1553 802 1708 857 nobis
1730 817 1981 857 resonare

402 892 661 955 sentitur;
710 893 846 946 sicut
887 893 971 948 hic
1020 893 1255 948 dicturus
1299 902 1384 947 est
1423 909 1438 945 :
1484 892 1723 961 Discerne
1773 910 1981 950 causam

402 982 652 1049 meamde
678 995 824 1052 gente
851 999 951 1038 non
980 995 1174 1048 sancta,
1204 998 1306 1038 etc.
1359 983 1523 1049 David
1552 993 1728 1037 autem
1756 983 1983 1039 fortissi-

401 1091 548 1129 mum
596 1085 649 1130 et
694 1074 1105 1131 desiderabilem
1158 1078 1310 1130 nobis
1342 1076 1539 1130 indicat
1570 1072 1875 1140 Christum,
1914 1078 1979 1131 ad

403 1180 561 1232 quem
589 1179 653 1218 ex
686 1179 911 1233 persona
947 1165 1240 1219 ﬁdelissimi
1282 1164 1569 1218 Christiani
1620 1148 1851 1233 psalmus
1882 1166 1981 1223 iste

406 1256 671 1324 dirigitur,
706 1255 829 1309 dum
861 1272 1011 1310 meus
1052 1266 1106 1311 et
1152 1256 1377 1314 intentio
1406 1258 1523 1324 ejus
1542 1258 1604 1311 nd
1638 1259 1805 1331 ipsum
1836 1258 1983 1312 desi-

403 1343 658 1397 deranter
686 1352 920 1411 aptatur.
969 1343 1100 1403 Nam
1153 1344 1291 1397 sicut
1336 1344 1425 1397 ille
1476 1359 1635 1412 super
1657 1360 1718 1398 or
1745 1345 1981 1416 psalmus

404 1434 564 1487 docet
590 1432 766 1487 omnia
798 1432 1100 1494 contemni,
1132 1442 1393 1509 quatenus
1422 1432 1742 1499 desiderium
1774 1434 1981 1487 Domini

404 1525 750 1593 singulariter
776 1534 1087 1595 appetatur;
1118 1525 1186 1579 ita
1212 1525 1295 1578 hic
1328 1535 1638 1592 prannonet,
1666 1540 1732 1580 ne
1763 1526 1985 1581 munda-

406 1632 470 1669 na
502 1618 766 1685 possimus
804 1618 1141 1679 tribulatione
1171 1617 1447 1682 confundi,
1497 1617 1589 1670 sed
1632 1617 1681 1670 in
1711 1606 1859 1672 atriis
1886 1619 1984 1672 Do.

406 1709 534 1762 mini
577 1710 705 1763 dicit
751 1724 871 1765 esse
918 1711 1255 1782 gaudendum
1290 1728 1304 1763 :
1338 1710 1738 1779 azgritudinibus
1785 1711 1982 1765 nostris

407 1799 560 1854 valde
602 1803 959 1873 necessariam
990 1802 1245 1873 probans,
1292 1818 1448 1872 quam
1480 1802 1639 1865 toties
1681 1802 1835 1857 nobis
1865 1804 1982 1872 pius

405 1888 644 1944 medicus
673 1890 869 1960 ingerit
910 1892 1203 1960 potionem.
1241 1878 1246 1884 ’

977 2001 1170 2067 Divisio
1216 2003 1417 2074 psalmi.

480 2111 744 2168 Psalmum
776 2115 931 2169 istum
966 2116 1329 2186 unusquisque
1358 2117 1590 2173 ﬁdelium
1633 2117 1735 2173 sibi
1766 2133 1978 2185 compe-

405 2213 577 2258 tenter
600 2205 822 2270 aptabit,
854 2205 1018 2273 quiin
1047 2207 1218 2274 primo
1244 2209 1420 2276 capite
1463 2206 1744 2262 Dominum
1786 2207 1979 2277 depre-

401 2299 574 2361 catur,
611 2303 664 2347 ut
689 2293 744 2347 in
775 2295 1002 2353 adventu
1044 2294 1354 2359 novissimo,
1399 2312 1503 2363 quo
1540 2297 1870 2365 judicaturus
1898 2307 1981 2353 est

403 2386 679 2448 mundum,
713 2386 782 2439 ab
806 2385 1095 2446 inﬁdelium
1122 2388 1394 2445 consortio
1425 2387 1701 2442 liberetur.
1730 2387 1979 2443 Secundo

403 2474 742 2531 introiturum
761 2492 822 2532 se
847 2478 912 2532 ad
940 2478 1144 2533 Domini
1175 2479 1344 2533 altare
1369 2479 1606 2546 conﬁdit,
1634 2480 1720 2533 ubi
1748 2488 1977 2533 tantum-

401 2565 561 2619 modo
587 2566 754 2626 beatis
799 2580 1045 2623 accessus
1070 2576 1183 2635 est;
1212 2577 1268 2623 et
1296 2568 1414 2623 ideo
1444 2570 1495 2623 in
1524 2570 1782 2623 molestiis
1823 2569 1977 2639 hujus

402 2657 583 2709 mundi
626 2656 854 2713 animam
887 2658 1014 2713 dicit
1050 2673 1156 2712 non
1187 2673 1307 2713 esse
1332 2658 1668 2720 turbandam,
1711 2674 1830 2730 quae
1865 2659 1973 2728 jam

400 2762 492 2817 spe
514 2749 727 2819 superni
761 2750 997 2812 muneris
1026 2751 1302 2820 gloriatur.

928 2864 1195 2936 Expositio
1241 2868 1444 2939 psalmi.

476 2974 621 3029 \‘ers.
654 2978 703 3030 l.
725 2974 916 3037 Iudico
938 2993 1038 3039 me,
1066 2975 1301 3042 θεωρεῖ
1323 2978 1555 3032 discerne
1580 2994 1788 3035 causam
1810 2994 1972 3033 meam

393 3069 459 3120 de
478 3076 623 3134 gente
647 3082 751 3125 non
778 3079 982 3120 sancta.
1016 3067 1148 3120 Dum
1176 3070 1256 3125 vir
1284 3068 1452 3139 fidelis
1483 3066 1641 3139 hujus
1663 3069 1843 3124 δωρειιί
1875 3069 1972 3123 iui-

394 3130 683 3226 quitatibus
699 3168 1002 3225 angeretur,
1027 3166 1083 3211 et
1105 3172 1227 3216 cum
1252 3130 1776 3229 incredulis'populis
1798 3160 1972 3216 adhuc

2084 613 2312 683 miratur
2338 631 2501 686 quare
2529 617 2594 671 ab
2614 618 2847 683 adventu
2872 619 3097 689 Domini,
3124 620 3298 687 inquo
3320 619 3655 696 judicaturus

2082 713 2167 761 est
2198 710 2479 772 mundum,
2508 707 2682 762 adhuc
2709 708 2953 763 videatur
2980 710 3192 778 repelli,
3234 726 3391 780 quem
3437 720 3656 781 propter

2083 794 2265 849 mundi
2293 810 2427 875 quas
2456 796 2755 866 patiebatur
2795 800 3099 867 angustias,
3151 815 3344 869 magno
3384 800 3653 855 desiderio

2081 886 2396 941 sustinebat.
2424 884 2703 944 Fortitudo
2734 901 2816 945 est
2848 891 2992 945 enim
3028 892 3365 947 considerata
3397 894 3656 960 periculo-

2083 989 2201 1029 rum
2227 980 2523 1047 perpessio,
2548 989 2603 1034 et
2638 980 2877 1035 laborum
2909 981 3172 1037 indefecta
3206 983 3465 1051 probatio.
3498 983 3653 1039 Scie-

2084 1063 2174 1117 bat
2197 1066 2337 1137 enim
2369 1068 2449 1121 vir
2468 1070 2842 1126 sanctissimus
2871 1073 3090 1143 ulterius
3129 1089 3189 1127 se
3218 1074 3521 1128 contristari
3547 1091 3655 1130 non

2085 1169 2262 1221 posse,
2293 1156 2340 1211 si
2367 1158 2433 1211 ad
2457 1169 2710 1214 aeternam
2738 1158 2900 1215 futuri
2923 1162 3107 1216 saeculi
3140 1166 3378 1232 requiem
3410 1165 3654 1232 perveni—

2084 1254 2185 1298 ret.
2218 1246 2335 1317 Mus
2356 1247 2496 1301 enim
2527 1249 2943 1321 desiderantium
2974 1261 3056 1306 est
3083 1252 3149 1307 ab
3178 1252 3269 1306 illa
3292 1269 3350 1308 re
3377 1268 3435 1309 se
3466 1265 3654 1324 putare

2083 1335 2354 1403 depulsos,
2396 1338 2462 1391 ad
2496 1354 2653 1409 quam
2700 1342 2881 1395 venire
2932 1342 3186 1395 velociter
3229 1357 3334 1396 non
3385 1342 3651 1399 sinuntur.

2086 1425 2216 1491 Ejus
2240 1442 2452 1498 quoque
2496 1430 2573 1483 rei
2605 1432 2909 1499 explanatio
2948 1434 3143 1488 decora
3175 1434 3516 1504 subsequitur
3549 1453 3561 1489 :
3588 1435 3654 1489 Et

2084 1532 2239 1579 quare
2277 1516 2610 1575 contristatus
2650 1521 2859 1588 incedo,
2906 1524 3031 1577 dum
3061 1524 3234 1593 afﬂigit
3273 1540 3352 1578 me
3389 1526 3653 1581 inimicus!

2086 1606 2278 1676 Utique
2325 1611 2375 1663 in
2416 1608 2519 1665 hoc
2556 1612 2758 1666 sacculo
2807 1614 3107 1668 contristati
3162 1615 3416 1670 incedunt
3459 1618 3651 1688 sancti,

2086 1700 2296 1768 quando
2322 1700 2659 1757 inimicorum
2684 1702 2886 1775 ﬂagella
2908 1707 3207 1761 suavissima
3222 1710 3508 1776 patiuntur.
3525 1710 3654 1767 Nam

2086 1807 2205 1846 cum
2253 1792 2343 1848 ille
2371 1794 2486 1849 dies
2531 1796 2881 1865 judicationis
2918 1801 3224 1863 advenerit,
3267 1802 3388 1855 talia
3437 1804 3656 1860 minimo

2015 1891 2062 1950 Β
2090 1885 2461 1951 sustinebunt;
2494 1890 2617 1956 quia
2646 1889 2879 1943 inimicus
2907 1906 3025 1945 cum
3059 1893 3171 1945 suis
3212 1893 3528 1961 sequacibus
3558 1895 3656 1949 ab-

2084 1976 2260 2031 solute
2295 1976 2654 2031 damnabitur.
2700 1979 3038 2048 Quapropter
3079 1982 3162 2035 vir
3192 1995 3408 2038 sanctus
3444 1983 3656 2038 deside-

2086 2074 2266 2119 ranter
2291 2066 2576 2136 expetebat
2606 2077 2841 2136 tempora
2873 2069 2983 2136 illa,
3008 2070 3059 2124 in
3081 2071 3275 2141 quibus
3302 2074 3401 2127 sibi
3428 2073 3655 2137 beatitu-

2082 2154 2261 2219 dinem
2290 2165 2513 2211 noverat
2540 2158 2947 2215 conferendam.
3088 2166 3091 2169 ’

2156 2245 2306 2300 Vers.
2337 2246 2390 2299 4.
2421 2246 2606 2301 Emitte
2628 2249 2788 2303 lucem
2813 2258 2951 2302 tuam
2976 2260 3022 2304 et
3050 2251 3307 2304 veritatem
3333 2261 3467 2305 tuam
3492 2268 3512 2307 :
3538 2254 3654 2320 ipsa

2080 2351 2159 2388 me
2176 2336 2518 2399 dedux.~runt,
2533 2339 2915 2391 etadduxerunt
2933 2340 2983 2392 in
3000 2350 3219 2392 montem
3240 2350 3467 2394 sanctum
3484 2353 3647 2410 tuum,

2079 2434 2125 2478 et
2152 2424 2205 2478 in
2234 2426 2611 2481 tabernaculum
2643 2436 2806 2482 tuum.
2840 2429 2934 2484 llic
2975 2429 3146 2484 reddit
3174 2440 3385 2486 causam
3418 2433 3654 2489 tristitia:

2078 2518 2487 2584 submovendae;
2516 2527 2570 2574 ut
2592 2518 2749 2576 Pater
2776 2522 2951 2575 mittat
2979 2521 3164 2576 Filium
3195 2523 3259 2577 ad
3279 2523 3650 2593 judicandum,

2077 2608 2167 2677 qui
2197 2620 2278 2663 est
2309 2610 2395 2664 lux
2427 2617 2483 2665 et
2520 2612 2748 2678 veritas;
2799 2612 2914 2682 ipse
2956 2616 3097 2667 enim
3134 2615 3201 2669 de
3241 2630 3299 2669 se
3327 2616 3460 2670 dixit
3489 2634 3500 2667 :
3533 2617 3649 2687 Ego

2075 2716 2186 2753 sum
2215 2699 2310 2754 lua:
2338 2702 2514 2754 mundi
2543 2700 2638 2772 (lo
2675 2719 2728 2756 η.
2750 2718 2874 2771 vm,
2909 2704 3047 2771 19.);
3096 2714 3150 2760 et
3188 2707 3351 2761 alibi:
3384 2705 3495 2778 Ego
3529 2725 3649 2762 suus

2075 2792 2187 2856 uia,
2215 2794 2428 2858 ueritas,
2470 2802 2517 2847 et
2556 2794 2657 2847 vita
2690 2793 2880 2865 (Joan.
2915 2812 3025 2862 xiv,
3056 2798 3142 2867 6).
3181 2798 3304 2854 Htec
3343 2801 3480 2854 enim
3520 2815 3649 2855 cum

2076 2881 2303 2946 venerit,
2325 2896 2442 2950 qua:
2463 2892 2543 2938 est
2569 2882 2813 2939 Christus
2829 2885 3102 2953 Dominus,
3124 2890 3365 2943 asanctis
3389 2891 3502 2959 ejus
3528 2908 3653 2945 om-

2077 2971 2159 3023 nis
2207 2986 2405 3025 mceror
2451 2972 2776 3029 confusionis
2834 2976 3108 3044 abscedit,
3156 2975 3370 3046 quatido
3430 2989 3653 3035 (eterna:

2077 3060 2421 3116 beatitudinis
2448 3062 2675 3131 gloriam
2707 3052 3126 3135 consequuntur.
3160 3067 3265 3123 Iste
3303 3084 3433 3145 ergo
3472 3070 3654 3126 ﬁdelis

2073 3167 2232 3220 quem
2257 3153 2504 3221 superius
2532 3153 2773 3211 diximus
2794 3155 2957 3227 loqui,
2988 3158 3259 3215 deductum
3287 3169 3341 3215 et
3366 3161 3652 3214 adductum

399 3256 539 3302 esset
570 3246 895 3311 habitatione
924 3248 1237 3316 permixtus,
1262 3248 1436 3307 subito
1458 3252 1634 3318 erupit
1664 3251 1714 3303 in
1744 3264 1925 3304 vocem
1952 3267 1966 3315 ;
1997 3240 2043 3303 C
2074 3258 2133 3297 se
2159 3244 2289 3299 dicit
2315 3248 2367 3298 in
2395 3256 2613 3298 montem
2651 3256 2912 3313 sanctum;
2940 3248 3041 3303 hoe
3069 3259 3152 3305 est
3189 3249 3254 3303 ad
3288 3252 3491 3304 firmam
3525 3267 3659 3305 ere.

397 3348 457 3390 tt
504 3336 557 3403 iu
580 3336 781 3407 judicio
812 3335 1025 3401 Domini
1054 3351 1212 3401 causa
1259 3340 1376 3406 ejus
1425 3347 1850 3411 sequestraretnr
1903 3340 1972 3396 ab

394 3427 575 3496 impiis
596 3468 612 3491 .
640 3427 851 3502 quando
877 3442 1043 3498 agnos
1072 3438 1229 3497 ponet
1254 3428 1321 3483 ad
1342 3430 1636 3497 dexteram,
1673 3432 1852 3485 haedos
1879 3447 1972 3486 au-

400 3528 507 3573 tem
534 3519 823 3586 constituet
848 3519 917 3579 ad
945 3518 1240 3587 sinistram.
1289 3520 1403 3575 Non
1426 3521 1567 3575 enim
1599 3523 1728 3591 petit
1757 3533 1969 3591 peccata

401 3623 496 3664 sua
542 3608 757 3677 discuti,
813 3608 908 3663 sed
958 3610 1024 3671 ab
1057 3609 1355 3680 iniquorum
1405 3613 1677 3667 consortio
1731 3614 1966 3671 liberari.

401 3699 555 3754 Esset
575 3700 716 3769 enim
751 3698 1105 3768 periculosum
1129 3700 1309 3756 dicere
1343 3718 1354 3753 :
1386 3700 1577 3755 Judica
1605 3718 1703 3766 me,
1738 3704 1836 3757 nisi
1878 3703 1945 3757 ad

401 3789 640 3859 didissi't,
669 3798 713 3841 et
742 3789 973 3843 discerne
1019 3806 1228 3843 causam
1256 3808 1440 3856 meam,
1471 3791 1519 3844 id
1545 3802 1624 3845 est
1652 3782 1830 3849 divide
1856 3810 1973 3861 per-

401 3879 714 3953 mixtionem
741 3896 934 3946 meam,
966 3896 1120 3957 quam
1152 3884 1204 3936 in
1242 3882 1437 3937 saecqu
1469 3882 1572 3936 isto
1617 3884 1875 3948 sustineo,
1919 3895 1974 3941 et

400 3971 680 4045 aliquando
698 3982 1032 4042 segregatum
1067 3989 1150 4028 me
1180 3974 1246 4027 ab
1276 3974 1471 4040 impiis,
1489 3974 1543 4029 in
1571 3975 1746 4043 populi
1770 3977 1839 4029 tui
1864 3976 1973 4031 ele-

400 4062 573 4116 ctione
616 4064 898 4133 constitue.
929 4064 1166 4141 Apldidit,
1212 4065 1276 4119 de
1302 4073 1447 4135 gente
1495 4082 1595 4119 non
1642 4077 1837 4133 sancta,
1872 4068 1973 4122 hoc

400 4164 478 4207 est
509 4152 575 4207 de
606 4154 868 4227 perversis
911 4169 973 4223 ac
1018 4154 1154 4223 male
1200 4155 1517 4224 viventibus.
1551 4155 1757 4210 Revera
1789 4168 1971 4212 sancta

400 4246 757 4315 conscientia,
818 4245 1030 4315 quando
1092 4261 1189 4301 nec
1248 4230 1298 4299 in
1355 4248 1523 4313 altero
1569 4248 1807 4302 contueri
1876 4262 1972 4317 po-

400 4344 554 4403 terat,
599 4350 718 4409 qua:
751 4335 941 4400 divinis
971 4332 1125 4416 145
1164 4338 1442 4405 prtcceptis
1486 4337 1845 4407 probabantur
1877 4337 1971 4393 ad-

401 4439 569 4477 versa.

474 4513 625 4585 Vers‘.
651 4512 707 4569 ἓ.
739 4513 812 4587 Α⁴ὁ
839 4512 1047 4580 homine
1073 4515 1244 4585 iniquo
1287 4526 1333 4570 et
1369 4517 1544 4570 doloso
1574 4519 1710 4587 eripe
1740 4535 1837 4572 me.
1873 4519 1975 4574 Bo-

2074 3338 2355 3393 dulitatem
2408 3340 2615 3394 Domini
2672 3340 3010 3396 Salvatoris:
3061 3342 3178 3411 ejus
3221 3342 3407 3412 gloriae
3452 3354 3655 3399 cuncta

2076 3434 2342 3500 pra'beus,
2379 3447 2482 3485 nou
2515 3432 2713 3499 aliquid
2744 3432 2854 3486 suis
2886 3432 3086 3486 viribus
3115 3434 3449 3501 applicando.
3489 3434 3655 3501 Quod

2073 3530 2252 3576 autem
2285 3522 2521 3590 adjecit,
2552 3530 2598 3575 et
2624 3523 2679 3575 in
2721 3523 3101 3576 tabernaculum
3126 3531 3303 3591 tuum,
3349 3520 3665 3586 Ecclesiarn

2074 3611 2394 3677 catholicam
2419 3610 2683 3682 signiﬁcat
2709 3612 2760 3665 in
2792 3612 2977 3666 mundi
3018 3613 3169 3668 istius
3195 3613 3487 3668 certamine
3515 3629 3661 3669 ουιι-

2075 3706 2336 3771 stitutam,
2365 3720 2483 3774 qua:
2508 3705 2682 3758 adhuc
2712 3705 2915 3758 inimici
2963 3706 3109 3758 varia
3142 3704 3445 3773 fatigatione
3483 3722 3661 3758 vexa-

2083 3804 2189 3847 tur.
2233 3778 2339 3849 Sed
2370 3793 2670 3847 audivimus
2703 3793 3105 3859 tabernaculum,
3135 3795 3423 3848 adrersarii
3452 3809 3658 3848 cavea-

2075 3897 2195 3936 mus
2253 3882 2515 3949 insidias;
2561 3884 2813 3952 quoniam
2866 3883 2991 3936 dum
3046 3884 3098 3937 in
3149 3883 3509 3949 tabernaculis
3567 3886 3657 3939 sit

2079 3970 2348 4037 Ecclesia,
2383 3986 2480 4027 nos
2527 3987 2861 4042 nequaquam
2903 3987 3185 4041 possumus
3227 3974 3333 4027 otia
3373 3973 3662 4042 possidere

2074 4075 2284 4118 secura.
2327 4062 2479 4129 Quod
2515 4062 2900 4118 talternaculum
2949 4064 3114 4118 Exodi
3171 4071 3351 4117 textus
3400 4064 3477 4117 sic
3527 4066 3661 4118 evi-

2076 4154 2218 4209 denti
2247 4154 2509 4209 relatione
2525 4152 2965 4224 depingit(Ea:od.
2985 4168 3125 4217 xxvi,
3151 4154 3201 4221 1)
3222 4170 3234 4216 ;
3262 4163 3317 4207 ut
3344 4168 3447 4205 non
3469 4153 3660 4221 solum

2078 4246 2313 4311 auribus,
2346 4246 2440 4300 sed
2476 4260 2610 4312 pene
2642 4246 2770 4315 ipsis
2799 4244 3101 4314 aspectibus
3131 4244 3404 4307 offeratur.

2148 4337 2300 4392 Vers.
2337 4338 2391 4391 5.
2441 4336 2507 4390 Et
2548 4336 2767 4389 introibo
2810 4336 2877 4390 ad
2907 4337 3069 4389 altare
3107 4333 3225 4401 Dei,
3255 4337 3325 4387 ad
3370 4334 3531 4388 Deum
3557 4340 3668 4405 qui

2078 4418 2303 4497 lwtiﬁcat
2323 4431 2640 4501 juventutem
2670 4442 2830 4480 meam
2857 4441 2876 4480 :
2902 4425 3177 4495 conﬁtebor
3208 4424 3296 4477 tibi
3330 4425 3382 4476 in
3426 4426 3659 4491 cithara,

2079 4519 2236 4588 Deus,
2270 4517 2407 4572 Deus
2454 4534 2613 4572 meus.
2658 4516 2812 4572 Venit
2856 4517 2923 4571 ad
2973 4515 3266 4572 secundum
3304 4524 3498 4584 caput;
3551 4519 3660 4571 sed

400 4619 525 4657 num
555 4578 1474 4681 quidem‘desiderittm,‘sediadhuc
1512 4623 1617 4662 non
1648 4578 1811 4663 babet
1841 4618 1974 4663 tem-
2001 4614 2054 4673 1)
2077 4609 2200 4663 dum
2222 4578 2282 4663 et
2304 4610 2389 4679 hic
2425 4607 2663 4663 Ecclesia
2695 4609 2858 4661 altare
2894 4608 3115 4673 habeat,
3148 4622 3253 4661 non
3298 4578 3493 4659 frustra
3519 4606 3664 4681 dicit

400 4712 516 4767 pus.
549 4697 658 4751 lloc
682 4697 825 4751 enim
856 4697 996 4769 quod
1028 4700 1185 4753 modo
1208 4715 1236 4752 a
1270 4708 1455 4772 sancto
1481 4700 1582 4754 isto
1609 4701 1894 4767 queritur,
1918 4701 1972 4773 in

400 4792 575 4843 futuro
599 4786 800 4863 judicio
829 4805 854 4842 a
890 4789 1131 4862 ﬁdelibus
1174 4792 1462 4861 invenitur.
1514 4791 1625 4861 sed
1651 4790 1777 4861 talia
1805 4800 1859 4845 et
1889 4791 1974 4861 hic

400 4882 704 4936 desiderant
731 4882 825 4955 qui
847 4884 1048 4950 paciﬁci
1084 4898 1205 4938 esse
1234 4896 1559 4949 uomuntur;
1592 4895 1648 4937 ut
1675 4880 1741 4937 ab
1769 4884 1975 4951 inquie-

401 4973 466 5027 tis
493 4973 735 5039 moribus
759 4973 978 5043 cupiant
1008 4974 1203 5043 dividi,
1235 4991 1303 5041 ne
1334 4975 1541 5045 possint
1575 4977 1751 5055 aliqua
1787 4978 1971 5047 pravi-

400 5071 505 5117 tate
534 5063 728 5117 vitiari.
789 5062 908 5141 Ipse
953 5076 1033 5116 ρει
1073 5065 1214 5118 enim
1256 5064 1469 5141 iniquus
1519 5075 1572 5119 et
1612 5065 1863 5130 dolosas,
1904 5066 1972 5119 de

400 5170 505 5225 quo
533 5156 782 5224 superius,
801 5156 938 5211 dixit
972 5175 985 5212 :
1019 5157 1092 5211 De
1122 5166 1270 5228 gente
1297 5175 1399 5210 non
1420 5167 1614 5225 sancta.
1650 5156 1866 5221 Iniquus
1891 5169 1974 5213 est

400 5248 541 5303 enim
568 5249 656 5316 qui
681 5247 817 5301 mala
849 5232 1257 5321 lacitapertius,
1282 5246 1485 5301 dolatus
1506 5248 1595 5317 qui
1621 5249 1829 5302 oceulta
1862 5264 1970 5319 ma-

401 5338 704 5393 chinatione
733 5349 1006 5408 grassatur
1038 5358 1051 5391 :
1088 5349 1143 5392 ut
1173 5347 1295 5391 sunt
1315 5352 1501 5393 omnes
1528 5339 1618 5408 qui
1644 5352 1677 5409 a
1703 5337 1969 5392 mandatis

402 5428 615 5483 Domini
643 5429 930 5502 probantur
960 5429 1140 5483 alieni.

469 5518 624 5575 Vere.
649 5522 703 5577 ’5.
740 5522 875 5589 Quia
903 5532 955 5575 tu
984 5540 1055 5589 es,
1110 5522 1249 5576 Deus
1279 5538 1438 5595 meus,
1471 5530 1519 5575 et
1541 5521 1788 5592 fortitudo
1818 5538 1927 5575 mea
1954 5537 1974 5576 :

401 5629 560 5681 quare
586 5629 665 5667 me
691 5616 924 5686 repuliin
945 5615 969 5668 ?
992 5624 1040 5667 et
1065 5629 1223 5683 quare
1246 5615 1401 5667 tristis
1428 5614 1627 5679 incedo,
1651 5615 1773 5667 dum
1803 5614 1977 5684 afﬂigit

400 5721 483 5763 me
529 5704 803 5758 inimicus?
849 5706 1177 5775 Frequenter
1227 5706 1362 5760 ratio
1412 5720 1630 5760 causam
1686 5706 1972 5775 praecedit,

404 5809 546 5887 saepe
576 5793 769 5849 iterum
799 5796 981 5884 juncta
1018 5799 1363 5883 subsequitur
1400 5816 1412 5853 :
1449 5798 1536 5854 hic
1566 5808 1740 5854 autem
1780 5813 1969 5867 prope.

2081 4711 2198 4770 post
2230 4698 2630 4755 tabernaculum
2671 4698 2903 4765 positum
2934 4715 2947 4751 :
2977 4696 3206 4751 Introibo
3247 4699 3315 4751 ad
3340 4698 3504 4750 altare
3528 4694 3662 4755 Dei.

2080 4792 2173 4846 Est
2203 4792 2345 4845 enim
2376 4789 2644 4858 quoddam
2690 4789 2921 4844 sublime
2966 4789 3129 4841 altare
3150 4830 3165 4854 ,
3200 4790 3458 4855 nobisque
3506 4804 3665 4853 nunc

2075 4883 2346 4938 invisibile
2369 4926 2383 4951 ,
2419 4882 2506 4935 ubi
2553 4882 2651 4935 soli
2687 4880 2816 4949 justi
2866 4882 3159 4948 probantur
3191 4879 3470 4933 accedere.
3516 4878 3664 4935 Nam

2080 4976 2218 5030 inter
2260 4975 2366 5029 alia
2416 4973 2655 5028 membra
2708 4971 3079 5035 tabernaculi,
3130 4986 3250 5040 quas
3306 4969 3506 5023 famqu
3550 4985 3668 5025 suo

2079 5065 2244 5135 Moysi
2275 5064 2529 5117 Dominus
2549 5062 2802 5132 pracepit
2822 5061 3058 5123 efficere,
3084 5061 3185 5115 hoc
3204 5076 3415 5131 quoque
3432 5060 3668 5115 eviden-

2081 5167 2161 5209 ter
2190 5153 2423 5209 ostendit
2470 5152 2655 5206 dicens
2684 5169 2697 5204 :
2731 5148 2937 5219 Inspice
2980 5161 3028 5203 et
3069 5151 3151 5220 {ac
3177 5151 3453 5203 secundum
3482 5166 3669 5203 exent-

2078 5249 2193 5317 plar
2220 5248 2357 5314 quod
2384 5246 2470 5298 tibi
2496 5247 2549 5298 in
2580 5253 2748 5298 monte
2772 5253 3020 5298 ostensum
3045 5253 3117 5295 est
3150 5241 3346 5314 (Exod.
3375 5256 3502 5301 xxv,
3531 5242 3665 5310 40).

2079 5341 2177 5396 Hic
2200 5342 2343 5397 enim
2377 5340 2541 5394 altare
2580 5339 2839 5395 Ecclesiae
2880 5337 3165 5392 indiscreta
3215 5338 3367 5393 turba
3414 5337 3672 5392 circum-

2080 5432 2264 5501 spicit;
2297 5430 2363 5486 ad
2390 5429 2519 5484 illud
2547 5442 2725 5484 autem
2759 5430 2824 5484 ad
2852 5429 2997 5498 quod
3036 5443 3094 5482 se
3123 5429 3175 5481 in
3210 5427 3386 5482 futuro
3412 5427 3543 5481 dicit
3569 5427 3674 5482 in-

2081 5532 2235 5585 trare,
2268 5520 2371 5574 soli
2395 5530 2617 5589 possunt
2648 5519 2756 5573 Deo
2787 5517 2965 5587 placiti
2995 5518 3293 5586 pervenire.
3318 5518 3494 5570 Atlare
3509 5517 3674 5573 enim

2082 5609 2281 5665 dictum
2331 5620 2414 5665 est
2437 5650 2454 5675 ,
2486 5611 2635 5679 quasi
2668 5609 2788 5665 alue
2828 5624 2953 5673 arte,
2984 5608 3065 5662 vel
3109 5610 3217 5663 alta
3242 5622 3345 5661 res.
3376 5607 3671 5676 Sequitur,

2084 5705 2152 5753 ad
2194 5700 2362 5762 Deum
2385 5702 2471 5771 qui
2508 5701 2737 5769 laeti/int
2769 5703 3084 5771 juventutem
3114 5714 3294 5753 meam.
3324 5697 3683 5776 Juvenruteni

2087 5797 2171 5851 hic
2197 5810 2290 5866 pro
2318 5796 2554 5851 novitate
2586 5796 2706 5849 vitae
2737 5792 2883 5863 ponit
2906 5802 3124 5861 propter
3160 5791 3441 5861 Dominum
3466 5788 3680 5874 Saluev
