4030 6172
320 367 429 423 .‘:t‘-9

1256 371 1611 427 EXPOSITIO
1642 373 1702 426 IN
1747 373 2204 430 PS.\L'I"ERIUM‘.
2240 376 2434 433 PSAL.
2476 377 2666 438 XLIII.
3494 398 3591 450 tht

320 499 539 552 torem,
585 483 675 554 qui
725 484 900 537 omnia
949 498 1202 552 reparans
1250 486 1318 539 de
1374 497 1632 542 vetustate
1676 489 1907 554 defecta,
1942 493 1987 551 Α
2017 491 2267 556 edicere,
2311 495 2434 548 dum
2470 507 2648 562 patres
2696 501 2861 554 nostri
2903 502 3021 556 sine
3057 504 3229 576 aliqua
3280 509 3593 567 difﬁculate-

319 575 665 632 credentibus
694 575 990 644 iuventutis
1038 575 1267 631 reddidit
1313 579 1698 633 validissimam
1733 580 1904 635 ﬁrmi-

320 680 506 721 tatem.
531 666 671 721 Ecce
704 667 792 722 ille
823 667 1174 722 contristatus
1198 669 1438 724 cladibus
1468 673 1649 724 mundi
1678 675 1743 725 de
1770 674 1907 727 bono

324 762 600 815 intellectu
636 759 762 814 fecit
805 759 1053 829 gaudium
1085 762 1208 815 sibi.
1245 760 1307 814 In
1347 762 1543 817 cithara
1589 779 1716 817 veru
1748 766 1908 834 conﬁ-

320 863 470 913 tetur,
507 849 594 918 qui
640 849 824 904 mundi
873 849 1030 920 hujus
1078 851 1299 906 adversa
1349 860 1619 908 sustinens
1672 872 1699 907 a
1753 855 1906 910 laude

267 967 270 972 -
321 942 532 994 Domini
567 956 670 993 non
706 939 933 994 recedit.

390 1031 546 1086 V'ers.
570 1030 624 1085 6.
660 1033 835 1096 Quare
865 1031 1028 1086 tristis
1056 1047 1129 1099 es,
1157 1034 1328 1085 anima
1354 1035 1502 1088 mea?
1521 1042 1567 1087 et
1593 1051 1754 1105 quare
1787 1055 1904 1091 con-

321 1127 494 1180 turbas
523 1141 602 1178 nte
619 1125 643 1178 Ρ

390 1218 549 1270 Vers.
580 1217 634 1270 7.
665 1215 830 1285 Spera
862 1217 917 1270 in
943 1212 1112 1269 Deum
1135 1215 1268 1290 [ed.,
1302 1215 1710 1292 Deo],quoniam
1738 1221 1901 1290 con/i-

319 1307 455 1360 tebor
481 1307 561 1360 illi
591 1321 611 1360 :
638 1308 864 1360 salutare
903 1307 1070 1359 vultus
1099 1309 1198 1359 mei
1222 1351 1236 1374 ,
1271 1317 1314 1361 et
1348 1307 1486 1362 Deus
1524 1326 1688 1364 meus.
1720 1312 1904 1368 Memio

320 1398 560 1452 nerimus
591 1399 686 1451 bos
708 1412 895 1451 versus
915 1407 970 1451 et
1000 1398 1050 1450 in
1080 1397 1287 1464 psalmo
1317 1400 1594 1467 superiore
1622 1404 1898 1473 conscrip-

319 1500 419 1552 tus,
457 1486 549 1541 ubi
580 1486 1069 1556 quinquepartitum
1098 1502 1219 1542 esse
1242 1489 1476 1544 diximus
1507 1491 1894 1562 syllogismum.

316 1577 419 1632 Sed
454 1577 906 1632 considerandum
931 1585 1014 1631 est
1041 1577 1182 1646 quod
1213 1578 1368 1632 is:am
1418 1580 1681 1635 tristitiam
1719 1584 1898 1638 sazculi

317 1669 626 1738 fugiendam
655 1680 708 1722 et
739 1668 1045 1740 frequenter
1074 1670 1358 1733 admonet,
1391 1680 1443 1726 et
1476 1671 1898 1728 vehementissi-

320 1781 401 1816 me
430 1765 750 1832 persuadet;
798 1777 900 1817 nec
953 1763 1224 1816 immerito
1270 1763 1521 1832 quoniam
1552 1765 1704 1819 bonis
1736 1766 1895 1820 rebus

2017 585 2262 640 inimicos
2292 603 2420 643 suos
2451 589 2746 646 liabtterunt
2777 593 2913 665 (Deo
2953 603 3266 668 praestante)
3297 603 3589 673 subjectos.

2011 687 2071 727 se
2103 689 2196 743 per
2242 679 2589 746 gravissimas
2647 685 2883 754 martyrii
2925 702 3109 754 poenas
3161 691 3341 748 divino
3373 712 3595 754 munere

2009 767 2346 835 conquisisse
2376 773 2647 827 victorias.
2675 775 2781 829 Sed
2817 779 2899 830 ltlc
2926 795 3059 848 opus
3082 791 3163 836 est
3185 784 3344 839 altior
3362 787 3592 845 intellec-

2011 867 2110 922 tus,
2141 869 2196 911 ut
2227 859 2364 914 facta
2399 863 2606 918 Domini
2649 866 2713 920 ad
2741 868 2973 935 gloriosa
3004 875 3228 929 consilia
3261 879 3579 937 referamus.

2010 948 2186 1003 Primo
2239 952 2378 1005 enim
2413 956 2574 1010 maris
2622 956 2788 1012 Rubri
2825 961 3076 1016 miracula
3101 1008 3116 1032 ,
3149 977 3205 1020 et
3253 968 3588 1026 diversarum

2007 1039 2240 1108 gentium
2272 1042 2617 1100 inelaborafae
2665 1048 2900 1104 victoria:
2947 1054 3318 1123 contigerunt;
3368 1069 3426 1113 ut
3473 1070 3585 1117 tam

2006 1129 2214 1198 in~igne
2241 1133 2554 1189 miraculum
2603 1138 2670 1191 ad
2703 1140 3075 1198 credulitatem
3108 1145 3304 1202 divina:
3338 1155 3588 1216 potentia:

2005 1222 2163 1278 rudes
2193 1227 2419 1294 populos
2466 1229 2733 1285 invitaret.
2766 1232 2967 1289 Deinde
2999 1235 3102 1291 illis
3149 1247 3287 1292 terra
3333 1239 3584 1298 Chanaan

2006 1314 2270 1382 promissa
2301 1327 2400 1382 est,
2427 1319 2516 1388 qui
2546 1328 2699 1374 erant
2727 1321 2911 1393 utique
2934 1327 3032 1380 sub
3063 1326 3198 1396 lege.
3223 1329 3375 1386 Nunc
3405 1344 3582 1390 autem

2003 1417 2277 1462 crescente
2307 1410 2410 1466 ﬁde
2441 1415 2764 1486 martyribus
2792 1420 3124 1488 prosperitas
3152 1425 3423 1482 mundana
3457 1431 3582 1483 sub-

2003 1507 2167 1553 tracta
2195 1509 2316 1554 est:
2356 1518 2421 1556 ne
2461 1507 2670 1560 venturi
2719 1512 2898 1564 saeculi
2946 1512 3083 1567 bona
3139 1516 3368 1585 tepidius
3416 1520 3582 1575 imbe-

2001 1589 2196 1643 cillitas
2224 1592 2450 1647 humana
2484 1598 2837 1666 perquireret.
2867 1599 2988 1656 Istis
3023 1606 3166 1660 enim
3192 1609 3432 1665 caelestia
3463 1629 3579 1683 reg-

2002 1694 2066 1732 na
2099 1683 2360 1748 promissa
2413 1693 2556 1761 sunt,
2591 1687 2678 1754 qui
2732 1690 2832 1742 sub
2890 1695 3058 1761 gratia
3102 1710 3223 1752 esse
3270 1714 3579 1757 noscuntur.

2001 1771 2336 1842 Quapropter
2363 1774 2465 1830 iste
2488 1755 2768 1831 intellectu.
2798 1755 3115 1849 quaircndus
3137 1797 3246 1858 est,
3287 1791 3384 1845 ista
3413 1795 3580 1862 gratia

314 1872 530 1925 semper
561 1855 785 1910 adversa
813 1866 914 1909 est.
953 1856 1050 1909 Per
1081 1856 1219 1910 banc
1245 1856 1392 1910 enim
1431 1858 1696 1926 patientia:
1729 1860 1897 1914 robur
1929 1857 1973 1915 Β
1999 1866 2332 1930 contuenda;
2388 1869 2640 1936 quoniam
2689 1885 2808 1941 qua:
2860 1889 3001 1930 nunc
3051 1876 3184 1933 flunt
3228 1855 3300 1933 ab
3350 1855 3582 1940 Auctore

315 1946 608 2017 frangitur,
653 1963 747 2016 per
783 1947 919 2001 hanc
960 1947 1237 2002 cbaritatis
1286 1949 1462 2004 lumen
1502 1953 1891 2020 exstinguitur,

314 2055 404 2106 per
440 2039 583 2092 hanc
614 2040 726 2106 spei
757 2045 953 2094 nostra:
998 2037 1325 2094 desiderium
1366 2042 1643 2111 virtusque
1676 2044 1894 2100 molles-

313 2130 405 2189 cit;
441 2139 498 2182 et
527 2129 701 2181 omnis
732 2128 835 2181 vita
866 2129 1230 2197 confunditur,
1255 2130 1345 2184 ubi
1377 2130 1488 2184 haec
1512 2132 1762 2203 iniquitas
1784 2150 1897 2188 ma-

313 2221 450 2290 ligna
496 2232 793 2291 grassatur.
839 2221 929 2274 llla
971 2235 1099 2276 vero
1131 2221 1344 2276 tristitia
1384 2224 1602 2292 vitalis,
1637 2229 1892 2281 bonarum

311 2313 576 2367 mentium
621 2327 759 2379 tas,
800 2312 927 2381 juge
967 2312 1255 2382 gaudium,
1314 2315 1590 2371 beatorum
1633 2320 1772 2375 vatis
1813 2329 1894 2374 est

313 2403 567 2456 maximis
595 2405 938 2470 expetenda;
990 2403 1058 2458 de
1086 2419 1185 2474 qua
1216 2404 1344 2460 dicit
1385 2405 1670 2476 Apostolus
1704 2427 1718 2462 :
1763 2409 1894 2466 Fra-

311 2505 432 2559 tres,
471 2496 691 2565 gaudeo,
719 2511 819 2546 non
847 2497 967 2564 quia
997 2496 1284 2549 contristati
1312 2500 1430 2552 estis
1451 2540 1466 2564 ,
1505 2499 1594 2553 sed
1621 2503 1740 2567 quia
1768 2519 1893 2556 con-

311 2589 500 2639 tristati
531 2587 651 2639 estis
681 2589 748 2638 ad
773 2588 1120 2657 pmnitent’am
1149 2603 1168 2640 .°
1198 2590 1488 2643 contristati
1507 2595 1641 2645 enim
1671 2595 1788 2648 estis
1813 2612 1893 2648 se-

309 2677 536 2729 cundum
570 2676 732 2730 Deum
771 2675 852 2747 (ll
879 2677 1000 2732 Cor.
1027 2692 1117 2743 vtt,
1136 2677 1216 2748 9).
1246 2677 1417 2734 Unum
1443 2680 1653 2750 quidem
1672 2699 1890 2750 nomen,

309 2771 397 2825 sed
431 2786 612 2825 rerum
646 2770 858 2826 diversa
888 2771 1151 2838 conditio;
1183 2787 1306 2827 nam
1336 2774 1473 2827 sicut
1506 2774 1606 2829 illa
1637 2777 1802 2830 nutrit
1825 2777 1891 2831 ad

309 2873 574 2929 mortem,
603 2865 682 2917 sic
720 2863 817 2917 ista
849 2863 1032 2933 dirigit
1077 2863 1144 2918 ad
1197 2876 1506 2936 perpetuam
1548 2867 1888 2937 sospitatent.

829 2975 1117 3049 _Conclusio
1141 2978 1350 3048 psalmi.

379 3087 443 3142 In
471 3087 841 3156 superioribus
871 3087 1097 3156 psalmis
1128 3099 1347 3161 propter
1393 3090 1750 3159 perfectorum
1779 3092 1890 3145 ani-

306 3194 429 3234 mos
476 3179 541 3232 ad
595 3178 808 3233 virtutis
855 3179 1066 3239 culmen
1120 3179 1407 3249 erigendos
1437 3180 1632 3236 multas
1663 3180 1888 3250 legimus

303 3270 637 3329 introductae
666 3285 794 3326 esse
822 3284 1113 3340 personas,
1149 3271 1310 3326 modo
1349 3271 1680 3341 Ecclesiam,
1726 3273 1887 3328 modo

306 3362 678 3430 poenitentem,
705 3360 864 3415 modo
892 3361 1234 3430 prophetam,
1254 3361 1413 3418 modo
1439 3361 1696 3429 ldithum,
1728 3363 1888 3418 modo

305 3451 444 3508 ﬁlios
473 3451 633 3518 Core,
666 3466 860 3526 magna
901 3453 1176 3522 patientia:
1209 3453 1406 3508 virtute
1455 3454 1835 3524 proloquentes
1869 3473 1881 3506 :

305 3561 446 3600 nunc
473 3553 657 3598 autem
700 3559 880 3598 sermo
924 3545 1210 3600 mediocris
1242 3559 1304 3600 ac
1343 3544 1516 3600 lenior
1564 3545 1882 3611 adhibetur,

304 3637 383 3704 qui
417 3635 485 3689 ad
517 3635 774 3690 devotum
804 3635 1066 3704 pertineat
1091 3633 1494 3700 Cbrisﬁanum;
1528 3643 1585 3690 ut
1613 3650 1770 3690 nemo
1801 3636 1883 3690 vel

303 3725 585 3781 imbecillis
615 3727 683 3781 de
710 3741 806 3779 sua
832 3725 1202 3781 mediocritate
1228 3725 1457 3793 difﬁdat,
1486 3726 1699 3796 quando
1723 3741 1882 3782 unus~

303 3825 526 3888 quisque
557 3818 758 3883 reperit
785 3818 848 3871 ad
872 3819 1011 3888 quod
1039 3833 1132 3887 per
1146 3819 1236 3874 Dei
1266 3822 1490 3890 gratiam
1509 3835 1679 3891 prona
1705 3832 1883 3878 mente

304 3909 534 3964 festinet.
558 3910 692 3964 Nam
718 3920 772 3964 et
795 3911 880 3964 isti
913 3911 1243 3966 desideranti
1272 3913 1338 3967 ad
1367 3914 1502 3968 atria
1536 3913 1744 3969 Domini
1769 3930 1885 3984 per-

303 4005 502 4062 venire.
539 4003 982 4073 quadragesimus
1011 4003 1281 4060 secundus
1310 4005 1545 4060 calculus
1566 4015 1878 4075 competen-

303 4105 377 4146 ter
407 4103 626 4163 aptatus
654 4105 756 4149 est.
786 4094 900 4147 Tali
926 4095 1068 4149 enim
1099 4111 1324 4150 numero
1355 4097 1662 4151 mansiones
1694 4097 1797 4151 illae
1827 4097 1878 4153 in

301 4196 477 4237 eremo
501 4193 726 4238 sacrata:
748 4195 869 4238 sunt
893 4183 1262 4241 Hebra'orum.
1279 4186 1694 4255 Quadragesima
1717 4189 1878 4243 etiam

297 4277 526 4329 secutula
561 4279 910 4347 generatione
939 4276 1006 4330 ab
1037 4277 1305 4331 Abraham
1343 4278 1600 4350 Dominus
1631 4278 1879 4334 Salvator

303 4367 537 4432 advenit,
600 4377 653 4420 et
695 4368 951 4420 mundum
1003 4383 1100 4422 sua
1152 4369 1458 4424 visitatione
1504 4370 1767 4436 salvavit;
1820 4379 1878 4426 ut

298 4459 494 4510 merito
520 4468 576 4512 et
600 4459 699 4512 istc
730 4459 904 4514 ﬁdelis
931 4459 996 4513 ad
1032 4475 1252 4529 regnum
1287 4459 1497 4515 Domini
1525 4471 1874 4530 perventurus

295 4548 560 4615 credatur,
594 4551 682 4618 qui
712 4551 933 4617 pristino
962 4550 1039 4605 illi
1067 4566 1292 4607 numero
1317 4553 1552 4608 sociatus
1580 4568 1702 4609 esse
1732 4570 1866 4624 cog-

297 4653 327 4690 n
351 4642 548 4693 .scitur.
584 4641 781 4697 Omnes
823 4656 955 4712 ergo
988 4643 1075 4698 ltic
1112 4647 1336 4700 virtutes
1361 4684 1377 4710 ,
1416 4659 1604 4700 omnes
1634 4646 1870 4702 delecta-

298 4733 464 4786 tiones
513 4735 711 4786 invenit
739 4734 917 4787 anima
965 4733 1167 4800 fidelis;
1201 4744 1258 4789 ut
1296 4735 1567 4791 consolari
1611 4752 1672 4792 se
1696 4752 1759 4792 ac
1787 4753 1871 4794 re-

295 4836 472 4879 creare
505 4839 600 4892 per
639 4825 732 4880 Del
779 4827 1003 4898 gratiam
1040 4829 1245 4896 possit,
1279 4829 1534 4903 quisquis.
1574 4830 1866 4901 igniculum

295 4917 438 4972 illum
460 4921 656 4980 divina:
682 4919 959 4974 cbaritatis
988 4924 1276 4991 acceperit.

538 5034 898 5090 EXPOSITIO
947 5034 1025 5090 1N.
1061 5035 1382 5095 PSALMUM
1423 5035 1608 5094 XLIII.

361 5145 428 5204 ﬁt
463 5150 617 5218 ﬁnem
637 5193 654 5218 ,
686 5167 778 5222 pro
801 5151 925 5220 ﬁliis
963 5151 1190 5277 (lowest!
1213 5152 1527 5208 intellectum
1565 5157 1794 5224 psalmus

1032 5239 1110 5277 avt
1154 5259 1170 5277 .

1032 5239 1170 5279 am.

363 5329 519 5415 ιω
568 5330 816 5391 Proxime
868 5331 922 5388 itt
967 5335 1380 5404 quadragesimo
1425 5335 1600 5405 primo
1650 5337 1860 5407 psalmo

297 5423 417 5487 quid
446 5423 752 5492 signiﬁcent
802 5424 900 5491 ﬁlii
929 5422 1058 5478 Core
1099 5424 1429 5481 sufﬁcienter
1465 5427 1698 5483 edictum
1747 5437 1850 5484 est.

293 5508 435 5567 Nune
457 5528 634 5569 autem
666 5516 733 5567 ad
756 5515 1070 5569 intellectum
1097 5531 1237 5572 novo
1263 5517 1480 5588 quidem
1520 5519 1730 5588 ordino,
1761 5521 1857 5576 sed

294 5618 402 5662 son
424 5605 590 5660 otiose
619 5606 832 5663 videtur
857 5607 1153 5677 adjectum;
1182 5609 1302 5666 ideo
1326 5620 1382 5665 ut
1407 5622 1858 5668 commemoraret

287 5703 428 5751 hunc
476 5699 736 5764 psaltnum
788 5699 1096 5770 diligentius
1150 5703 1550 5774 inquirendum.
1608 5705 1852 5762 Audituri

291 5800 462 5844 sumns
492 5798 774 5859 martyres,
811 5792 922 5847 sive
953 5792 1309 5865 confessores,
1336 5797 1388 5852 id
1409 5805 1491 5851 est
1518 5795 1653 5852 ﬁlios
1680 5800 1854 5856 crucis

2003 1969 2179 2010 rerum
2233 1972 2330 2025 pro
2379 1960 2551 2015 salute
2601 1974 2941 2030 cunctorum,
2993 1970 3218 2027 occultis
3268 1973 3581 2046 plerumque

1998 2047 2232 2103 motibus
2259 2047 2391 2122 [ed.,
2423 2051 2617 2125 modis]
2650 2055 2985 2114 ordinantur.

2564 2163 2763 2221 Divisio
2797 2171 3004 2236 psalmi.

2069 2271 2192 2327 Sive
2220 2284 2540 2346 martyrum,
2571 2279 2684 2334 sive
2710 2281 3078 2338 confessorum
3105 2287 3266 2341 verba
3297 2293 3578 2363 suscipias,

1996 2365 2281 2422 considera
2311 2368 2575 2436 psalmum
2607 2372 2836 2429 mirabili
2858 2378 3257 2436 constructione
3277 2384 3577 2442 Tormatum.

1997 2454 2053 2508 ln
2092 2456 2260 2524 prima
2294 2467 2444 2526 parte
2473 2459 2655 2514 dicunt
2679 2462 2913 2524 audiisse
2954 2477 3135 2537 patres
3165 2486 3326 2535 suos,
3371 2473 3576 2533 Domini

1996 2545 2178 2600 favore
2203 2548 2415 2616 collato,
2449 2565 2544 2619 per
2570 2552 2871 2612 innumeras
2897 2569 3084 2629 gentes
3112 2563 3381 2618 visualiter
3407 2569 3575 2636 egisse

1996 2637 2245 2690 victorias
2265 2654 2292 2703 ;
2312 2654 2370 2693 se
2398 2651 2572 2696 autem
2603 2646 2920 2712 profitentur
2942 2652 2991 2703 in
3018 2650 3223 2707 Domini
3249 2654 3575 2722 judicatione

1994 2740 2275 2790 venturam
2307 2727 2374 2784 de
2416 2732 2647 2788 inimicis
2687 2737 2797 2790 suis
2839 2754 3206 2808 competenter
3245 2747 3428 2802 videre
3461 2751 3575 2804 viu-

1995 2820 2189 2883 dictam
2226 2838 2238 2874 :
2276 2822 2362 2876 ubi
2387 2837 2490 2878 non
2518 2839 2645 2879 arcu
2667 2867 2683 2892 ,
2715 2839 2804 2882 aut
2844 2832 3019 2898 gladio
3047 2836 3294 2890 inimicus
3321 2839 3571 2906 vincitur,

1992 2915 2085 2968 sed
2109 2916 2223 2969 sola
2249 2915 2456 2971 Domini
2486 2920 2873 2990 disceptatione
2902 2938 3203 2996 superatur.
3236 2932 3321 2986 Sic
3353 2935 3572 2991 distinc-

1994 3015 2047 3059 te
2070 3021 2266 3076 genera
2291 3008 2673 3067 beneﬁciorum
2707 3024 2930 3085 utraque
2961 3018 3287 3087 referuntur,
3312 3039 3429 3094 qua:
3455 3043 3570 3081 ser-

1993 3098 2074 3152 vis
2104 3100 2220 3156 suis
2266 3102 2521 3159 Dominus
2551 3117 2804 3173 prazstare
2845 3110 3108 3179 dignatur.
3159 3115 3407 3171 Secundo
3456 3121 3570 3174 locu

1917 3229 1961 3292 Ο
1994 3189 2324 3246 diversarum
2351 3195 2750 3262 necessitatum,
2784 3215 2901 3268 qua:
2936 3203 2986 3255 in
3017 3203 3118 3258 isto
3139 3210 3340 3263 saculo
3373 3213 3570 3278 patiun-

1994 3291 2100 3349 tur,
2130 3294 2392 3342 tormenta
2414 3289 2785 3360 dinumerant;
2817 3311 2916 3353 nec
2939 3305 3117 3355 tamen
3139 3315 3196 3358 se
3223 3304 3468 3360 mandata
3492 3308 3570 3362 di-

1993 3377 2110 3429 vina
2143 3377 2460 3446 profitentur
2481 3382 2700 3450 oblitos,
2725 3389 3014 3454 quominus
3048 3391 3100 3445 in
3143 3395 3336 3452 virtute
3362 3398 3568 3466 patien-

1990 3467 2075 3518 tiae
2107 3479 2469 3536 perseverent.
2496 3471 2676 3528 Tertio
2720 3489 3010 3545 precantur
3044 3484 3327 3552 auxilium,
3377 3495 3435 3542 ut
3482 3488 3568 3544 hic

1987 3559 2218 3624 graviter
2239 3558 2453 3617 afﬁictis
2480 3567 2897 3628 resurrectionis
2941 3580 3183 3644 tempore
3207 3576 3400 3634 debeat
3435 3581 3565 3635 sub-

1987 3665 2174 3707 ventri.

2519 3772 2786 3844 Expositio
2823 3781 3028 3848 psalmi.

2059 3883 2209 3939 Vers.
2253 3887 2302 3940 1.
2352 3888 2514 3954 Deus,
2557 3891 2766 3946 auribus
2809 3895 2994 3947 nostris
3034 3897 3355 3963 audivimus,
3398 3909 3565 3967 patres

1985 3976 2144 4028 nostri
2168 3979 2596 4032 annuntiaverunt
2623 3981 2767 4035 nobis
2807 3999 2934 4053 opus
2964 3987 3101 4052 quod
3150 3997 3390 4055 apcratus
3432 4004 3484 4042 es
3509 3989 3562 4042 in

1984 4065 2157 4119 diebus
2181 4082 2375 4133 eorum,
2409 4069 2462 4122 in
2489 4070 2663 4124 diebus
2687 4074 2930 4140 antiquis.
2966 4075 3141 4130 Primo
3173 4078 3366 4145 posuit,
3397 4077 3557 4138 Deus.

1981 4155 2122 4225 quod
2155 4156 2360 4212 initium
2384 4169 2477 4214 aut
2505 4160 2656 4214 laetus
2685 4162 2845 4216 homo
2869 4164 3012 4226 facit.
3043 4177 3130 4220 aut
3163 4168 3454 4224 afflictione
3483 4175 3561 4224 ni-

1982 4246 2086 4301 mia
2119 4250 2406 4304 sauciatus.
2440 4252 2693 4322 Scdquaz
2721 4254 2916 4308 dicturi
2941 4269 3116 4324 erant,
3146 4275 3211 4312 ne
3241 4270 3557 4326 putarentur

1976 4338 2249 4410 ambigua,
2281 4342 2507 4395 audiisse
2534 4357 2594 4396 se
2623 4345 2855 4413 propriis
2885 4346 3097 4401 auribus
3121 4349 3331 4415 dicunt,
3365 4362 3423 4405 ut
3455 4369 3557 4407 tna-

1974 4430 2065 4499 jor
2091 4431 2226 4487 ﬁdes
2249 4433 2326 4487 rei
2353 4434 2615 4502 potuisset
2642 4438 2866 4505 acquiri.
2899 4439 2961 4493 Et
2982 4441 3267 4497 considera
3283 4445 3418 4513 ‘quia
3447 4462 3553 4500 non

1975 4521 2202 4593 juvenes
2230 4540 2402 4595 neque
2433 4527 2803 4584 adolescentes
2831 4531 2932 4586 sibi
2962 4532 3144 4588 dicunt
3173 4538 3426 4594 retulisse
3441 4556 3558 4606 qttru

1898 4590 1951 4652 Ῑ)
1977 4590 2114 4672 facta
2154 4629 2308 4684 sunt;
2351 4619 2444 4675 sed
2485 4631 2654 4688 patres
2679 4623 2766 4692 qui
2792 4623 3225 4682 consideratione
3263 4629 3343 4682 sui
3388 4633 3558 4685 nomi-

1971 4707 2055 4761 nis
2079 4706 2324 4762 af'fectum
2355 4717 2602 4778 poterant
2631 4710 2830 4767 habere
2860 4715 3101 4768 veritatis
3131 4715 3262 4787 [ed.,
3296 4718 3551 4793 pietatis].

1969 4798 2319 4866 Subjunctum
2349 4808 2430 4855 est
2456 4841 2472 4866 ,
2504 4803 2701 4867 nostri,
2736 4805 2823 4869 qui
2854 4806 2966 4860 suis
3001 4808 3221 4861 omnino
3245 4810 3546 4864 certissima

1967 4888 2148 4943 dicere
2177 4889 2495 4959 potuissent.
2527 4889 2976 4948 Annuntiaverunt
3026 4897 3171 4950 nobis
3199 4911 3220 4952 :
3261 4898 3424 4954 ἱάηεει
3465 4915 3551 4954 re-

1975 4977 2214 5033 tulerunt
2245 4977 2506 5034 beneﬁcia
2545 4996 2665 5052 qua:
2696 4982 2810 5036 suis
2853 4985 3082 5052 posteris
3105 4986 3171 5040 ad
3213 4985 3420 5042 laudem
3449 4989 3554 5044 Du-

1975 5069 2106 5124 mini
2132 5071 2417 5128 voluerunt
2454 5086 2580 5128 esse
2609 5074 2907 5131 manifesta.
2937 5076 3042 5131 Sed
3095 5076 3219 5133 licet
3252 5079 3340 5134 Dei
3370 5081 3548 5150 quoti-

1969 5159 2127 5216 diana
2169 5163 2238 5218 sit
2283 5176 2447 5234 opera
2477 5164 2732 5220 mundum
2765 5167 2875 5222 suis
2916 5167 3195 5224 beneﬁciis
3220 5170 3507 5228 continere
3527 5215 3543 5238 ,

1968 5263 2028 5308 ut
2055 5254 2237 5310 omnia
2263 5257 2556 5311 constituta
2587 5258 2704 5329 lege
2733 5258 3062 5328 decurrant;
3094 5271 3278 5322 tamen
3315 5274 3442 5322 tunc
3469 5268 3550 5322 di-

1968 5349 2141 5404 cimus
2161 5363 2282 5406 ου
2313 5359 2612 5420 operatum,
2636 5352 2848 5422 quando
2870 5354 3088 5418 aliquod
3104 5358 3309 5425 signum
3336 5359 3547 5415 novita-

1967 5442 2037 5498 tis
2078 5441 2399 5497 ostenderlt.
2453 5441 2637 5498 Patres
2665 5459 2794 5514 ergo
2834 5461 2961 5500 suos
3001 5450 3247 5504 retulisse
3286 5462 3546 5510 tesrantur

1966 5548 2116 5603 Opus,
2147 5534 2284 5600 quod
2309 5545 2548 5606 «speratus
2569 5546 2640 5590 est
2666 5535 2801 5590 Deus
2825 5539 2879 5591 in
2908 5539 3084 5594 diebus
3105 5557 3314 5605 eorum;
3337 5542 3438 5600 bac
3463 5557 3544 5602 est

1963 5624 2016 5676 in
2046 5622 2235 5678 diebus
2269 5625 2493 5692 antiquis
2516 5670 2531 5693 ,
2563 5627 2776 5696 quando
2800 5629 3148 5684 lsraeliticum
3183 5636 3431 5703 p0pnluut
3481 5638 3540 5694 il-

1965 5714 2147 5766 lzesum
2184 5728 2276 5781 per
2317 5715 2481 5768 maris
2511 5713 2676 5771 Rubri
2707 5716 2900 5772 ﬂuenta
2924 5720 3187 5788 traduxit,
3219 5733 3274 5779 et
3306 5726 3539 5782 hostium

1964 5817 2181 5857 suorum
2214 5806 2330 5859 sine
2355 5804 2536 5860 labore
2568 5807 2782 5878 proprio
2815 5807 2941 5865 fecit
2979 5826 3098 5868 esse
3147 5814 3391 5872 victores.
3431 5819 3538 5873 line
