4030 6172
459 354 548 407 5H

1654 342 1725 399 bi.
1766 346 1809 400 Α
1818 345 2039 417 [BELII
2076 346 2480 405 CASSIODORI

3609 352 3706 407 3i?

460 474 827 537 argumentum
885 462 1081 527 dicitur
1120 462 1160 515 Α
1216 459 1374 515 dictis
1422 459 1683 533 factisque
1730 459 2026 530 majorum,
2057 460 2109 526 Α
2130 460 2322 531 judicii
2352 471 2595 533 tempore
2625 472 2833 522 constat
2860 465 3102 522 ﬁdelibus
3121 464 3546 523 concedendum.
3576 463 3708 525 Nam

461 558 670 629 quando
701 556 985 613 testimonii
1011 553 1217 624 pondus
1246 552 1563 624 gravissima
1594 562 1807 625 patrum
1846 562 2032 611 aucto-

462 655 617 706 ritate
649 653 910 703 firmatur.

533 740 682 795 Vers.
709 737 765 794 9.
799 737 987 793 uanus
1022 744 1113 792 tua
1140 746 1309 809 gentes
1347 737 1679 807 disperdidit,
1716 747 1766 793 et
1788 737 2036 806 plantasu'

461 847 545 885 eos
575 844 596 886 :
624 828 846 901 apisisti
884 828 1123 899 populos,
1153 838 1203 882 et
1238 827 1473 898 γεραιὰιὶ
1507 843 1612 883 eos.
1647 827 1781 883 Hinc
1813 843 2035 886 enume-

462 923 596 977 ratio
623 922 817 977 decora
846 918 1112 990 procedit,
1142 928 1340 990 quanta
1370 918 1665 975 Israelitico
1697 921 1893 989 populo
1923 922 2030 975 vir-

465 1021 548 1070 tus
568 1009 749 1067 divina
779 1009 1119 1080 praestiterit;
1153 1017 1210 1064 ut
1232 1010 1488 1066 beneficia
1513 1010 1728 1065 Domini
1753 1023 1805 1065 et
1832 1012 1887 1066 in
1915 1026 2037 1081 pro-

463 1101 634 1171 speris
650 1100 830 1165 rebus,
844 1108 898 1156 et
926 1100 979 1156 in
1004 1099 1244 1155 adversis
1269 1115 1389 1170 quae
1409 1100 1651 1155 dicturus
1674 1110 1758 1155 est
1783 1099 2037 1157 manifes-

465 1195 571 1250 tius
600 1193 926 1250 elucescant.
960 1192 1061 1248 Per
1084 1208 1288 1249 manum
1323 1193 1485 1261 (sicut
1509 1207 1653 1261 saepe
1682 1192 1886 1247 dictum
1928 1194 2037 1263 est)

464 1285 793 1355 signiﬁcatur
838 1290 1106 1352 potestas;
1161 1283 1283 1353 quia
1332 1298 1425 1349 per
1471 1283 1824 1351 tropologiatn
1875 1298 2039 1337 manu

467 1376 675 1432 Domini
715 1384 902 1448 gentes
949 1374 1254 1430 referuntur
1299 1375 1533 1443 afﬂictat,
1590 1390 1685 1443 per
1731 1390 1891 1443 quam
1941 1391 2038 1432 nos

468 1470 699 1524 maxime
741 1469 980 1523 solemus
1018 1468 1249 1537 operari.
1294 1468 1623 1523 Exeuntibus
1654 1468 1796 1523 enim
1830 1470 2033 1524 Amor-

467 1564 655 1630 rita-is,
690 1568 774 1619 vel
801 1562 1012 1621 catteris
1038 1563 1106 1617 de
1134 1562 1362 1632 propriis
1404 1561 1583 1630 terris,
1619 1561 1828 1617 Hebraei
1856 1563 1908 1617 in
1946 1578 2040 1618 co-

467 1672 585 1711 rum
616 1655 832 1710 sedibus
862 1656 1107 1723 leguntur
1132 1669 1252 1708 esse
1279 1653 1523 1721 plantati.
1574 1651 1811 1707 Plantati
1839 1654 1999 1723 plane
2020 1694 2036 1719 ,

467 1746 558 1817 qui
592 1760 843 1815 processu
869 1744 1073 1798 dierum
1099 1760 1322 1798 munere
1356 1742 1570 1799 Domini
1617 1744 1910 1799 crementis
1951 1744 2038 1812 ju-

2134 554 2224 623 qui
2256 552 2419 609 nimia
2446 556 2655 612 fuerant
2674 556 2964 613 afﬂictione
2989 557 3249 623 confecti,
3279 566 3564 614 resntnunt
3590 560 3709 612 anl-

2137 661 2305 714 mum,
2347 656 2403 701 et
2431 647 2624 703 futuris
2652 662 2711 704 se
2738 648 3010 719 prosperis
3042 647 3391 703 consolantur
3417 648 3664 703 dicentes
3687 661 3706 700 :

2136 732 2203 789 ιιι
2231 746 2279 790 te
2305 736 2537 793 inimicos
2566 747 2764 794 nostros
2792 738 3160 796 ventilabimus.
3202 736 3408 796 Inimici
3434 738 3717 793 uentilandi

2135 838 2258 883 sunt
2289 828 2473 884 divino
2503 829 2727 899 judicio,
2769 831 2983 900 quando
3010 846 3191 885 aream
3220 844 3369 884 suam
3412 829 3709 883 ventilabro

2135 918 2537 988 disceptatiOnis
2561 920 2804 975 Salviitor
2847 930 3029 975 noster
3056 922 3351 986 excutiens,
3398 921 3579 991 paleas
3619 933 3708 974 εον

2134 1021 2377 1081 questrat
2401 1027 2431 1067 a
2460 1012 2719 1082 frugibus.
2751 1011 3030 1083 Sequitur,
3063 1022 3113 1068 et
3136 1013 3192 1067 in
3225 1013 3428 1066 nomine
3460 1021 3549 1065 tuo
3573 1028 3713 1082 spero

2137 1117 2315 1157 nemus
2340 1102 2661 1172 insurgentes
2695 1104 2749 1159 in
2777 1120 2893 1159 nos.
2930 1104 3081 1160 Tunc
3103 1112 3519 1159 contemnuntur
3544 1104 3714 1158 insur-

2137 1204 2327 1265 gentes,
2370 1195 2423 1252 id
2452 1204 2537 1251 est
2564 1197 2786 1266 spiritus
2819 1198 3101 1265 immundi,
3141 1197 3358 1268 quando
3383 1196 3579 1252 laedere
3606 1212 3713 1251 non

2139 1284 2414 1339 valebunt.
2474 1285 2630 1341 Modo
2682 1287 2824 1342 enim
2877 1287 2953 1341 illi
3002 1287 3307 1356 despiciunt
3344 1302 3482 1357 quos
3532 1298 3718 1358 postea

2134 1375 2263 1444 justi
2312 1378 2644 1445 spernendos
2675 1392 2795 1434 esse
2829 1377 3171 1449 iudicabunt.
3213 1377 3346 1433 Illud
3397 1379 3539 1433 enim
3573 1378 3718 1448 quod

2136 1481 2327 1523 manus
2349 1467 2557 1524 Domini
2578 1477 2767 1539 gentes
2790 1469 3064 1540 dispersit,
3091 1469 3235 1540 quod
3262 1469 3521 1526 Hebraeos
3542 1470 3595 1523 in
3626 1483 3717 1523 seu

2138 1560 2295 1617 dibus
2334 1576 2520 1618 eorum
2576 1563 2854 1632 plantavit,
2911 1563 3057 1632 quod
3087 1563 3167 1618 eis
3204 1560 3423 1620 donavit
3472 1561 3724 1617 inimicos

2137 1652 2255 1707 sine
2282 1652 2459 1721 aliquo
2499 1651 2682 1709 labore
2713 1665 2989 1721 superare,
3035 1652 3101 1707 ad
3134 1650 3279 1707 istud
3318 1651 3550 1722 pertth
3579 1660 3721 1705 temo

2138 1756 2261 1811 pus.
2315 1742 2429 1797 Hoc
2467 1750 2645 1798 autem
2674 1742 2817 1814 quod
2848 1742 3127 1797 ventilaudi
3153 1750 3270 1797 sunt
3310 1742 3526 1809 inimici,
3577 1742 3719 1811 quod

469 1839 623 1909 gibus
649 1838 995 1909 augebantur.
1028 1836 1215 1908 Amisit
1236 1842 1413 1891 autem
1434 1837 1648 1906 populos
1675 1836 2032 1902 adversarios,
2065 1842 2113 1901 Β
2140 1835 2305 1915 hostis
2333 1835 2758 1892 contemnendus
2789 1835 3063 1905 antiquus,
3088 1836 3334 1904 pertinet
3361 1833 3431 1889 ad
3456 1834 3721 1904 judicium

469 1946 591 1987 cum
619 1929 957 1985 sacerdotum
974 1928 1132 1983 tubis
1160 1930 1477 1983 canentibus
1499 1929 1637 1984 muri
1667 1928 1884 1984 Jericlto
1910 1945 2040 1985 cou-

474 2020 695 2091 lragosae
725 2020 870 2075 vocis
896 2022 1075 2074 sonitu
1104 2029 1426 2074 corruerunt
1469 2017 1616 2089 (los.
1642 2034 1716 2083 γι,
1743 2019 1876 2089 20);
1906 2033 2042 2088 quos

470 2118 538 2170 de
558 2115 771 2170 civitate
794 2121 1003 2166 constat
1030 2112 1314 2181 expulsos,
1347 2112 1558 2181 quando
1587 2113 1744 2166 tantis
1772 2113 2040 2167 miraculis

471 2209 735 2265 obsistere
763 2204 1131 2275 nequiverunt.

548 2296 696 2351 Vers.
728 2296 782 2350 '5.
818 2292 937 2348 Non
964 2300 1099 2349 enim
1144 2293 1200 2347 in
1230 2294 1404 2364 gladio
1444 2310 1534 2347 suo
1574 2294 1901 2364 possederunt
1935 2301 2041 2346 ter.

473 2403 604 2451 ram,
632 2397 677 2443 et
708 2386 969 2440 brachium
1003 2401 1176 2439 eorum
1202 2401 1307 2440 non
1333 2385 1540 2439 salravit
1563 2401 1663 2438 eos.
1698 2384 1773 2440 Ne
1799 2395 2045 2454 putarent

477 2478 684 2536 Hebraei
718 2477 1132 2546 triumphatores
1157 2476 1269 2531 suis
1298 2490 1357 2531 se
1384 2475 1582 2531 viribus
1610 2475 1896 2540 exstitisse,
1924 2489 2045 2545 pro-

477 2570 693 2626 ﬁtentur
723 2569 840 2622 illos
880 2583 984 2621 non
1026 2568 1077 2621 in
1116 2583 1207 2621 suo
1248 2566 1423 2637 gladio
1454 2567 1616 2621 fuisse
1656 2567 1919 2632 victores,
1948 2580 2046 2621 nec

477 2670 669 2714 terram
700 2663 933 2731 gentium
968 2660 1066 2713 sibi
1106 2658 1320 2728 propria
1371 2659 1684 2714 fortitudine
1724 2659 2042 2715 vindicasse.

484 2751 756 2805 Bracltium
816 2767 911 2820 pro
959 2752 1151 2806 robore
1180 2751 1397 2819 dicitur,
1426 2750 1676 2819 quoniam
1728 2753 1843 2821 ipso
1890 2752 2047 2806 dimi-

476 2848 931 2913 cante‘puguatur.
963 2843 1066 2897 Sed
1116 2841 1257 2898 istud
1286 2842 1545 2896 lracltium
1593 2858 1696 2898 non
1725 2859 1817 2899 eos
1851 2844 1919 2897 ab
1945 2845 2046 2898 ini-

476 2932 627 2986 micis
651 2933 878 2986 liberare
906 2932 1221 3001 praevaluit,
1253 2946 1386 3002 quos
1427 2935 1732 3002 specialiter
1761 2935 1931 2988 virtus
1960 2936 2043 2989 di-

478 3027 593 3078 vina
624 3026 853 3080 salravit.
879 3024 967 3080 Sic
996 3024 1120 3080 dum
1147 3026 1489 3082 Hebraeorum
1518 3038 2043 3099 aelusexponuntur,

478 3119 599 3171 ltum
622 3135 706 3172 tuo
735 3119 911 3187 generi
944 3119 1175 3187 proﬁcua
1206 3119 1443 3173 doctrina
1475 3130 1775 3187 praestatur.

2144 1928 2372 1981 futurum
2404 1965 2422 1992 ,
2463 1926 2552 1981 ubi
2596 1926 2715 1983 talis
2754 1936 2836 1982 est
2872 1926 3101 1982 victoria
3142 1925 3411 1997 facienda,
3458 1936 3514 1981 ut
3540 1925 3722 1979 Omnia

2148 2016 2441 2087 probentur
2465 2016 2740 2072 submisse
2765 2016 3083 2072 certamina.

2217 2108 2371 2165 Vers.
2401 2111 2454 2165 7.
2496 2107 2618 2163 Non
2640 2112 2776 2164 enim
2805 2110 2857 2163 in
2883 2126 3008 2164 arcu
3032 2125 3143 2164 meo
3163 2109 3401 2178 sperabo,
3443 2118 3491 2164 et
3517 2106 3723 2179 gladius

2145 2220 2288 2258 meus
2330 2220 2434 2257 non
2462 2204 2675 2258 salvabit
2707 2220 2805 2259 me.
2865 2204 2996 2259 Fide
3029 2214 3083 2260 et
3124 2203 3427 2259 humilitate
3467 2207 3725 2254 CUlIaUCM

2143 2297 2272 2353 dicit
2304 2297 2592 2353 multitudo
2617 2308 2926 2354 sanctorum
2969 2301 3021 2354 in
3050 2299 3212 2353 armis
3247 2311 3440 2353 senon
3480 2306 3728 2361 speratu-

2146 2404 2258 2442 ram
2283 2403 2402 2443 esse
2430 2391 2677 2449 terrenis.
2730 2389 2892 2444 Arcus
2921 2390 3062 2445 enim
3104 2397 3185 2443 est
3213 2386 3519 2457 praesidium
3551 2385 3727 2441 bella-

2149 2478 2303 2546 toris,
2337 2478 2388 2532 in
2412 2493 2520 2547 quo
2550 2492 2700 2534 mens
2728 2477 2957 2534 humana
2986 2478 3225 2534 conlidit.
3261 2477 3592 2532 Praeliatnres
3624 2490 3727 2529 au-

2149 2578 2269 2627 tem,
2304 2569 2559 2624 mundani
2610 2570 2727 2641 plus
2778 2570 2846 2626 de
2889 2570 3065 2640 gladio
3110 2576 3459 2640 prmsumuut.
3513 2566 3723 2632 Sagitta

2146 2662 2288 2718 enim
2318 2662 2631 2732 plerumque
2661 2664 2931 2719 incassum
2978 2662 3240 2727 mittitur;
3281 2659 3427 2715 ensis
3453 2672 3580 2712 vero
3593 2672 3731 2723 ,ιδεμ

2147 2753 2367 2808 tissime:
2412 2754 2603 2808 mortis
2652 2763 2906 2823 operatur
2940 2752 3209 2807 ell'ectum.
3262 2749 3596 2817 Quapropter
3627 2761 3731 2800 uec

2150 2844 2322 2915 ipsum
2346 2845 2445 2911 sibi
2471 2844 2725 2899 auxilium
2759 2844 2896 2899 ferre
2916 2844 3066 2910 dicit,
3091 2843 3231 2914 quod
3258 2842 3309 2896 in
3337 2842 3477 2895 bello
3502 2839 3732 2895 credunt

2148 2937 2393 2992 homines
2418 2938 2485 2992 ad
2518 2938 2820 3008 praesidium
2857 2940 2973 3006 plus
3006 2938 3201 2991 valere.

2213 3027 2433 3084 V'ers.8.
2451 3029 2699 3083 Liberasti
2731 3030 2865 3083 enim
2892 3046 2983 3083 nos
3011 3046 3074 3082 ea:
3108 3030 3261 3101 [ωδε.
3295 3031 3383 3094 A.,
3405 3030 3494 3095 8.,
3522 3027 3610 3095 F.,
3640 3023 3731 3098 de]

2144 3121 2478 3192 aﬂligenlibus
2511 3136 2602 3174 nos
2635 3138 2652 3176 :
2697 3132 2744 3174 et
2789 3138 2871 3175 eos
2908 3121 2996 3191 qui
3034 3138 3127 3175 nos
3158 3121 3374 3175 oderunt
3421 3118 3729 3189 confudisti.

549 3209 696 3264 V'ers.
731 3212 785 3265 4.
805 3210 908 3265 Sed
939 3212 1144 3264 dextera
1171 3221 1277 3276 tua,
1300 3221 1344 3266 et
1372 3211 1634 3265 brachium
1657 3225 1820 3282 tuum,
1845 3225 1891 3267 et
1921 3214 2042 3267 illu-
2067 3206 2113 3269 Ο
2146 3210 2481 3265 Conlidentia
2513 3210 2636 3264 fidei
2674 3211 2846 3265 futura
2870 3226 2964 3279 pro
2991 3211 3274 3280 prceteritis
3307 3211 3516 3273 dicunt,
3588 3223 3733 3277 quo-

478 3302 688 3354 ntinatio
713 3302 881 3355 vultus
921 3304 1043 3356 tui:
1080 3304 1319 3372 quoniam
1356 3303 1665 3374 complacuit
1694 3305 1784 3359 tibi
1828 3307 1877 3358 in
1917 3305 2040 3361 illis.

480 3391 587 3445 Sed
612 3394 814 3446 dextera
846 3403 952 3458 tua,
980 3403 1024 3449 et
1047 3394 1307 3449 brachium
1332 3406 1496 3462 tuum,
1526 3406 1571 3449 et
1602 3396 1907 3451 illuminalio
1932 3398 2044 3451 vul-

479 3496 557 3539 lus
605 3486 697 3550 tui,
731 3486 1086 3542 communiter
1132 3487 1460 3542 reddendum
1506 3496 1629 3557 est,
1683 3489 1894 3542 salvavil
1939 3505 2040 3545 eos.

481 3577 699 3631 Dextera
731 3578 871 3631 enim
893 3578 1155 3646 signiﬁcat
1187 3594 1496 3646 prosperam
1526 3585 1753 3648 partem,
1778 3578 2045 3633 brae/tium

480 3667 876 3732 fortitudinem,
908 3668 1217 3721 illuminatio
1260 3670 1578 3735 consilium,
1626 3685 1743 3737 qua:
1789 3669 2044 3726 Dominus

480 3759 842 3824 praeliantibus
872 3759 1099 3824 confert,
1135 3759 1347 3827 quando
1378 3760 1653 3815 victoriam
1698 3761 1902 3815 donare
1929 3761 2043 3829 dig-

481 3862 655 3905 natur.
689 3850 792 3907 Sed
843 3867 909 3905 ne
937 3852 1205 3906 d;ceretur
1230 3869 1243 3906 :
1273 3852 1459 3908 Patres
1503 3855 1667 3910 vestri
1709 3870 1807 3909 suo
1855 3856 2046 3909 merito

479 3943 812 4009 placuerunt,
836 3943 954 3998 ideo
980 3953 1105 3998 sunt
1137 3954 1279 4005 tanta
1307 3959 1337 3998 a
1369 3945 1594 4000 Domino
1623 3948 1932 4011 consecuti;
1965 3949 2046 4001 in-

477 4033 592 4088 tulit
623 4049 729 4095 non
761 4035 968 4092 meritis
988 4035 1168 4090 datum
1188 4076 1204 4101 ,
1237 4035 1329 4091 sed
1367 4036 1487 4106 quia
1517 4036 1589 4093 ita
1632 4038 1743 4094 Deo
1769 4040 1840 4095 sit
1880 4039 2044 4109 placi-

477 4136 583 4180 tum
608 4167 624 4192 ,
649 4127 801 4195 cujus
823 4136 905 4183 cst
934 4128 1218 4198 gratuitum
1246 4144 1409 4185 omne
1435 4130 1575 4199 quod
1626 4141 1858 4199 praestat.
1893 4132 2046 4187 Com-

476 4218 666 4283 placuit
700 4219 859 4273 etiam
900 4219 953 4271 in
1003 4218 1138 4283 illis,
1179 4221 1391 4288 quando
1419 4221 1487 4276 de
1540 4230 1651 4275 tato
1688 4222 1887 4277 mundo
1929 4223 2041 4278 sola

476 4321 606 4376 gens
631 4306 797 4363 electa
832 4317 936 4373 est,
967 4309 1033 4362 de
1062 4324 1165 4378 qua
1191 4309 1438 4367 Salvator
1463 4312 1717 4366 Dominus
1740 4312 2039 4369 adveniret.

547 4395 697 4450 Vers.
730 4397 785 4450 5.
821 4396 895 4449 Tu
935 4413 985 4450 es
1015 4399 1125 4466 ipse
1156 4398 1265 4453 Rea:
1291 4416 1432 4456 meus
1460 4410 1507 4455 et
1550 4402 1687 4455 Deus
1739 4420 1911 4472 meus,
1958 4406 2045 4473 qui

476 4487 687 4540 mandas
714 4486 929 4541 salutem
956 4488 1135 4542 Jacob.
1165 4487 1297 4544 Cum
1322 4491 1583 4545 dixissent
1626 4492 1719 4547 lilii
1750 4495 1908 4561 Core,
1942 4494 2043 4550 hoc

2147 3298 2288 3351 niam
2330 3301 2469 3366 apud
2502 3314 2597 3354 eos
2629 3314 2733 3353 non
2762 3307 2845 3353 est
2890 3298 3131 3368 dubium,
3179 3299 3320 3369 quod
3352 3299 3596 3353 absolute
3634 3313 3735 3351 no-

2146 3396 2268 3441 runt
2309 3402 2428 3442 esse
2454 3396 2762 3442 venturum.
2812 3386 3130 3442 Liberandos
3170 3403 3297 3456 ergo
3345 3403 3407 3444 se
3448 3386 3631 3449 dicunt
3671 3389 3734 3442 in

2145 3479 2383 3534 secundo
2420 3480 2651 3533 adventu
2688 3481 2897 3534 Domini
2948 3496 2978 3534 a
3031 3482 3406 3549 persecutione
3443 3481 3735 3549 spirituum

2149 3571 2529 3641 pessimorum,
2570 3572 2660 3641 qui
2689 3585 2784 3627 eos
2824 3574 2909 3628 ltic
2942 3571 3322 3641 multiplicibus
3354 3571 3559 3625 insidiis
3593 3569 3767 3630 afﬂio,

2147 3677 2271 3733 gere
2301 3678 2405 3717 non
2440 3662 2729 3718 desistunt.
2760 3664 2910 3719 Tunc
2939 3664 3083 3720 enim
3117 3664 3273 3734 plane
3304 3663 3551 3717 liberandi
3581 3672 3734 3727 sunt,

2145 3754 2357 3823 quando
2381 3755 2447 3807 ab
2483 3768 2668 3809 eorum
2714 3762 2975 3823 potestate
2999 3755 3274 3820 tollentur,
3316 3766 3369 3808 ut
3401 3752 3623 3808 ulterius
3649 3754 3735 3808 eis

2154 3861 2261 3900 non
2284 3846 2441 3903 liceat
2468 3847 2537 3902 de
2563 3846 2926 3903 innocentium
2953 3846 3264 3917 fatigatione
3290 3846 3556 3917 gaudere;
3585 3846 3732 3914 quod

2146 3937 2203 3993 in
2235 3939 2338 3993 isto
2379 3948 2527 3994 certe
2569 3939 2769 3993 sarculo
2813 3940 3132 4009 generaliter
3172 3954 3277 3993 non
3321 3946 3492 4005 potest
3540 3950 3734 4006 prove.

2147 4032 2283 4092 nire.
2318 4034 2714 4104 Confunduntur
2739 4037 2901 4088 etiam
2930 4033 3020 4102 qui
3051 4033 3235 4087 beatos
3262 4031 3531 4097 oderunt;
3557 4042 3732 4098 quam

2147 4122 2216 4177 do
2238 4123 2311 4177 illi
2344 4134 2540 4179 aeterna
2565 4125 2767 4178 ultione
2790 4123 3135 4189 damnantur,
3162 4123 3337 4192 justas
3363 4129 3538 4175 autem
3563 4119 3731 4175 coeloe

2148 4228 2262 4268 rum
2297 4228 2457 4284 regna
2487 4215 2771 4283 recipiunt.

2222 4307 2376 4363 Vers.
2410 4308 2462 4363 9.
2510 4308 2574 4362 In
2598 4307 2703 4362 Deo
2734 4306 3058 4361 laudabimur
3079 4316 3184 4359 tota
3211 4305 3293 4359 die
3321 4320 3340 4357 :
3369 4313 3417 4358 et
3442 4304 3494 4357 in
3523 4303 3732 4355 nomine

2150 4405 2235 4449 tuo
2265 4397 2614 4466 conﬁtebimur
2656 4398 2707 4450 in
2737 4397 2944 4451 strcula.
2997 4396 3095 4463 Qui
3124 4396 3330 4463 dicunt,
3379 4393 3727 4459 laudabimur,

2149 4486 2201 4540 in
2230 4485 2403 4541 futuro
2433 4504 2491 4542 se
2525 4472 2840 4557 proﬁtentur
2867 4503 2987 4543 esse
3022 4485 3429 4557 praedicandos;
3475 4483 3570 4539 sed
3609 4482 3729 4537 siue

472 4586 554 4631 est
584 4579 806 4647 populus
835 4578 1111 4636 beatorum
1141 4599 1152 4634 :
1181 4581 1260 4633 Tu
1310 4600 1363 4636 es
1392 4583 1500 4653 ipse
1528 4583 1640 4637 Rea:
1682 4601 1843 4651 meus,
1876 4586 1927 4641 id
1959 4598 2040 4643 est

2148 4579 2450 4649 arrogantia
2496 4580 2775 4650 designant
2816 4580 3038 4649 gloriam
3088 4594 3261 4647 suam,
3314 4576 3404 4646 qui
3447 4577 3586 4631 sein
3619 4575 3731 4630 Deo

477 4668 725 4723 Dominus
755 4680 809 4723 et
842 4670 1105 4737 Salvator,
1135 4672 1221 4726 cui
1264 4688 1457 4727 nomen
1502 4675 1641 4744 regis
1702 4675 2043 4739 manifestum

472 4774 552 4813 eSt
580 4762 864 4815 convenire
889 4777 905 4827 ;
934 4762 1174 4830 Addidit,
1201 4775 1249 4817 et
1295 4763 1433 4818 Deus
1465 4782 1602 4819 meus
1626 4781 1645 4831 ,'
1675 4781 1743 4823 ne
1768 4767 2043 4825 dubitares

477 4852 754 4909 Dominum
780 4853 958 4910 Jesum
988 4854 1258 4910 Christum
1295 4853 1383 4925 qui
1414 4864 1469 4921 et
1493 4857 1629 4926 patri
1669 4868 1854 4915 nostro
1882 4860 2045 4916 Iacob

471 4945 684 4999 salutem
712 4946 970 5015 propitius
993 4946 1309 5010 transmisit,
1354 4946 1570 5016 quando
1596 4962 1718 5002 eum
1766 4949 1887 5005 fecit
1914 4964 2039 5008 cum

470 5037 656 5105 angelo
682 5037 910 5107 gloriosa
931 5038 1332 5099 concertatione
1363 5039 1575 5097 luctari.
1608 5038 1876 5101 Mandavit
1898 5043 2039 5098 enim

469 5127 543 5181 illi
580 5127 822 5194 salutem,
851 5129 1065 5199 quando
1091 5129 1296 5195 audivit
1332 5146 1426 5199 per
1468 5132 1718 5201 angelum
1748 5130 1908 5191 :dangt
1939 5149 2041 5189 non

466 5217 648 5270 diceris
673 5214 854 5283 Jacob,
882 5218 972 5271 sed
996 5217 1167 5273 Israel
1197 5218 1351 5288 (Gen.
1377 5235 1549 5286 xxxtt,
1571 5221 1688 5290 38).
1710 5221 1843 5276 Nam
1871 5222 2040 5290 quod-

468 5306 597 5359 libet
626 5304 756 5361 illud
806 5318 1003 5363 nostra
1058 5311 1348 5377 voluntatis
1384 5309 1534 5385 147
1579 5312 1881 5385 arbitrium,
1929 5330 2034 5373 non

464 5408 560 5460 per
588 5409 707 5463 nos,
735 5397 827 5452 sed
863 5413 954 5467 per
979 5399 1131 5454 aliain
1162 5400 1539 5459 consuevimus
1561 5401 1817 5461 mandare
1845 5419 2037 5474 perso-

464 5497 608 5541 nam.

542 5574 694 5633 Vers.
736 5579 789 5633 6.
832 5577 897 5633 In
921 5590 967 5635 te
984 5578 1224 5637 inimicos
1245 5592 1441 5639 nostros
1470 5584 1864 5651 ventilabimns;
1903 5597 1948 5641 et
1981 5591 2035 5642 in

466 5671 665 5723 nomine
704 5680 789 5726 tuo
816 5690 1105 5743 spernemus
1145 5677 1459 5746 insurgentes
1505 5678 1557 5730 in
1597 5694 1704 5730 nos.
1762 5677 2036 5733 Venerunt

463 5775 723 5841 martyres
750 5762 813 5829 ad
845 5765 977 5821 illud
1003 5782 1170 5837 genus
1201 5769 1536 5826 liberationis
1564 5769 1842 5835 eximium,
1891 5771 2029 5839 quod

2148 4680 2413 4726 testantur
2439 4688 2547 4726 esse
2569 4673 2875 4725 laudandos.
2908 4669 3038 4725 Tota
3058 4671 3140 4723 die
3170 4677 3480 4739 perpetuum
3513 4678 3729 4736 tempus

2154 4765 2412 4831 ostendit,
2444 4767 2583 4834 quod
2614 4780 2719 4819 non
2744 4766 2905 4819 habet
2932 4774 3164 4829 noctem,
3196 4761 3334 4833 quod
3367 4761 3419 4815 in
3450 4760 3538 4814 illa
3569 4772 3729 4812 aeter-

2150 4858 2318 4912 nitate
2367 4859 2665 4927 proveniet,
2710 4859 2798 4912 ubi
2839 4858 2965 4929 juge
3011 4858 3333 4927 praeconium
3384 4854 3733 4924 cognoscitur

2150 4965 2270 5006 esse
2311 4952 2612 5007 beatorum.
2638 4951 2741 5007 Sed
2770 4966 2835 5006 ne
2860 4951 3113 5006 crederes
3141 4950 3347 5004 otiosos
3375 4948 3602 5010 futuros,
3634 4947 3731 5015 qui

2145 5059 2205 5100 se
2253 5045 2307 5099 in
2350 5044 2457 5100 Deo
2493 5045 2750 5101 dixerunt
2795 5060 2901 5099 esse
2941 5043 3252 5106 laudandos,
3303 5040 3621 5109 proﬁtentur
3668 5054 3731 5092 se

2146 5152 2356 5208 quoque
2381 5138 2647 5206 prteconia
2673 5138 2880 5192 Domini
2897 5134 3098 5206 iugiter
3119 5147 3411 5203 personare
3434 5149 3449 5184 :
3472 5129 3728 5200 quoniam

2148 5230 2264 5296 ipsa
2289 5237 2373 5283 est
2398 5231 2666 5284 beatitudo
2685 5230 2952 5298 jttstorum
2984 5228 3264 5282 Dominum
3292 5225 3507 5279 laudare
3533 5238 3721 5292 perpe-

2142 5329 2267 5383 tuo;
2306 5321 2524 5374 satietas
2547 5336 2666 5387 qua:
2704 5334 2972 5389 nunquam
3003 5319 3150 5372 novit
3181 5319 3383 5372 habere
3404 5315 3680 5377 fastidium
3708 5331 3723 5378 ;

2142 5409 2312 5467 fames
2331 5425 2451 5479 qua:
2479 5409 2547 5464 de
2569 5409 2889 5464 abstinentia
2920 5418 3093 5463 matre
3114 5423 3220 5463 non
3248 5408 3520 5471 nascitur;
3551 5404 3721 5458 avidi-

2142 5512 2223 5557 tas
2249 5518 2371 5572 quae
2400 5503 2467 5557 de
2492 5502 2696 5571 jejunio
2725 5518 2829 5556 nou
2859 5512 3093 5559 creatur.

2217 5596 2367 5647 \‘ers.
2394 5595 2480 5648 10.
2524 5592 2678 5646 Nunc
2706 5602 2873 5647 autem
2896 5591 3129 5659 repulisti
3169 5600 3217 5645 et
3264 5588 3543 5657 confudisti
3584 5600 3717 5639 nos:

2139 5695 2185 5736 et
2219 5702 2319 5738 non
2346 5686 2620 5756 egredieris
2645 5685 2780 5740 Deus
2810 5688 2860 5739 in
2883 5686 3150 5739 virtutibus
3176 5684 3386 5739 nostris.
3417 5683 3541 5735 Post
3568 5679 3715 5734 illam

2143 5773 2304 5830 futuri
2339 5777 2519 5831 surculi
2557 5778 2969 5843 inenarrabilent
2997 5776 3427 5840 retributionem,
3458 5780 3715 5843 venerunt
