4030 6172
300 296 399 353 513

1220 293 1578 352 EXPOSlTlO
1615 292 1678 348 IN
1717 293 2179 355 PSALTERIUM.
2210 296 2401 356 PSAL.
2446 297 2630 354 XLIII.

3459 303 3562 357 3H

301 417 366 489 pii
390 424 660 489 martyres
681 416 749 471 ad
775 415 1066 472 secundum
1094 424 1321 485 partem,
1371 416 1617 473 dicentes
1651 430 1748 486 per
1774 416 1873 471 hos
1903 418 1954 478 Α
1979 414 2137 470 detur
2162 416 2405 484 accipere
2430 416 2599 482 Deus,
2644 430 2779 471 cunr
2795 416 2932 472 bene
2959 420 3164 475 meritis
3196 423 3407 491 populis
3435 425 3566 476 sub-

300 522 414 567 octo
473 524 663 565 versus
713 507 998 564 inferiores
1052 524 1189 579 quas
1243 508 1569 563 afflictiones
1628 510 1881 577 praesenti

302 615 539 675 tenipore
565 604 929 668 sustinebant,
962 612 1017 657 et
1046 616 1317 672 nunquam
1348 617 1378 655 a
1411 601 1623 655 Domini
1659 615 1884 655 venera-

302 701 436 755 tione
465 699 730 752 ullatenus
758 695 1130 751 discedebant.
1161 694 1294 762 Quae
1327 693 1497 764 figura
1539 692 1738 747 dicitur
1768 708 1883 747 em-

304 792 499 859 phasis,
527 790 581 844 id
607 799 690 843 est
710 788 1074 859 exaggeratio,
1102 784 1324 856 quando
1344 800 1457 839 rem
1489 784 1722 852 aliquam
1751 783 1883 838 mul-

302 885 359 938 iis
379 885 437 938 in
460 897 626 936 unum
651 880 895 936 collectis
922 878 1207 934 doloribus
1235 877 1561 947 allegemus,
1614 887 1673 929 ut
1706 875 1881 930 bene-

301 976 582 1030 volentiam
610 972 808 1041 judicis
838 971 1169 1026 enumeratis
1196 968 1592 1024 calamitatibus
1618 970 1879 1037 impetre-

300 1081 430 1121 mus.
488 1064 724 1119 D‘mndo
750 1067 895 1117 enim
926 1079 940 1115 :
978 1060 1131 1115 Nunc
1157 1069 1348 1125 autem,
1382 1059 1683 1129 signiﬁcant
1716 1073 1776 1113 se
1810 1059 1881 1113 de

301 1156 484 1211 futuris
528 1153 859 1223 temporibus
903 1150 1062 1220 paulo
1106 1161 1233 1206 ante
1277 1149 1505 1205 dixisse.
1550 1149 1616 1203 Et
1661 1149 1880 1203 intuere

299 1263 451 1318 quam
503 1245 732 1300 mirabili
772 1241 967 1299 ordine
1013 1252 1206 1297 cuncta
1253 1242 1565 1297 decurrant.
1621 1239 1882 1307 lteputisti

297 1337 559 1407 signiﬁcat
601 1336 917 1393 dilationem
962 1350 1123 1404 quam
1176 1333 1383 1388 sanctis
1436 1333 1725 1400 provenire
1775 1345 1880 1384 non

299 1433 516 1486 dubium
544 1439 631 1485 est
681 1445 698 1482 :
750 1429 872 1497 quia
904 1443 1008 1482 non
1042 1428 1150 1493 hic,
1204 1427 1298 1480 sed
1332 1426 1386 1480 in
1417 1427 1597 1480 fututa
1625 1425 1731 1480 illis
1764 1440 1883 1493 per-

300 1524 430 1579 fecta
483 1519 761 1577 beatitudo
807 1519 1154 1589 pramittitur.
1206 1517 1505 1587 Confudisti
1558 1518 1702 1571 illam
1753 1516 1885 1570 dicit

298 1614 586 1683 gloriosam
604 1609 975 1667 confusionem
1000 1624 1158 1680 quam
1177 1618 1447 1679 martyres
1477 1609 1733 1672 subeunt,
1758 1622 1881 1661 cum

300 1705 504 1776 injuriis
541 1702 874 1771 afﬂiguntur,
931 1699 1162 1753 fustibus
1206 1698 1584 1762 verberantur,
1639 1707 1694 1751 et
1737 1697 1883 1750 velut

1980 506 2130 575 jugat
2156 506 2419 561 inﬁdeles.
2465 507 2650 561 Tradit
2678 509 2817 562 enim
2854 510 3203 580 irreligiosos,
3237 522 3294 567 ut
3324 514 3565 581 acquirat

1984 595 2380 650 devotissimos.
2396 595 2898 668 Tunclhsuutem
2920 601 3191 668 quasisine
3213 603 3373 669 pretio
3393 604 3565 655 senuit

1986 691 2146 752 Deus,
2179 691 2392 758 quando
2419 688 2729 759 alienigenis
2752 690 3095 758 alnigendum
3121 693 3284 746 tradit
3308 695 3559 763 populum

1983 780 2365 836 Christianum.
2403 779 2550 846 Quod
2585 780 2644 834 lit
2675 781 2982 850 frequenter
3008 784 3219 838 occulto
3241 784 3440 852 judicio
3470 795 3563 839 aut

1983 873 2048 930 ad
2072 873 2398 943 probationis
2426 874 2699 939 meritum,
2724 883 2815 928 aut
2834 875 2898 928 ad
2920 876 3269 930 correctionis
3291 877 3562 933 ellectunt.

1984 966 2052 1020 Et
2096 974 2219 1021 nota
2257 967 2359 1021 hoc
2396 980 2565 1036 genus
2611 966 3078 1041 locutionisinter
3120 970 3329 1038 prepria
3370 970 3563 1025 divina.-

1981 1056 2272 1127 Scriptura:
2312 1057 2731 1124 connumerari;
2784 1066 2841 1113 ut
2888 1058 3095 1112 dicatur
3140 1060 3434 1125 venditum,
3474 1062 3563 1119 ubi

1985 1163 2089 1205 non
2117 1156 2331 1204 constat
2356 1150 2583 1218 pretium
2610 1149 2816 1203 datum.
2846 1149 3086 1217 Addidit,
3112 1159 3161 1203 et
3190 1168 3289 1204 non
3312 1152 3408 1221 [uit
3430 1155 3562 1206 ntul-

1982 1239 2146 1293 ttudo
2174 1240 2226 1292 in
2256 1239 2729 1292 commutationibus
2770 1255 2965 1293 eorum.
3017 1239 3273 1295 Homines
3300 1242 3386 1309 qui
3418 1256 3550 1295 com-

1985 1338 2211 1394 mutant,
2256 1330 2466 1385 traditte
2497 1332 2571 1384 rei
2610 1333 2755 1399 paria
2791 1340 3231 1398 consequuntur;
3280 1332 3367 1385 bic
3388 1342 3562 1387 autem

1986 1422 2096 1477 Deo
2140 1422 2280 1476 nulla
2328 1420 2609 1476 multitudo
2654 1423 2807 1490 pretit
2850 1421 2901 1475 in
2941 1430 3101 1476 tanta:
3145 1424 3220 1477 rei
3252 1438 3565 1492 compensa—

1985 1514 2131 1568 tione
2166 1514 2429 1582 provenit,
2472 1513 2683 1582 quando
2705 1513 2994 1567 Christiani
3036 1522 3162 1568 sunt
3197 1514 3402 1579 traditi,
3438 1515 3564 1589 dum

1987 1617 2357 1676 persecutores
2400 1623 2582 1661 eorum
2616 1608 2841 1663 Domino
2873 1624 2975 1663 non
3010 1611 3302 1678 probentur
3339 1618 3564 1676 accepti.

1986 1699 2267 1766 Quomodo
2291 1700 2434 1756 enim
2469 1688 2595 1755 vitro
2619 1699 2729 1755 Deo
2761 1708 3009 1767 poterant
3042 1715 3164 1757 esse
3191 1702 3352 1771 grati,
3387 1702 3566 1771 profa-

300 1797 611 1851 criminibus
639 1794 857 1848 obnoxii
906 1792 1067 1847 morti
1121 1806 1226 1845 non
1269 1790 1521 1845 desinunt
1568 1788 1876 1857 mancipari.
1912 1798 1959 1858 Β
1987 1798 2070 1851 nis
2089 1793 2556 1864 superstitionibus
2587 1793 2853 1847 involuti?

300 1886 365 1942 De
406 1886 607 1940 talibus
649 1900 863 1955 quoque
911 1883 1043 1938 dicit
1075 1883 1411 1952 Apostolus:
1459 1881 1655 1947 Quibus
1695 1882 1878 1950 dignus
1962 1920 1969 1935 .

299 1995 393 2031 non
423 1986 539 2031 erat
566 1976 788 2030 modus
822 1974 1007 2045 (Hebr.
1035 1989 1109 2038 st,
1147 1973 1265 2043 38).
1289 1973 1395 2029 Sed
1418 1973 1626 2041 reSpice
1654 1971 1792 2041 quod
1825 1972 1878 2025 in

300 2070 393 2121 isto
424 2068 631 2122 seculo
658 2076 924 2137 martyres
962 2066 1101 2121 inter
1125 2065 1333 2134 iniquos
1367 2065 1613 2120 homines
1649 2063 1879 2117 confun-

300 2157 527 2223 duntur,
590 2157 740 2224 impii
787 2168 964 2212 autem
1013 2156 1153 2224 apud
1189 2171 1373 2211 verum
1411 2155 1651 2212 iudicem
1697 2154 1880 2209 aeterni

300 2250 574 2318 opprobrii
630 2250 868 2318 pondera
918 2247 1276 2303 sustinebunt.
1333 2248 1438 2302 Sed
1496 2248 1594 2300 ista
1639 2246 1882 2300 confusio

301 2344 555 2409 perducet
587 2341 651 2394 ad
680 2340 903 2410 gloriam
935 2359 947 2394 :
981 2341 1069 2393 illa
1102 2354 1229 2394 vero
1252 2338 1319 2392 ad
1342 2339 1500 2393 exitia
1531 2338 1879 2406 sempiterna.

300 2435 441 2489 Nunc
472 2444 653 2487 autem
683 2433 820 2487 Deus
858 2449 958 2485 non
995 2432 1253 2505 egreditur
1282 2433 1335 2485 in
1375 2432 1643 2485 virtutibus
1680 2439 1882 2499 marty-

302 2540 429 2590 rum,
466 2524 683 2593 quando
707 2537 802 2577 eos
832 2523 1267 2577 tribulationibus
1308 2521 1509 2586 subdit,
1556 2530 1611 2575 et
1656 2519 1884 2574 diversis

304 2618 644 2687 passionibus
668 2616 850 2670 tradit.
885 2615 1036 2669 Tunc
1063 2614 1208 2668 enim
1238 2612 1589 2685 egrediebatur
1610 2612 1664 2666 in
1688 2612 1885 2687 virtuti-

295 2714 381 2765 bas
444 2710 824 2771 Hebraeorum,
859 2706 1076 2777 quando
1098 2705 1217 2762 sine
1245 2706 1429 2761 labore
1457 2704 1708 2775 prostrati
1737 2716 1882 2767 sunt,

298 2804 379 2873 qui
422 2817 491 2858 se
515 2812 703 2857 contra
736 2804 965 2859 electum
996 2800 1251 2871 populum
1283 2797 1493 2869 erigere
1519 2805 1879 2852 tentaverunt.

302 2896 449 2959 Quod
480 2894 549 2951 ad
584 2894 1009 2951 consolationem
1052 2894 1220 2948 sancti
1250 2891 1434 2962 populi
1468 2889 1738 2959 pertinere
1778 2904 1883 2941 non

298 2989 518 3042 dubium
542 2997 625 3041 est
650 3002 665 3051 ;
697 3003 764 3042 ne
787 2987 908 3057 quis
931 2996 1111 3056 patres
1130 2999 1258 3039 suos
1285 2982 1627 3039 felicissimos
1648 2978 1885 3050 graviter

301 3078 487 3141 terret,
514 3093 636 3133 cum
667 3079 781 3147 ipse
808 3077 1016 3132 Domini
1045 3076 1491 3146 pertnissionibus
1522 3072 1812 3140 affligatur.

2057 1894 2206 1948 Vers.
2238 1894 2319 1948 14.
2364 1891 2593 1946 Posuisti
2616 1909 2707 1946 nos
2737 1893 2790 1946 in
2806 1894 3133 1963 approbrium
3156 1894 3334 1947 vicinis
3357 1896 3564 1960 nostris,

1984 1983 2206 2036 derisum
2229 1990 2274 2035 et
2300 1992 2644 2050 contemptum
2679 1983 2755 2035 his
2776 1984 2863 2052 qui
2894 1984 2946 2035 in
2977 1983 3191 2036 circuitu
3227 1994 3399 2036 nostro
3428 1995 3566 2037 sunt.

1988 2074 2321 2127 Enumerant
2370 2058 2567 2141 quanta
2613 2075 2825 2127 fuerant
2854 2073 3143 2127 afﬂictione
3192 2075 3455 2142 perculsi;
3516 2084 3569 2131 ut

1984 2168 2123 2222 inter
2159 2181 2426 2221 mrumnas
2457 2166 2777 2235 multiplices
2815 2166 3115 2221 devotionis
3142 2166 3373 2235 qualitas
3403 2182 3568 2236 auge-

1986 2267 2152 2314 retur.
2188 2257 2379 2313 Gravis
2408 2258 2548 2312 enim
2580 2266 2663 2312 est
2689 2257 2909 2311 afﬂictio
2932 2273 3086 2328 quant
3121 2259 3350 2326 pttitnur
3382 2276 3409 2311 a
3435 2259 3568 2313 vici-

1985 2351 2085 2415 nis,
2115 2349 2237 2421 quia
2288 2365 2392 2404 non
2427 2350 2737 2403 trausitorie
2759 2350 2974 2416 dicitur,
3002 2351 3142 2419 quod
3168 2366 3196 2404 a
3219 2353 3573 2407 circumstan-

1987 2442 2127 2497 tibus
2166 2442 2364 2511 jugiter
2404 2442 2713 2509 imputatur.
2754 2440 2886 2496 Nam
2926 2442 3070 2511 quod
3113 2443 3248 2498 dicit
3283 2461 3296 2498 :
3348 2443 3572 2500 Posuisti

1986 2549 2098 2596 nos,
2145 2531 2384 2586 ostendit
2430 2532 2758 2585 immobilem
2790 2533 3120 2601 passionem.
3164 2532 3237 2587 lbi
3277 2534 3419 2588 enim
3448 2535 3569 2588 diu-

1987 2631 2174 2676 turnus
2198 2623 2319 2692 quis
2350 2636 2470 2676 esse
2498 2623 2756 2687 creditur,
2791 2622 2877 2676 ubi
2908 2634 2961 2677 et
2989 2623 3195 2691 positus
3224 2624 3573 2694 approbatur.

1991 2712 2337 2783 Opprobrium
2365 2722 2549 2766 eontra
2595 2714 2821 2779 probum
2860 2714 3087 2783 positum
3119 2722 3203 2769 est
3234 2730 3248 2777 ;
3294 2731 3412 2767 nam
3438 2716 3573 2770 sicut

1987 2804 2163 2856 omnia
2196 2802 2357 2873 proba
2380 2802 2572 2857 decora
2600 2811 2746 2867 sunt,
2769 2802 2844 2857 sic
2870 2803 3168 2857 indecentia
3195 2812 3386 2858 cuncta
3416 2820 3573 2857 mon—

1990 2905 2223 2949 strantur
2255 2895 2561 2964 opprobria.
2614 2892 2719 2948 Sed
2763 2894 2900 2947 istud
2941 2896 3270 2962 approbrium
3300 2912 3403 2948 non
3458 2905 3575 2952 erat

1988 2998 2112 3039 ante
2168 2994 2511 3054 conspectum
2549 2983 2782 3049 Domini,
2829 2984 2920 3038 sed
2971 2993 3094 3040 ante
3140 2986 3325 3039 oculos
3370 2987 3576 3039 vicino-

1993 3094 2139 3143 ruot,
2195 3079 2281 3146 qui
2343 3078 2428 3131 illa
2472 3086 2732 3132 noverant
2786 3077 3049 3146 judicare,
3102 3094 3221 3148 qua:
3256 3081 3575 3147 depravatus

375 3169 532 3224 νεεδ.
564 3168 650 3222 il.
693 3168 929 3222 Avertisti
968 3184 1060 3221 nos
1094 3176 1369 3221 retrorsum
1401 3181 1506 3234 prta
1540 3164 1759 3219 inimici!
1789 3178 1885 3215 ηο-
1917 3183 1963 3247 C
1998 3185 2190 3224 sensus
2234 3169 2522 3226 doclcbatur
2570 3169 2868 3226 advertere.
2923 3168 3131 3223 Derisus
3177 3186 3301 3225 vero
3348 3188 3447 3224 Vox
3494 3184 3578 3227 est

304 3261 418 3313 stris
445 3276 464 3312 :
492 3267 541 3313 ct
563 3261 647 3328 qui
684 3275 776 3313 nos
797 3261 1014 3314 oderunt
1046 3259 1355 3330 diripiebant
1394 3258 1509 3313 sibi.
1554 3262 1788 3311 Aversos
1830 3269 1890 3309 se

306 3350 355 3418 in
385 3350 492 3406 hoc
523 3352 728 3407 mundo
755 3361 879 3405 ante
902 3351 1148 3406 inimicos
1176 3366 1301 3406 suos
1329 3365 1451 3406 esse
1484 3358 1767 3413 testantur,
1796 3349 1889 3418 qui

307 3443 702 3511 insequentium
726 3442 1039 3496 discrimina
1068 3442 1391 3497 vitaverunt.
1433 3443 1606 3495 Aserti
1636 3452 1717 3496 est
1745 3442 1891 3497 enim

310 3533 517 3587 hostem
549 3534 824 3586 carnalem
854 3532 1078 3601 fugere;
1116 3534 1255 3586 sicut
1289 3542 1613 3602 praeceptum
1649 3542 1734 3586 est
1777 3548 1791 3583 :
1833 3532 1893 3587 Si

310 3640 392 3678 eos
421 3625 676 3690 persecuti
717 3624 907 3693 fuerint
954 3624 1009 3676 in
1040 3622 1135 3676 hac
1163 3624 1388 3688 civitate,
1443 3624 1602 3692 fugite
1649 3628 1701 3675 tn
1738 3622 1895 3674 aliam

313 3715 527 3783 (Matth.
564 3732 623 3781 ι,
653 3715 771 3785 25).
817 3716 1069 3785 Sequitur
1113 3730 1127 3768 :
1173 3712 1240 3767 Et
1273 3714 1359 3783 qui
1386 3730 1479 3767 nos
1510 3716 1727 3769 oderunt
1761 3712 1893 3766 diri-

314 3806 511 3871 piebant
554 3805 672 3859 sibi.
719 3805 831 3858 Hoc
860 3804 996 3859 solet
1028 3803 1224 3874 fugatis
1246 3816 1550 3872 emergere,
1586 3812 1644 3856 ut
1669 3803 1720 3855 in
1748 3801 1896 3855 dire-

316 3896 544 3962 ptionem
577 3897 921 3968 prwdamque
945 3896 1158 3963 cadant,
1188 3896 1280 3967 qui
1302 3895 1543 3952 hostibus
1568 3896 1786 3951 minime
1813 3908 1898 3950 re-

316 3988 505 4046 sistere
536 3999 845 4059 potuerunt.

385 4082 541 4141 Vera.
578 4086 665 4139 12.
710 4085 907 4140 Dedisti
946 4102 1039 4140 nos
1081 4096 1325 4157 tanquam
1354 4101 1467 4141 oves
1495 4085 1565 4139 ad
1594 4101 1760 4139 escam
1791 4085 1900 4157 led.

317 4174 570 4249 escarum]
595 4193 609 4230 :
644 4178 762 4231 etin
787 4178 1015 4248 gentibus
1037 4176 1322 4245 dispersisti
1365 4192 1477 4232 nos.
1513 4179 1643 4233 Cum
1674 4178 1855 4232 dicunt
1883 4193 1900 4234 :

318 4266 537 4334 Dedisti,
583 4270 879 4340 signiﬁcant
911 4270 1088 4325 omnia
1117 4269 1296 4326 divina
1340 4280 1601 4340 potestate
1629 4271 1901 4325 distribui.

319 4359 519 4417 Ferunt
545 4365 685 4418 cnim
717 4364 943 4418 traditos
969 4380 1029 4420 se
1058 4367 1306 4435 gentibus
1335 4374 1582 4436 tanquam
1616 4367 1777 4435 lupis,
1811 4367 1902 4436 qui

316 4454 482 4509 molle
504 4470 667 4523 pecus
685 4456 944 4511 devorare
968 4465 1315 4512 consuerunt.
1343 4455 1473 4511 Esca
1490 4458 1631 4511 enim
1662 4458 1903 4526 luporum

1996 3261 2217 3318 confusa
2252 3262 2470 3329 laatitizc,
2511 3262 2907 3317 insultationem
2933 3277 3083 3318 suam
3117 3263 3464 3316 immoderata
3497 3265 3578 3317 bi~

1995 3353 2206 3408 laritale
2234 3352 2571 3408 denuntians.
2621 3350 2944 3423 Contemptus
2979 3353 3240 3423 signiﬁcat
3287 3355 3578 3422 objectissi.

1996 3460 2136 3500 mam
2165 3445 2451 3511 vilitatem,
2488 3460 2646 3513 quam
2678 3456 2940 3515 martyres
2969 3444 3172 3498 Domini
3205 3445 3382 3499 traditi
3406 3446 3581 3500 diver.

1998 3538 2074 3592 sis
2116 3536 2455 3609 passionibus
2499 3537 2855 3591 sustinebant.
2916 3538 3014 3601 Qui
3061 3540 3112 3589 in
3158 3538 3370 3591 circuitu
3406 3549 3581 3591 nostra

1996 3637 2156 3693 sunt;
2198 3627 2404 3683 scilicet
2431 3626 2671 3680 inﬁdeles
2700 3636 2752 3680 et
2784 3626 3014 3695 perfidos
3051 3627 3286 3695 exponit,
3325 3627 3414 3696 'qui
3450 3644 3580 3694 qua-

1997 3733 2314 3787 quaversum
2347 3732 2561 3786 semper
2610 3717 2905 3782 ambulant,
2962 3732 3061 3771 nec
3104 3719 3381 3772 nobiscum
3427 3728 3578 3773 recto

1999 3810 2245 3879 dogmate
2271 3808 2602 3878 gradiuntur.

2073 3911 2225 3969 Vers.
2261 3913 2342 3968 t5.
2393 3910 2622 3965 Posuisti
2663 3926 2754 3965 nos
2792 3911 2846 3965 in
2871 3911 3257 3964 similitudinem
3299 3912 3529 3983 gentibus
3561 3928 3581 3966 :

2002 4003 2384 4058 commotionem
2409 4002 2591 4071 capitis
2613 4002 2664 4054 in
2685 4000 2933 4073 plebibus.
2982 4001 3208 4070 lteSpice
3241 4017 3333 4069 per
3360 4002 3580 4070 ﬁguram

2002 4092 2352 4161 anaphoram,
2379 4108 2496 4161 qua:
2517 4091 2702 4146 Latine
2722 4091 2910 4146 relatio
2922 4091 3139 4155 dicitur,
3170 4091 3387 4146 verbum
3410 4094 3579 4160 ipsuot

2006 4181 2293 4248 iteratum;
2345 4183 2395 4236 id
2435 4190 2516 4236 est
2545 4182 2780 4251 posuisti,
2823 4179 2963 4250 quod
3017 4182 3067 4233 itt
3098 4183 3270 4248 capite
3300 4181 3585 4240 anterioris

2004 4286 2190 4326 versus
2214 4270 2325 4340 jam
2368 4270 2570 4326 dictum
2615 4279 2734 4336 est;
2779 4281 2834 4323 ut
2885 4270 3134 4338 frequens
3182 4270 3426 4337 repetitio
3478 4274 3582 4324 vim

2008 4362 2271 4431 passionis
2302 4370 2606 4431 exaggeret.
2635 4360 2893 4431 Martyres
2921 4361 3067 4413 enim
3098 4361 3149 4413 in
3178 4354 3582 4414 similitudinem

2009 4452 2207 4509 Christi
2232 4455 2481 4525 gentibus
2510 4462 2721 4507 constat
2751 4455 3044 4521 appositus,
3074 4452 3287 4521 quando
3314 4468 3406 4507 eos
3439 4468 3581 4508 com-

320 4557 406 4601 est
427 4548 603 4603 ovium
631 4559 908 4605 mansueta
936 4550 1282 4619 simplicitas;
1307 4564 1427 4620 qua:
1450 4550 1770 4620 martyribus
1801 4565 1904 4604 me-
1933 4560 1986 4619 Ῑ)
2010 4546 2228 4617 paribus
2270 4548 2441 4615 poenis
2479 4557 2531 4600 et
2577 4545 2903 4600 cruciatibus
2948 4544 3254 4599 aﬂecet'uttt.
3306 4543 3587 4599 Commotio

319 4638 428 4690 ritu
471 4650 827 4706 comparatur,
883 4642 971 4710 qui
1021 4656 1050 4694 a
1098 4641 1533 4711 persecutoribus
1574 4641 1686 4694 suis
1734 4640 1904 4694 occidi

321 4730 442 4781 sine
475 4730 961 4785 concertationibus
1006 4732 1372 4800 acquiescuot.
1433 4732 1706 4800 Sequitur,
1753 4738 1803 4786 at
1852 4731 1908 4784 in

321 4819 553 4886 gentibus
586 4820 878 4890 dispersisti
922 4838 1036 4875 nos.
1094 4822 1344 4878 Diversus
1372 4823 1671 4892 significant
1701 4822 1906 4891 ﬁdeles,

325 4926 463 4979 quos
482 4914 637 4967 modo
669 4924 967 4984 martyrum
997 4914 1157 4971 deflet
1189 4916 1379 4986 pietas,
1411 4915 1500 4986 qui
1521 4915 1770 4986 gentibus
1793 4924 1907 4969 tra-

329 5000 456 5065 diti,
499 5003 800 5059 libertatem
828 5021 982 5065 suam
1007 5022 1129 5061 cum
1164 5008 1497 5077 patrimoniis
1537 5007 1900 5077 perdiderunt.

330 5094 483 5157 Quod
511 5096 670 5149 variis
692 5098 1023 5165 temporibus
1051 5097 1121 5151 de
1145 5097 1462 5152 Christianis
1492 5098 1703 5168 populis
1729 5098 1907 5152 divina

326 5184 722 5251 dispensatione
768 5185 1063 5257 perfeotum
1105 5197 1229 5254 est;
1280 5197 1337 5242 ut
1381 5204 1474 5258 per
1504 5189 1906 5244 tribulationum

333 5280 638 5343 tunporalia
667 5280 825 5344 mala,
866 5280 1117 5344 gloriosas
1151 5280 1493 5336 beatitudinis
1537 5283 1673 5337 bona
1714 5297 1907 5338 conse-

323 5382 557 5435 quantur
582 5382 807 5429 eterna.

409 5458 552 5518 Vers.
587 5468 671 5520 I3.
720 5465 1011 5519 Vendidisti
1049 5466 1297 5537 papulttm
1321 5475 1465 5519 tuum
1487 5467 1598 5519 sine
1622 5465 1781 5535 pretio
1806 5480 1823 5517 :
1867 5473 1914 5519 et

328 5569 439 5607 non
460 5560 552 5625 fuit
571 5559 846 5611 multitudo
868 5560 918 5611 in
945 5559 1424 5613 commutationibus
1450 5573 1647 5611 eorum.
1675 5557 1785 5609 Hoc
1807 5572 1912 5609 non

334 5645 588 5705 debemus
613 5651 857 5718 accipere
894 5650 997 5704 sub
1028 5651 1387 5719 increpatione
1411 5650 1637 5711 dictum,
1669 5650 1760 5702 sed
1796 5664 1912 5717 my-

336 5737 491 5807 stica,
519 5749 577 5797 ut
594 5742 755 5805 solet,
786 5740 1046 5798 allusionc
1075 5742 1352 5812 prolatum.
1391 5742 1629 5797 Pretium
1664 5740 1803 5793 cnim
1838 5738 1914 5793 vi-

2006 4654 2137 4695 vero
2164 4639 2346 4706 capitis
2383 4638 2716 4692 inimicorum
2744 4646 2799 4692 et
2826 4638 3147 4706 martyribus
3177 4636 3415 4704 contigit,
3467 4652 3587 4705 qum

2010 4730 2145 4785 facta
2177 4738 2257 4785 est
2303 4730 2355 4783 in
2397 4730 2647 4797 passione
2686 4727 2895 4781 Domini
2936 4726 3273 4791 Salvatoris;
3327 4727 3464 4779 sicut
3510 4728 3585 4780 le-

2008 4824 2187 4894 gitur:
2246 4820 2423 4876 Loculi
2464 4831 2583 4875 sunt
2628 4821 2775 4875 labiis
2805 4830 2851 4876 et
2896 4831 3157 4875 moverunt
3208 4832 3356 4892 caput
3412 4819 3585 4892 (Psal.

2008 4928 2118 4979 xxi,
2154 4912 2233 4979 8).

2085 5003 2237 5058 Vers.
2268 5002 2353 5058 16.
2400 5000 2527 5056 Tota
2558 5002 2641 5057 die
2664 5002 2963 5056 verecundia
3008 5019 3121 5057 mea
3160 5011 3337 5055 contra
3381 5018 3458 5053 me
3493 5010 3591 5078 est,

2010 5109 2058 5154 et
2096 5099 2327 5169 confusio
2370 5099 2535 5152 vultus
2581 5098 2682 5152 mei
2708 5099 2905 5166 operuit
2946 5114 3042 5150 me.
3095 5096 3242 5151 Solet
3271 5094 3591 5150 verecttmiia

2012 5191 2079 5246 ad
2110 5202 2435 5245 momentum
2465 5189 2669 5255 venire,
2700 5199 2753 5243 et
2776 5189 2919 5242 brevi
2945 5200 3184 5257 tempore
3205 5188 3382 5241 sedata
3417 5187 3591 5239 disce~

2011 5281 2163 5337 dere.
2217 5280 2318 5335 Ista
2348 5295 2476 5335 vero
2514 5281 2829 5350 gravissima
2862 5279 2976 5343 fuit,
3019 5296 3138 5348 quae
3164 5278 3358 5347 jugiter
3389 5291 3592 5343 pernm-

2020 5377 2199 5431 nebat.
2236 5374 2362 5429 Erat
2385 5376 2527 5429 enim
2558 5383 2680 5430 ante
2706 5374 2891 5427 oculos
2922 5373 3098 5441 populi
3127 5370 3294 5425 sancti
3328 5366 3589 5423 ittttnotlev.

2022 5476 2133 5521 rata
2164 5465 2502 5531 verecundia,
2530 5464 2925 5532 vehemensque
2950 5462 3214 5525 confusio,
3241 5458 3452 5527 quando
3472 5460 3597 5519 illos

2020 5556 2115 5609 sibi
2147 5555 2343 5624 iugiter
2372 5555 2629 5610 insultare
2661 5556 2933 5619 cernebat,
2974 5568 3105 5623 quos
3138 5550 3326 5619 impios
3353 5566 3471 5605 esse
3504 5566 3596 5603 co-

2020 5650 2298 5712 gnoveral.
2354 5645 2417 5697 Et
2449 5645 2682 5708 intuere,
2730 5644 3017 5712 descriptio
3058 5641 3395 5697 verecundiae
3438 5656 3599 5709 quam

2024 5741 2214 5790 decora
2245 5734 2610 5807 consequitur.
2656 5734 2786 5792 Nam
2818 5736 3043 5805 quodam
3080 5735 3237 5807 pallio
3270 5728 3599 5790 COttsziUlllS
