4030 6172
470 387 575 441 315

464 506 667 561 vultum
701 514 855 557 suum
886 495 1017 549 dicit
1040 496 1375 556 coopertum,
1415 485 1543 536 dum
1573 478 1713 535 nube

467 597 626 652 facies
648 596 764 662 ejus
796 586 1121 642 inﬂammata
1145 575 1405 634 rutilavit.
1442 570 1546 628 Sed
1576 585 1697 625 eum
1731 567 1883 633 dicit,
1912 579 2039 630 ope-

466 692 571 745 ruit
595 658 696 752 me,
721 698 827 738 non
853 678 1027 735 solum
1051 671 1493 743 permutationem
1524 663 1725 727 vultus,
1758 659 1852 715 sed
1884 658 2044 714 etiam

475 782 638 836 totius
663 772 907 843 corporis
927 764 1177 824 indicavit
1206 763 1508 817 horrorem.
2002 764 2006 767 τ

542 892 692 945 Vers.
720 890 803 943 l7.
835 886 878 938 Α
906 899 1021 938 voce
1047 875 1399 947 exprobrantis
1421 868 1797 937 et-obloquentis
1820 880 1839 919 :
1862 880 1894 916 α
1920 860 2051 932 [acie

471 984 664 1041 inimici
691 992 736 1037 et
777 974 1139 1048 persequentis.
1182 972 1359 1038 Usque
1388 964 1451 1018 ad
1485 964 1644 1018 istum
1679 972 1889 1014 versum
1919 969 2051 1008 con-

475 1075 698 1132 fusionis
748 1047 890 1125 illius
936 1064 1225 1132 descriptio
1272 1064 1579 1130 perseverat
1618 1070 1634 1107 :
1679 1067 1820 1106 nunc
1863 1047 2055 1102 dicitur

480 1167 621 1221 unde
655 1162 799 1217 venit
841 1160 934 1214 ille
976 1168 1163 1211 roseus
1203 1152 1448 1214 amictus,
1503 1147 1590 1216 qui
1639 1144 1834 1198 nudam
1867 1140 2054 1194 faciem

477 1255 679 1311 coloris
710 1253 791 1306 sui
823 1249 1055 1318 tegmine
1086 1243 1361 1300 vestiebat.
1416 1238 1744 1310 Exprobrare
1782 1243 1865 1289 est
1895 1232 1948 1285 in
1978 1230 2056 1283 fa-

477 1348 614 1401 ciem
661 1341 1003 1398 maledicere.
1050 1335 1201 1406 quasi
1245 1331 1491 1386 indecora
1538 1327 1761 1383 crimina
1810 1321 2057 1393 jaculari.

484 1435 709 1505 Obloqui
759 1441 844 1489 est
888 1429 1094 1486 absenti
1135 1424 1442 1487 detrahere,
1491 1430 1546 1476 et
1594 1417 1782 1472 doloso
1828 1415 2060 1482 aliquem

481 1504 736 1586 sermone
765 1524 1031 1579 mordere.
1066 1520 1110 1575 A
1140 1518 1269 1588 facie
1290 1514 1503 1575 inimici,
1546 1510 1597 1564 id
1627 1517 1707 1563 est
1730 1507 1855 1561 dum
1886 1504 2065 1575 proxi-

480 1636 622 1677 mum
651 1618 801 1674 videt
839 1614 929 1685 qui
969 1628 1090 1669 eum
1121 1607 1422 1678 capitaliter
1463 1603 1592 1658 odit.
1646 1601 1712 1653 Et
1740 1614 1808 1653 ne
1849 1603 2064 1665 putares

481 1683 1081 1767 adversatittmlevem,
1135 1696 1359 1761 addidit,
1410 1703 1457 1747 et
1501 1688 1880 1761 persequetttis:
1923 1683 2063 1753 quod

483 1801 662 1855 odium
692 1796 947 1868 probatur
976 1791 1298 1848 acerrimum
1322 1801 1337 1851 ;
1371 1785 1493 1855 quia
1522 1796 1625 1836 non
1653 1778 1825 1832 solum
1866 1790 2059 1841 corpus

483 1867 842 1958 exstinguere,
889 1884 982 1940 sed
1024 1884 1165 1953 ipsas
1190 1878 1397 1933 animas
1426 1874 1650 1943 cupiunt
1677 1885 1769 1924 sua
1802 1867 2062 1939 pravitate

484 1980 770 2035 trucidare.

553 2100 708 2155 Vers.
747 2097 832 2153 18.
876 2094 1001 2149 [hec
1047 2094 1217 2147 omnia
1244 2098 1482 2145 venerunt
1505 2103 1660 2157 super
1682 2101 1796 2148 nos,
1835 2091 1882 2136 et
1923 2078 2066 2134 obliti

484 2206 583 2243 non
609 2203 783 2242 sumus
806 2194 854 2238 te
879 2200 897 2238 :
920 2194 963 2236 et
993 2184 1165 2248 inique
1194 2197 1293 2234 non
1322 2181 1517 2250 egimus
1546 2179 1599 2228 in
1626 2183 1922 2229 testamento
1953 2181 2062 2223 tuo.

489 2282 762 2335 Venerunt
792 2276 884 2329 filii
913 2275 1051 2328 Core
1088 2272 1153 2325 ad
1203 2267 1548 2337 professionis
1589 2280 1699 2318 sua:
1735 2259 2066 2330 gloriosissi-

494 2387 635 2427 mam
683 2367 1033 2431 firmi‘atcnt;
1090 2373 1146 2417 ut
1187 2361 1467 2416 ostendant
1498 2355 1649 2411 nobis
1678 2352 1879 2423 qumvis
1932 2350 2065 2403 maia

492 2477 596 2515 non
624 2476 721 2514 nos
750 2460 798 2513 dt
822 2459 947 2512 bere
977 2471 1005 2509 a
1035 2455 1230 2509 Christi
1263 2451 1427 2521 gratia
1470 2460 1791 2518 segregare;
1826 2445 1961 2497 sicut
1988 2440 2071 2495 di-

490 2555 560 2607 cit
592 2549 877 2618 Apostolus
905 2565 917 2599 :
950 2546 1078 2613 Quis
1106 2561 1199 2598 nos
1225 2542 1477 2613 separabit
1506 2557 1536 2591 a
1556 2540 1805 2592 charitate
1826 2532 2018 2588 Christi
2048 2532 2074 2585 .’

491 2642 798 2707 Tribulotio,
829 2656 896 2693 an
928 2638 1188 2710 angustia,
1220 2652 1289 2689 au
1318 2636 1498 2702 (annos,
1544 2648 1610 2685 au
1652 2630 1858 2683 auditus
1886 2627 2069 2696 (liam.

491 2750 599 2799 rut,
626 2734 761 2803 '55)?
790 2743 895 2787 etc.
952 2729 1187 2783 Dicendo
1224 2726 1389 2787 enim,
1437 2725 1545 2778 lucc
1575 2723 1767 2789 omnia,
1812 2718 1878 2773 ad
1909 2732 2070 2772 unum

490 2828 751 2894 colligunt
789 2836 908 2893 qua:
950 2832 1119 2877 tractu
1161 2818 1438 2888 superiore
1482 2816 1770 2876 dixerunt;
1826 2811 1953 2866 utsi
1984 2810 2071 2864 di-

492 2932 676 2986 spersa
702 2915 872 2971 levius
899 2914 1292 2981 acciperentur,
1343 2911 1395 2962 in
1440 2922 1601 2961 unum
1639 2904 2073 2962 cmunluntcou-

492 3015 704 3077 grcgata
728 3003 1165 3074 grandescterent.
1213 2998 1364 3067 Quod
1400 3006 1772 3066 argumentum
1805 2994 2002 3048 dicitur
2030 2993 2072 3047 A

494 3101 793 3164 tormentis,
823 3096 1037 3165 quando
1063 3110 1161 3164 per
1189 3104 1265 3147 tot
1297 3092 1435 3146 mala
1463 3103 1796 3160 nequaquam
1839 3085 2071 3140 ﬁdelium

494 3194 702 3247 animus
737 3194 906 3258 potuit
954 3186 1250 3242 immutari.
1313 3183 1564 3237 Venerunt
1594 3197 1748 3251 super
1780 3194 1894 3242 nos,
1922 3178 2070 3248 quasi

495 3285 606 3338 fera
654 3280 933 3345 terribilis,
984 3279 1132 3347 quasi
1184 3276 1374 3330 ﬂuvius
1422 3273 1778 3328 turbulentus.
1841 3270 1905 3323 Et
1944 3272 2071 3339 quLa

497 3375 633 3429 sulet
660 3373 837 3443 gravis
866 3368 1136 3424 tribulatio
1166 3368 1230 3421 de
1255 3364 1448 3419 animis
1478 3364 1731 3432 abjicere,
1776 3359 1916 3431 quod
1949 3367 2075 3412 ante

496 3469 613 3538 quis
642 3467 789 3521 visus
831 3475 913 3519 est
953 3462 1285 3523 credidisse;
1336 3457 1598 3528 adjiciunt
1638 3470 1742 3508 nou
1792 3468 1850 3508 se
1881 3452 2076 3506 oblitos

498 3560 664 3612 fuisse
679 3556 958 3611 Dominum
985 3555 1119 3608 inter
1150 3561 1255 3603 tam
1282 3546 1602 3615 multiplices
1622 3557 1886 3598 terumnas
1910 3558 1925 3594 :
1950 3541 2074 3593 dum

500 3651 671 3718 magis
713 3649 1017 3717 iniquorum
1068 3643 1439 3714 persecutione
1468 3639 1744 3703 commoti,
1796 3652 1825 3689 a
1859 3635 2079 3689 Dontino

500 3747 692 3816 iugiter
723 3744 976 3797 auxilium
1008 3740 1359 3809 postularent.
1409 3735 1683 3805 Sequitur,
1711 3742 1759 3787 et
1782 3734 1951 3802 inique
1980 3747 2081 3786 non

501 3838 692 3909 egimus
715 3837 767 3888 in
798 3841 1093 3888 testamento
1123 3840 1212 3884 tuo
1238 3846 1256 3897 ;
1303 3829 1405 3883 huc
1439 3824 1687 3895 estquod
1719 3824 1987 3887 dixerunt,
2032 3830 2081 3878 et

502 3930 644 3984 obliti
674 3945 773 3981 non
814 3942 985 3981 sumus
1013 3936 1079 3979 te.
1134 3923 1264 3977 Nam
1296 3922 1385 3990 qui
1423 3921 1571 3974 illum
1603 3924 1785 3972 mente
1829 3916 2083 3983 retinent,

502 4030 619 4092 ejus
646 4029 1021 4076 testamentum
1053 4016 1298 4070 nesciunt
1324 4010 1585 4067 oblivisci.
1612 4009 1715 4065 Sed
1738 4023 1858 4062 cum
1884 4005 2085 4060 Latina

508 4115 788 4170 locutionis
815 4112 903 4177 sit,
939 4119 995 4164 ut
1031 4108 1273 4163 dicamus
1303 4103 1458 4159 obliti
1493 4116 1597 4155 non
1629 4113 1814 4154 sumus
1844 4097 1936 4162 tui,
1985 4095 2088 4151 hoc

509 4205 777 4276 proprium
808 4202 1003 4258 divina:
1032 4200 1318 4269 Scriptura:
1348 4204 1430 4251 est
1458 4192 1597 4264 quod
1638 4193 1711 4245 ait
1737 4212 1749 4247 :
1798 4188 1956 4243 Obliti
1987 4205 2088 4242 non

507 4313 679 4351 sumus
710 4306 771 4351 te.

586 4415 737 4468 Vers.
764 4412 849 4466 19.
893 4410 960 4465 Et
995 4427 1096 4463 non
1120 4410 1323 4463 recessit
1356 4417 1491 4462 retro
1519 4422 1607 4459 cor
1630 4415 1855 4459 nostrum
1880 4416 1898 4457 :
1928 4412 1972 4457 et
2003 4400 2095 4454 de-

510 4503 713 4560 clinasti
741 4501 945 4555 semitas
973 4512 1172 4552 nostras
1200 4515 1231 4550 a
1259 4499 1338 4551 via
1367 4508 1475 4551 tua.
1524 4496 1692 4550 Retro
1726 4494 1860 4548 redit
1881 4507 1973 4546 cor
1999 4505 2093 4545 eo-

1655 368 1721 421 )l.
1764 360 2043 420 AURELII
2083 351 2481 415 CASSIODORl

1749 475 2039 545 sanguine:
2074 474 2123 531 Α
2159 480 2348 521 revera
2379 463 2469 518 ﬁlii
2500 470 2654 517 erant
2680 456 3035 513 sanctissima
3063 470 3121 509 cr
3160 454 3424 519 cis,tcum
3456 451 3579 507 talia
3608 464 3735 508 sen-

3630 332 3733 384 illi

2155 560 2379 615 tiebant.

2225 651 2377 707 Vers.
2393 649 2485 704 20.
2500 646 2770 714 Quoniam
2790 641 3074 700 Itumiliasti
3090 657 3181 695 nos
3202 640 3255 693 in
3279 638 3389 692 loco
3409 637 3737 708 aﬁlictionis:

2153 756 2200 799 et
2224 742 2487 811 cooperuit
2513 755 2604 793 nos
2627 737 2805 795 umbra
2825 736 3023 789 mortis.
3054 733 3304 787 Reddunt
3328 744 3546 785 causam
3570 744 3739 797 quare

2154 839 2292 889 viam
2314 844 2369 888 et
2393 833 2617 887 semitas
2643 826 2967 883 asseruerint
2988 825 3152 879 fuisse
3180 822 3379 877 divisas
3405 834 3422 887 ;
3454 830 3737 888 propterea

2155 926 2277 995 quia
2305 938 2365 977 se
2383 922 2436 975 in
2468 923 2579 974 loco
2599 918 2891 989 ofﬂictionis
2910 958 2925 982 ,
2958 915 3009 970 id
3035 924 3119 969 est
3147 914 3198 967 itt
3229 914 3330 967 isto
3356 911 3553 966 tnttndo
3576 911 3745 965 humi—

2155 1018 2313 1073 liatos
2350 1029 2470 1069 esse
2498 1020 2786 1075 testantur,
2820 1010 2909 1079 qui
2937 1018 3019 1063 est
3042 1007 3291 1062 ﬁdelibus
3329 1007 3469 1059 locus
3504 1005 3740 1075 oﬂiirtio~

2157 1109 2258 1174 nis,
2290 1106 2432 1161 unde
2450 1102 2791 1172 compunctio
2812 1100 3046 1155 nascitur
3077 1106 3132 1153 et
3162 1095 3448 1165 po-nitudo
3473 1093 3742 1150 succedit.

2158 1190 2432 1273 Sequitur,
2478 1209 2531 1254 et
2569 1196 2831 1269 coaperuit
2860 1209 2952 1247 nos
2981 1193 3161 1246 umbro
3183 1190 3382 1243 mortis.
3432 1188 3747 1244 Viteistios

2162 1295 2443 1349 transitum
2465 1291 2668 1352 dicunt,
2707 1286 2799 1356 qui
2834 1283 3035 1338 sanctis
3066 1292 3119 1336 et
3146 1279 3524 1350 peccatoribus
3553 1277 3751 1346 proba-

2164 1394 2250 1440 tur
2275 1399 2396 1439 esse
2442 1380 2763 1437 communis.
2816 1377 3085 1433 Caeterum
3138 1386 3267 1426 vera
3312 1384 3460 1426 mors
3507 1370 3595 1424 illa
3637 1378 3749 1433 est,

2164 1492 2265 1547 qua
2302 1473 2459 1545 1&9
2488 1472 2631 1541 impii
2655 1477 2853 1524 aeterna
2882 1464 3229 1522 damnatione
3256 1463 3577 1531 puniuntur.

2240 1568 2388 1623 Vers.
2411 1563 2502 1618 2|.
2546 1563 2607 1619 Si
2647 1561 2791 1616 obliti
2819 1574 2994 1615 sumus
3043 1570 3227 1609 nomen
3256 1552 3353 1606 Dei
3382 1552 3582 1606 nostri:
3629 1558 3679 1605 et
3708 1552 3755 1604 sl

2165 1659 2505 1729 expendimus
2531 1670 2714 1709 manus
2740 1660 2940 1707 nostras
2969 1648 3039 1703 ad
3064 1647 3220 1701 Deum
3241 1645 3494 1699 alienum.
3524 1643 3642 1710 Ipse
3662 1653 3754 1696 est

2185 1751 2491 1807 intellectus
2521 1761 2676 1818 quem
2707 1745 2889 1799 titulus
2914 1742 3049 1796 dixit
3082 1739 3326 1794 abSolute
3373 1736 3605 1790 ﬁdelium
3631 1751 3647 1799 ;
3696 1744 3758 1787 ut

2095 1838 2139 1897 B
2168 1843 2330 1898 Deum
2355 1840 2593 1895 nesciant
2620 1837 2874 1897 alienum,
2898 1848 2995 1888 nec
3017 1832 3207 1885 oblivis
3242 1840 3561 1889 antureum,
3598 1825 3760 1894 cuius

2173 1934 2373 1990 nomini
2402 1931 2580 1987 crucis
2626 1928 2978 1998 impressione
3020 1924 3182 1979 dicati
3236 1932 3380 1975 sunt.
3438 1919 3567 1973 Nam
3612 1921 3757 1987 quod

2171 2026 2373 2082 addunt
2416 2041 2429 2077 :
2483 2022 2548 2076 Et
2586 2023 2631 2075 si
2665 2019 3009 2089 expendimus
3039 2031 3222 2069 manus
3251 2023 3448 2068 uestras
3490 2013 3557 2064 ad
3590 2010 3760 2063 Deum

2168 2120 2411 2183 alienum,
2464 2124 2707 2171 orantem
2755 2112 3091 2176 describunt,
3147 2110 3236 2179 qui
3289 2111 3457 2163 tensis
3506 2105 3756 2160 manibus

2168 2225 2381 2267 crucem
2410 2210 2580 2276 ipsam
2603 2220 2761 2275 quam
2792 2204 2970 2259 fronte
3001 2202 3212 2268 recipit,
3258 2200 3499 2268 corporis
3529 2199 3610 2252 sui
3651 2198 3763 2253 fnr-

2172 2319 2255 2358 ma
2288 2290 2543 2357 restituit.
2589 2299 2701 2354 Hoc
2736 2297 2879 2353 enim
2916 2295 3214 2350 fidelissimi
3270 2308 3379 2349 non
3418 2293 3611 2357 alieno,
3664 2294 3763 2346 sed

2172 2409 2270 2450 suo
2306 2393 2529 2447 Domino
2568 2392 2749 2461 utique
2780 2389 3087 2455 faciebant;
3122 2394 3179 2441 ut
3204 2386 3600 2458 perseverantia
3632 2383 3759 2438 illus

2175 2486 2357 2541 ﬁdeles
2387 2492 2675 2553 assereret,
2727 2484 2814 2553 qui
2862 2481 3049 2536 mutati
3090 2488 3168 2534 tot
3203 2476 3615 2534 adversitatibus
3655 2492 3765 2532 non

2174 2577 2421 2631 fuissent.

2245 2666 2399 2722 Vers.
2420 2665 2513 2720 Ἡ.
2551 2664 2738 2719 Nonne
2762 2664 2896 2718 Deus
2924 2665 3143 2735 requiret
3169 2664 3268 2717 ista
3290 2664 3314 2716 7
3342 2664 3452 2730 ipse
3473 2661 3607 2715 enim
3628 2661 3768 2715 norit

2177 2759 2387 2825 occulta,
2408 2757 2599 2812 cordis.
2653 2756 2858 2821 Nonne,
2885 2769 3005 2809 cum
3040 2755 3281 2824 pondere
3316 2751 3769 2821 pronuntiandum

2175 2860 2259 2907 est
2287 2866 2302 2905 :
2335 2850 2585 2921 quoniam
2610 2848 2982 2919 gravissimum
3012 2859 3095 2901 est
3125 2846 3263 2915 apud
3293 2845 3603 2908 Dominum,
3640 2842 3687 2896 si
3714 2843 3770 2895 in

2176 2949 2292 3016 ejus
2321 2946 2577 3017 religione
2622 2954 2897 3014 peccetur.
2955 2942 3230 3014 Requirere
3274 2948 3454 2994 autem
3506 2938 3769 2997 solemus,

2180 3038 2394 3115 quando
2442 3036 2531 3091 illa
2574 3034 2945 3089 desideramus
2994 3046 3309 3101 agnoscere,
3360 3043 3481 3099 qute
3527 3037 3768 3080 nostram

2180 3129 2425 3183 novimus
2451 3125 2841 3182 conscientiam
2867 3139 2971 3179 non
2997 3132 3201 3177 tenere.
3227 3120 3367 3176 Deus
3393 3127 3568 3173 autem
3592 3117 3773 3172 sciens

2103 3214 2149 3277 C
2180 3222 2408 3292 requirit,
2443 3234 2548 3275 non
2577 3227 2633 3273 ut
2660 3219 2773 3289 ipse
2797 3216 2994 3287 aliquid
3021 3230 3215 3270 novum
3240 3214 3428 3278 discat,
3463 3212 3644 3267 sed'ut
3671 3224 3776 3263 nos

2184 3312 2342 3367 faciat
2370 3326 2488 3381 qua:
2525 3320 2652 3364 sunt
2697 3309 2969 3363 oblivione
3015 3306 3223 3374 sepulta
3266 3318 3617 3375 cognoscere.
3677 3300 3774 3356 Sic

2181 3416 2237 3462 et
2266 3406 2492 3460 Abrahae
2519 3404 2719 3458 dictum
2742 3411 2824 3457 est
2851 3420 2864 3455 :
2901 3400 2952 3455 Ν
2961 3417 3058 3454 unc
3078 3402 3308 3469 cognovi,
3339 3395 3582 3465 quoniam
3619 3396 3775 3447 times

2185 3495 2350 3550 Deum
2375 3505 2518 3549 tuum
2539 3493 2695 3565 (Gen.
2716 3492 2884 3561 uti);
2914 3490 3065 3562 quasi
3088 3490 3176 3544 ille
3200 3486 3405 3557 aliquid
3429 3502 3493 3541 es
3518 3496 3776 3554 tempore

2185 3585 2456 3648 didicerit,
2482 3586 2711 3655 quiante
2732 3583 2927 3637 saecula
2952 3589 3144 3636 cuncta
3171 3576 3459 3649 prtescivit.
3490 3575 3779 3645 Sequitur:

2190 3674 2325 3739 Ista,
2376 3674 2427 3728 id
2470 3685 2549 3729 est
2593 3689 2712 3744 quae
2740 3672 2984 3739 superius
3028 3670 3277 3724 dixerat:
3333 3668 3393 3721 Si
3422 3666 3564 3720 obliti
3600 3681 3787 3719 sumus

2188 3781 2370 3819 nomen
2395 3763 2488 3817 Dei
2516 3764 2679 3817 nostri
2706 3776 2733 3816 :7
2762 3770 2808 3814 et
2839 3761 2885 3814 si
2910 3760 3248 3827 expandimus
3278 3773 3457 3809 manus
3483 3766 3684 3807 nostras
3712 3755 3789 3805 ad

2194 3852 2353 3906 Deum
2399 3852 2646 3905 alienum.
2689 3849 2756 3902 Et
2796 3848 3051 3914 quoniam
3095 3844 3352 3914 agebatur
3381 3842 3448 3897 de
3492 3842 3791 3910 religionis

2192 3944 2409 4008 alfcctu,
2435 3942 2523 4012 qni
2553 3957 2656 3997 non
2688 3941 2862 3995 solum
2887 3939 3175 3993 devotione
3196 3936 3461 4003 corporis,
3491 3935 3586 3989 sed
3612 3936 3796 4000 magis

2192 4035 2397 4107 geritur
2439 4035 2619 4089 cordis
2665 4047 2880 4095 arcano,
2932 4031 2997 4085 ad
3028 4029 3333 4099 Divinitatis
3372 4027 3634 4089 notitiam,
3696 4029 3796 4081 ubi

2194 4129 2372 4184 omnis
2397 4127 2607 4183 festinat
2638 4127 2938 4193 integritas,
2967 4129 3321 4178 cucurrerunt
3345 4120 3586 4175 dicentes
3619 4136 3633 4172 :
3662 4116 3802 4187 Ipse

2198 4221 2333 4275 enim
2364 4219 2504 4272 nouit
2533 4218 2730 4272 occulta
2759 4216 2947 4269 cordis.

2273 4308 2528 4369 Vers.23.
2564 4309 2822 4376 Quoniam
2844 4308 3052 4377 prapter
3072 4315 3120 4359 te
3136 4303 3507 4374 mortiﬁcamur
3529 4311 3633 4356 tota
3657 4302 3747 4355 die
3779 4344 3800 4365 ,

2196 4397 2436 4455 (estimati
2462 4413 2639 4451 sumus
2668 4407 2724 4450 ut
2754 4412 2867 4450 oves
2897 4396 3184 4450 occisionis.
3220 4392 3508 4462 Esponunt
3534 4391 3625 4445 illa
3662 4392 3808 4445 bea-

2202 4490 2396 4548 tissimi
2423 4506 2541 4559 quze
2571 4489 2779 4544 occulta
2801 4489 3051 4544 dixerunt
3076 4530 3092 4551 ,
3128 4486 3250 4557 quia
3283 4503 3387 4541 non
3422 4486 3808 4541 moriebantur

514 4609 631 4652 rum
662 4594 751 4665 qui
775 4592 841 4646 de
870 4593 1077 4646 Domini
1105 4592 1340 4646 bonitate
1365 4591 1675 4656 desperant,
1717 4596 1771 4642 et
1813 4594 1998 4654 putant
2026 4584 2094 4639 il-
2123 4587 2177 4648 D
2204 4600 2299 4654 pro
2329 4584 2509 4653 aliquo
2543 4581 2782 4637 facinore
2833 4591 3165 4652 perpetrato,
3203 4582 3294 4634 sed
3340 4595 3521 4633 amore
3564 4579 3754 4633 divino
3786 4596 3809 4642 ;

515 4689 622 4745 lum
657 4698 894 4758 rogatum
922 4701 1027 4740 non
1058 4700 1400 4751 succurrere,
1424 4687 1508 4750 qui
1539 4686 1696 4738 etiam
1729 4678 1833 4735 non
1868 4681 2100 4749 petenti—

514 4780 615 4836 bus
629 4779 966 4848 cognoscitur
986 4775 1294 4829 subvenire.
1312 4773 1462 4841 Quod
1488 4773 1571 4825 isti
1599 4772 1820 4825 minimc
1840 4770 2100 4835 iecerunt,

514 4870 604 4939 qui
634 4884 784 4939 spem
832 4869 882 4921 in
920 4866 1142 4921 Domino
1186 4865 1381 4918 habere
1425 4864 1631 4933 probati
1679 4873 1823 4916 sunt.
1874 4860 2103 4917 Semitas

519 4978 646 5015 vero
678 4962 760 5016 hic
788 4963 841 5014 in
868 4959 1010 5013 malo
1035 4958 1232 5027 posuit,
1260 4957 1384 5010 dum
1409 4955 1501 5019 ait,
1549 4963 1768 5019 nostras,
1801 4953 1951 5022 quasi
1985 4968 2104 5006 um-

519 5057 706 5110 brosos
735 5063 789 5109 et
813 5052 1170 5119 voluptuosos
1199 5050 1392 5115 calles,
1444 5062 1579 5116 quos
1609 5045 1812 5115 fragilis
1841 5046 1965 5098 terit
2004 5043 2102 5097 lut-

519 5151 771 5201 ntanitas.
825 5144 971 5213 Ipsos
1000 5145 1141 5197 en‘m
1172 5155 1557 5203 commeamns,
1587 5137 1800 5207 quando
1828 5152 1861 5191 a
1894 5136 2103 5191 Domini

515 5236 756 5308 iussione
784 5232 1135 5286 traducimur.
1181 5229 1279 5284 Via
1309 5243 1439 5284 vero
1481 5244 1511 5281 a
1545 5226 1794 5282 violentia
1838 5241 2111 5293 nuncupat.

522 5340 626 5393 tur,
657 5344 775 5397 qua:
805 5326 998 5382 merito
1020 5324 1217 5378 Christi
1253 5323 1450 5377 dicitur
1479 5338 1493 5375 :
1535 5322 1788 5392 quoniam
1820 5330 1876 5375 et
1899 5321 1967 5374 ab
1993 5318 2110 5390 ejus

523 5421 788 5485 ﬁdelibus,
839 5420 975 5474 sicut
1004 5417 1071 5472 ab
1118 5417 1236 5486 ipso
1278 5415 1478 5470 factum
1510 5423 1611 5481 est,
1663 5415 1717 5469 in
1758 5413 2013 5469 aerumnis
2054 5423 2111 5468 et

526 5513 958 5568 tribulationibus
988 5508 1308 5563 ambulatur.
1349 5507 1692 5576 Quapropter
1718 5505 1997 5575 aptissime
2028 5503 2111 5559 di-

523 5616 719 5664 cuntur
739 5605 982 5659 humana:
1006 5603 1198 5657 semitae
1226 5617 1254 5655 a
1278 5601 1362 5655 via
1389 5614 1619 5669 superna
1644 5598 1832 5653 divisze
1857 5617 1870 5652 :
1897 5594 2113 5668 quando

525 5698 630 5754 illa
669 5696 870 5752 ducunt
904 5694 970 5751 ad
1019 5692 1388 5749 detestabilem
1439 5698 1689 5756 mortem,
1740 5687 1856 5744 haec
1900 5687 2113 5743 confert

525 5789 645 5844 sine
672 5786 836 5843 dubio
859 5784 1267 5841 desiderabilem
1297 5782 1634 5853 sospitatem.
1676 5779 1828 5837 Unde
1861 5778 1955 5834 ﬁlii
1978 5776 2114 5835 Core

2208 4690 2258 4733 ut
2279 4673 2575 4733 credulitas
2603 4675 2884 4730 Trinitatis
2935 4674 3297 4728 saluberrima
3336 4673 3585 4741 gentibus
3629 4686 3812 4741 auge-

2208 4781 2375 4825 retur.
2407 4769 2577 4824 Morte
2602 4782 2731 4822 vero
2758 4766 2897 4820 allici
2925 4775 3007 4820 est
3038 4780 3131 4833 per
3155 4766 3340 4833 longas
3364 4765 3640 4829 paesinnes
3669 4777 3819 4828 prte-

2207 4862 2374 4917 sentis
2394 4860 2518 4915 vita:
2544 4858 2745 4914 exitum
2777 4854 3043 4924 reperire;
3082 4855 3223 4923 quod
3256 4854 3475 4918 perfecti
3502 4850 3818 4907 Christiani

2210 4954 2431 5018 faciunt,
2489 4952 2578 5021 qui
2624 4950 2883 5006 districtis
2933 4946 3400 5002 observationibus
3455 4944 3816 5012 afﬂiguntur.

2207 5045 2338 5100 Nam
2374 5054 2436 5099 ut
2465 5044 2567 5098 hoc
2597 5042 2767 5113 magis
2806 5040 3033 5096 deberes
3068 5039 3373 5103 advertere,
3419 5036 3653 5100 addidit,
3689 5047 3821 5092 tota

2211 5139 2331 5201 die;
2358 5137 2497 5207 quod
2532 5151 2639 5190 non
2665 5142 3094 5188 momentaneam
3129 5141 3383 5193 mortem,
3410 5128 3501 5184 sed
3537 5143 3637 5195 per
3669 5129 3829 5182 uni-

2213 5244 2428 5283 versum
2457 5229 2579 5281 vitae
2609 5234 2823 5293 tempus
2850 5230 3179 5292 protractum
3220 5219 3374 5275 nobis
3414 5218 3649 5273 ﬁdelium
3700 5219 3830 5271 de-

2215 5320 2445 5373 clararet
2470 5315 2718 5373 exitium.
2748 5313 2969 5369 Intende
2993 5311 3133 5382 quod
3156 5314 3419 5381 sequitur,
3447 5309 3694 5363 (estimati
3720 5325 3797 5361 su
3814 5341 3837 5350 ο

2220 5426 2332 5462 mus
2355 5419 2406 5460 ut
2428 5424 2545 5462 oues
2566 5406 2856 5460 occisionis.
2892 5404 3029 5466 Ovis,
3062 5402 3185 5472 quia
3217 5417 3327 5456 non
3353 5400 3511 5456 habet
3536 5414 3689 5453 arma
3716 5413 3838 5451 rc-

2219 5500 2548 5567 saltationis,
2581 5498 2888 5568 raptoribus
2919 5498 3030 5552 suis
3060 5498 3318 5566 probatur
3343 5508 3461 5548 esse
3489 5492 3839 5548 temnihilis.

2222 5593 2335 5650 Non
2359 5595 2499 5649 enim
2532 5600 2624 5647 aut
2651 5606 2819 5647 cornu
2849 5590 3014 5654 valet,
3061 5598 3152 5643 aut
3182 5587 3344 5643 dente
3372 5585 3674 5653 contendit,
3714 5600 3842 5644 atus

2224 5686 2345 5755 fuga
2378 5684 2693 5754 prassumit;
2743 5682 2835 5739 sed
2868 5681 3115 5738 manbus
3152 5678 3378 5737 latronis
3414 5676 3682 5748 patienter
3710 5689 3793 5729 ac
3814 5710 3843 5722 -

2228 5778 2476 5849 quiescit,
2509 5776 2633 5833 dum
2665 5775 2806 5832 nulla
2834 5790 2892 5831 se
2922 5774 3276 5837 reluctatione
3316 5769 3571 5826 defendit.
3616 5769 3703 5824 Sic
3733 5769 3846 5824 τε-
