4030 6172
269 426 364 484 3U

1192 426 1556 483 EXI‘OSITIO
1596 426 1662 482 IN
1702 423 2161 481 PSALTERIUM.
2208 424 2398 479 PSAL.
2443 422 2623 480 XLIV.

3435 428 3538 487 5l8

272 538 401 597 muli
433 536 632 594 Christi
657 536 802 591 velut
831 510 944 592 oves
961 538 1212 593 msttmati
1233 547 1356 592 sunt
1386 536 1522 591 mori
1548 553 1562 602 ;
1605 534 1853 606 quoniam
1888 536 1940 596 Α
1963 530 2255 597 lummodo,
2286 547 2518 602 exsurge,
2546 537 2750 600 ponunt
2771 571 2787 597 ,
2832 537 2885 583 ιιι
2919 529 3062 583 illam
3086 534 3536 592 resurrectionem

268 634 379 689 sine
406 630 757 687 contentione
785 629 961 697 aliqua
994 629 1311 691 videbantur
1337 628 1532 683 occidi.

336 725 495 778 Vers.
522 720 614 781 25,
657 719 914 793 Exsurge,
944 737 1102 790 quare
1130 720 1408 784 obdormis,
1442 718 1713 774 Domine?
1764 734 1853 771 ex-

270 830 410 885 surge
432 823 482 867 et
512 829 576 865 ne
604 812 825 883 repellas
850 828 943 865 nos
971 812 1024 863 in
1053 812 1226 877 ﬁnem.
1262 809 1582 862 Ennmerata
1610 806 1851 859 multitu-

269 905 387 960 dine
419 906 757 972 passionum,
805 910 1067 957 venerunt
1102 900 1193 954 ﬁlii
1223 901 1365 955 Core
1394 899 1458 952 ad
1490 900 1699 953 tertiam
1733 913 1852 965 par-

268 1006 364 1050 tem
388 1037 407 1062 ,
440 994 533 1047 ubi
563 1002 708 1047 tanto
730 990 1002 1045 desiderio
1024 991 1277 1046 auxilium
1307 998 1575 1061 qttcernnt,
1610 998 1663 1042 ut
1690 988 1851 1043 etiam

270 1088 551 1143 Dominum
605 1086 941 1141 obdormisse
982 1095 1427 1143 commemorent.
1502 1084 1632 1152 Quae
1688 1085 1852 1153 figura

269 1177 593 1234 catachresis
618 1185 720 1239 est,
750 1191 910 1245 quam
933 1184 1082 1230 recte
1110 1174 1341 1229 dicimus
1366 1175 1701 1238 abusionem,
1732 1187 1852 1241 quae

268 1271 415 1326 rebus
442 1286 641 1325 nomen
664 1267 967 1324 commodat
988 1268 1248 1323 alienum.
1286 1267 1400 1321 Non
1428 1268 1568 1322 enim
1596 1267 1704 1320 Deo
1725 1280 1853 1319 con-

269 1365 400 1418 venit
429 1377 728 1431 exsurgere,
777 1359 867 1429 qui
913 1375 1183 1431 nunquam
1234 1360 1473 1414 noscitur
1518 1373 1675 1428 posse
1729 1357 1854 1412 dor-

268 1458 392 1518 mire
449 1474 468 1511 :
519 1455 613 1511 sed
668 1454 817 1510 illum
869 1453 1106 1511 humano
1159 1468 1259 1509 usu
1308 1453 1547 1508 dormire
1599 1452 1854 1516 dicimus,

268 1546 477 1618 quando
509 1543 839 1616 exspectatio
872 1553 1056 1600 nostra
1098 1543 1281 1598 divina
1320 1541 1727 1612 dispensatione
1754 1541 1854 1595 (ιιι-

268 1638 453 1694 fertur.
510 1634 647 1690 Nam
687 1638 729 1689 si
773 1636 1068 1703 potentiam
1102 1632 1401 1703 majestatis
1432 1634 1549 1703 ejus
1590 1634 1853 1703 inquiras,

268 1729 427 1784 habes
472 1726 934 1783 evidentissimum
979 1724 1181 1779 dictum
1229 1743 1241 1777 :
1301 1723 1434 1779 Ecce
1487 1741 1591 1778 non
1641 1724 1854 1789 dormit,

268 1837 417 1889 neque
438 1819 683 1872 dormitat
709 1817 796 1888 qui
825 1817 1046 1871 custodit
1076 1816 1243 1871 Israel
1272 1814 1443 1887 (Psal.
1475 1830 1602 1881 cxx,
1637 1816 1715 1882 5).
1748 1814 1849 1871 Re-

1956 620 2255 689 intclligere
2286 622 2628 684 deberemus,
2671 621 2722 673 in
2753 634 2855 689 qua
2899 619 3167 676 destructa
3200 626 3537 694 cognoscitur

1956 711 2183 765 humana
2208 714 2507 784 captivitis.
2551 711 2641 764 Illo
2673 713 2817 765 enim
2855 720 3170 781 resurgeote
3204 714 3394 782 adjuti,
3445 718 3535 770 illo

1954 803 2019 856 ad
2075 805 2240 857 oculos
2292 802 2612 857 ascendente
2665 801 2873 855 liberati
2905 816 3108 855 sumus.
3185 802 3379 857 Verum
3425 806 3541 861 hac

1955 896 2135 949 omnia
2160 895 2313 949 nobis
2355 895 2580 948 contulit
2604 910 2707 948 non
2738 902 2951 961 propter
2986 897 3231 948 meritum
3273 906 3535 959 nostrum,

1955 990 2048 1044 sed
2080 999 2292 1059 prapter
2321 1004 2503 1040 nomen
2536 1003 2702 1040 suum.
2738 985 2862 1040 Ideo
2889 986 3029 1039 enim
3057 986 3299 1042 Salvator
3324 989 3538 1057 dicitur,

1956 1080 2075 1150 quia
2104 1095 2198 1149 per
2225 1078 2449 1150 gratiam
2484 1078 2695 1146 pietatis
2726 1091 2836 1129 sum
2863 1078 3031 1129 salvat
3060 1075 3320 1134 inﬁrmos.

2491 1216 2765 1273 Conclusio
2807 1218 3012 1285 psalmi.

2035 1360 2173 1415 Ecce
2205 1359 2354 1413 nobis
2383 1360 2610 1413 ﬁliorum
2637 1358 2772 1414 Core
2802 1358 3051 1413 salutaria
3074 1357 3213 1412 dicta
3243 1356 3539 1413 fulserunt:

1958 1466 2087 1505 ecce
2133 1450 2290 1504 nobis
2341 1449 2739 1506 ecclesiasticus
2794 1449 2927 1509 ordo
2982 1448 3208 1502 Domino
3276 1442 3543 1504 revelan‘te

1962 1543 2236 1611 lampavit.
2291 1542 2476 1597 Patres
2511 1542 2653 1596 enim
2696 1550 2911 1595 nostros
2942 1541 3009 1595 ab
3036 1540 3266 1595 inimicis
3297 1543 3409 1596 suis
3450 1557 3544 1610 per

1960 1633 2212 1687 miracula
2245 1632 2522 1686 visualiter
2552 1632 2804 1687 liberatos
2831 1646 2949 1687 esse
2980 1633 3369 1701 cognovimus;
3403 1650 3543 1688 nunc

1959 1739 2133 1782 autem
2163 1724 2350 1780 ﬁdeles
2395 1740 2491 1795 per
2538 1724 2818 1794 passiones
2853 1740 3161 1794 corporum,
3216 1734 3269 1779 ct
3303 1725 3544 1781 lristitias

1959 1819 2255 1872 animarum
2283 1816 2346 1871 ad
2378 1828 2635 1872 aeternam
2660 1817 2897 1886 requiem
2932 1816 3209 1885 pervenire
3230 1816 3542 1884 didicimus;

268 1912 462 1981 petitur
495 1925 711 1976 exsurge
731 1924 750 1973 ;
799 1919 857 1962 ut
897 1907 1089 1976 quibus
1118 1906 1265 1962 videt
1311 1907 1545 1977 pericula
1582 1922 1851 1972 crescere,
1885 1911 1931 1969 B
1961 1916 2015 1962 ιιι
2045 1918 2286 1975 tempore
2315 1921 2412 1961 suo
2441 1915 2728 1975 utrumque
2756 1905 2949 1960 factum
2985 1906 3219 1960 humano
3247 1908 3428 1976 generi
3448 1902 3544 1962 ‘co-

268 2019 365 2061 non
414 2002 723 2058 dissimulet
767 2000 1075 2055 subvenire.
1117 2000 1395 2070 Sequitur,
1445 2009 1491 2053 et
1532 2017 1594 2052 ne
1632 1999 1850 2069 repellas

267 2112 347 2149 nos
375 2095 431 2146 in
477 2094 669 2162 ﬁnem;
716 2101 773 2147 ut
799 2090 846 2145 si
875 2091 1052 2145 adhuc
1088 2090 1172 2144 hic
1204 2091 1442 2144 aestimas
1472 2088 1848 2154 ditl‘ereudum,

268 2203 323 2247 ae
344 2186 541 2254 repelle
572 2187 623 2238 in
654 2184 834 2252 ﬁnem,
856 2184 943 2238 ubi
967 2182 1206 2239 consistit
1241 2182 1477 2237 muneris
1502 2182 1578 2237 ttti
1606 2182 1849 2259 universa

268 2276 544 2348 perfecto,
572 2275 657 2329 ubi
687 2284 813 2329 sunt
840 2274 1058 2343 praemia
1082 2275 1383 2341 beatorum,
1409 2273 1499 2328 ubi
1523 2260 1852 2346 martyribus

270 2385 484 2426 coronae
516 2385 621 2435 pra
631 2377 906 2438 parantur.
1528 2430 1530 2433 λ

327 2459 490 2515 Vers.
521 2459 616 2514 25.
659 2458 829 2523 Quare
853 2458 1036 2527 faciem
1085 2466 1226 2511 tuam
1266 2458 1448 2511 avertis
1482 2474 1502 2511 :
1546 2457 1853 2513 Oblivisceris

268 2550 489 2621 asapiam
516 2559 743 2603 nostram
764 2558 811 2604 et
837 2549 1218 2602 tribulationem
1246 2556 1494 2602 nostram.
1531 2548 1685 2603 Malis
1717 2564 1855 2617 pra:-

268 2642 506 2696 sentibus
540 2640 825 2709 ingravati,
867 2655 1017 2693 more
1046 2641 1323 2694 beatorum
1356 2640 1409 2692 in
1450 2638 1613 2694 ﬂebili
1646 2637 1854 2707 suppli-

267 2732 477 2788 catione
523 2731 816 2801 pcrsistunt
852 2730 1095 2786 dicentes
1128 2748 1141 2784 :
1174 2730 1351 2798 Quare
1382 2730 1689 2801 nostandiu
1716 2731 1859 2786 aesri-

268 2838 377 2877 mas
408 2822 759 2886 differendos,
794 2834 850 2875 ut
872 2822 1141 2890 reSpicere
1168 2836 1270 2876 non
1296 2821 1559 2886 credaris,
1591 2836 1710 2876 cum
1733 2822 1859 2875 sul)-

268 2916 454 2970 venire
480 2914 799 2968 distuleris?
829 2913 1101 2983 Sequitur,
1150 2913 1459 2968 Oblivisceris
1498 2913 1724 2984 inopiam
1760 2929 1855 2967 no-

267 3017 463 3069 stram;
504 3005 610 3058 hoc
631 3015 714 3059 est
745 3004 829 3058 cui
853 3020 1219 3058 consueveras
1249 3004 1560 3068 subvenire,
1591 3019 1748 3073 quam
1782 3004 1858 3058 sic

268 3095 319 3151 in
349 3096 477 3151 aliis
507 3111 678 3157 amas,
705 3105 760 3148 ut
784 3103 836 3149 te
862 3080 1075 3161 inomni
1106 3093 1275 3148 dicas.
1315 3094 1519 3149 Venisti
1543 3095 1684 3148 enim
1709 3094 1761 3147 di
1788 3093 1860 3146 ἰς-

267 3186 464 3251 simus,
513 3193 569 3241 ut
614 3196 813 3241 nostra:
864 3185 1175 3255 indigentia:
1220 3184 1558 3241 subvenires.
1618 3184 1855 3252 Addidit,

268 3279 647 3334 tribulationem
675 3291 924 3345 nostram,
976 3278 1128 3346 cujus
1158 3278 1393 3332 clemens
1429 3293 1642 3347 semper
1679 3278 1855 3346 inspe-
1885 3279 1931 3341 C

268 3379 378 3425 ctor
401 3380 525 3433 est;
552 3371 687 3428 sicut
710 3369 763 3422 in
792 3371 1228 3438 quinquagesimo
1260 3369 1464 3438 psalmo
1488 3369 1727 3424 dicturus
1750 3376 1857 3423 e5t:

270 3459 367 3515 Cor
392 3463 673 3516 contritum
712 3473 757 3515 et
788 3461 1110 3519 ltuniiliatum
1142 3460 1282 3516 Deus
1318 3479 1420 3516 non
1457 3463 1651 3533 spernit
1685 3461 1858 3533 (Psal.

269 3570 323 3619 ι,
351 3556 465 3623 19).
518 3554 679 3609 Tales
715 3555 856 3609 enim
888 3568 1062 3608 causa:
1087 3552 1229 3623 apud
1257 3553 1405 3608 illum
1440 3555 1583 3623 pium
1615 3554 1859 3609 Jndicein

275 3644 565 3714 plurimum
595 3643 797 3711 valent,
832 3645 922 3713 qui
953 3642 1201 3697 humanis
1227 3644 1592 3711 cognitoribus
1629 3642 1862 3716 proban-

273 3745 351 3791 tur
374 3752 498 3792 esse
533 3736 861 3791 temnibiles.

338 3824 496 3880 Vers.
526 3825 619 3880 26.
662 3825 921 3891 Quoniam
958 3828 1231 3881 humiliata
1258 3837 1331 3882 est
1366 3829 1419 3881 in
1449 3828 1657 3899 pulvere
1685 3829 1861 3881 anima

274 3926 443 3969 nostra
473 3932 493 3970 :
534 3918 753 3971 adhaesit
779 3919 833 3970 in
873 3926 1007 3971 terra
1037 3928 1208 3973 venter
1246 3927 1437 3973 noster.
1491 3918 1617 3972 Post
1656 3935 1859 3973 moram

279 4009 656 4073 exaudizionis.
712 4012 813 4079 pia:
856 4021 1059 4066 mentes
1087 4028 1194 4069 non
1225 4010 1292 4067 ad
1330 4011 1719 4079 desperationis
1764 4026 1861 4065 au-

277 4099 505 4165 daciam,
554 4100 651 4159 Sed
674 4101 740 4157 ad
764 4102 1035 4169 continuae
1062 4103 1324 4161 orationis
1345 4103 1597 4158 salutaria
1632 4118 1695 4157 se
1738 4114 1859 4157 vota

274 4205 567 4248 verterunt.
598 4194 699 4249 llic
724 4196 870 4249 enim
894 4194 1191 4252 satisfactio
1213 4195 1442 4249 assidua:
1464 4194 1860 4264 deprecationis

275 4289 585 4354 exponitur.
634 4286 940 4343 Conantur
965 4286 1107 4342 enim
1138 4288 1190 4342 in
1223 4287 1520 4358 pulverem.
1553 4290 1641 4358 qui
1675 4288 1860 4343 cinere

274 4388 429 4442 supra
454 4388 514 4429 se
535 4390 723 4444 sparso
745 4376 953 4431 animas
975 4391 1102 4431 suas
1126 4387 1467 4446 peccatorum
1492 4377 1862 4433 recordatione

275 4464 620 4520 discruciant.
648 4466 925 4536 Sequitur,
959 4467 1177 4521 adlnesit
1204 4469 1257 4521 in
1288 4476 1426 4521 terra
1451 4477 1622 4522 venter
1644 4476 1816 4522 noster
1840 4482 1860 4531 ;

275 4555 417 4624 quod
460 4558 644 4629 utique
694 4558 873 4615 facere
918 4559 1099 4615 solent
1140 4561 1231 4630 qui
1263 4562 1419 4630 longa
1465 4560 1707 4616 oratione
1735 4576 1861 4630 pro-

1953 2006 2301 2069 gnosceretur
2350 2012 2470 2052 esse
2528 1982 2870 2066 proﬁcuum;
2934 2011 3034 2050 nec
3081 1986 3300 2051 deberet
3347 1999 3542 2067 aliquis

1954 2094 2126 2161 queri,
2178 2105 2299 2145 cum
2338 2105 2399 2145 se
2430 2090 2713 2145 mundanis
2761 2090 3019 2144 aerumnis
3068 2101 3416 2159 cognosceret
3457 2091 3537 2146 in-

1953 2182 2180 2253 gravari.
2210 2182 2475 2237 Libertate
2502 2197 2711 2251 quoque
2732 2182 3048 2262 innocentia-
3080 2183 3236 2260 150
3257 2185 3535 2254 insurgunt

1954 2285 2009 2329 et
2046 2284 2337 2345 martyrum
2377 2288 2552 2337 voces,
2593 2274 2680 2326 tibi
2713 2275 2951 2329 dormire
2979 2285 3034 2329 et
3075 2278 3319 2331 oblivisci
3353 2280 3545 2333 dicitur

1959 2366 2123 2421 Deus.
2179 2364 2330 2432 Quod
2375 2366 2575 2418 dictum
2621 2381 2727 2419 non
2761 2366 3088 2432 increpative
3123 2367 3283 2422 debet
3312 2369 3538 2436 suscipi,

1958 2457 2052 2511 sed
2084 2455 2372 2512 affectuosa
2396 2456 2667 2510 voluntate
2690 2451 2959 2525 depromi.
2984 2459 3112 2526 Qua:
3144 2460 3302 2513 etiam
3334 2459 3386 2512 in
3412 2459 3544 2514 libro

1958 2548 2060 2605 Job
2084 2548 2518 2618 frequentissime
2548 2550 2887 2616 reperiuntur
2912 2566 2926 2614 ;
2985 2557 3042 2603 ιιι
3064 2550 3167 2604 ιιὶμί
3208 2566 3271 2605 ea
3297 2552 3544 2620 prudenti

1959 2640 2300 2710 iudagatione
2324 2640 2697 2707 conspexeris,
2741 2654 2846 2693 non
2882 2641 3300 2710 supplicationes
3343 2642 3544 2697 intelli—

1959 2746 2072 2800 ges,
2110 2728 2201 2785 sed
2226 2730 2492 2799 querelas.
2527 2728 2724 2784 Verum
2758 2732 2856 2785 ista
2888 2731 3163 2786 moderata
3197 2732 3545 2801 praesumptio

1956 2822 2222 2893 justorum
2250 2821 2446 2875 sinceri
2466 2820 2643 2875 cordis
2667 2821 2875 2876 videtur
2899 2822 3215 2892 depromere
3238 2823 3543 2890 puritatem,

1962 2927 2019 2972 ut
2049 2915 2361 2985 simplicitas
2388 2915 2548 2967 animi
2574 2914 2780 2981 pondus
2813 2915 2970 2968 illatae
3002 2915 3250 2970 videatur
3278 2931 3546 2984 exponere

1962 3007 2249 3079 passionis.
2278 3006 2366 3061 Sic
2390 3007 2443 3059 in
2464 3006 2756 3075 Scrip'uris
2776 3006 2968 3060 divinis
2990 3008 3199 3076 quoties
3224 3008 3325 3061 tale
3348 3007 3545 3063 dictum

1963 3100 2160 3170 aliquid
2192 3100 2516 3162 invenimus,
2556 3106 2611 3152 et
2634 3098 2921 3153 clementia
2949 3098 3276 3153 dominantis
3307 3098 3544 3154 ostendi-

1965 3203 2075 3261 tur,
2111 3204 2164 3248 et
2194 3191 2546 3262 supplicantis
2575 3192 2777 3260 puritas
2806 3191 3089 3246 indicatur.

2251 3330 2606 3388 EXPOSITIO
2627 3330 2695 3387 IN
2722 3331 3047 3389 PSALMUM
3078 3329 3260 3387 XLIV.

1962 3472 2028 3529 In
2067 3476 2243 3543 ﬁnem,
2290 3490 2383 3544 pro
2414 3476 2492 3528 his
2528 3475 2617 3543 qui
2641 3475 3109 3534 commutabuntur,
3141 3475 3261 3541 ﬁliis
3286 3471 3414 3528 Core
3476 3475 3546 3527 ad

2284 3546 2623 3611 intellectum,
2656 3547 2910 3605 canticum
2931 3560 3024 3615 pro
3053 3544 3256 3598 dilecto.

2036 3656 2322 3713 Videamus
2344 3657 2469 3727 quid
2501 3656 2614 3711 lucc
2640 3657 2799 3712 verba
2827 3656 2979 3711 nobis
3002 3656 3311 3725 singillatim
3339 3656 3548 3712 discus.

1963 3761 2023 3802 sa
2056 3747 2351 3817 parturiant
2388 3764 2401 3798 :
2445 3746 2570 3816 quia
2604 3746 2790 3802 titulus
2831 3746 3018 3815 psalmi
3050 3746 3338 3800 multorum
3370 3745 3549 3800 nomi-

1964 3854 2090 3893 num
2120 3837 2532 3907 congregatione
2564 3838 2802 3906 prolixus
2824 3846 2926 3892 est.
2987 3836 3055 3895 In
3094 3838 3246 3906 ﬁnem
3278 3852 3420 3903 saepe
3464 3837 3547 3891 di-

1961 3939 2107 3985 ctum
2129 3940 2211 3984 est
2240 3927 2622 3998 perfectionem
2655 3929 2982 3997 signiﬁcare,
3017 3928 3116 3983 hoc
3151 3938 3233 3983 est
3267 3928 3546 3983 Dominum

1961 4021 2317 4078 Salvatorem.
2373 4020 2480 4076 Pro
2506 4021 2583 4075 his
2613 4022 2700 4090 qui
2741 4021 3186 4074 comntutabuntur
3228 4021 3350 4089 ﬁliis
3391 4019 3544 4085 Core,

1963 4113 2064 4167 hoc
2094 4113 2329 4167 declarat
2360 4130 2373 4166 :
2406 4113 2528 4182 quia
2558 4112 2649 4165 lilii
2673 4113 2849 4167 crucis
2877 4112 2927 4166 in
2960 4112 3203 4167 Ecclesia
3234 4126 3548 4181 permanen-

1964 4213 2065 4266 tes,
2104 4202 2171 4256 de
2199 4201 2411 4255 tristitia
2457 4201 2642 4255 mundi
2678 4200 2833 4271 hujus
2857 4202 3156 4255 transibunt
3196 4201 3261 4259 ad
3291 4203 3542 4272 gaudium

1962 4294 2370 4361 sempiternum.
2414 4292 2493 4345 Ad
2517 4292 2826 4346 intellectum
2861 4295 3137 4358 cantitant,
3171 4301 3373 4355 textum
3407 4295 3547 4360 psal-

1963 4382 2032 4435 mi
2078 4381 2364 4450 signiﬁcat,
2407 4382 2497 4450 qui
2548 4381 2842 4435 trahendus
2891 4392 2971 4435 est
3016 4381 3080 4435 ad
3135 4384 3539 4451 intelligentiam

1964 4486 2275 4539 supernam,
2309 4472 2359 4525 in
2389 4485 2490 4540 qua
2522 4469 2817 4524 futurarum
2855 4486 3035 4525 rerum
3071 4484 3401 4526 sacramenta
3436 4474 3544 4543 spi-

1962 4564 2137 4617 ritalia
2179 4564 2543 4619 continentur.
2606 4562 2711 4617 Pro
2754 4562 2940 4618 dilecto
2980 4563 3108 4633 ﬁlio,
3166 4565 3273 4617 vult
3316 4566 3539 4635 intelligi

276 4648 449 4716 atrati,
501 4658 610 4703 tota
643 4651 887 4718 corporis
912 4648 1173 4705 effusione
1217 4650 1529 4705 tenduntur.
1584 4651 1862 4722 All/uertere
1892 4643 1938 4704 υ
1968 4642 2248 4721 Dominum
2273 4653 2564 4719 Christum,
2594 4654 2662 4710 de
2684 4669 2788 4726 quo
2812 4655 2981 4709 Patris
3012 4670 3111 4708 vox
3142 4657 3376 4709 insonuit
3402 4673 3414 4710 :
3450 4656 3549 4713 Hic

278 4738 419 4791 enim
446 4747 623 4805 terrae,
666 4739 934 4809 signiﬁcat
962 4741 1012 4794 in
1053 4739 1387 4795 orationibus
1428 4740 1629 4796 diutius
1668 4742 1861 4797 immo-

277 4830 407 4895 rari,
452 4847 544 4900 per
570 4848 707 4902 quas
736 4833 1029 4889 efﬁcaciter
1069 4843 1292 4903 peccata
1315 4834 1622 4888 vincuntur.
1672 4833 1860 4904 Magna

278 4923 421 4977 enim
444 4938 629 4979 contra
653 4925 927 4981 diabolum
959 4943 1104 4981 arma
1128 4939 1255 4982 sunt
1278 4930 1329 4982 in
1355 4928 1465 4983 suis
1490 4929 1691 4983 viribus
1717 4931 1854 4984 ﬁdu-

279 5016 412 5087 ciam
434 5032 535 5072 non
568 5019 770 5073 habere
793 5059 809 5087 ,
838 5025 930 5074 sed
949 5020 1113 5086 Deum
1145 5036 1354 5093 rogare,
1374 5022 1465 5092 qui
1492 5022 1857 5081 adversarium

282 5114 447 5178 possit
474 5117 804 5183 opprimere.

355 5202 500 5258 Vera.
530 5203 621 5259 27.
658 5203 913 5277 Exsurge,
948 5206 1186 5271 Domine,
1210 5209 1401 5280 adjutta
1439 5226 1532 5265 nos
1560 5226 1579 5263 :
1619 5221 1665 5264 et
1698 5208 1859 5264 libera

281 5310 369 5355 nos
393 5308 596 5365 prapter
619 5314 803 5353 nomen
833 5311 997 5355 tuum.
1023 5300 1331 5369 Magnarum
1355 5301 1705 5356 afﬂictionutn
1734 5318 1859 5356 sua-

283 5386 524 5441 vissimus
548 5388 673 5441 ﬁnis
696 5388 984 5443 adhibetur
1012 5407 1027 5454 ;
1072 5398 1129 5444 nt
1158 5399 1341 5458 petant
1369 5406 1428 5444 se
1453 5391 1861 5447 resurrectionis

284 5475 561 5533 dominica:
585 5480 754 5548 gloria
781 5479 1019 5547 liberari,
1050 5481 1141 5536 ubi
1165 5482 1405 5535 omnium
1429 5480 1857 5537 Christianorum

281 5579 403 5636 apes
436 5571 696 5637 nubatur
726 5573 969 5641 agnosci.
1002 5572 1239 5645 Exsurge
1280 5585 1459 5628 autem
1498 5592 1603 5629 non
1630 5576 1694 5627 ad
1729 5576 1856 5630 dor-

283 5662 575 5729 mitionetn,
623 5666 720 5721 sed
750 5664 815 5720 ad
858 5666 1311 5725 resurrectionem
1343 5676 1424 5723 est
1470 5668 1647 5739 potius
1688 5668 1856 5739 appli—

283 5753 527 5823 candum.
563 5755 734 5826 Supra
767 5758 931 5820 enim.
959 5758 1046 5813 tthi
1077 5775 1199 5814 eum
1230 5761 1379 5831 quasi
1404 5761 1643 5816 excitare
1669 5762 1857 5818 volue-

287 5855 427 5925 sunt,
473 5847 679 5919 dictum
713 5858 794 5909 est
826 5868 839 5907 :
876 5854 1045 5921 Quare
1080 5853 1379 5911 obdormis?
1436 5853 1519 5908 hic
1550 5862 1727 5910 autem
1774 5870 1861 5911 so-

1969 4761 2041 4805 est
2074 4748 2243 4805 Filius
2281 4768 2420 4805 meus
2451 4752 2687 4818 dilectus,
2738 4755 2791 4807 in
2821 4771 2919 4825 quo
2950 4755 3076 4807 milii
3105 4754 3229 4806 bene
3266 4753 3550 4820 complacui

1975 4841 2190 4912 (Matth.
2235 4859 2311 4907 tn,
2358 4845 2464 4910 l7).
2497 4843 2653 4899 Istius
2683 4860 2823 4899 nunc
2859 4844 3132 4913 Spiritales
3170 4846 3368 4913 nuptias
3411 4844 3550 4897 refe-

1974 4948 2183 4999 runtur,
2234 4936 2385 4996 istius
2422 4946 2541 4989 vota
2589 4936 2915 5005 epithalamii
2968 4937 3124 4991 laude
3173 4936 3548 4999 celebrantur;

1966 5029 2114 5098 cujus
2141 5029 2311 5082 virtus
2335 5030 2471 5090 ultra
2498 5046 2685 5087 omnes
2716 5031 2941 5090 virtutes
2966 5040 3072 5098 est,
3106 5029 3442 5100 pulchritudo
3468 5043 3551 5082 su-

1967 5136 2059 5192 pra
2111 5136 2296 5176 omnes
2343 5122 2586 5190 decores,
2646 5123 2882 5191 potentia
2932 5122 3328 5186 inenarrabilis,
3385 5121 3551 5187 pietas

1965 5212 2270 5279 singu'aris.
2302 5210 2347 5267 Ο
2378 5215 2526 5269 heata
2558 5228 2774 5283 sponsa,
2802 5230 2919 5282 qttze
2950 5224 3113 5269 tanta:
3140 5212 3400 5276 majestati
3429 5226 3551 5279 pro-

1966 5301 2112 5357 baris
2157 5318 2279 5359 esse
2308 5308 2611 5373 conjuncta,
2646 5320 2751 5357 non
2779 5304 3039 5358 societate
3069 5302 3294 5369 carnali,
3349 5302 3441 5356 sed
3476 5301 3553 5353 in-

1969 5394 2208 5463 violabili
2227 5393 2924 5465 conjunctionecharitatis!
2956 5394 3179 5459 Quando
3204 5393 3276 5445 illi
3304 5390 3552 5460 copulata

1966 5500 2088 5541 esse
2128 5489 2492 5553 cngnosceris,
2525 5486 2613 5555 qui
2658 5497 2707 5541 te
2756 5501 2853 5539 suo
2896 5482 3327 5553 splendidissimo
3358 5482 3554 5536 lumine

1969 5578 2236 5633 radiavit?
2288 5578 2623 5647 Quapropter
2652 5579 2923 5633 Divinitati
2963 5575 3308 5632 devotissime
3349 5578 3554 5647 suppli-

1969 5685 2173 5736 cemns,
2214 5678 2268 5725 ιιι
2298 5670 2461 5726 corde
2491 5671 2845 5725 mundissimo
2882 5670 2946 5724 ad
2988 5669 3340 5739 inspectivnm
3377 5670 3554 5725 lumen

1970 5763 2167 5827 evecti.
2223 5770 2430 5818 sancta:
2460 5760 2685 5832 Sponsa
2732 5763 2943 5831 nuptias
2985 5760 3333 5835 spiritualiter
3370 5760 3553 5818 audia-

1974 5871 2115 5911 ntus.
