4030 6172
442 356 541 412 διο

1012 471 1202 526 Divisio
1246 473 1451 543 psalmi.

512 562 832 621 leestibus
870 565 1043 634 epulis
1083 565 1343 634 propheta
1383 564 1678 636 saginatus,
1724 571 1780 619 et
1827 563 2017 619 futurae

443 652 817 725 gratulationis
858 654 1116 723 qualitate
1158 653 1473 724 completus,
1519 654 1781 724 praeconia
1808 652 2018 707 Domini

436 763 501 802 se
523 754 887 802 eructaturum
934 746 1233 817 promittit;
1275 756 1334 802 ut
1372 747 1513 803 unde
1554 748 1669 818 ipse
1705 746 1878 804 fuerat
1905 762 2019 804 cte—

441 836 561 893 lesti
591 838 832 907 largitate
860 838 1106 907 satiatus,
1162 839 1285 894 inde
1313 848 1366 894 et
1393 838 1564 895 fidelis
1592 838 1817 910 populus
1845 839 2017 894 abun-

441 929 752 986 dantissime
793 940 1102 999 pasceretur
1135 946 1152 985 :
1191 931 1590 1001 epithalamium
1630 931 1895 1000 quoddam
1929 946 2022 985 su-

443 1034 661 1087 pernum
681 1060 699 1088 ,
734 1030 792 1075 ut
817 1020 1013 1076 dictum
1044 1031 1147 1086 est,
1192 1022 1414 1090 nuptiali
1445 1022 1801 1078 exsultatione
1830 1035 2021 1076 conce-

442 1109 674 1164 lebrans.
692 1109 1099 1177 Epithalamium
1114 1126 1239 1165 vero
1257 1110 1764 1180 iuterpretaturlaus
1781 1111 2018 1176 thalami,

441 1216 557 1270 quae
589 1200 797 1268 Sponso
826 1202 1034 1257 cmlesti
1063 1200 1447 1257 consuetudine
1480 1201 1825 1255 humanitatis
1857 1200 2020 1253 offer-

401 1288 410 1302 '
438 1299 545 1344 tur.
587 1291 760 1346 Prima
802 1307 924 1361 pars
954 1292 1068 1361 ejus
1095 1301 1322 1361 quatuor
1351 1292 1523 1346 modis
1549 1290 1743 1358 Spttnsi
1783 1290 2022 1345 continet

443 1384 646 1450 laudes,
682 1384 733 1438 id
762 1394 841 1439 est
872 1384 1077 1438 Domini
1108 1385 1427 1441 Salvatoris.
1457 1384 1702 1439 Secunda
1731 1383 1897 1438 simili
1922 1399 2019 1438 nu-

441 1488 587 1526 mero
638 1483 866 1542 quatuor
913 1474 1154 1543 partibus
1197 1474 1435 1546 mysticis
1481 1472 1766 1527 virtutibus
1812 1471 2019 1541 Sponsa

440 1563 757 1630 praedicatur
785 1564 1024 1619 Ecclesia
1053 1582 1067 1628 ;
1110 1564 1318 1618 St‘iliCt‘l
1356 1580 1473 1632 quae
1501 1566 1555 1619 in
1585 1573 1893 1619 sanctorum
1927 1565 2021 1618 ho-

443 1653 644 1706 minum
670 1654 995 1707 adunatione
1016 1653 1279 1707 consistit.
1316 1653 1426 1707 Hoc
1452 1669 1662 1723 queque
1692 1654 2020 1723 sapientissi-

441 1758 559 1795 mus
589 1741 840 1796 Salomon
864 1744 917 1796 in
951 1742 1087 1796 libro
1108 1744 1197 1813 qui
1228 1743 1524 1812 appellatur
1552 1742 1828 1798 Canticum
1860 1744 2023 1798 cauti-

1620 358 1691 414 Μ.
1734 353 2010 414 AUBELII
2048 350 2447 409 CASSIODORI

2051 476 2105 537 Α
2130 469 2185 522 in
2214 476 2480 522 cternum.
2511 463 2686 521 Finito
2714 464 2996 536 protemio,
3027 472 3083 522 et
3102 471 3471 535 competenter
3493 462 3705 533 populis

3595 350 3698 406 5⁸Ξῦ

2121 557 2188 612 ad
2214 556 2464 612 audiendi
2490 555 2726 610 studium
2757 554 3060 623 concitatis,
3110 555 3305 610 factum
3328 564 3410 610 est
3429 555 3498 610 de
3529 555 3701 608 incar-

2122 650 2341 704 natione
2374 646 2585 702 Domini
2615 646 2787 701 laudis
2812 645 3021 700 initium
3049 661 3066 712 ;
3097 655 3157 703 ut
3190 661 3283 716 per
3305 661 3463 715 quam
3500 644 3703 700 merui-

2122 754 2243 797 mus
2272 739 2576 795 Divinitatis
2606 752 2801 794 arcana
2831 752 3175 809 cognoscere,
3209 753 3306 808 per
3334 738 3504 808 ipsam
3538 737 3703 796 debe-

2121 852 2307 894 remus
2349 843 2405 892 et
2450 834 2718 906 praeconia
2764 841 2927 890 tanta:
2978 832 3274 905 maiestatis
3312 834 3515 888 audire.
3571 834 3701 899 Qtne

2122 928 2331 1001 species
2375 925 2568 993 laudis,
2611 926 2750 996 apud
2777 933 3020 981 oratores
3053 927 3095 980 A
3130 926 3293 980 forma
3327 925 3538 980 dicitur.
3593 926 3698 982 Sed

2120 1033 2241 1074 cum
2273 1018 2325 1074 in
2354 1018 2487 1074 Isaia
2532 1017 2777 1088 legatur:
2810 1015 3049 1071 Vidimus
3083 1032 3198 1070 eum
3243 1023 3290 1068 et
3340 1031 3442 1069 non
3485 1015 3700 1068 habebat

2120 1112 2333 1182 speciem
2359 1126 2521 1182 neque
2564 1111 2802 1163 decorem
2845 1125 2865 1164 :
2904 1109 2994 1162 sed
3020 1109 3209 1179 species
3237 1107 3405 1162 vultus
3450 1108 3558 1176 ejus
3587 1108 3700 1161 sine

2123 1202 2311 1256 honore
2344 1202 2544 1274 abjecta
2574 1216 2682 1268 prce
2709 1200 2942 1254 omnibus
2971 1198 3260 1253 hominibus
3294 1199 3425 1267 (lsa.
3463 1214 3571 1264 Llll,
3603 1199 3697 1269 2);

2123 1292 2284 1358 quaeri
2316 1298 2512 1359 potest,
2544 1304 2641 1344 cur
2672 1290 2758 1343 hic
2791 1305 2953 1359 super
2980 1303 3151 1359 genus
3180 1288 3465 1343 humanum
3491 1290 3701 1359 specio-

2124 1380 2371 1434 sissimus
2398 1379 2780 1434 describatur?
2834 1380 2949 1435 Non
2980 1381 3099 1450 quia
3144 1380 3312 1435 forma
3351 1381 3469 1451 ejus
3504 1381 3700 1438 decore

2125 1470 2283 1524 lactei
2314 1470 2512 1525 coloris
2552 1472 2740 1536 eluxit,
2787 1480 2879 1526 aut
2914 1471 3052 1527 flavo
3095 1472 3243 1527 crine
3284 1472 3556 1541 lampavit,
3606 1482 3701 1529 aut

2121 1560 2314 1631 insigni
2357 1572 2559 1616 statura
2607 1563 2958 1631 praeminuit;
3014 1563 3109 1618 sed
3160 1564 3420 1619 veraciter
3464 1566 3702 1621 humano

2121 1654 2318 1723 genere
2350 1655 2620 1720 pulchrior
2650 1654 2766 1720 fuit,
2796 1654 2920 1725 quia
2951 1667 3167 1725 peccata
3197 1671 3303 1711 non
3336 1656 3533 1714 habuit.
3563 1657 3701 1713 illud

2123 1750 2268 1805 enim
2296 1758 2444 1803 recte
2473 1750 2757 1819 speciosum
2788 1749 3004 1817 dicitur,
3045 1751 3185 1821 quod
3208 1754 3375 1821 gratia
3407 1753 3702 1808 mundissi-

436 1848 620 1887 corum
662 1834 935 1887 notissima
968 1833 1195 1913 lectione
1227 1834 1531 1911 descripsit.
1575 1833 1728 1891 Unde
1754 1842 1809 1889 et
1834 1848 1932 1888 nos
1962 1835 2016 1887 in
2049 1842 2097 1901 B
2124 1854 2227 1894 ma:
2271 1840 2514 1910 puritatis
2561 1851 2822 1906 ornatur;
2881 1843 3126 1911 quamvis
3173 1842 3329 1898 Pater
3373 1844 3703 1912 Augustinus

439 1924 687 1989 praesenti
735 1923 963 1993 psalmo,
1011 1933 1167 1995 prout
1209 1923 1358 1981 locus
1404 1926 1628 1994 expetit,
1684 1925 1805 1980 libri
1847 1925 2017 1995 ipsius

437 2016 679 2084 exempla
706 2017 981 2086 jungimus
1007 2035 1021 2083 ;
1070 2025 1128 2071 ut
1157 2018 1282 2072 licet
1324 2017 1700 2086 praedicatores
1726 2018 1880 2073 divisi
1910 2019 2017 2073 sint

438 2096 792 2176 temporibus,
820 2109 1112 2164 concordia
1142 2118 1319 2165 tamen
1349 2110 1642 2179 prophetia:
1670 2125 1831 2187 unum
1855 2109 2017 2165 locuti

438 2214 554 2252 esse
577 2200 876 2256 videantur.

965 2287 1234 2360 Expositio
1264 2290 1472 2359 psalmi.

513 2378 729 2433 Vers.i.
774 2379 1035 2435 Eructavit
1074 2397 1160 2436 cor
1186 2398 1353 2437 meum
1377 2382 1581 2436 verbum
1617 2382 1805 2436 bonum
1834 2397 1854 2436 :
1902 2382 2016 2438 dico

436 2486 527 2541 ego
556 2486 709 2537 Opera
739 2488 850 2524 mea
875 2470 1022 2543 Regi.

511 2562 731 2618 νει-εδ.
772 2563 974 2634 Lingua
1001 2580 1112 2619 mea
1130 2564 1358 2620 calamus
1386 2567 1586 2631 scribta,
1620 2567 1858 2622 velociter
1887 2569 2015 2623 scri-

438 2653 613 2707 bentis.
637 2654 770 2709 Cum
795 2655 1197 2726 intelligentiam
1218 2672 1366 2713 suam
1388 2660 1646 2729 propheta
1670 2669 2019 2730 cognosceret

436 2744 597 2797 divini
649 2747 885 2802 muneris
931 2748 1173 2804 claritate
1225 2748 1665 2822 [ed.,charitate]
1725 2751 2014 2820 perfusam,

436 2835 804 2904 magnitudine
850 2838 1017 2909 ipsius
1066 2839 1434 2910 gratulationis
1474 2842 1817 2911 compulsus;
1874 2842 2017 2912 quod

436 2930 674 2984 dicturus
703 2940 819 2986 erat
848 2942 972 2987 ante
1003 2933 1257 2997 laudavit,
1292 2949 1398 2989 non
1429 2934 1677 2992 elationis
1699 2936 1896 3001 studio,
1920 2939 2015 2992 sed

436 3031 608 3076 motus
640 3022 875 3076 veritatis
906 3024 1179 3079 instinctu.
1229 3022 1493 3079 Eructavit
1520 3025 1769 3089 dicimus,
1802 3026 2017 3097 quando

435 3113 647 3167 satietas
673 3114 835 3167 multa
858 3114 1096 3168 ciborum
1122 3115 1451 3184 digestiones
1483 3117 1867 3172 saluberrimas
1893 3134 2017 3175 eva-

2120 1931 2355 2001 speciem
2382 1929 2623 2000 corporis
2647 1929 2764 2000 ejus
2803 1931 2942 1987 dicat
2988 1932 3155 1989 fuisse
3192 1932 3535 1989 laudabilem.
3591 1934 3701 1990 Sed

2121 2016 2423 2093 exemplum
2452 2021 2602 2077 lsaia:
2628 2038 2789 2090 supra
2820 2024 3054 2092 positum
3079 2024 3143 2079 ad
3179 2025 3442 2094 passionis
3470 2026 3587 2094 ejus
3615 2041 3702 2080 re-

2123 2113 2243 2169 tulit
2266 2122 2479 2184 tempus
2502 2116 2714 2184 quando
2738 2124 2792 2171 et
2827 2115 3066 2185 colaphis
3097 2129 3290 2180 caesus,
3336 2126 3388 2170 et
3413 2118 3579 2185 spinis
3607 2131 3703 2171 co-

2121 2214 2363 2274 ronatus,
2408 2214 2463 2262 et
2488 2207 2659 2276 sputis
2697 2207 2888 2277 legitur
2916 2223 3036 2263 esse
3078 2209 3404 2278 complutus.
3464 2210 3704 2264 Ecclesia

2123 2309 2249 2350 vero
2266 2310 2382 2366 quae
2398 2295 2605 2351 Domini
2621 2296 2911 2351 Salvatoris
2925 2300 3259 2370 portatis]
3276 2299 3557 2369 imaginem
3583 2341 3598 2363 ,
3623 2302 3704 2353 sic

2122 2386 2312 2455 legitur
2337 2387 2390 2442 in
2419 2388 2658 2444 Canticis
2684 2389 3016 2444 canticorum
3044 2406 3058 2442 :
3097 2388 3265 2443 Fusca
3300 2406 3414 2443 sum
3440 2399 3485 2444 et
3511 2390 3705 2445 decora

2121 2476 2293 2547 (Cant.
2326 2492 2365 2543 ι,
2396 2477 2496 2547 ιὶς
2539 2476 2589 2531 id
2634 2485 2719 2533 est
2762 2481 2907 2548 fusca
2936 2492 3162 2547 corpore
3200 2480 3422 2545 carnali,
3472 2480 3705 2550 formosa

2119 2566 2429 2622 ccelesdbus
2450 2568 2674 2623 meritis.
2704 2569 2765 2623 Et
2780 2583 2943 2639 quare
2966 2570 3249 2639 speciosum
3267 2569 3460 2626 dixerit
3482 2572 3703 2641 probat:

2120 2659 2264 2728 quia,
2288 2658 2535 2728 loquente
2558 2659 2790 2729 Christo,
2819 2646 2911 2729 per
2932 2661 3156 2733 gratiam
3182 2661 3290 2717 Deo
3318 2663 3705 2721 reconciliatus

2119 2759 2202 2805 est
2230 2749 2477 2806 mundus.
2504 2749 2640 2818 Quid
2671 2766 2799 2822 ergo
2826 2753 3001 2822 potuit
3023 2753 3074 2807 in
3101 2753 3332 2808 humano
3354 2752 3551 2824 geri'ere
3580 2773 3707 2814 esse

2120 2840 2315 2909 simile,
2372 2857 2533 2911 quam
2588 2844 2759 2913 ipsum
2815 2843 3151 2898 incarnatum
3207 2846 3541 2915 conspicere,
3607 2863 3706 2916 per

2120 2946 2277 3000 quem
2306 2932 2695 3003 redemptionis
2724 2934 2922 2989 donum
2947 2943 3089 2989 totus
3117 2936 3262 2990 orbis
3293 2939 3539 3006 accepit?
3571 2938 3705 2994 Nam

2120 3024 2198 3081 sic
2229 3026 2297 3081 de
2336 3027 2455 3096 ipso
2499 3037 2553 3082 et
2585 3026 2871 3095 praedictus
2918 3028 3051 3082 liber
3081 3027 3386 3084 Salomonis
3417 3032 3660 3085 enuntiat
3690 3052 3702 3085 :

2124 3116 2284 3180 Labia
2313 3128 2401 3172 tua
2430 3128 2477 3172 et
2505 3118 2704 3189 loquela
2725 3128 2814 3173 tua
2835 3121 3079 3188 speciosa.
3111 3121 3384 3192 Sequitur,
3422 3122 3706 3193 Propterea

436 3212 608 3271 porat.
653 3204 757 3258 Sed
790 3220 946 3273 quam
978 3207 1184 3275 magnis
1225 3207 1590 3276 spiritualibus
1635 3210 1809 3278 epulis
1848 3209 2019 3266 fuerat
2044 3216 2089 3279 ς,
2121 3205 2376 3261 benedixit
2404 3216 2453 3262 te
2472 3206 2610 3261 Deus
2640 3208 2692 3260 in
2717 3217 2960 3261 aeternum
2989 3207 3163 3280 (Cant.
3198 3226 3267 3278 tv,
3290 3211 3368 3279 5).
3399 3209 3705 3281 Propterea,

438 3296 515 3348 vir
545 3296 645 3351 iste
673 3298 998 3367 completus,
1036 3310 1092 3352 ut
1119 3307 1224 3354 tam
1256 3298 1382 3354 boni
1415 3300 1598 3355 odoris
1626 3308 1899 3355 eructaret
1929 3316 2018 3355 ar-

434 3403 629 3442 canum
659 3390 672 3443 !
705 3388 805 3443 Cor
833 3406 1021 3459 meum,
1058 3392 1238 3446 sinum
1267 3391 1460 3447 mentis
1490 3392 1748 3463 intellige.
1787 3392 2015 3447 Verbum

432 3479 641 3546 bonum,
673 3481 865 3535 Filium
900 3483 993 3538 Dei
1015 3484 1164 3546 dicit,
1206 3485 1273 3538 de
1301 3501 1406 3555 quo
1428 3485 1663 3541 Joannes
1691 3488 2015 3555 evangelista

432 3571 548 3626 ait:
582 3569 645 3623 In
686 3573 941 3641 principio
967 3584 1074 3627 erat
1112 3574 1356 3640 Verbum,
1403 3585 1451 3629 et
1496 3575 1719 3629 Verbum
1745 3588 1852 3631 erat
1879 3579 2020 3645 apud

439 3660 620 3728 Deum,
652 3671 698 3715 et
731 3660 865 3717 Deus
890 3674 996 3717 erat
1039 3663 1258 3719 Verbum
1305 3664 1487 3731 (lacn.
1522 3683 1557 3732 ι,
1594 3668 1667 3735 1).
1707 3666 1823 3735 Ipsa
1854 3668 2016 3722 etiam

433 3754 497 3807 de
527 3771 585 3809 se
620 3757 825 3810 Veritas
861 3757 991 3812 dicit
1036 3776 1050 3813 :
1112 3761 1275 3813 Nemo
1318 3762 1505 3828 bonus,
1552 3764 1655 3816 nisi
1698 3764 1842 3818 solus
1886 3764 2018 3818 Dens

440 3848 629 3915 (Marc.
659 3867 710 3915 ι,
747 3851 857 3921 18).
887 3853 1055 3924 Opera
1081 3871 1208 3910 vero
1231 3857 1280 3910 id
1311 3868 1390 3912 est
1410 3859 1719 3927 opusculum
1746 3862 2018 3929 propheta:

432 3939 546 4005 fuit,
582 3943 773 4011 psalmi
807 3944 962 4014 hujus
998 3946 1246 4002 deCoram
1280 3952 1674 4005 contextionem
1715 3951 2016 4007 ministerio

433 4050 544 4088 sum
570 4036 713 4089 vocis
743 4036 959 4102 offerre,
993 4050 1047 4094 et
1077 4055 1169 4108 per
1195 4057 1447 4110 organum
1469 4040 1666 4111 lingua:
1692 4044 2012 4113 quibusdam

427 4129 641 4183 calamis
673 4129 851 4183 divina
887 4132 1049 4185 verba
1082 4147 1354 4186 resonare.
1401 4131 1551 4187 Hanc
1580 4134 1723 4188 enim
1757 4134 2016 4203 prmdica-

427 4217 623 4270 tionem
658 4217 783 4286 Regi
813 4218 982 4273 dicere
1019 4220 1297 4288 gestiebat,
1335 4236 1492 4290 quam
1524 4221 1591 4275 de
1630 4221 1748 4290 ejus
1778 4222 2015 4277 adrnira-

426 4305 517 4361 bi'i
534 4308 769 4362 claritate
782 4308 920 4378 [mss
944 4312 1029 4376 A.,
1050 4309 1111 4364 Β.
1124 4352 1139 4376 ,
1157 4310 1249 4379 F.,
1265 4310 1539 4383 charitate]
1557 4321 1894 4381 conceperat.
1908 4313 2012 4368 Sed

426 4414 491 4451 ne
518 4400 637 4467 quis
665 4409 874 4466 putaret
896 4399 1092 4469 aliquid
1122 4416 1246 4455 eum
1272 4418 1335 4455 ex
1365 4405 1577 4472 prepria
1605 4403 1883 4458 voluntate
1933 4403 2011 4458 di-
2050 4417 2066 4431 ‘

425 4499 654 4551 cturum,
700 4489 931 4559 linguam
978 4503 1126 4543 suam
1179 4492 1356 4545 scribaz
1399 4493 1597 4546 calamo
1647 4494 2007 4561 comparavit,

2122 3297 2271 3364 dicit,
2332 3308 2551 3369 prepter
2599 3301 3009 3368 praedicationes
3053 3303 3299 3371 eximias,
3358 3314 3411 3357 et
3452 3306 3707 3373 pietatem

2125 3390 2450 3444 omnimodis
2500 3391 2860 3460 singularem;
2916 3394 3037 3462 quia
3086 3395 3217 3449 nulli
3268 3397 3555 3465 quidquam
3605 3414 3707 3467 pro

2122 3478 2333 3534 meritis
2358 3481 2605 3546 contulit,
2648 3482 2743 3535 sed
2775 3484 2950 3537 omnia
2983 3498 3079 3536 sua
3105 3487 3279 3553 potius
3309 3486 3545 3541 bonitate
3575 3503 3704 3542 con-

2119 3571 2303 3627 cessit.
2332 3570 2652 3627 Benedictus
2681 3580 2764 3627 est
2789 3574 2928 3627 enim
2964 3574 3017 3628 in
3042 3584 3330 3640 aeternum,
3370 3578 3524 3646 cujus
3556 3580 3709 3647 regni

2120 3678 2226 3718 non
2257 3665 2360 3719 erit
2390 3664 2529 3718 finis.
2564 3665 2708 3720 Bene
2731 3678 2907 3722 autem
2938 3668 3137 3723 dictum
3170 3680 3251 3722 est
3284 3686 3312 3723 a
3340 3670 3507 3724 forma
3536 3674 3707 3726 servi.

2119 3756 2390 3811 Benediin
2418 3765 2464 3810 te
2496 3755 2654 3824 Deus,
2706 3774 2824 3826 qua:
2855 3767 2909 3812 et
2939 3760 3243 3828 passionem
3277 3762 3512 3830 pertulit,
3557 3772 3611 3817 et
3641 3762 3710 3817 ad

2120 3863 2284 3923 regna
2315 3849 2571 3904 cmlorum
2602 3849 2859 3917 pervenit.

2202 3941 2356 3996 Vers.
2394 3943 2450 3996 4.
2489 3943 2764 4012 Accingere
2806 3941 2981 4011 gladio
3023 3953 3109 3995 tuo
3150 3944 3287 3996 circa
3333 3944 3498 4011 femur
3540 3956 3707 4012 tuum,

2120 4031 2464 4100 potentissime
2494 4047 2513 4084 :
2543 4032 2707 4099 specie
2743 4039 2831 4083 tua
2868 4038 2915 4085 et
2944 4030 3330 4099 pulchritutine
3359 4041 3465 4084 tua.
3498 4034 3707 4087 Secun-

2118 4120 2219 4176 dus
2265 4123 2631 4177 intromittitur
2677 4124 2869 4178 modus
2918 4122 3089 4179 laudis
3138 4124 3349 4179 Domini
3389 4124 3698 4189 Salvatoris.

2118 4215 2208 4284 qui
2234 4215 2428 4271 dicitur
2458 4220 2499 4270 A
2542 4226 2824 4284 potestate.
2871 4215 2950 4272 Ad
2992 4217 3175 4271 nescio
3213 4217 3355 4271 enim
3396 4215 3536 4285 quod
3570 4231 3709 4285 gen-

2117 4308 2263 4363 dium
2321 4310 2583 4378 propheta
2629 4308 2940 4377 subvectus,
2996 4317 3246 4377 precatur
3305 4308 3585 4363 Dominum
3649 4316 3708 4365 ut

2116 4398 2455 4466 eISpectatus
2479 4400 2725 4468 gentibus
2748 4399 2962 4452 tandem
2985 4396 3370 4451 saluberrimus
3394 4409 3701 4466 appareret.

2118 4489 2256 4544 Dicit
2284 4490 2425 4543 enim
2452 4505 2466 4542 :
2496 4490 2767 4558 Accingere
2794 4486 2967 4558 gladio
2995 4500 3099 4540 tuo.
3131 4488 3436 4556 Metaphora
3467 4503 3496 4540 a
3530 4487 3705 4540 bella.

424 4593 541 4646 quae
582 4579 659 4632 sic
703 4577 909 4633 dictura
956 4588 1037 4634 est
1079 4579 1304 4636 fideliter
1332 4582 1561 4650 Spiritus
1598 4584 1767 4636 sancti
1820 4582 2004 4648 verba,
2037 4607 2089 4665 ι)
2119 4588 2235 4636 tore
2278 4590 2566 4651 concepta.
2602 4580 2691 4650 qui
2737 4580 3086 4635 dimicaturus
3125 4580 3299 4648 gladio
3344 4578 3593 4646 cingitur,
3645 4588 3706 4634 ut

422 4669 865 4738 quemadmodum
899 4685 1090 4725 sensus
1134 4672 1301 4726 nostri
1334 4682 1453 4727 vota
1487 4673 1726 4727 calamus
1753 4672 2010 4729 describit

423 4761 477 4815 in
523 4762 728 4818 charta.
785 4763 1017 4829 Addidit,
1074 4766 1309 4819 uelociter
1347 4765 1650 4827 scribentis;
1698 4781 1855 4835 quem
1911 4782 2008 4821 nos

422 4856 590 4924 magis
645 4856 906 4910 notarium
968 4856 1223 4911 debemus
1280 4860 1544 4925 accipere,
1600 4858 1685 4926 qui
1749 4858 2006 4912 velociter

427 4948 584 5000 verba
626 4948 868 5016 suscipit,
901 4960 953 5002 et
977 4949 1131 5003 citius
1162 4950 1339 5003 audita
1375 4949 1702 5003 transcribit.
1740 4950 2002 5005 Conside-

422 5037 648 5090 randum
678 5054 807 5091 vero
835 5040 1084 5108 quoniam
1114 5040 1195 5094 hic
1236 5040 1530 5109 prophetia:
1559 5041 1728 5096 virtus
1755 5042 2001 5096 ostendi-

424 5136 524 5194 tur,
560 5143 679 5197 qua:
711 5145 814 5183 non
845 5131 944 5183 sub
966 5133 1198 5184 cruciatu
1229 5132 1459 5185 humano
1489 5134 1686 5201 cogitat
1712 5176 1725 5199 ,
1755 5134 1846 5187 sed
1882 5138 2002 5189 sine

423 5218 602 5290 aliquo
649 5220 832 5275 labore
863 5221 1161 5277 Dlvinitatis
1200 5222 1350 5293 jnssa
1396 5224 1655 5292 divulgat.
1709 5223 2001 5278 Audiamus

424 5325 563 5364 nunc
585 5311 895 5380 prophetam
917 5312 1240 5380 epithalamii
1271 5314 1387 5368 sine
1408 5312 1712 5367 adulatione
1732 5313 1999 5367 dicturum

421 5400 649 5472 laudem,
704 5417 822 5472 quae
866 5401 997 5455 nihil
1045 5402 1143 5455 nisi
1192 5413 1481 5472 exaggerat
1531 5404 1831 5465 veritatem,
1883 5420 2002 5473 qua:

424 5496 566 5551 salva
602 5495 902 5565 integritate
930 5495 1227 5558 blanditur;
1262 5505 1315 5550 et
1343 5498 1586 5564 quamvis
1620 5513 1807 5566 magna
1836 5500 1996 5565 dicat,

422 5601 524 5659 pou
550 5597 726 5643 tamen
754 5590 929 5644 omnia
961 5589 1289 5645 sufficienter
1319 5601 1617 5645 enumerat.

494 5681 622 5736 Vers
645 5684 696 5738 '5.
741 5685 1013 5753 Speciosus
1040 5687 1205 5754 forma
1230 5700 1335 5754 prce
1362 5685 1482 5751 ﬁliis
1505 5684 1787 5750 hominum,
1813 5685 2002 5753 diﬂ'usa

420 5781 493 5841 ρει
525 5774 687 5839 gratia
728 5776 780 5827 in
812 5775 956 5828 labiis
988 5775 1086 5830 tuis
1114 5791 1134 5831 :
1180 5787 1453 5845 propterea
1482 5775 1738 5831 benedixit
1779 5789 1824 5833 ιε
1860 5777 2000 5833 Deus

2118 4683 2423 4745 prosternat
2475 4674 2766 4728 inimicum.
2818 4672 2923 4727 Sed
2980 4672 3064 4726 hic
3111 4671 3339 4742 gladium
3389 4686 3704 4725 sermonem

2114 4764 2509 4835 praedicationis
2557 4764 2815 4817 debemus
2866 4762 3137 4831 accipere,
3190 4761 3257 4815 de
3307 4776 3413 4829 quo
3470 4760 3587 4829 ipse
3646 4761 3707 4816 in

2116 4856 2403 4924 hvangrlio
2442 4862 2667 4908 testatur
2700 4870 2712 4904 :
2749 4851 2869 4905 Non
2910 4853 3024 4905 veni
3069 4867 3245 4921 pacem
3284 4852 3482 4903 mittere
3512 4851 3567 4902 in
3600 4858 3703 4901 ter-

2074 4960 2239 5012 ‘ram,
2268 4948 2355 5001 sed
2385 4947 2610 5017 gladium
2635 4943 2847 5015 (Matth.
2883 4961 2936 5008 ι,
2968 4944 3091 5013 54);
3123 4954 3175 4998 et
3206 4944 3490 5012 Apostolus
3517 4943 3646 4997 dicit
3682 4960 3701 4997 :

2113 5039 2177 5092 Et
2207 5039 2435 5109 gladium
2463 5040 2692 5107 spiritus,
2724 5037 2861 5105 quod
2896 5045 2969 5091 est
3010 5037 3213 5090 verbum
3254 5036 3346 5087 Dei
3372 5034 3587 5108 (Ephcs.
3622 5050 3703 5099 vi,

2109 5132 2223 5200 17).
2254 5128 2470 5185 Gladius
2512 5138 2688 5182 autem
2736 5129 2933 5183 dicitur
2976 5142 3157 5183 sermo
3190 5127 3305 5192 Dei,
3342 5128 3461 5193 quia
3501 5142 3705 5193 corpu-

2107 5221 2249 5276 lenta
2291 5221 2431 5275 vitiis
2469 5219 2629 5276 corda
2674 5220 2948 5273 hominum
2985 5219 3091 5273 ictu
3120 5235 3229 5272 sua:
3260 5220 3471 5272 virtutis
3502 5219 3705 5271 irrum-

2108 5315 2214 5385 pit;
2244 5331 2339 5369 nec
2364 5322 2537 5383 potest
2559 5312 2896 5366 imbecillitas
2921 5312 3154 5366 humana
3184 5312 3458 5375 resistere,
3484 5309 3573 5363 ubi
3606 5310 3703 5365 illa

2110 5406 2437 5461 fortitudinis
2480 5406 2648 5474 gloria
2690 5404 2938 5473 dignatur
2972 5405 3193 5458 intrare.
3229 5403 3423 5458 Femur
3453 5416 3582 5455 vero
3616 5403 3705 5455 in-

2107 5498 2471 5554 carnationem
2517 5496 2780 5563 significat
2831 5495 3038 5548 Domini
3093 5496 3408 5559 Salvatoris,
3450 5494 3591 5548 sicut
3638 5493 3701 5549 in

2107 5589 2299 5644 Genesi
2334 5589 2524 5657 legitur
2556 5605 2568 5640 :
2598 5585 2717 5640 Non
2760 5588 2963 5655 deﬁciet
3008 5590 3246 5659 princeps
3292 5605 3353 5642 es:
3379 5585 3555 5649 'Juda,
3604 5602 3706 5640 nec

2108 5682 2215 5735 dux
2244 5682 2306 5734 de
2338 5680 2610 5751 {cineribus
2641 5680 2745 5751 ejus
2780 5679 2933 5750 (Gen.
2977 5696 3120 5744 ms,
3158 5680 3266 5749 10).
3301 5682 3352 5733 ln
3384 5680 3498 5745 ipso
3529 5679 3703 5735 etianl

2111 5775 2385 5848 mysterio,
2431 5784 2485 5829 et
2530 5773 2799 5828 Abraham
2850 5772 3000 5842 (Cen.
3047 5790 3187 5841 XIV,
3235 5772 3290 5842 Β)
3336 5773 3457 5829 fecit
3503 5772 3699 5842 jtzrarc
