4030 6172
264 264 355 319 5%!

1142 270 1502 330 EXPOSITIO
1544 274 1607 330 ΙΝ
1651 275 2105 334 PSALTERIUM.
2154 278 2338 335 PSAL.
2382 282 2560 342 XLIV.

3417 296 3515 348 ὖῗὲ

259 380 509 435 famulum
538 394 714 447 suum,
744 382 956 451 quando
983 383 1035 438 ei
1075 393 1217 441 tacto
1256 386 1459 442 temore
1490 389 1743 457 prmcepit
1771 404 1838 444 ne
1868 394 1913 448 Α
1942 391 2174 459 gladium
2216 394 2390 461 posuit
2437 394 2573 464 quod
2621 392 2859 464 proximo.
2891 399 3158 465 vulnerat;
3193 401 3277 456 hic
3304 408 3517 474 sagittas

260 470 525 539 acciperet
555 471 668 525 tilio
706 485 807 527 suo
849 472 994 528 Isaac
1024 488 1243 529 uxorem
1289 476 1357 531 de
1396 478 1607 531 ﬁliabus
1632 477 1842 532 Chana-

260 576 513 616 πιθα-ηπ).
565 560 775 616 Famori
819 572 996 618 autem
1052 566 1325 634 subiunxit
1370 568 1735 636 po'entissime,
1783 578 1840 623 ut

257 654 603 708 reverendam
639 653 751 723 jam
789 654 1213 712 incarnationem
1251 658 1519 725 crederes,
1553 674 1711 729 quam
1748 675 1839 726 po-

260 746 413 799 tentia
453 745 755 799 Divinitatis
786 748 1095 817 assumpsit.
1134 748 1390 804 Similiter
1424 760 1475 804 et
1502 751 1839 820 sapientissi-

259 851 366 887 mus
387 836 481 890 ille
501 835 672 890 dixit:
702 835 919 891 Gladius
946 840 1060 909 ejus
1084 840 1140 893 in
1172 844 1362 908 femore
1382 842 1565 909 ipsius.
1594 841 1830 905 Addidit,

256 930 412 995 specie
471 939 560 981 tua
604 937 652 981 et
708 930 1087 997 pulchritudine
1136 942 1223 985 tua
1272 931 1442 1001 (Cant.
1496 948 1574 995 ttt,
1614 932 1692 1003 8).
1739 934 1835 987 llic

259 1037 534 1094 utramque
566 1034 809 1079 naturam
845 1028 1067 1092 positam
1095 1027 1371 1081 evidenter
1396 1028 1751 1095 agnoscimus,
1777 1036 1835 1080 ιη

257 1120 441 1183 species
469 1118 735 1184 pertineat
758 1119 821 1172 ad
848 1119 1251 1185 humanitatem,
1276 1122 1605 1191 pulchritudo
1628 1122 1691 1175 ad
1721 1121 1827 1175 dei-

258 1217 433 1261 tatem.
472 1207 563 1260 llla
595 1208 737 1262 enim
783 1210 973 1276 species
1005 1209 1142 1264 bene
1172 1210 1385 1280 dicitur,
1418 1211 1468 1265 in
1500 1228 1601 1280 qua
1636 1213 1832 1266 mundo

255 1298 500 1350 salutaris
540 1299 787 1366 apparuit
824 1315 839 1352 :
882 1299 983 1352 ista
1030 1300 1355 1368 pulchritudo
1390 1301 1664 1370 aptissime
1712 1319 1832 1371 pro-

257 1388 548 1453 nuntiatur,
585 1390 725 1443 unde
765 1390 945 1443 omnia
997 1391 1213 1460 pulchra
1252 1393 1475 1447 veniunt
1504 1408 1832 1464 quaecunque

188 1489 201 1497 ‘
257 1476 451 1531 decora
480 1487 627 1532 sunt.

317 1566 472 1619 ἴητε.
517 1564 571 1619 5.
611 1565 849 1632 Intende,
898 1579 943 1623 et
986 1586 1226 1640 prospere
1268 1575 1503 1640 procede,
1535 1584 1582 1627 et
1620 1590 1824 1645 regna:

256 1665 455 1724 propter
472 1658 737 1711 veritatem
763 1668 808 1711 et
837 1661 1274 1713 mansuetudinem
1298 1670 1344 1715 et
1364 1663 1646 1733 justitiam,
1671 1672 1717 1718 et
1743 1665 1833 1718 de-

1942 496 2063 549 quae
2090 484 2245 553 longe
2273 485 2572 553 diriguntur
2605 502 2619 539 :
2648 488 2849 541 srilicet
2878 499 2937 543 ut
2968 490 3521 560 incomprehensibilss

1941 576 2174 642 potentia
2206 575 2304 629 hac
2334 577 2679 631 similitudine
2719 592 3119 635 monstraretur.
3154 584 3329 637 Acuta!
3360 588 3521 653 perti-

1941 673 2070 719 nent
2112 665 2175 717 ad
2224 667 2655 721 transforationis
2710 671 3059 724 celeritatem.
3113 672 3512 739 Potentissimw,

1938 756 2057 823 quia
2090 757 2227 809 nulla
2260 758 2366 810 illis
2396 760 2614 813 materia
2647 763 2888 827 quamvis
2929 762 3209 818 durissima
3263 765 3517 832 probatur

1935 847 2221 909 obsistere,
2252 849 2462 915 quando
2491 848 2568 904 eis
2598 850 2810 904 insitum
2856 861 2936 905 est
2976 857 3220 907 cll'ectum
3267 869 3377 907 suae
3419 869 3515 908 vo-

1936 938 2154 991 luntatis
2186 937 2426 1005 implere.
2478 937 2666 1004 Populi
2703 941 2795 993 sub
2824 952 2870 993 te
2897 942 3098 1007 cadent,
3138 946 3515 998 conversiones

1937 1027 2201 1097 signiﬁcat
2248 1028 2560 1081 hominum:
2591 1032 2803 1098 quando
2839 1031 3116 1085 credentes
3155 1033 3204 1086 in
3244 1034 3515 1087 humilib—

1939 1128 2041 1171 tem
2082 1118 2304 1172 feliciter
2340 1121 2558 1188 cadunt,
2592 1121 2678 1191 qui
2720 1122 2864 1190 prius
2910 1121 3037 1175 vitio
3087 1127 3516 1193 pra‘sumptiouis

1935 1207 2096 1261 erecti
2143 1216 2294 1271 sunt;
2340 1208 2478 1264 sicut
2509 1210 2672 1264 Paulo
2701 1211 2942 1279 apostolo
2968 1213 3210 1281 contigit,
3245 1213 3332 1279 qui
3369 1215 3514 1267 vocis

1938 1298 2141 1351 Domini
2184 1299 2373 1367 sagitta
2420 1308 2749 1368 penetratus,
2788 1302 2839 1354 in
2871 1301 3057 1354 faciem
3091 1302 3301 1370 quidem
3333 1318 3516 1371 perse-

1934 1394 2089 1440 cutor
2116 1388 2337 1453 corruit,
2369 1390 2461 1442 sed
2502 1404 2621 1443 eum
2664 1390 2917 1444 continuo
2962 1390 3258 1459 apostolum
3306 1392 3513 1446 Domini

1934 1475 2152 1529 dextera
2193 1476 2509 1530 sublevavit.
2542 1475 2608 1531 In
2652 1480 2824 1545 corde,
2853 1485 3071 1547 exponit
3098 1481 3238 1549 quod
3270 1482 3514 1549 superius

1934 1566 2028 1630 ait,
2057 1566 2262 1632 cadent,
2296 1584 2399 1621 non
2443 1570 2662 1636 pedibus
2692 1573 2883 1638 quibus
2910 1587 3133 1641 corpora
3164 1575 3510 1639 sustinentur,

1936 1656 2029 1711 sed
2057 1657 2218 1711 corde
2248 1672 2352 1727 quo
2383 1660 2572 1712 animae
2615 1660 2837 1728 perﬁdia
2884 1661 3208 1716 sublevatur.
3254 1664 3325 1717 lbi
3368 1665 3510 1719 enim

254 1744 391 1797 ἀπα
424 1754 478 1797 ιε
504 1745 801 1799 mirabiliter
829 1746 1035 1801 dextera
1066 1757 1183 1802 tua,
1224 1751 1421 1805 Adhuc-
1457 1764 1604 1807 acms
1651 1769 1831 1809 sacra-
1863 1766 1910 1826 Β
1938 1748 2028 1817 qui
2072 1748 2333 1815 pmniteus
2378 1748 2539 1813 cadit,
2586 1758 2842 1821 resurgit;
2884 1761 2938 1805 et
2982 1755 3048 1807 de
3095 1769 3189 1807 sua
3236 1755 3513 1824 iniquitate

257 1838 477 1891 tissimus
522 1838 906 1892 incarnationis
945 1842 1251 1909 exponitur,
1283 1851 1337 1896 et
1365 1843 1585 1913 singulis
1612 1845 1831 1914 quibus-

253 1944 349 1994 que
393 1928 584 1982 verbis
629 1929 883 1984 miracula
938 1929 1103 1999 ipsius
1154 1935 1403 1999 potentiae
1453 1934 1829 2001 praedicuntur.

255 2018 473 2072 Intende
497 2019 699 2073 dictum
729 2028 830 2087 est,
862 2028 918 2073 ut
962 2020 1229 2076 hominem
1263 2031 1571 2090 pereuntem
1600 2023 1667 2079 de
1694 2025 1832 2080 ctelo

254 2111 537 2166 miseratus
580 2116 871 2180 aspiceret,
911 2114 1047 2167 sicut
1087 2115 1137 2167 iu
1176 2117 1332 2170 tertio
1377 2115 1585 2171 decimo
1624 2119 1831 2187 psalmo

253 2202 451 2254 dctum
489 2209 616 2254 est:
649 2200 900 2255 Dominus
937 2204 1000 2255 de
1037 2204 1162 2258 caelo
1207 2207 1466 2276 prospexit
1500 2223 1653 2276 super
1693 2209 1830 2278 ﬁlios

254 2292 515 2343 hominum
545 2290 717 2359 (Psat.
750 2307 800 2345 ιι
825 2308 865 2357 l,
892 2291 969 2362 Ξ).
1003 2292 1271 2365 Prospere,
1300 2297 1419 2364 quia
1448 2310 1562 2353 erat
1593 2300 1829 2354 humano

251 2382 427 2448 generi
484 2380 816 2435 liberationis
858 2381 1114 2439 benelicis
1158 2387 1514 2454 prmstiturus.
1561 2387 1825 2457 Procede,

252 2473 385 2525 velut
414 2487 649 2541 sponsus
676 2473 743 2527 de
767 2481 921 2529 utero
949 2476 1214 2545 virginali,
1242 2478 1380 2533 sicut
1412 2479 1667 2547 scriptum
1695 2490 1778 2537 est
1809 2499 1825 2538 :

252 2564 308 2614 Et
349 2567 467 2629 ipse
508 2571 751 2633 tanquam
797 2580 1010 2634 sponsus
1061 2567 1335 2635 procedens
1369 2569 1432 2623 de
1469 2570 1695 2626 thalamo
1735 2589 1827 2626 suo

252 2654 417 2719 (Psal.
449 2669 597 2718 xvm,
636 2653 716 2724 6).
752 2655 943 2724 Regna,
978 2657 1079 2712 hoc
1106 2670 1188 2713 est
1217 2660 1269 2714 in
1300 2660 1572 2715 hominum
1599 2662 1827 2718 creduli-

248 2753 346 2800 tate
370 2747 673 2815 potentiam
706 2756 809 2800 tute
838 2750 1129 2810 maiestatis
1163 2751 1405 2806 ostende.
1436 2751 1703 2808 Caeterum
1740 2753 1825 2808 Fi-

248 2836 340 2890 lius
366 2847 431 2891 et
457 2844 582 2891 ante
610 2834 790 2891 mundi
818 2838 1251 2894 constitutionem
1280 2855 1400 2894 cum
1429 2840 1587 2897 Patre
1613 2854 1663 2897 et
1698 2841 1822 2912 Spi-

247 2924 342 2978 ritu
371 2936 567 2979 sancto
596 2926 715 2981 sine
743 2926 1071 2981 dubitatione
1103 2930 1358 2998 regnavit.
1402 2928 1622 2999 Propter
1645 2933 1828 2987 veritaa

246 3023 359 3081 teut,
385 3016 523 3070 illud
543 3016 812 3085 designat,
843 3027 899 3071 ut
926 3020 1120 3073 veritas
1149 3019 1217 3073 de
1246 3028 1383 3075 terra
1422 3021 1673 3091 oriretur,
1703 3039 1823 3094 qua

1934 1838 2192 1905 deiectus,
2224 1839 2289 1893 ad
2330 1841 2579 1894 salutaria
2628 1841 2834 1896 Domini
2882 1844 3123 1897 mandata
3172 1848 3507 1903 transfertur.

1934 1927 2273 1982 Inimicorum
2304 1929 2479 1998 Regis,
2514 1931 2754 1983 inimicus
2792 1930 2989 1985 Christi
3030 1933 3181 1997 dicit,
3215 1936 3300 2002 qui
3331 1935 3510 2011 a‘lege

1930 2035 2159 2091 Superna
2187 2023 2454 2079 contraria
2479 2023 2749 2077 voluntate
2772 2024 3108 2078 dissentiunt.
3130 2023 3239 2078 Hoc
3265 2037 3343 2079 est
3368 2028 3512 2093 quod

1930 2119 2116 2172 titulus
2142 2117 2331 2188 psalmi
2360 2115 2639 2186 praecinuit
2664 2116 2845 2169 dicens
2874 2133 2886 2167 :
2919 2114 3024 2168 Pro
3055 2115 3133 2168 his
3169 2116 3255 2184 qui
3283 2132 3509 2169 commu-

1930 2208 2193 2277 tabuntur,
2223 2208 2346 2276 [iliis
2374 2206 2521 2261 Core.

2003 2299 2157 2355 Vcrs.
2188 2301 2239 2355 7.
2272 2298 2431 2355 Sedes
2460 2308 2549 2351 tua
2577 2294 2714 2349 Deus
2753 2296 2807 2349 in
2849 2296 3090 2350 secutum
3120 2300 3295 2351 διεθηιὶ
3324 2314 3343 2353 :
3364 2299 3506 2371 virga

1927 2399 2064 2445 recta
2099 2399 2171 2445 est
2200 2390 2343 2460 virga
2372 2389 2515 2459 regni
2543 2389 2636 2442 tui.
2665 2386 2823 2441 Venit
2852 2386 2914 2439 ad
2946 2384 3261 2442 laudationis
3292 2389 3507 2443 tertium

1928 2483 2167 2546 modum,
2198 2482 2287 2552 qui
2320 2492 2465 2535 recte
2495 2480 2688 2535 dicitur
2724 2480 2769 2534 A
2813 2495 2973 2535 causa
3001 2480 3203 2549 iudicii.
3241 2480 3335 2534 llic
3363 2481 3503 2534 enim

1926 2573 2069 2626 sedes
2111 2572 2203 2627 Dei
2243 2571 2307 2625 ad
2332 2570 2588 2640 judicium
2623 2571 2854 2639 pertinet
2884 2570 3143 2635 futurum,
3179 2571 3230 2623 in
3262 2585 3367 2638 quo
3394 2586 3507 2624 om-

1928 2663 2012 2717 nia
2041 2662 2302 2718 veraciter
2332 2671 2559 2716 :eternns
2601 2659 2905 2715 Moderator
2933 2661 3205 2715 examinat
3239 2671 3397 2729 atque
3424 2661 3508 2715 di-

1924 2752 2148 2822 iudicat.
2199 2749 2267 2805 In
2310 2749 2554 2805 sarculum
2590 2750 2797 2814 seculi;
2826 2750 3072 2817 quoniam
3100 2749 3352 2818 quidquid
3380 2764 3504 2802 con-

1925 2842 2183 2906 stituerit,
2221 2842 2363 2894 nulla
2397 2841 2593 2908 poterit
2619 2840 2872 2909 temporis
2899 2838 3233 2893 successione
3262 2838 3503 2892 dissolvi.

1932 2931 2146 3003 Virgam
2170 2946 2297 2985 vero
2319 2931 2552 2997 regulam
2577 2928 2773 2981 divina:
2798 2926 3059 2996 significat
3076 2929 3358 2996 aequitatis,
3384 2944 3502 2995 quia:

1925 3022 2190 3079 veraciter
2215 3026 2349 3075 recta
2368 3019 2581 3081 dicitur,
2609 3019 2727 3088 quia
2758 3016 2897 3072 nulla
2932 3018 3192 3087 pravitate
3226 3028 3499 3072 curvatur.

246 3110 530 3165 talsitatem
557 3118 797 3166 nostram
825 3125 917 3165 sua
940 3112 1325 3169 illuminatione
1345 3115 1641 3171 mandaret.
1668 3115 1819 3172 Man-
1846 3121 1891 3183 ο
1930 3116 2091 3187 Virga
2122 3115 2220 3170 ista
2263 3114 2436 3182 justos
2465 3112 2618 3182 regit,
2648 3110 2836 3179 impios
2866 3110 3116 3179 percutit,
3147 3109 3382 3163 continet
3412 3126 3507 3162 ve-

245 3204 461 3254 ssetudo
482 3216 608 3256 vero
631 3214 920 3257 monstrata
943 3213 1042 3266 est,
1070 3204 1281 3272 quando
1306 3205 1357 3259 in
1379 3206 1553 3261 crucis
1574 3206 1821 3263 at‘lixione

244 3308 333 3357 pro
374 3292 823 3363 persequentibus
867 3300 1126 3348 exorav't.
1175 3294 1387 3349 Iustitia
1422 3310 1548 3351 vero
1583 3296 1648 3350 ad
1694 3297 1823 3353 illud

244 3382 481 3450 respicit,
513 3383 637 3451 quia
669 3383 787 3446 pius
820 3382 1006 3436 ductor
1033 3392 1292 3453 praecepta
1324 3384 1573 3439 salutaria
1610 3384 1819 3441 inludit.

184 3484 195 3498 '
247 3472 469 3526 Desinat
509 3483 578 3535 te,
614 3472 669 3527 id
696 3482 781 3528 est
820 3488 914 3541 per
954 3488 1169 3527 cursum
1219 3474 1377 3527 totius
1413 3474 1534 3528 vita:
1567 3474 1821 3530 inoll‘ensa

248 3564 661 3619 conversatione
713 3563 996 3618 custodiet.
1066 3563 1398 3626 Miraln'titer,
1460 3566 1580 3634 quia
1635 3577 1821 3621 contra

245 3656 423 3710 mundi
452 3654 836 3723 inopinabilem
862 3655 1301 3710 consuetudinem
1335 3658 1490 3709 tertio
1515 3656 1603 3710 die
1638 3670 1821 3710 resur-

244 3756 487 3800 recturus
536 3756 655 3800 erat
701 3760 732 3798 a
780 3745 1032 3810 mortuis;
1086 3746 1225 3814 quod
1279 3747 1590 3800 miraculum
1641 3756 1821 3815 partes

247 3835 402 3891 tutius
445 3835 595 3889 orbis
639 3836 895 3905 implevit.
943 3834 1165 3889 Dextera
1212 3843 1301 3889 tua
1348 3838 1633 3905 potentiam
1662 3838 1821 3893 Verbi

245 3928 526 3997 signiﬁcat,
556 3942 659 3997 qua
687 3927 933 3983 universa
960 3938 1215 3997 operatur
1241 3942 1357 3998 quae
1386 3930 1499 3984 vult
1526 3932 1577 3984 in
1606 3932 1742 3985 caelo
1771 3937 1824 3986 et

246 4018 297 4071 in
318 4030 482 4073 terra.
512 4017 750 4073 Audiant
779 4019 881 4073 hoc
903 4019 1122 4073 verbum
1154 4018 1482 4074 detractores
1511 4019 1679 4088 impii.
1709 4019 1824 4074 Tua

243 4116 448 4166 dextera
470 4111 625 4175 dicit,
657 4110 759 4165 hoc
795 4119 877 4165 est
920 4110 1148 4180 propria!
1187 4110 1473 4165 voluntatis
1519 4112 1821 4167 instinctus.

244 4200 367 4255 llum
397 4203 443 4256 si
467 4202 649 4255 omnis
689 4214 784 4255 sua
831 4207 1092 4269 potestate
1134 4200 1276 4264 facit,
1306 4200 1445 4255 sicut
1483 4214 1606 4256 eum
1649 4200 1823 4257 facere

241 4292 587 4347 manifestum
615 4300 719 4353 est,
753 4291 1198 4360 quemadmmlum
1229 4300 1404 4360 potest
1433 4292 1628 4347 habere
1657 4294 1824 4362 maio-

241 4388 386 4441 rem?
410 4386 519 4444 Sed
550 4397 731 4441 contra
765 4386 906 4439 hunc
933 4386 1176 4438 morbum
1205 4384 1294 4439 illa
1324 4385 1467 4455 potio
1497 4384 1655 4440 debet
1682 4385 1825 4440 insa-

239 4480 320 4533 nis
360 4478 637 4533 mentibus
677 4476 918 4531 adhiberi
962 4494 975 4529 :

239 4573 411 4624 omnia
434 4586 549 4624 mea
577 4568 753 4624 Patris
784 4577 900 4623 sunt
935 4567 1116 4639 (Joan.
1162 4583 1289 4633 xvtt,
1322 4567 1435 4637 l0).
1460 4568 1647 4621 Omnia
1679 4568 1819 4623 enim

244 4662 412 4715 Patris
456 4675 567 4714 non
614 4659 851 4728 haberet,
895 4659 997 4713 nisi
1046 4668 1187 4714 esset
1230 4658 1449 4726 turmalis
1476 4656 1821 4729 ejusdemque

239 4766 470 4810 natm.

311 4845 467 4900 Veis.
511 4844 565 4899 6.
615 4842 829 4913 Sagitta:
868 4850 972 4897 tute
1013 4848 1180 4896 acuta
1216 4841 1616 4911 potentissima:
1645 4839 1821 4909 populi

235 4936 327 4988 sub
353 4946 409 4988 te
435 4936 623 4988 cadent
650 4936 702 4988 in
733 4934 886 4988 corde
910 4932 1230 4987 inimicorum
1264 4932 1434 5005 Regis.
1467 4930 1681 5001 Sagitta:
1701 4947 1825 4985 acu-

235 5038 303 5081 te
340 5036 471 5081 sunt
514 5027 677 5081 verba
724 5024 935 5081 Domini
981 5023 1295 5086 Salvatoris,
1340 5022 1611 5078 hominum
1659 5024 1821 5078 corda

234 5118 547 5173 salutariter
572 5116 879 5187 iungentia;
904 5130 1022 5185 quae
1051 5114 1174 5170 ideo
1203 5114 1483 5169 vulnerant
1514 5122 1571 5167 ut
1610 5121 1820 5182 sanent,

236 5210 361 5263 ideo
386 5208 696 5276 percutiunt
732 5216 793 5261 ut
831 5207 1079 5275 libarent,
1111 5205 1241 5262 ideo
1262 5212 1605 5274 prosternunt
1628 5210 1688 5258 ut
1712 5203 1822 5259 eri-

233 5308 387 5364 επι.
418 5298 523 5355 Sed
552 5296 828 5354 videamus
855 5298 956 5351 hoc
992 5298 1157 5353 telum
1186 5295 1354 5352 verbo
1378 5296 1470 5351 Dei
1502 5310 1604 5365 qua
1635 5295 1826 5349 simill-

233 5391 429 5445 sndine
452 5401 811 5461 comparetur.
859 5389 1074 5461 Sagittae
1116 5398 1198 5446 est
1234 5388 1432 5460 lignum
1475 5388 1616 5444 ferro
1651 5403 1825 5443 arma-

234 5494 374 5546 runt,
420 5483 571 5552 cujus
618 5482 789 5553 prima
827 5492 1056 5553 pennata
1098 5490 1256 5548 sunt;
1283 5482 1362 5536 sic
1387 5479 1605 5536 verbum
1637 5479 1728 5533 Dei
1760 5495 1824 5534 ex

235 5574 388 5642 tigno
442 5574 615 5629 crucis
659 5574 967 5642 egrediens,
1013 5580 1067 5629 et
1108 5572 1469 5627 fortitudinem
1517 5569 1824 5640 penetrandi

232 5667 433 5725 habet,
451 5674 500 5717 rt
524 5666 854 5722 velocitatem
877 5682 983 5736 quo
1009 5666 1235 5721 voluerit
1259 5663 1629 5739 perveniendi.
1652 5664 1824 5731 Supra

1931 3207 2127 3263 raciter
2178 3205 2561 3273 supplicantes.
2605 3199 2711 3258 Sed
2758 3203 2871 3255 haec
2904 3203 3043 3273 virga
3080 3217 3183 3255 non
3212 3201 3279 3256 de
3305 3202 3508 3271 cespite

1929 3299 2083 3371 152
2110 3296 2315 3351 arboris
2343 3295 2635 3367 egreditur,
2659 3291 2753 3347 sed
2782 3292 2850 3346 ab
2877 3293 3041 3361 ips-us
3063 3291 3284 3346 Deitatis
3308 3292 3504 3347 virtute

1926 3388 2184 3461 procedit.
2222 3386 2498 3442 Fortitudo
2544 3385 2758 3446 invicta,
2803 3384 3024 3453 aequitas
3071 3383 3390 3448 rectissima,
3423 3385 3504 3437 iu-

1923 3482 2171 3538 llexibilis
2217 3478 2524 3549 disciplina;
2554 3477 2621 3531 de
2650 3490 2753 3546 qua
2798 3474 2850 3529 in
2900 3476 3005 3530 alio
3042 3490 3253 3545 quoque
3299 3474 3501 3543 psalmo

1922 3571 2207 3629 dicendum
2244 3578 2366 3625 est:
2402 3567 2613 3638 Virgmu
2646 3568 2846 3622 virtut-is
2884 3576 2984 3620 tua:
3022 3566 3211 3620 emittet
3252 3564 3503 3619 Dominus

1923 3680 1985 3719 ea:
2024 3662 2153 3719 Sion
2188 3677 2210 3717 :
2244 3660 2585 3715 dominaberis
2628 3660 2682 3713 in
2728 3658 2895 3711 medio
2940 3657 3260 3710 inimicorum
3299 3668 3503 3708 tuorum

1924 3752 2096 3823 (Psal.
2124 3768 2234 3817 cut,
2263 3752 2341 3821 2).
2375 3750 2521 3805 lianc
2560 3750 2702 3803 enim
2732 3750 2924 3817 virgam
2952 3747 3080 3818 regii
3113 3746 3332 3800 honoris
3368 3748 3500 3801 insi-

1922 3856 2045 3912 gne,
2090 3849 2359 3909 sceptrum
2400 3838 2610 3894 dicebat
2652 3838 2961 3908 antiquitas,
3006 3836 3291 3908 designans
3337 3838 3388 3891 in
3438 3853 3501 3892 ea

1924 3935 2177 3987 virtutum
2210 3931 2406 4000 Regem
2438 3929 2721 3983 Dominum
2754 3930 3111 3983 Salvatorem.

2000 4024 2147 4082 νει-ε.
2182 4024 2234 4079 8.
2266 4020 2503 4077 Diletristi
2539 4022 2817 4090 justitiam,
2856 4030 2903 4075 et
2943 4021 3096 4073 odisti
3135 4018 3446 4087 iniquitatem
3478 4034 3499 4072 :

1925 4128 2194 4188 prapterea
2216 4116 2359 4169 unxit
2380 4123 2426 4167 te
2446 4112 2583 4168 Deus
2606 4110 2744 4165 Deus
2767 4122 2901 4165 tuus.
2926 4110 3042 4179 Ipsa
3059 4118 3143 4165 est
3165 4109 3307 4179 virga
3330 4119 3497 4174 recta,

1923 4222 2103 4262 amare
2140 4206 2444 4274 aequitatem
2489 4210 2544 4257 et
2584 4201 2763 4256 odisse
2802 4200 3113 4271 nequitiam.
3158 4200 3325 4254 Nemo
3353 4199 3500 4253 enim

1924 4296 2159 4367 perfecte
2188 4294 2355 4367 diligit
2385 4292 2665 4363 justitiam,
2707 4290 2808 4345 nisi
2856 4290 2944 4361 qui
2982 4299 3037 4345 et
3063 4298 3211 4343 actus
3237 4288 3499 4359 pessimos

1924 4394 2263 4451 exsecratur,
2315 4382 2564 4454 quoniam
2623 4381 2852 4437 diversis
2908 4380 3251 4451 qualitatibus
3308 4379 3499 4435 eodem
3548 4406 3555 4415 ε

1022 4476 1209 4529 Omnia
1254 4475 1425 4531 Patris
1456 4493 1567 4530 mea
1594 4487 1732 4542 sunt,
1772 4487 1819 4532 et
1848 4489 1901 4549 D
1926 4488 2163 4547 tempore
2191 4492 2295 4531 non
2328 4474 2490 4530 estin
2523 4488 2628 4529 uno
2666 4474 2833 4536 locus,
2876 4487 2973 4526 nec
3013 4480 3184 4539 potest
3228 4473 3344 4541 ipso
3387 4488 3507 4524 ms;-

1929 4578 2107 4625 mento
2136 4570 2203 4624 ibi
2244 4569 2449 4639 nigrum
2491 4566 2678 4629 videri,
2710 4566 2795 4619 ubi
2826 4565 3027 4619 candor
3056 4564 3330 4618 insederit.
3367 4562 3502 4616 Nam

1927 4671 1985 4718 et
2014 4659 2298 4730 praesentia
2330 4658 2463 4713 lucis
2495 4658 2665 4711 noctis
2688 4655 2923 4710 absentia
2954 4662 3058 4716 est,
3083 4657 3158 4707 sic
3186 4663 3239 4709 ct
3267 4654 3511 4707 veritatis

1926 4766 2079 4805 amor
2104 4758 2187 4803 est
2207 4749 2384 4803 odium
2415 4746 2677 4800 falsitatis.
2702 4742 2853 4801 Unde
2878 4760 2906 4796 a
2933 4744 3246 4813 quibusdam
3278 4742 3502 4811 pulchra

1925 4841 2203 4896 deﬁnitum
2235 4846 2318 4893 est
2351 4855 2364 4891 :
2400 4837 2703 4893 Substantia
2748 4844 2833 4890 est
2870 4836 3256 4889 contrariorum
3306 4846 3493 4900 capas,

1924 4931 2019 4987 sed
2054 4945 2159 4986 non
2204 4942 2314 4983 uno
2356 4936 2618 4996 tempore.
2656 4926 2762 4981 Sed
2801 4925 2884 4979 bis
2922 4924 3081 4979 rebus
3116 4938 3235 4992 quae
3282 4924 3505 4992 przentia

1923 5025 2032 5079 sint
2060 5022 2266 5080 reddita
2300 5022 2481 5077 subter
2516 5020 2735 5090 exponit
2759 5035 2774 5073 :
2809 5017 3089 5087 Propterea
3112 5016 3255 5071 unxit
3284 5026 3331 5069 te
3361 5014 3503 5068 Deus

1924 5115 2063 5170 Deus
2103 5124 2239 5170 tuus.
2292 5113 2491 5168 Unctus
2537 5111 2771 5167 christus
2810 5118 2866 5165 et
2912 5123 3094 5179 regem
3141 5106 3404 5179 signiﬁcat
3448 5114 3510 5160 et

1925 5207 2275 5270 sacerdotem,
2317 5206 2438 5276 quia
2469 5204 2755 5275 dignitates
2780 5203 2901 5256 ista!
2917 5200 3266 5256 sumebantur
3297 5215 3389 5267 per
3416 5210 3501 5251 δα-

1927 5298 2257 5354 cratissimas
2286 5298 2596 5358 unctiones;
2628 5310 2748 5349 nam
2778 5303 2836 5348 et
2872 5294 3042 5363 ipsum
3079 5307 3269 5346 nomen
3316 5288 3502 5342 christi

1929 5402 1957 5441 a
1986 5396 2172 5443 sancto
2210 5387 2497 5441 chrismate
2536 5386 2819 5457 vocitatur.
2860 5383 2965 5439 Sed
3000 5383 3067 5436 ab
3098 5382 3184 5435 illa
3216 5387 3367 5450 parte
3399 5394 3503 5432 un-

1929 5488 2047 5534 ctus
2074 5478 2285 5540 dicitur,
2318 5492 2419 5547 qua
2450 5476 2847 5543 dispensatione
2872 5482 2927 5527 et
2956 5482 3129 5535 natus,
3163 5481 3215 5526 et
3240 5480 3499 5534 mortuus,

1930 5580 1986 5626 et
2025 5569 2382 5624 resurrexis-e
2422 5569 2681 5621 veraciter
2711 5567 2903 5621 dicitur
2941 5563 3196 5617 Christus.
3236 5561 3504 5615 Caeterum

1931 5660 2104 5715 denas
2130 5658 2250 5728 eius
2276 5657 2419 5711 nullo
2452 5671 2690 5721 munere,
2720 5658 2862 5710 ηυιό
2907 5656 3107 5710 honore
3151 5652 3378 5723 indiguit
3404 5651 3500 5704 ad-
