4030 6172
479 233 587 290 825

1735 226 1804 285 Il.
1838 226 1981 285 AUR
1994 226 2134 283 ELll
2174 225 2573 284 CASSIODORI

3640 218 3747 278 32.“

480 344 667 415 iuvari.
701 344 965 416 Repetitio
992 352 1168 399 autem
1199 344 1296 398 ista
1325 356 1427 413 qua
1468 336 1665 398 dicitur
1716 342 1851 399 Deus
1889 343 2050 409 Deus,
2081 350 2134 405 Α
2159 341 2552 407 delectaverunt,
2579 339 2728 405 dicit,
2757 339 2808 394 id
2834 348 2919 394 est
2944 339 3011 393 ad
3037 347 3090 394 te
3113 352 3220 392 non
3253 333 3470 406 proprio
3495 349 3743 391 cucurre-

484 437 806 507 prarconium
836 450 1039 505 magna:
1076 433 1379 489 dilectionis
1408 432 1665 488 ostendit.

556 528 704 582 Vers.
733 527 786 582 9.
819 526 942 579 Oleo
969 526 1160 578 lmtftim
1186 539 1293 593 prce
1320 523 1630 579 consortibus
1661 526 1760 578 tuis
1785 541 1803 579 :
1829 524 2056 594 myrrha,

484 628 647 685 gutta,
673 626 718 670 et
743 616 882 668 casia
910 631 940 667 a
966 615 1270 668 uestimentis
1295 604 1414 668 tuis.
1442 610 1644 683 Duplici
1668 612 1829 668 modo
1856 614 2060 668 unctio-

485 723 603 760 uetn
643 707 786 760 illam
826 716 1064 759 sanetam
1114 706 1418 771 provenisse
1445 704 1731 774 significat.
1768 704 1948 758 Oleum
1972 705 2061 757 ιω-

486 799 609 851 u‘tise
658 804 741 851 est
793 797 993 863 peccati
1048 796 1307 849 maculam
1363 811 1468 849 non
1519 795 1757 859 habere;
1812 796 1951 852 unde
2000 809 2061 851 se

485 886 805 942 conscientia
837 900 1051 953 semper
1081 885 1365 947 exhilarat,
1394 884 1605 952 quando
1638 885 1779 938 nulla
1806 886 2061 941 recorda-

488 978 645 1033 tionis
675 977 961 1046 asperitate
985 974 1278 1030 mordetur.
1314 973 1435 1029 Prw
1455 976 1768 1028 consortibus
1797 978 1920 1040 tuis,
1946 992 2059 1046 pra:

490 1071 607 1125 filiis
656 1070 928 1123 hominum
957 1067 1103 1130 dicit,
1141 1081 1274 1135 quos
1304 1075 1358 1120 et
1399 1066 1511 1136 ipse
1541 1067 1593 1120 in
1627 1067 1914 1136 Evangelio
1954 1054 2062 1122 fra-

490 1171 596 1214 tres
617 1161 868 1228 appellat.
895 1158 1017 1212 Ideo
1038 1166 1214 1212 autem
1237 1157 1436 1211 dictum
1459 1166 1541 1212 est
1563 1198 1579 1224 ,
1625 1174 1730 1229 prce
1748 1160 2063 1213 consortibus

491 1253 614 1317 tuis,
650 1250 903 1320 quoniam
938 1250 1073 1303 hanc
1120 1248 1543 1303 benedictionem
1580 1263 1739 1317 supra
1776 1264 1939 1304 omne
1963 1250 2065 1304 hu-

493 1359 706 1396 manum
738 1357 905 1411 genus
942 1341 1281 1410 cognoscitur
1320 1340 1611 1409 accepisse,
1639 1349 1696 1395 ut
1737 1349 1926 1395 unctus
1955 1340 2063 1393 sin-

490 1434 746 1498 gulariter
776 1440 1006 1504 czeteros.
1036 1446 1234 1501 ungere
1257 1429 1547 1484 debuisset.
1572 1428 1629 1483 in
1661 1430 1748 1482 illo
1776 1431 1916 1485 enim
1944 1430 2065 1486 fons

491 1532 576 1577 est
600 1522 1006 1588 benedictionis,
1036 1538 1063 1574 a
1088 1539 1213 1593 quo,
1248 1529 1404 1589 prout
1433 1521 1532 1588 ipsi
1562 1520 1733 1575 visum
1762 1518 1943 1587 fuerit,
1970 1536 2065 1591 per

493 1616 772 1668 universos
799 1613 1000 1667 electos
1027 1620 1390 1681 competenter
1414 1619 1643 1665 emanat.
1679 1610 1782 1666 Sed
1814 1610 1928 1666 haec
1951 1627 2065 1666 om-

2170 445 2293 490 runt
2303 435 2522 504 judicio,
2535 433 2629 488 sed
2656 441 2741 486 tua
2759 429 3116 487 delectatione
3138 429 3406 499 perductae
3425 437 3569 482 sunt.
3592 424 3745 481 Filia

2163 542 2363 596 regum,
2412 528 2526 581 sive
2575 525 2849 579 hominum
2890 522 3130 577 ﬁdelium
3165 521 3253 590 qui
3292 528 3486 589 regunt
3520 533 3746 585 corpora

2162 631 2283 681 sua,
2314 625 2371 671 et
2395 616 2694 685 perducunt
2723 614 2857 669 filias
2892 627 3009 680 quia
3052 625 3207 667 sacro
3239 611 3556 678 baptismate
3582 623 3751 679 gene-

2162 715 2377 771 rantur;
2406 707 2527 760 sive
2574 703 2976 773 imperantium;
3007 701 3147 771 quod
3196 701 3504 771 frequenter
3538 700 3748 754 contin-

2159 800 2258 872 git,
2304 811 2359 854 ut
2408 800 2594 855 relicto
2636 798 2817 868 palatii
2870 798 3144 851 dominatu
3191 796 3408 851 soboles
3448 795 3746 863 principum

2160 894 2367 957 eligant
2395 890 2571 945 divina
2606 888 2845 944 servitia.
2886 888 3011 943 Ideo
3039 888 3183 942 enim
3212 886 3436 949 addidit,
3466 887 3521 939 iu
3557 886 3750 939 honore

2160 993 2273 1050 tuo,
2314 992 2373 1037 ut
2406 983 2710 1051 religiosam
2756 990 2989 1035 mentem
3038 978 3128 1035 tali
3176 978 3481 1045 designaret
3525 976 3740 1030 indicio.

2162 1073 2278 1127 Non
2308 1073 2448 1127 enim
2479 1073 2534 1128 in
2566 1072 2769 1126 honore
2800 1079 3006 1138 patrum
3047 1084 3266 1124 suorum
3307 1069 3569 1122 delectata:
3602 1076 3742 1129 sunt,

2164 1162 2258 1217 sed
2285 1164 2339 1215 in
2366 1162 2558 1215 honore
2589 1162 2797 1215 Domini
2827 1160 3137 1215 Salvatoris.

2241 1253 2388 1307 Vers.
2441 1255 2526 1310 ll.
2579 1254 2749 1317 Astitit
2796 1253 2991 1324 Regina
3033 1268 3066 1305 a
3105 1252 3295 1305 dextris
3338 1251 3436 1304 tuis
3478 1250 3533 1304 in
3569 1252 3749 1305 uestitu

2165 1344 2435 1417 deaurato,
2470 1344 2851 1397 circumamicta
2894 1343 3155 1396 uarietate.
3198 1341 3423 1395 Mirabili
3464 1352 3631 1395 totum
3661 1357 3750 1396 re-

2167 1436 2364 1489 latione
2416 1434 2755 1489 describitur.
2801 1435 2930 1502 Quaa
2979 1436 3145 1505 figura
3189 1433 3384 1489 dicitur
3426 1434 3751 1489 characteri-

2168 1542 2345 1591 smos,
2390 1526 2576 1581 Latine
2621 1524 2794 1596 (sicut
2841 1541 2985 1592 stepe
3029 1523 3291 1594 diximus)
3337 1525 3627 1592 descriptio
3664 1526 3751 1579 vel

2167 1616 2472 1671 informatio
2510 1616 2836 1671 nominatur.
2867 1617 3003 1670 Ante
3040 1615 3222 1669 oculos
3259 1615 3401 1669 enim
3442 1615 3747 1683 intelligen-

501 1708 585 1758 nia
627 1705 774 1759 carni
814 1704 1157 1767 conveniunt,
1196 1701 1280 1753 cui
1325 1699 1623 1769 piissimum
1661 1709 1716 1754 et
1746 1699 2068 1769 gloriosissi-
2099 1710 2144 1769 Β
2172 1707 2256 1761 tia:
2287 1705 2598 1775 redditqum
2625 1714 2843 1774 aspectu
2871 1719 3132 1774 corporeo
3162 1719 3265 1758 non
3294 1705 3558 1759 videntur.
3591 1704 3750 1757 Prius

497 1812 637 1849 mum
694 1793 923 1850 Verbum
983 1794 1186 1849 unitum
1239 1801 1322 1847 est
1369 1808 1463 1861 pro
1515 1793 1687 1846 salute
1730 1801 2064 1848 cunctorum.

498 1887 771 1955 Sequitur,
815 1885 1037 1955 myrrha,
1070 1895 1115 1939 et
1140 1893 1301 1955 gutta,
1325 1896 1371 1936 et
1400 1885 1535 1937 casia
1560 1900 1592 1937 a
1614 1884 1917 1938 vestimentis
1942 1886 2062 1945 tuis.

498 1978 652 2047 Saepe
705 1976 936 2031 diximus
989 1977 1195 2044 Species
1238 1974 1584 2030 terrenarum
1641 1990 1823 2030 rerum
1880 1974 2070 2030 indicia

499 2072 651 2123 nobis
697 2068 995 2143 caelestium
1045 2068 1410 2121 demonstrare
1457 2066 1746 2130 virtutum,
1795 2068 1915 2136 quia
1966 2081 2072 2121 non

500 2174 807 2232 poteramus
853 2160 1138 2230 quidquam
1176 2158 1245 2215 de
1289 2159 1377 2213 illa
1418 2159 1694 2225 majestate
1727 2173 2069 2228 cognoscere,

501 2256 599 2311 nisi
630 2255 782 2308 nobis
804 2254 870 2307 de
898 2256 1008 2322 ipsa
1037 2253 1231 2322 aliquid
1262 2266 1355 2320 per
1382 2252 1672 2306 mundanas
1700 2250 2074 2307 similitudines

502 2354 805 2418 appareret.
852 2346 917 2397 Et
963 2343 1084 2398 ideo
1120 2344 1411 2412 posteriora
1443 2342 1689 2396 versiculi
1722 2343 1875 2395 istius
1907 2342 2073 2410 prima

504 2436 678 2493 fronte
706 2436 1062 2500 declaremus,
1087 2443 1146 2487 ttt
1175 2433 1385 2487 nomina
1413 2446 1532 2501 qua:
1558 2431 1865 2501 praecedunt
1884 2432 2079 2485 clarius

503 2529 829 2584 elucescant.
863 2527 1113 2581 Saurtum
1149 2524 1352 2597 Domini
1393 2538 1584 2592 corpus
1609 2521 1873 2593 quoddam
1905 2523 2079 2583 Deita-

507 2620 576 2672 tis
605 2619 767 2671 fuisse
797 2615 1135 2684 cognoscitur
1170 2615 1562 2669 vestimentum.
1596 2614 1725 2667 Nam
1754 2612 1888 2669 sicut
1915 2613 2078 2667 vesti-

508 2711 603 2762 bus
632 2710 1011 2775 cooperiuntur
1038 2703 1274 2759 membra
1296 2705 1615 2769 mortalium,
1647 2704 1715 2758 ita
1740 2711 1793 2759 et
1825 2703 2079 2773 maiestas

512 2797 670 2852 Verbi
717 2796 1008 2851 infidelium
1056 2796 1224 2850 oculis
1271 2796 1445 2850 carnis
1496 2795 1758 2849 velamine
1802 2795 2080 2849 videbatur

509 2888 775 2945 abscondi.
810 2889 888 2943 Ab
921 2887 1020 2942 hoc
1050 2903 1177 2955 ergo
1206 2888 1547 2951 ves'imento,
1578 2886 1627 2940 id
1655 2894 1739 2941 est
1763 2886 2081 2940 incarnatio-

510 2980 590 3033 nis
632 2991 827 3033 arcano
859 2990 1090 3047 congrue
1135 2977 1342 3031 venisse
1382 2975 1574 3029 dicitur
1606 2973 1835 3043 myrrha,
1869 2983 2009 3043 gutta
2035 2982 2083 3026 et

2166 1797 2311 1852 enim
2351 1795 2543 1864 Sponsi
2585 1794 2923 1865 pulchritudo
2968 1794 3176 1849 laudata
3213 1802 3317 1857 est,
3360 1802 3539 1862 potea
3580 1795 3749 1847 virtus

2170 1884 2287 1953 ejus
2317 1892 2547 1949 asserta,
2580 1887 2735 1938 tertio
2761 1884 2917 1938 sedes
2955 1884 3119 1953 ipsius
3165 1893 3506 1953 poteStasque
3534 1894 3747 1938 narrata

2173 1984 2276 2031 est.
2308 1975 2375 2029 Et
2399 1974 2525 2044 quia
2552 1972 2784 2038 nuptiale
2826 1972 3077 2042 gaudium
3114 1974 3392 2045 agebatur,
3425 1973 3605 2029 odoris
3628 1989 3749 2028 sua-

2176 2066 2383 2139 vissitni
2407 2067 2614 2135 species
2654 2065 2754 2123 sub
2798 2065 3036 2135 mysticis
3083 2064 3611 2131 interpretationibus
3657 2079 3755 2117 no-

2176 2168 2396 2209 scuntur
2436 2154 2710 2229 adhibitae.
2743 2155 2943 2220 Quarto
2977 2154 3172 2209 dicitur
3216 2155 3381 2224 ipsius
3410 2170 3618 2223 quoque
3648 2153 3755 2209 Re-

2174 2247 2313 2315 ginae
2358 2245 2496 2299 unde
2546 2246 2724 2299 veniat
2771 2244 3033 2299 mirabilis
3089 2245 3447 2314 pulchritudo.
3498 2246 3647 2299 Tunc
3686 2246 3754 2297 ad

2174 2338 2408 2393 divinam
2439 2336 2713 2392 dexteram
2755 2343 2943 2392 ornata
2985 2336 3232 2404 pretiosis
3269 2336 3552 2390 virtutibus
3587 2336 3755 2389 collo-

2178 2438 2349 2491 catur,
2381 2435 2440 2482 ut
2470 2427 2642 2482 omnis
2688 2427 2863 2481 anima
2904 2424 3082 2481 fidelis
3108 2426 3161 2480 in
3191 2441 3473 2493 supernam
3510 2434 3754 2480 contem-

2182 2518 2465 2590 plationem
2493 2526 2754 2586 porrecta,
2774 2517 3015 2572 coelestia
3038 2528 3157 2572 v0ta
3179 2517 3489 2586 conspiciat,
3518 2518 3756 2585 sciatque

2179 2613 2388 2681 qualem
2439 2611 2511 2665 illi
2562 2610 2615 2665 in
2667 2611 2825 2671 tersis
2861 2609 3054 2664 debeat
3089 2610 3344 2664 exhibere
3378 2609 3758 2671 reverentiam,

2179 2718 2336 2774 quam
2359 2702 2411 2756 in
2434 2702 2571 2757 caelo
2593 2703 2667 2755 sic
2695 2701 2942 2768 inmugit
2962 2700 3296 2759 honoratam.
3321 2701 3432 2769 Ipsa
3458 2710 3540 2754 est
3566 2700 3759 2769 Regina

2181 2809 2298 2864 qua:
2326 2794 2377 2848 iu
2398 2792 2629 2848 Canticis
2652 2802 2981 2846 canticorum
3003 2792 3133 2845 dicit
3159 2807 3175 2843 :
3201 2790 3468 2845 Oscutetur
3488 2806 3565 2842 me
3587 2789 3761 2843 osculo

2184 2890 2290 2942 oris
2318 2888 2399 2940 sui
2421 2884 2592 2955 (Cant.
2627 2901 2663 2950 ι,
2700 2884 2775 2955 l),
2797 2892 2853 2940 et
2878 2893 3214 2953 caetera-qua:
3242 2883 3481 2953 mysticis
3507 2882 3762 2951 aanigmaa-

2188 2980 2329 3033 tibus
2368 2979 2457 3033 ille
2497 2987 2671 3032 textus
2711 2977 2994 3046 eloquitur.
3028 2977 3091 3030 Et
3119 2975 3396 3031 considera
3427 2975 3546 3044 quia
3578 2974 3761 3028 sedem

513 3065 668 3119 casia.
702 3062 915 3133 Myrrha
944 3069 1164 3115 mortem
1193 3062 1471 3131 significat,
1503 3074 1658 3129 quam
1691 3074 1786 3128 pro
1815 3059 2081 3113 hominum

2187 3066 2431 3138 superius
2477 3067 2706 3121 laudavit
2759 3066 2965 3123 Domini
3012 3065 3308 3120 Salvatoris
3338 3082 3354 3118 :
3388 3064 3473 3119 hic
3517 3074 3693 3117 autem
3733 3079 3765 3116 ιι

512 3159 684 3210 salute
722 3154 975 3223 suscepit.
1022 3152 1179 3207 Gutta
1216 3168 1343 3207 vero
1385 3167 1502 3221 qum
1537 3151 1729 3207 dicitur
1757 3153 2083 3206 ammoniaca

513 3247 734 3301 duritias
760 3255 910 3300 curat
947 3244 1013 3297 ab
1052 3245 1225 3310 aliqua
1257 3243 1574 3297 necessitate
1614 3252 1929 3295 contractas.
1958 3242 2088 3308 Quae

517 3337 736 3404 pulchro
778 3333 1125 3388 incarnatioui
1170 3330 1381 3385 Domini
1412 3340 1768 3400 comparatur,
1800 3331 1919 3401 quia
1944 3330 2088 3385 duri-

517 3431 641 3485 tiam
684 3427 858 3483 cordis
902 3427 1115 3480 humani
1165 3437 1345 3481 saneta
1400 3424 1771 3494 praedicatione
1822 3423 2086 3478 dissolvit.

518 3518 689 3583 Casia,
711 3534 827 3588 quae
848 3532 877 3571 a
896 3517 1091 3571 nosnis
1119 3515 1288 3569 fistula
1313 3515 1529 3581 dicitur,
1558 3514 1854 3583 redemptio
1878 3514 2091 3582 generis

518 3606 734 3661 humani
785 3622 880 3673 per
923 3620 1115 3673 aquam
1157 3604 1487 3673 baptismatis
1530 3603 1810 3667 indicatur,
1840 3603 2091 3672 quoniam

522 3700 619 3752 hoc
652 3697 827 3751 herbae
872 3711 1036 3766 genus
1076 3696 1292 3763 aquosis
1335 3695 1465 3751 locis
1504 3695 1690 3751 dicitur
1721 3692 1967 3750 inveniri.
2001 3695 2092 3750 llis

522 3791 680 3845 rebus
704 3789 861 3842 etiam
897 3787 1028 3841 odor
1076 3786 1213 3840 inest
1251 3785 1450 3851 suavis,
1481 3794 1539 3839 ut
1566 3785 1754 3839 merito
1786 3795 1983 3840 sanctae
2014 3786 2094 3838 in-

523 3878 817 3934 carnationi
867 3888 922 3933 et
977 3878 1146 3931 virtus
1201 3876 1480 3930 herbarum
1534 3886 1587 3931 et
1637 3877 1814 3931 odoris
1862 3877 2095 3932 suavitas

522 3975 889 4037 comparetur,
940 3966 1080 4020 sicut
1130 3965 1182 4017 in
1238 3966 1469 4020 Canticis
1523 3966 1850 4021 canticorum
1883 3966 2091 4037 Sponsa

523 4060 648 4113 dicit
690 4074 704 4111 :
748 4056 871 4111 Post
920 4057 1123 4110 odorem
1168 4066 1537 4126 unguentorum
1586 4066 1786 4111 tuorum
1835 4072 2095 4112 curremus

526 4148 695 4219 (Cant.
724 4163 763 4211 ι,
792 4145 870 4214 3).
1050 4136 1063 4143 Χ

601 4235 752 4290 Vera.
786 4235 871 4288 10.
902 4233 945 4287 Α
971 4233 1197 4287 domibus
1228 4234 1493 4288 eburneis:
1515 4251 1581 4290 ea:
1611 4235 1788 4305 quibus
1810 4246 1856 4291 te
1875 4236 2098 4290 delecta-

523 4335 699 4380 verunt
745 4326 869 4392 ﬁlia:
908 4340 1082 4392 regum
1123 4326 1174 4377 in
1209 4324 1395 4378 honore
1421 4339 1527 4379 tuo.
1571 4325 1627 4379 lu
1661 4335 1849 4394 quarto
1880 4327 2037 4381 modo
2065 4342 2095 4382 a

2189 3160 2380 3220 dextris
2413 3159 2634 3212 astitisse
2679 3157 2924 3228 Reginam
2958 3156 3106 3221 dicit,
3138 3156 3258 3223 quia
3284 3154 3500 3209 dextera
3534 3156 3764 3208 honora-

2190 3251 2311 3305 bilis
2355 3265 2477 3320 pars
2515 3259 2600 3304 est
2649 3249 2861 3318 Sponsi,
2894 3264 3049 3317 quem
3087 3257 3248 3313 caput
3272 3256 3479 3302 constat
3509 3260 3628 3302 esse
3661 3244 3770 3299 Ec-

2188 3340 2388 3395 clesiae.
2443 3339 2734 3408 Sequitur,
2782 3339 2835 3391 in
2888 3341 3065 3391 uestitu
3121 3336 3387 3393 deaurato.
3443 3337 3644 3390 Aurum
3701 3334 3771 3390 ad

2190 3431 2469 3487 charitatis
2495 3432 2751 3487 debemus
2782 3439 2965 3499 aptare
2995 3429 3277 3499 fulgorem,
3304 3440 3404 3495 qua
3435 3426 3633 3480 virtute
3657 3427 3771 3480 cir-

2190 3521 2435 3577 cumdata
2477 3531 2660 3574 sancta
2692 3520 2993 3589 resplendet
3024 3519 3278 3574 Ecclesia.
3308 3517 3374 3571 Et
3394 3531 3475 3570 ne
3494 3516 3668 3570 solam
3698 3516 3775 3570 ibi

2192 3612 2518 3682 iutelligeres
2535 3626 2655 3666 esse
2673 3611 3007 3679 charitateut,
3029 3613 3083 3664 in
3102 3611 3299 3677 uestitu,
3322 3610 3475 3671 dixit,
3500 3609 3776 3672 deaurato,

2194 3718 2299 3761 non
2329 3718 2511 3758 aureo.
2547 3700 2862 3757 Deauratum
2889 3703 3032 3756 enim
3064 3702 3311 3765 dicimus,
3342 3700 3553 3771 quando
3579 3714 3775 3767 super-

2194 3794 2348 3848 ducta
2374 3796 2579 3862 species
2607 3794 2723 3847 auri
2759 3796 2809 3846 in
2839 3793 3012 3861 aliqua
3042 3792 3259 3846 materia
3291 3791 3604 3862 glutinatur.
3639 3788 3776 3842 Ideo

2194 3893 2375 3940 autem
2416 3898 2574 3954 supra
2605 3885 2827 3938 virtutes
2848 3884 2980 3937 alias
3005 3883 3170 3952 gratia
3201 3881 3475 3937 charitatis
3502 3881 3782 3948 apparuit.

2195 3976 2317 4047 quia
2358 3977 2535 4031 omnia
2587 3975 2740 4047 153
2766 3975 2881 4043 ejus
2911 3975 3083 4044 fulgor
3111 3974 3345 4030 excellit.
3398 3972 3631 4035 Addidit,
3672 3972 3781 4023 eir-

2196 4068 2499 4121 cumamicta
2538 4067 2792 4121 varietate.
2847 4066 3244 4120 Perscrutemur
3278 4080 3373 4119 cur
3403 4062 3641 4117 Ecclesia
3673 4062 3779 4115 De.

2196 4156 2265 4213 de
2294 4158 2456 4211 vestis
2486 4156 2745 4210 varietate
2792 4156 3054 4220 laudetur,
3082 4156 3166 4210 cui
3199 4165 3364 4209 totum
3390 4154 3610 4222 simplex
3640 4167 3782 4207 con-

2196 4243 2346 4300 venit
2387 4254 2547 4319 atque
2587 4261 2774 4298 uuutn.
2822 4245 2927 4298 Sed
2972 4244 3056 4299 hic
3089 4246 3400 4305 uarietatem,
3436 4255 3527 4296 aut
3568 4241 3785 4310 linguas

2200 4333 2518 4404 multiplices
2561 4334 2858 4402 significat,
2902 4334 3026 4403 quia
3078 4335 3253 4389 omnis
3302 4349 3435 4402 gens
3482 4332 3785 4387 secundum

530 4432 754 4485 persona
778 4415 999 4482 Sponsa:
1026 4415 1138 4467 laus
1166 4416 1393 4468 sumitur
1413 4412 1628 4469 Christi.
1656 4415 1788 4470 Dicit
1810 4418 1948 4469 enim
1973 4433 2096 4486 pro-
2126 4439 2175 4497 υ
2200 4439 2353 4479 suam
2389 4424 2609 4494 patriam
2657 4424 2708 4477 in
2751 4424 2984 4479 Ecclesia
3016 4425 3189 4493 psallit
3215 4425 3451 4489 auctori;
3482 4434 3573 4476 aut
3608 4423 3783 4475 vir-ua-

532 4506 685 4572 pheta
714 4505 853 4557 unde
881 4502 1057 4555 veniat
1088 4503 1309 4569 Spons;e
1334 4502 1708 4573 gloriosissima
1739 4504 2095 4573 pulchritudo,

2205 4527 2313 4570 tum
2352 4516 2757 4584 pulcherrimam
2789 4516 3172 4571 diversitatem.
3212 4518 3445 4568 Ornatur
3471 4512 3615 4568 enim
3645 4527 3789 4566 auro

529 4612 646 4664 qua:
689 4595 752 4648 ad
801 4594 1004 4647 Domini
1035 4594 1305 4648 dexteram
1352 4596 1519 4647 locata
1551 4596 1822 4661 consistit;
1864 4595 1917 4649 id
1952 4606 2034 4651 est
2069 4614 2081 4649 ι

2202 4607 2593 4677 apostolorum,
2638 4618 2858 4677 argento
2906 4608 3301 4676 pr0phetarum,
3343 4603 3568 4674 gemmis
3616 4603 3785 4672 virgi-

530 4687 759 4740 domibus
789 4687 1038 4752 eburneis,
1060 4687 1199 4754 quod
1230 4687 1491 4755 signiﬁcat
1519 4694 1703 4739 ornata
1739 4688 1954 4755 palatia,
1983 4704 2101 4758 qua:

530 4779 743 4844 c0pioso
768 4778 931 4831 ebore
974 4778 1292 4830 vestiuntur.
1337 4775 1438 4831 Sed
1469 4776 1601 4831 ebur
1631 4792 1734 4831 non
1761 4778 1827 4832 ad
1853 4778 1993 4833 solas
2017 4778 2098 4832 di-

531 4868 683 4921 vitias
727 4867 1080 4937 intelligamus
1121 4874 1378 4936 aptatum,
1420 4866 1513 4920 sed
1563 4868 1811 4933 quoniam
1856 4868 2097 4937 elephas,

530 4956 681 5028 cujus
714 4958 827 5011 hinc
856 4972 973 5010 ossa
1015 4967 1157 5019 sunt,
1188 4957 1365 5010 nimia:
1405 4957 1665 5010 castitatis
1704 4958 1981 5027 asseritur,
2010 4960 2099 5026 qui

533 5048 672 5103 inter
699 5048 1059 5117 quadrupedia
1098 5058 1149 5100 ct
1182 5062 1339 5101 sensu
1368 5049 1592 5117 plurimo
1622 5048 1782 5112 valet,
1813 5057 1867 5103 et
1898 5060 2101 5119 tempe.

533 5146 714 5192 rattter
746 5144 994 5192 tn’scetur
1020 5140 1225 5191 feminae
1257 5152 1385 5199 suae,
1417 5147 1469 5189 et
1493 5140 1716 5209 conjuge
1736 5141 1969 5193 secunda
1994 5158 2098 5195 non

532 5232 725 5295 utitur;
766 5229 868 5284 hoc
916 5230 1119 5299 pudicis
1163 5228 1373 5283 feminis
1417 5229 1669 5284 decenter
1717 5240 1950 5298 aptatum
1994 5242 2097 5301 est,

532 5320 652 5389 quia
697 5320 795 5372 illa:
841 5321 891 5373 in
932 5319 1163 5373 domibus
1207 5318 1435 5371 eburneis
1480 5322 1735 5375 mansisse
1784 5334 2097 5394 noscuntur,

532 5427 652 5481 quae
688 5427 781 5479 per
811 5413 1112 5470 castitatem
1142 5406 1339 5463 Christi
1372 5407 1577 5464 Domini
1611 5422 1871 5479 praecepta
1903 5426 2100 5471 secutae

535 5512 673 5557 sunt.
718 5501 861 5555 lianc
887 5500 1028 5553 enim
1072 5498 1469 5554 translationem
1517 5501 1870 5569 probaverunt
1905 5505 2100 5560 doctis-

532 5594 653 5646 simi
688 5593 868 5646 l'atres
898 5590 1219 5659 Augustinus
1248 5601 1300 5645 et
1332 5590 1703 5663 Hieronymus.
1746 5595 1826 5648 Ea:
1854 5598 2033 5662 quibus
2057 5610 2100 5651 te

2204 4714 2351 4763 num,
2376 4711 2537 4753 cocco
2562 4710 2873 4766 martyrum,
2904 4712 3130 4764 purpura
3155 4696 3543 4763 pmnitentium.
3568 4693 3671 4747 l~ta
3698 4703 3787 4746 est

2201 4803 2330 4858 ergo
2358 4786 2587 4841 varietas
2615 4786 2851 4852 unitatis,
2876 4787 3189 4855 quasoculis
3217 4787 3421 4840 Domini
3444 4801 3507 4839 ex
3529 4785 3788 4838 omnibus

2202 4876 2446 4947 gentibus
2478 4877 2558 4944 pia
2588 4876 2990 4930 conversatione
3017 4877 3270 4943 placitura
3296 4874 3620 4931 contexitur.

2268 4969 2421 5024 Vers.
2445 4969 2526 5024 12.
2548 4970 2702 5038 Audi,
2724 4971 2852 5039 ﬁlia,
2878 4982 2925 5025 et
2954 4971 3087 5039 vide,
3116 4982 3165 5025 et
3190 4973 3381 5025 inclina
3403 4987 3578 5024 aurem
3605 4982 3783 5034 tatam,

2198 5068 2246 5113 et
2292 5060 2581 5117 obliviscere
2624 5062 2871 5130 paputum
2915 5073 3095 5125 tuum,
3140 5072 3190 5116 et
3219 5062 3426 5116 domum
3469 5062 3633 5127 patris
3680 5074 3784 5115 tm.

2198 5149 2397 5215 Sponsi
2420 5149 2576 5204 laude
2602 5160 2835 5217 cantata,
2860 5168 3000 5205 nunc
3020 5153 3244 5219 Spoiisse
3266 5152 3528 5219 praeconia
3556 5152 3785 5205 totidem

2204 5240 2396 5305 modis,
2427 5240 2520 5295 sed
2545 5241 2700 5309 longe
2725 5242 3043 5296 submissius
3070 5253 3229 5310 atque
3253 5243 3518 5296 humiliter
3545 5242 3782 5295 offerun-

2206 5338 2308 5383 tur.
2346 5326 2571 5383 Decebat
2595 5328 2737 5384 enim
2766 5330 2846 5382 Vel
2874 5330 3113 5384 secundo
3138 5332 3303 5399 gradu
3335 5331 3641 5385 illaudatam
3674 5346 3788 5386 non

2204 5420 2527 5488 relinquere,
2552 5437 2668 5489 quae
2703 5422 2793 5476 tali
2818 5436 2880 5476 ac
2908 5432 3051 5477 tanta
3080 5424 3274 5477 meruit
3290 5424 3629 5492 c0pulatione
3656 5440 3791 5491 gau-

2205 5512 2356 5566 dere.
2389 5511 2599 5565 Primus
2621 5527 2751 5581 ergo
2782 5512 2941 5567 istius
2972 5513 3144 5568 laudis
3189 5513 3375 5568 modus
3398 5525 3477 5567 est
3504 5529 3532 5566 a
3562 5515 3788 5582 specie,

2206 5602 2337 5653 sicut
2368 5601 2618 5655 inferiore
2643 5618 2796 5657 versu
2828 5603 3151 5671 declaratur.
3186 5604 3336 5659 Nunc
3368 5605 3432 5658 ad
3460 5606 3781 5673 exponenda
