4030 6172
302 280 399 337 5'25

1194 287 1544 344 LXPOSITIO
1581 286 1645 342 IN
1689 285 2141 343 PSALTERIUH.
2190 285 2378 341 l’SAL.
2427 283 2611 343 XLIV.

3457 289 3563 349 3‘26

298 404 460 456 verba
489 402 789 459 veniamus.
819 404 995 460 Stanti
1034 419 1160 476 ergo
1190 406 1256 461 ad
1294 407 1569 461 dexteram
1620 406 1827 461 Doluini
1852 448 1867 470 ,
1901 413 1945 468 Α
1974 421 2088 459 rum
2117 405 2270 461 istius
2297 406 2556 461 Vocabulo
2585 406 2816 465 civitatis
2836 449 2851 474 ,
2876 396 3084 465 animas
3117 411 3320 467 mavult
3340 412 3555 484 signin-

298 489 386 544 uhi
418 492 698 547 beatorum
728 491 881 547 locus
909 502 1010 559 est,
1046 494 1175 549 dicit
1196 510 1220 553 νς
1251 496 1408 562 Audi,
1444 494 1496 550 id
1525 506 1608 549 est
1647 496 1878 565 prOphe-

296 592 412 644 tas,
463 583 555 651 qui
606 583 1030 640 incarnationem
1063 585 1275 640 Domini
1316 587 1490 642 veraci
1523 584 1877 655 promissione

295 672 646 739 cecinsrunt;
673 681 937 743 quatenus
966 674 1145 729 audita
1166 675 1434 745 crederet,
1455 683 1512 731 et
1532 676 1732 731 credita
1754 689 1874 730 mox

296 766 527 819 videret.
570 762 771 821 Filiam
798 782 925 822 vero
952 768 1148 823 merito
1191 768 1451 838 propheta
1498 778 1654 824 vocat
1690 768 1880 825 Eccle-

298 859 429 913 siam
456 874 475 923 ;
506 858 630 926 quia
660 859 781 927 ejus
822 858 1293 926 praedicationibus
1331 862 1533 915 sanctis
1560 860 1772 929 genitus
1796 870 1878 916 est

301 949 528 1018 populus
550 949 917 1005 Christianus.
947 951 1010 1005 Et
1036 951 1171 1017 vide,
1199 953 1299 1006 sub
1325 952 1680 1022 gratulatione
1700 952 1879 1006 dicen-

297 1038 423 1092 dum
466 1047 551 1092 cst
579 1055 594 1091 :
626 1040 881 1105 quoniam
925 1040 1170 1108 Sponsus
1211 1041 1303 1111 qui
1335 1042 1428 1096 tibi
1473 1041 1881 1111 promittebatur

298 1131 535 1192 advenit,
568 1130 619 1183 in
652 1145 758 1198 quo
783 1140 870 1185 est
894 1145 1069 1194 amor,
1100 1132 1292 1201 gloria,
1333 1142 1386 1187 et
1426 1132 1677 1201 gaudium
1708 1141 1875 1186 tuum.

299 1221 574 1292 Sequitur,
603 1232 651 1275 et
671 1221 867 1275 inclina
893 1239 1068 1277 aurem
1101 1233 1279 1291 tuam;
1304 1225 1449 1293 quod
1472 1225 1753 1293 oportebat
1780 1225 1883 1279 Ec-

298 1313 519 1368 clesium
554 1312 751 1378 facere,
786 1324 843 1367 ut
874 1314 1257 1370 honorabiliter
1280 1316 1560 1397 prophetae
1583 1317 1740 1372 verba
1766 1328 1883 1384 per-

299 1406 525 1472 ciperet.
584 1402 892 1457 Obliviscere
932 1419 1058 1459 vero
1082 1445 1095 1470 ,
1129 1406 1298 1469 dixit,
1344 1406 1588 1477 pupulum
1614 1415 1797 1470 tuum;
1830 1406 1879 1461 id

300 1506 377 1552 est
404 1496 600 1551 desere
622 1537 638 1561 ,
672 1506 723 1551 et
750 1511 785 1548 a.
813 1496 916 1550 tuis
945 1497 1139 1551 animis
1181 1498 1359 1552 aliena
1409 1498 1577 1553 eftice‘
1605 1498 1881 1553 conventi-

300 1587 417 1641 cula
473 1600 838 1653 paganorum,
888 1586 1002 1651 sive
1053 1586 1461 1655 superstitiones
1511 1587 1882 1642 insanissimas

302 1677 629 1731 Judzeorum.
666 1674 883 1728 Domum
915 1676 1257 1747 Babyloniam
1291 1678 1580 1747 signiﬁcat,
1609 1693 1728 1747 quae
1753 1692 1883 1732 coo-

1974 510 2100 553 care
2143 496 2396 551 tldelium.
2450 497 2565 555 Non
2611 498 2753 554 enim
2798 501 2913 555 sola
2942 500 3110 572 Tyrus
3155 504 3289 559 ﬁlias
3335 503 3553 575 protulit

1974 585 2179 650 fideles,
2210 587 2303 641 sed
2344 589 2504 642 etiam
2536 591 2697 644 totius
2739 591 2919 647 mundi
2961 593 3194 648 adunau
3245 596 3547 652 diversitas.

1974 679 2315 748 Quapropter
2339 681 2438 734 hoc
2464 684 2681 735 schema
2709 683 2902 738 dicitur
2933 684 2974 739 A
3004 694 3152 754 parte
3181 693 3371 742 totum.
3401 685 3555 741 Filia!

1978 768 2156 836 itaque
2195 768 2426 838 gentium
2468 771 2521 823 in
2562 772 2851 826 muneribus
2878 775 3072 827 vultum
3098 777 3432 843 deprecantur
3455 775 3557 831 Ec-

1975 857 2194 923 clesiae,
2236 858 2449 927 quando
2493 862 2866 931 eleemosynas
2919 862 3001 931 pia
3053 865 3324 920 voluntate
3374 867 3555 921 distri-

1977 948 2167 1004 buunt.
2221 950 2338 1019 Ipsa
2385 960 2511 1005 sunt
2557 952 2699 1007 enim
2737 968 2953 1008 munera
2978 996 2992 1018 ,
3022 971 3141 1025 quae
3174 956 3439 1012 Divinitati
3466 960 3555 1011 ni-

1980 1024 2145 1092 mium
2195 1040 2486 1107 probantur
2514 1052 2754 1109 accepta.
2779 1043 2928 1097 Tunc
2954 1024 3096 1097 enim
3137 1045 3189 1099 in
3220 1047 3425 1101 vultum
3454 1049 3556 1103 Ec-

1978 1130 2174 1196 clesia,
2205 1130 2255 1184 id
2280 1139 2367 1186 est
2393 1131 2445 1185 in
2469 1132 2756 1186 Christiani
2788 1133 2966 1201 populi
2992 1133 3179 1188 faciem
3209 1136 3549 1207 intendimus,

1979 1222 2191 1290 quando
2220 1223 2555 1288 maiestatem
2601 1222 2803 1279 Chri~ti
2854 1226 2958 1292 piis
3008 1226 3217 1282 ﬂetibus
3249 1244 3549 1285 exoramus.

1982 1312 2171 1367 (James
2200 1315 2377 1369 divites
2408 1316 2586 1383 plebis,
2612 1316 2940 1386 jungendum
2968 1327 3049 1371 est
3077 1320 3464 1387 superioribus,
3497 1332 3553 1375 ut

1980 1402 2051 1456 sit
2077 1403 2218 1458 istud
2251 1405 2602 1472 hyperbaton,
2638 1406 2793 1460 idest
2830 1410 3178 1461 transcensio.
3212 1406 3368 1463 Filia:
3405 1409 3552 1479 Tyri,

1983 1510 2167 1549 omnes
2195 1511 2312 1564 quae
2349 1505 2476 1550 sunt
2498 1497 2689 1551 divites
2720 1498 2893 1564 plebis
2924 1498 2974 1551 in
3014 1499 3326 1553 muneribus
3352 1501 3553 1554 vultum

1985 1593 2132 1639 tuum
2162 1586 2612 1653 deprecabuntur.
2642 1588 2788 1640 Ordo
2811 1588 2953 1641 enim
2992 1588 3074 1643 hic
3105 1591 3387 1644 verborum
3420 1607 3551 1658 pra:-

1987 1677 2268 1744 posteratis
2297 1676 2636 1730 sermonibus
2657 1678 2994 1743 explanatur.

302 1781 380 1820 ira
417 1766 716 1822 Ecclesiam
744 1764 941 1821 Christi
973 1767 1312 1835 ncquissimis
1343 1768 1531 1822 incolis
1562 1768 1789 1837 gaudet;
1825 1776 1880 1821 et
1914 1786 1954 1842 Β
2056 1768 2205 1824 Vers.
2243 1768 2328 1823 15.
2363 1768 2543 1823 Omnis
2573 1768 2737 1839 gloria
2775 1772 2889 1839 ejus
2919 1770 3042 1835 ﬁlio:
3070 1786 3245 1840 regum
3275 1772 3337 1823 ab
3364 1772 3500 1824 intus
3530 1785 3552 1824 .-

301 1859 352 1910 in
385 1860 490 1911 hoc
537 1857 738 1911 mundo
790 1857 1069 1925 possidens
1119 1859 1354 1912 confusae
1386 1858 1552 1927 plebis
1596 1859 1831 1911 animum
1858 1897 1872 1922 ,

302 1961 509 2017 partem
539 1967 568 2004 s
590 1950 642 2004 bi
676 1950 911 2003 vindicat
955 1948 1305 2018 perditorum.
1340 1949 1511 2003 Patris
1541 1950 1655 2014 tui,
1688 1949 1813 2003 diab
1837 1970 1877 1995 ι-

304 2044 410 2096 lmn
442 2042 607 2107 dicit,
637 2043 725 2111 qui
771 2057 951 2095 revera
986 2040 1128 2096 illaut
1176 2041 1508 2095 confusionis
1536 2041 1751 2095 domum
1793 2055 1878 2093 se—

1977 1860 2031 1911 in
2060 1859 2276 1926 ﬁmbriis
2305 1863 2473 1912 aureis
2494 1860 2872 1912 circumamicta
2894 1860 3147 1913 varietate.
3174 1861 3329 1915 Vides
3354 1877 3544 1930 quem-

1978 1952 2264 2006 admodum
2314 1953 2365 2005 in
2427 1952 2677 2005 Ecclesxa:
2724 1952 2987 2020 prmconio
3019 1948 3346 2019 perseveret.
3371 1951 3552 2007 Gloria

1978 2054 2060 2098 est
2090 2042 2351 2113 siquidem
2384 2043 2653 2107 Ecclesiae,
2687 2043 2900 2110 quando
2946 2041 3065 2096 lilize
3094 2043 3413 2111 principum,
3439 2043 3552 2099 sive

302 2136 539 2186 cundum
579 2132 810 2187 nominis
840 2133 922 2187 sui
952 2133 1446 2201 interpretationem
1486 2134 1725 2187 noscitur
1758 2146 1881 2200 pos-
1973 2130 2239 2201 iustorum
2284 2141 2664 2185 convertuntur
2694 2131 2757 2184 ad
2792 2131 3070 2185 Dominum
3098 2166 3115 2195 ς
3145 2142 3199 2186 et
3236 2144 3441 2189 secreta
3486 2150 3549 2191 se

303 2225 502 2278 sidere.
553 2222 661 2278 Sed
701 2222 980 2277 considera
1010 2223 1149 2291 quod
1199 2223 1313 2278 haec
1361 2221 1595 2277 Ecclesia
1649 2230 1774 2275 tunc
1804 2220 1875 2276 ibi

303 2312 637 2380 morabatur,
664 2330 785 2367 cum
816 2314 1052 2368 ctelestis
1080 2314 1270 2382 δροπεί
1302 2314 1525 2383 gratiam
1559 2329 1662 2366 non
1707 2312 1877 2369 habe-

301 2415 415 2471 ret;
447 2406 592 2459 unde
619 2415 675 2459 et
719 2405 864 2471 fusca
898 2405 1093 2474 legitur
1125 2422 1139 2458 :
1174 2388 1300 2459 tunc
1346 2415 1525 2458 autem
1565 2405 1730 2458 nimio
1761 2404 1878 2472 pul-

302 2494 629 2550 chritudinis
669 2495 862 2549 decore
916 2493 1128 2562 perfusa
1170 2503 1288 2558 est,
1314 2492 1528 2563 quando
1557 2507 1673 2547 eam
1704 2491 1882 2549 Dolui-

302 2602 399 2641 nus
431 2586 501 2641 de
522 2585 769 2653 gentibus
798 2598 876 2639 εει
910 2585 1158 2655 dignatus
1184 2585 1405 2652 eligere.

369 2674 532 2728 Vers.
568 2672 654 2729 l5.
683 2673 853 2740 Ωιιοηὶ
888 2689 938 2725 m
972 2672 1254 2744 concupivit
1289 2672 1398 2727 Rea;
1421 2671 1638 2743 speciem
1688 2670 1879 2733 tuam:

302 2767 421 2834 quia
447 2767 555 2836 ipse
597 2774 669 2819 est
702 2765 949 2819 Dominus
983 2765 1115 2819 Deus
1147 2776 1264 2819 tuus
1291 2806 1304 2828 ,
1338 2774 1384 2817 et
1423 2766 1714 2819 adorabunt
1740 2782 1878 2818 eum.

304 2856 398 2911 llic
429 2866 514 2910 est
555 2856 742 2909 modus
771 2856 944 2911 laudis
973 2872 1131 2925 quem
1161 2857 1407 2925 superius
1442 2857 1675 2911 diximus
1702 2872 1733 2911 a
1763 2872 1885 2925 spe-

303 2948 403 3002 cie.
445 2948 557 3001 Res
584 2947 760 3016 itaque
789 2949 891 3003 iste
919 2948 1167 3005 Salvator
1194 2959 1279 3005 est
1323 2950 1614 3018 Dominus,
1641 2952 1731 3019 qui
1761 2967 1881 3004 eon-

305 3038 492 3107 cupirit
522 3037 814 3093 Eccle-iam
839 3040 1294 3107 prmiaricationis
1321 3042 1473 3107 culpa
1502 3040 1554 3095 in
1598 3043 1884 3107 sortegdiao

1974 2221 2199 2291 cupiunt
2219 2221 2500 2276 devotioiue
2521 2220 2698 2274 cordis
2723 2220 2934 2274 oll'erre.
2960 2222 3032 2274 Ab
3063 2223 3198 2276 intus
3221 2225 3361 2277 enim
3386 2224 3551 2295 signi-

1980 2316 2103 2368 ticat
2124 2319 2329 2366 secreta
2353 2326 2625 2370 sensuum.
2652 2325 2755 2364 non
2782 2314 3219 2379 concrepantium
3244 2313 3543 2391 labiorum;

1979 2405 2067 2459 ubi
2095 2405 2317 2459 interior
2339 2403 2498 2459 homo
2527 2405 2683 2458 tacita
2710 2403 3030 2473 cogitatione
3054 2406 3278 2460 revolvit
3300 2408 3437 2474 quod
3472 2409 3538 2462 ad

1980 2492 2158 2548 divina
2188 2495 2440 2564 mysteria
2488 2495 2754 2561 pertinere
2799 2494 3158 2562 cognoscitur.
3204 2496 3290 2550 Sic
3320 2497 3462 2551 enim
3494 2507 3550 2553 et

1981 2589 2034 2643 in
2063 2587 2297 2644 Canticis
2325 2590 2655 2642 canticorum
2698 2588 2766 2642 de
2807 2588 3043 2642 Ecclesia
3071 2587 3269 2642 dictum
3300 2600 3384 2645 est
3412 2606 3426 2644 :
3459 2590 3551 2645 lu-

1978 2678 2209 2733 troduxit
2229 2694 2306 2731 me
2330 2677 2438 2732 Rea;
2461 2679 2514 2730 in
2534 2678 2819 2731 cubiculum
2841 2694 2993 2731 suum
3011 2678 3182 2749 (Cant.
3209 2695 3263 2744 ll,
3288 2680 3366 2750 4).
3394 2683 3550 2736 Istam

1980 2771 2303 2827 locutionem
2333 2769 2456 2836 ﬁlia:
2492 2785 2666 2837 regum
2703 2769 2766 2822 ab
2795 2770 2954 2836 intus,
2986 2771 3128 2825 inter
3159 2774 3370 2840 propria
3419 2774 3551 2843 legis

1980 2860 2179 2915 divinat
2207 2873 2552 2923 connumera,
2582 2874 2738 2927 quam
2765 2859 2816 2912 in
2838 2861 3227 2923 communione
3247 2860 3377 2933 [ed.,
3404 2880 3551 2918 com-

1981 2945 2163 3019 mune]
2196 2962 2299 3002 non
2359 2948 2619 3002 invenies.
2677 2946 2967 3016 Sequitur,
3016 2949 3068 3003 in
3119 2949 3335 3016 ﬁmbriis
3382 2956 3554 3008 aureis

1982 3039 2362 3093 circumamicta
2381 3037 2638 3092 varietate.
2657 3033 2905 3092 Fimbriw
2919 3047 3046 3094 sunt
3066 3040 3284 3095 [initiata
3304 3044 3551 3111 vestium,

304 3128 415 3182 bdi
442 3130 786 3183 constitutam
811 3171 829 3195 ,
860 3144 1020 3199 quam
1060 3131 1517 3197 speciosissimam
1559 3131 1687 3187 fecit
1731 3131 1847 3201 ipse
1867 3175 1879 3194 .
1910 3145 1954 3204 ς
1985 3148 2101 3202 qua:
2129 3132 2181 3185 in
2203 3131 2431 3185 stamine
2454 3130 2714 3198 colligata:
2737 3138 2986 3199 tanquam
3008 3131 3317 3201 capillorum
3341 3145 3552 3200 segetes

302 3236 411 3273 non
440 3223 659 3289 reperit.
696 3220 856 3276 Fceda
887 3232 1023 3284 erat,
1056 3237 1178 3275 cum
1209 3239 1328 3278 eam
1374 3223 1590 3279 tenebat
1622 3226 1834 3278 invasnr
1862 3241 1877 3278 :

303 3312 528 3377 pulchra
560 3312 827 3380 factaest,
870 3328 991 3368 cum
1023 3315 1087 3367 ad
1117 3329 1275 3369 suum
1305 3316 1562 3369 remeavit
1588 3325 1879 3369 auctorem.

303 3404 377 3461 De
405 3421 511 3476 qua
544 3405 774 3476 legitur,
808 3422 921 3474 qua:
960 3415 1035 3459 est
1078 3406 1175 3459 ista
1220 3422 1335 3477 quia
1374 3408 1601 3461 ascendit
1649 3406 1884 3461 dealbata

301 3495 489 3571 (Cant.
510 3512 627 3560 vni,
653 3496 748 3565 5)!
780 3497 845 3551 Et
869 3498 1153 3552 considera
1181 3499 1323 3567 quod
1353 3498 1467 3553 lucc
1493 3499 1699 3567 Sponsa
1726 3499 1881 3568 quasi

301 3588 461 3641 simili
496 3588 749 3641 laudatur
773 3588 947 3654 initio,
979 3589 1122 3641 sicut
1167 3589 1413 3656 superius
1442 3592 1507 3644 de
1534 3589 1744 3656 Sponso
1771 3588 1885 3642 dic-

304 3688 411 3733 tum
459 3688 590 3733 est:
626 3676 900 3747 Speciosus
942 3681 1108 3748 {arma
1140 3694 1245 3745 prie
1288 3679 1410 3747 ﬁliis
1454 3680 1733 3733 hominum.
1776 3678 1883 3734 Sed

304 3771 389 3826 ille
414 3774 466 3825 in
498 3772 683 3839 specie
723 3785 817 3824 sua
857 3771 1057 3826 habere
1095 3773 1268 3825 dictus
1320 3782 1403 3826 est
1438 3773 1523 3841 pul
1562 3773 1882 3828 hritndinem

303 3864 635 3931 singularem
666 3878 682 3927 ;
714 3863 827 3917 haec
865 3877 995 3918 vero
1036 3863 1157 3917 ideo
1197 3864 1415 3933 pulchra
1446 3877 1564 3930 est,
1618 3868 1741 3931 quia
1782 3865 1884 3920 sibi

304 3967 418 4007 eam
447 3953 681 4008 sociavit
704 3952 963 4023 Sponsus.
1002 3954 1089 4007 Sic
1121 3962 1291 4009 torum
1336 3956 1588 4010 disuncte
1636 3956 1886 4023 varieque

304 4045 525 4109 dicitur;
555 4046 799 4115 quamvis
829 4046 962 4114 ipsis
991 4046 1144 4099 lineis
1173 4056 1230 4101 et
1250 4044 1464 4115 Sponsa
1495 4036 1761 4100 laudetur.
1789 4046 1882 4102 Se-

302 4137 522 4203 quitur,
562 4137 700 4202 Quia
740 4138 849 4203 ipse
876 4146 949 4190 est
996 4136 1243 4192 Dominus
1290 4137 1429 4191 Deus
1472 4149 1612 4191 tuus.
1646 4137 1759 4191 Non
1793 4138 1881 4194 ille

301 4243 460 4295 quem
491 4237 701 4298 patrem
752 4228 995 4295 dicebas,
1029 4244 1131 4283 non
1162 4232 1250 4298 qui
1300 4240 1350 4284 te
1394 4228 1594 4283 fecerat
1627 4230 1878 4284 tenebro-

302 4331 414 4370 sam
445 4334 462 4381 ;
497 4319 597 4371 sed
632 4317 732 4371 iste
760 4328 832 4372 est
862 4318 1110 4373 Dominus
1139 4317 1279 4372 Deus
1305 4328 1439 4383 tuus,
1486 4319 1573 4389 qui
1607 4320 1883 4388 pristinam

302 4407 632 4461 submovens
663 4408 987 4472 fmditatem,
1038 4409 1482 4476 pulchritudinem
1533 4409 1627 4463 ιιὺί
1659 4411 1886 4464 contulit

1985 3221 2323 3290 dependent;
2360 3235 2452 3289 per
2479 3234 2611 3290 quas
2659 3221 2934 3275 hominum
2960 3223 3067 3277 vita
3098 3224 3425 3293 signiﬁcatur
3453 3243 3551 3283 ex-

1984 3322 2169 3368 trema.
2207 3312 2332 3366 llaec
2361 3326 2467 3366 non
2512 3311 2761 3366 deaurata
2808 3314 2894 3381 (ut
2930 3312 3116 3385 supra)
3161 3315 3256 3369 sed
3302 3331 3443 3371 nunc
3472 3318 3549 3373 illi

1983 3418 2105 3457 esse
2134 3418 2288 3456 aurea
2317 3401 2623 3471 proﬁtetur;
2653 3402 2773 3472 quia
2803 3401 2855 3456 in
2886 3402 2989 3458 fine
3020 3412 3128 3458 tota
3152 3405 3409 3473 perfectio
3437 3418 3544 3473 est,

1987 3496 2074 3551 ubi
2100 3495 2337 3550 charitas
2382 3510 2488 3549 non
2517 3500 2766 3564 tanquam
2796 3494 3050 3550 deaurata
3076 3500 3426 3565 COItSpiciltlt‘,
3455 3502 3546 3555 svd

1979 3587 2089 3658 jam
2131 3588 2435 3656 plenissima
2484 3594 2737 3656 tanquam
2801 3602 2956 3639 aurea
3000 3588 3281 3655 reperitur.
3326 3589 3551 3644 Circum-

1984 3684 2172 3735 amicta
2197 3695 2322 3734 vero
2351 3678 2591 3732 uarietate
2613 3718 2629 3742 ,
2659 3677 2825 3743 dicit,
2862 3686 3078 3747 propter
3121 3680 3292 3734 varias
3331 3683 3553 3737 virtutes

1987 3773 2243 3838 ﬁdelium,
2265 3787 2398 3842 quas
2425 3773 2669 3840 superius
2696 3779 2907 3826 constat
2926 3772 3217 3842 expositas.
3247 3772 3449 3840 Quibus
3475 3775 3552 3828 di.

1985 3863 2326 3916 versitatibus
2383 3861 2603 3927 induta,
2633 3874 2872 3933 .necesse
2920 3868 3004 3915 est
3056 3861 3310 3916 discolori
3356 3864 3553 3918 amictu

1984 3952 2243 4006 catholica
2273 3952 2526 4004 vestiatur
2560 3950 2819 4005 Ecclesia.
2860 3949 2970 4005 Hoc
2998 3959 3053 4005 et
3086 3952 3248 4007 vestis
3277 3953 3367 4007 illa
3390 3956 3556 4021 signi-

1985 4040 2164 4096 ﬁcavit
2191 4045 2388 4104 Λευ-οη,
2412 4058 2528 4110 qum.
2556 4056 2707 4104 auro,
2734 4056 2986 4110 purpura,
3011 4042 3193 4112 bysso,
3216 4059 3401 4110 cocco,
3425 4046 3556 4117 hya-

1985 4130 2275 4197 cinthoque
2302 4136 2553 4182 contexta
2589 4140 2689 4182 est.

2062 4219 2209 4273 Vers.
2244 4214 2339 4272 16.Δ
2364 4219 2691 4272 Adducentur
2721 4219 2846 4289 Regi
2873 4219 3089 4289 uirgines
3115 4230 3226 4289 post
3256 4238 3365 4276 eam
3394 4239 3413 4278 :
3434 4240 3555 4294 pro-

1983 4309 2137 4363 xima:
2157 4309 2265 4378 ejus
2290 4306 2568 4375 a/ferentur
2593 4308 2702 4363 t.bi.
2730 4310 2876 4365 Sicut
2908 4311 3066 4365 tertio
3090 4311 3329 4380 Sponsus
3354 4330 3382 4366 a
3405 4314 3556 4389 judi;

1985 4400 2068 4454 cio
2114 4400 2430 4469 praedicatus
2458 4410 2563 4463 est,
2592 4400 2661 4453 ita
2690 4408 2743 4455 et
2774 4400 2861 4456 hic
2888 4403 3047 4459 tertio
3079 4405 3197 4457 loco
3226 4420 3257 4458 a
3297 4408 3554 4461 membris

303 4496 623 4564 nuptialem.
672 4495 899 4551 Iniertur
929 4512 1142 4565 quoque
1178 4501 1440 4553 sententia
1496 4497 1782 4552 salutaris:
1820 4499 1882 4552 Et
1910 4519 1962 4579 υ
1986 4493 2096 4547 Suis
2123 4492 2329 4559 Sponsa
2362 4492 2621 4545 laudatur.
2670 4490 2733 4546 Et
2773 4492 2890 4547 vide
2919 4508 3077 4562 quam
3122 4502 3368 4563 potenter
3396 4498 3545 4551 ordi-

300 4588 595 4640 sdorabunt
640 4602 787 4653 eum,
830 4587 879 4642 id
923 4597 1005 4641 est
1048 4602 1234 4643 omnes
1273 4590 1451 4658 populi
1499 4589 1586 4658 qui
1636 4597 1686 4643 te
1734 4588 1877 4661 [mss.

302 4677 389 4737 Δ..
422 4674 517 4740 Β..
543 4672 638 4739 Γ..
665 4675 752 4746 de]
774 4690 869 4729 sua
890 4677 1301 4747 congregatione
1327 4689 1562 4731 sanctam
1589 4679 1878 4733 Ecclesium

300 4764 654 4818 reddiderunt
684 4780 701 4817 :
735 4765 833 4829 ipsi
860 4766 1149 4818 adurebant
1178 4781 1281 4820 non
1310 4776 1394 4829 te,
1428 4768 1521 4820 sed
1553 4767 1873 4832 Dominum;

298 4856 423 4922 quia
450 4855 633 4908 honor
655 4864 776 4908 tuus
798 4855 849 4909 in
876 4856 968 4909 illo
995 4868 1098 4922 est,
1128 4867 1177 4910 et
1225 4857 1498 4910 beatitudo
1530 4867 1618 4911 tua
1651 4866 1734 4912 est
1763 4858 1879 4927 ejus

298 4945 470 5011 gloria
496 4948 848 5012 sempiterna.
1228 5012 1233 5017 γ

372 5042 527 5097 Vera.
560 5042 644 5097 η.
675 5039 831 5095 Filia:
852 5041 975 5112 Tyri
1002 5042 1055 5095 in
1079 5042 1375 5095 muneribus
1404 5043 1593 5095 vultum
1616 5050 1759 5094 tuum
1787 5040 1876 5094 de-

301 5136 669 5207 precabuntur,
700 5150 875 5189 omnes
898 5134 1079 5187 divites
1104 5133 1283 5201 plebis.
1318 5132 1469 5187 Venit
1490 5132 1554 5185 ad
1582 5132 1879 5187 secundum

301 5232 547 5297 malunt,
582 5230 636 5284 iu
665 5244 771 5295 quo
799 5230 1044 5297 superius
1083 5228 1151 5281 de
1186 5227 1399 5293 Sponso
1419 5224 1549 5278 dicit
1582 5241 1597 5279 :
1630 5222 1879 5286 Intende,

301 5336 545 5389 prospere
589 5318 842 5387 procede,
886 5326 933 5370 et
974 5332 1154 5387 regna.
1187 5314 1281 5369 Hic
1324 5324 1499 5367 autem
1530 5312 1760 5381 dignitas
1799 5320 1882 5365 est

304 5416 557 5473 Ecclesia
583 5415 805 5469 devotos
833 5411 1060 5482 populos
1080 5412 1306 5464 Domino
1332 5405 1670 5477 supplicare;
1704 5417 1753 5460 et
1778 5406 1883 5459 sic-

302 5517 366 5559 ut
412 5507 480 5561 ibi
526 5505 763 5576 potentia
795 5504 989 5573 Sponsi
1020 5502 1343 5559 describitur
1371 5541 1388 5568 ,
1427 5501 1495 5554 ita
1526 5510 1579 5553 et
1607 5500 1689 5553 hic
1716 5498 1881 5567 gloria

302 5603 524 5664 Spons-
555 5599 623 5653 de
652 5584 852 5652 Christi
899 5596 1102 5651 honore
1143 5595 1468 5650 declaratur.
1503 5592 1669 5661 Tyrus
1698 5592 1883 5646 civitas

302 5705 391 5748 est
439 5708 540 5745 non
571 5691 725 5763 longe
768 5692 833 5745 ab
873 5689 1217 5759 JetoSolymis
1240 5686 1529 5745 constituta
1565 5702 1577 5738 :
1612 5683 1703 5737 St‘tl
1734 5682 1883 5751 ﬁlia-

1988 4598 2107 4637 nem
2136 4590 2352 4636 servat:
2382 4580 2713 4635 Adducentur
2743 4582 2868 4651 Regi
2884 4583 3104 4651 virgines
3131 4594 3240 4653 post
3272 4602 3403 4653 eam,
3429 4597 3548 4655 post

1989 4672 2280 4727 Ecclesium
2319 4675 2525 4742 utique,
2559 4673 2678 4742 quia
2721 4676 2865 4741 prius
2895 4672 3014 4737 fuit,
3043 4682 3100 4728 ut
3127 4672 3244 4743 ejus
3269 4680 3444 4730 unitas
3474 4678 3556 4732 di-

1986 4774 2217 4829 ceretur,
2241 4774 2296 4820 et
2324 4778 2440 4833 post
2462 4766 2795 4819 enumeratio
2821 4767 3047 4834 partium
3081 4765 3329 4821 distincta
3360 4783 3553 4835 prove-

1986 4859 2144 4912 niret.
2179 4859 2243 4911 Et
2282 4858 2489 4913 intuere
2511 4856 2649 4924 quod
2678 4857 2846 4922 dixit,
2876 4857 3217 4925 adducentur,
3248 4863 3304 4911 ut
3335 4859 3546 4915 Domini

1986 4948 2152 5017 gratia
2183 4946 2515 5010 declaretur,
2576 4944 2734 5017 15A
2776 4955 2895 5013 qua:
2948 4960 3046 5002 nos
3093 4948 3158 5001 ad
3189 4961 3248 5001 se
3287 4947 3505 5003 adducit
3530 4989 3546 5011 ,

1986 5038 2199 5108 quando
2223 5052 2319 5090 nos
2347 5038 2629 5092 miseratus
2656 5037 2987 5106 inspexerit;
3017 5039 3152 5091 sicut
3180 5039 3229 5091 in
3265 5038 3554 5107 Evangelio

1986 5130 2186 5185 dictum
2214 5138 2299 5184 est
2327 5146 2344 5184 :
2377 5128 2542 5183 Nemo
2574 5131 2705 5182 venit
2734 5132 2800 5182 ad
2829 5145 2927 5196 me,
2958 5131 3056 5182 nisi
3099 5129 3251 5184 Pater
3287 5132 3553 5184 attraxerit

1983 5238 2097 5275 eum
2130 5219 2310 5289 (Joan.
2334 5235 2407 5284 vt,
2430 5219 2660 5291 M).Sed
2687 5238 2803 5287 qum
2827 5221 3039 5293 virgines
3062 5230 3184 5276 ante
3211 5229 3552 5289 conspectum

1988 5312 2197 5369 Domini
2246 5316 2607 5368 adducuntur?
2660 5313 2847 5368 ﬁdeles
2878 5316 3117 5375 scilicet,
3166 5324 3221 5366 et
3268 5314 3453 5379 pudica
3494 5327 3553 5369 se

1987 5412 2165 5456 mente
2191 5409 2505 5457 tractantes.
2542 5401 2672 5455 Nam
2717 5401 2843 5471 quid
2880 5402 3117 5470 proderit
3146 5402 3389 5469 cuiquam
3434 5417 3553 5457 cor-

1988 5510 2083 5563 pus
2110 5494 2363 5548 intactum
2393 5507 2630 5556 scrvare,
2661 5493 2703 5547 si
2732 5501 3007 5562 contingat
3031 5508 3147 5547 eam
3176 5493 3550 5559 integritatem

1989 5583 2110 5637 iidci
2142 5598 2173 5635 n
2199 5598 2245 5633 ut
2279 5581 2510 5637 habere?
2538 5582 2790 5652 Sequitur
2814 5624 2829 5650 ,
2862 5584 3107 5649 proximm
3131 5586 3243 5649 eius
3276 5583 3553 5649 afferentur

1988 5674 2099 5727 tibi.
2134 5671 2418 5740 Mfermtur
2446 5675 2553 5741 tibi,
2583 5673 2690 5727 Deo
2716 5673 2932 5728 dicitur.
2955 5672 3213 5728 Proxima:
3236 5686 3351 5729 sntit
3375 5686 3551 5729 autem
