  <div class='ocr_page' id='page_1' title='image "/cluster/home/n/w/nwhite01/storage/ocr_20150623/70/hvd.32044054758735/169.png"; bbox 0 0 4030 6172; ppageno 0'>
   <div class='ocr_carea' id='block_1_1' title="bbox 419 259 513 312">
    <p class='ocr_par' dir='ltr' id='par_1_1' title="bbox 419 259 513 312">
     <span class='ocr_line' id='line_1_1' title="bbox 419 259 513 312; baseline 0 0"><span class='ocrx_word' id='word_1_1' title='bbox 419 259 513 312; x_wconf 70' lang='lat'><strong>59.7</strong></span> 
     </span>
    </p>
   </div>
   <div class='ocr_carea' id='block_1_2' title="bbox 1588 244 2417 306">
    <p class='ocr_par' dir='ltr' id='par_1_2' title="bbox 1588 244 2417 306">
     <span class='ocr_line' id='line_1_2' title="bbox 1588 244 2417 306; baseline -0.005 -2"><span class='ocrx_word' id='word_1_2' title='bbox 1588 248 1656 306; x_wconf 74' lang='grc' dir='ltr'><strong>Μ.</strong></span> <span class='ocrx_word' id='word_1_3' title='bbox 1699 247 1971 305; x_wconf 63' lang='grc' dir='ltr'><strong>Αωιειιι</strong></span> <span class='ocrx_word' id='word_1_4' title='bbox 2009 244 2417 305; x_wconf 68' lang='lat' dir='ltr'><strong>CASSIODORI</strong></span> 
     </span>
    </p>
   </div>
   <div class='ocr_carea' id='block_1_3' title="bbox 3596 240 3698 295">
    <p class='ocr_par' dir='ltr' id='par_1_3' title="bbox 3596 240 3698 295">
     <span class='ocr_line' id='line_1_3' title="bbox 3596 240 3698 295; baseline -0.039 0"><span class='ocrx_word' id='word_1_5' title='bbox 3596 240 3698 295; x_wconf 56' lang='lat'><strong>5.8</strong></span> 
     </span>
    </p>
   </div>
   <div class='ocr_carea' id='block_1_4' title="bbox 421 352 3695 441">
    <p class='ocr_par' dir='ltr' id='par_1_4' title="bbox 421 352 3695 441">
     <span class='ocr_line' id='line_1_4' title="bbox 421 352 3695 441; baseline -0.006 -15"><span class='ocrx_word' id='word_1_6' title='bbox 421 372 698 441; x_wconf 69' lang='lat' dir='ltr'><strong>Ecclesize,</strong></span> <span class='ocrx_word' id='word_1_7' title='bbox 727 371 777 428; x_wconf 99' lang='lat' dir='ltr'><strong>id</strong></span> <span class='ocrx_word' id='word_1_8' title='bbox 808 381 890 429; x_wconf 88' lang='lat' dir='ltr'><strong>est</strong></span> <span class='ocrx_word' id='word_1_9' title='bbox 924 372 1099 426; x_wconf 70' lang='lat' dir='ltr'><strong>viduae</strong></span> <span class='ocrx_word' id='word_1_10' title='bbox 1129 379 1293 424; x_wconf 82' lang='lat' dir='ltr'><strong>castae</strong></span> <span class='ocrx_word' id='word_1_11' title='bbox 1319 410 1334 434; x_wconf 92' lang='lat'><strong>,</strong></span> <span class='ocrx_word' id='word_1_12' title='bbox 1377 384 1497 437; x_wconf 70' lang='lat' dir='ltr'><strong>qum</strong></span> <span class='ocrx_word' id='word_1_13' title='bbox 1529 365 1701 435; x_wconf 87' lang='lat' dir='ltr'><strong>gradu</strong></span> <span class='ocrx_word' id='word_1_14' title='bbox 1752 364 2007 425; x_wconf 85' lang='lat' dir='ltr'><strong>inferiore</strong></span> <span class='ocrx_word' id='word_1_15' title='bbox 2035 365 2083 423; x_wconf 74' lang='grc' dir='ltr'>Α</span> <span class='ocrx_word' id='word_1_16' title='bbox 2108 360 2312 414; x_wconf 88' lang='lat' dir='ltr'><strong>chorus</strong></span> <span class='ocrx_word' id='word_1_17' title='bbox 2342 358 2719 427; x_wconf 84' lang='lat' dir='ltr'><strong>spiritualibus</strong></span> <span class='ocrx_word' id='word_1_18' title='bbox 2758 357 2956 417; x_wconf 74' lang='lat' dir='ltr'><strong>ﬁstulis</strong></span> <span class='ocrx_word' id='word_1_19' title='bbox 2987 355 3353 426; x_wconf 82' lang='lat' dir='ltr'><strong>gratissimum</strong></span> <span class='ocrx_word' id='word_1_20' title='bbox 3397 352 3695 421; x_wconf 70' lang='lat' dir='ltr'><strong>permulcet</strong></span> 
     </span>
    </p>
   </div>
   <div class='ocr_carea' id='block_1_5' title="bbox 420 452 2006 531">
    <p class='ocr_par' dir='ltr' id='par_1_5' title="bbox 420 452 2006 531">
     <span class='ocr_line' id='line_1_5' title="bbox 420 452 2006 531; baseline -0.008 -16"><span class='ocrx_word' id='word_1_21' title='bbox 420 464 729 531; x_wconf 77' lang='lat' dir='ltr'><strong>iunguntur.</strong></span> <span class='ocrx_word' id='word_1_22' title='bbox 762 462 892 516; x_wconf 81' lang='lat' dir='ltr'><strong>Nam</strong></span> <span class='ocrx_word' id='word_1_23' title='bbox 927 475 1048 516; x_wconf 88' lang='lat' dir='ltr'><strong>cum</strong></span> <span class='ocrx_word' id='word_1_24' title='bbox 1094 458 1374 527; x_wconf 77' lang='lat' dir='ltr'><strong>virginitas</strong></span> <span class='ocrx_word' id='word_1_25' title='bbox 1413 455 1608 511; x_wconf 82' lang='lat' dir='ltr'><strong>habeat</strong></span> <span class='ocrx_word' id='word_1_26' title='bbox 1650 452 2006 507; x_wconf 85' lang='lat' dir='ltr'><strong>centesimum</strong></span> 
     </span>
    </p>
   </div>
   <div class='ocr_carea' id='block_1_6' title="bbox 424 536 2012 622">
    <p class='ocr_par' dir='ltr' id='par_1_6' title="bbox 424 536 2012 622">
     <span class='ocr_line' id='line_1_6' title="bbox 424 536 2012 622; baseline -0.005 -13"><span class='ocrx_word' id='word_1_27' title='bbox 424 536 650 612; x_wconf 83' lang='lat' dir='ltr'><strong>fructum</strong></span> <span class='ocrx_word' id='word_1_28' title='bbox 683 595 698 620; x_wconf 90' lang='lat'><strong>,</strong></span> <span class='ocrx_word' id='word_1_29' title='bbox 750 554 865 607; x_wconf 71' lang='lat' dir='ltr'><strong>ista:</strong></span> <span class='ocrx_word' id='word_1_30' title='bbox 911 552 1248 622; x_wconf 82' lang='lat' dir='ltr'><strong>sexagesima</strong></span> <span class='ocrx_word' id='word_1_31' title='bbox 1285 550 1529 605; x_wconf 87' lang='lat' dir='ltr'><strong>ubertate</strong></span> <span class='ocrx_word' id='word_1_32' title='bbox 1573 547 1892 618; x_wconf 77' lang='lat' dir='ltr'><strong>gloriantur.</strong></span> <span class='ocrx_word' id='word_1_33' title='bbox 1945 545 2012 603; x_wconf 82' lang='lat' dir='ltr'><strong>Et</strong></span> 
     </span>
    </p>
   </div>
   <div class='ocr_carea' id='block_1_7' title="bbox 424 639 2013 715">
    <p class='ocr_par' dir='ltr' id='par_1_7' title="bbox 424 639 2013 715">
     <span class='ocr_line' id='line_1_7' title="bbox 424 639 2013 715; baseline -0.004 -15"><span class='ocrx_word' id='word_1_34' title='bbox 424 649 546 703; x_wconf 88' lang='lat' dir='ltr'><strong>vide</strong></span> <span class='ocrx_word' id='word_1_35' title='bbox 593 648 646 701; x_wconf 90' lang='lat' dir='ltr'><strong>in</strong></span> <span class='ocrx_word' id='word_1_36' title='bbox 688 644 815 714; x_wconf 87' lang='lat' dir='ltr'><strong>ipsis</strong></span> <span class='ocrx_word' id='word_1_37' title='bbox 860 645 1169 699; x_wconf 85' lang='lat' dir='ltr'><strong>nominibus</strong></span> <span class='ocrx_word' id='word_1_38' title='bbox 1198 659 1305 699; x_wconf 86' lang='lat' dir='ltr'><strong>non</strong></span> <span class='ocrx_word' id='word_1_39' title='bbox 1354 643 1631 697; x_wconf 80' lang='lat' dir='ltr'><strong>minimam</strong></span> <span class='ocrx_word' id='word_1_40' title='bbox 1662 654 1783 715; x_wconf 83' lang='lat' dir='ltr'><strong>esse</strong></span> <span class='ocrx_word' id='word_1_41' title='bbox 1809 639 2013 694; x_wconf 84' lang='lat' dir='ltr'><strong>distan-</strong></span> 
     </span>
    </p>
   </div>
   <div class='ocr_carea' id='block_1_8' title="bbox 427 730 2013 809">
    <p class='ocr_par' dir='ltr' id='par_1_8' title="bbox 427 730 2013 809">
     <span class='ocr_line' id='line_1_8' title="bbox 427 730 2013 809; baseline -0.006 -16"><span class='ocrx_word' id='word_1_42' title='bbox 427 745 577 794; x_wconf 83' lang='lat' dir='ltr'><strong>tium.</strong></span> <span class='ocrx_word' id='word_1_43' title='bbox 612 737 850 809; x_wconf 68' lang='lat' dir='ltr'><strong>Virgines</strong></span> <span class='ocrx_word' id='word_1_44' title='bbox 879 736 1016 791; x_wconf 80' lang='lat' dir='ltr'><strong>dixit</strong></span> <span class='ocrx_word' id='word_1_45' title='bbox 1045 736 1259 802; x_wconf 85' lang='lat' dir='ltr'><strong>adauci,</strong></span> <span class='ocrx_word' id='word_1_46' title='bbox 1287 750 1409 804; x_wconf 67' lang='lat' dir='ltr'><strong>qua:</strong></span> <span class='ocrx_word' id='word_1_47' title='bbox 1437 733 1680 800; x_wconf 85' lang='lat' dir='ltr'><strong>corporis</strong></span> <span class='ocrx_word' id='word_1_48' title='bbox 1710 730 2013 800; x_wconf 78' lang='lat' dir='ltr'><strong>integritate</strong></span> 
     </span>
    </p>
   </div>
   <div class='ocr_carea' id='block_1_9' title="bbox 428 820 2013 895">
    <p class='ocr_par' dir='ltr' id='par_1_9' title="bbox 428 820 2013 895">
     <span class='ocr_line' id='line_1_9' title="bbox 428 820 2013 895; baseline -0.006 -12"><span class='ocrx_word' id='word_1_49' title='bbox 428 831 658 884; x_wconf 63' lang='lat' dir='ltr'><strong>robustae</strong></span> <span class='ocrx_word' id='word_1_50' title='bbox 691 835 817 883; x_wconf 90' lang='lat' dir='ltr'><strong>sunt</strong></span> <span class='ocrx_word' id='word_1_51' title='bbox 848 845 862 891; x_wconf 84' lang='lat'><strong>;</strong></span> <span class='ocrx_word' id='word_1_52' title='bbox 898 828 1085 881; x_wconf 89' lang='lat' dir='ltr'><strong>viduas</strong></span> <span class='ocrx_word' id='word_1_53' title='bbox 1112 826 1445 895; x_wconf 69' lang='lat' dir='ltr'><strong>a/I&#39;erri,quaa</strong></span> <span class='ocrx_word' id='word_1_54' title='bbox 1479 824 1795 894; x_wconf 87' lang='lat' dir='ltr'><strong>plerumque</strong></span> <span class='ocrx_word' id='word_1_55' title='bbox 1827 820 2013 876; x_wconf 74' lang='lat' dir='ltr'><strong>fracta:</strong></span> 
     </span>
    </p>
   </div>
   <div class='ocr_carea' id='block_1_10' title="bbox 428 913 2015 989">
    <p class='ocr_par' dir='ltr' id='par_1_10' title="bbox 428 913 2015 989">
     <span class='ocr_line' id='line_1_10' title="bbox 428 913 2015 989; baseline -0.005 -13"><span class='ocrx_word' id='word_1_56' title='bbox 428 939 455 976; x_wconf 89' lang='lat' dir='ltr'><strong>a</strong></span> <span class='ocrx_word' id='word_1_57' title='bbox 484 922 715 975; x_wconf 81' lang='lat' dir='ltr'><strong>diversis</strong></span> <span class='ocrx_word' id='word_1_58' title='bbox 741 920 1193 978; x_wconf 81' lang='lat' dir='ltr'><strong>sollicitudinibus</strong></span> <span class='ocrx_word' id='word_1_59' title='bbox 1221 919 1465 989; x_wconf 89' lang='lat' dir='ltr'><strong>corporis</strong></span> <span class='ocrx_word' id='word_1_60' title='bbox 1494 916 1862 973; x_wconf 82' lang='lat' dir='ltr'><strong>imbecillitate</strong></span> <span class='ocrx_word' id='word_1_61' title='bbox 1889 913 2015 969; x_wconf 64' lang='lat' dir='ltr'><strong>latio</strong></span> 
     </span>
    </p>
   </div>
   <div class='ocr_carea' id='block_1_11' title="bbox 429 1024 641 1084">
    <p class='ocr_par' dir='ltr' id='par_1_11' title="bbox 429 1024 641 1084">
     <span class='ocr_line' id='line_1_11' title="bbox 429 1024 641 1084; baseline 0.005 -16"><span class='ocrx_word' id='word_1_62' title='bbox 429 1024 641 1084; x_wconf 82' lang='lat' dir='ltr'><strong>gantur.</strong></span> 
     </span>
    </p>
   </div>
   <div class='ocr_carea' id='block_1_12' title="bbox 502 1100 2015 1168">
    <p class='ocr_par' dir='ltr' id='par_1_12' title="bbox 502 1100 2015 1168">
     <span class='ocr_line' id='line_1_12' title="bbox 502 1100 2015 1168; baseline -0.006 -6"><span class='ocrx_word' id='word_1_63' title='bbox 502 1107 653 1162; x_wconf 83' lang='lat' dir='ltr'><strong>Vers.</strong></span> <span class='ocrx_word' id='word_1_64' title='bbox 696 1109 781 1162; x_wconf 89' lang='lat' dir='ltr'><strong>l7.</strong></span> <span class='ocrx_word' id='word_1_65' title='bbox 817 1105 883 1161; x_wconf 90' lang='lat' dir='ltr'><strong>In</strong></span> <span class='ocrx_word' id='word_1_66' title='bbox 909 1107 1095 1161; x_wconf 63' lang='lat' dir='ltr'><strong>latitia</strong></span> <span class='ocrx_word' id='word_1_67' title='bbox 1124 1115 1172 1159; x_wconf 88' lang='lat' dir='ltr'><strong>et</strong></span> <span class='ocrx_word' id='word_1_68' title='bbox 1206 1104 1569 1168; x_wconf 70' lang='lat' dir='ltr'><strong>exsultatione,</strong></span> <span class='ocrx_word' id='word_1_69' title='bbox 1599 1103 1931 1157; x_wconf 87' lang='lat' dir='ltr'><strong>adducentur</strong></span> <span class='ocrx_word' id='word_1_70' title='bbox 1960 1100 2015 1153; x_wconf 88' lang='lat' dir='ltr'><strong>in</strong></span> 
     </span>
    </p>
   </div>
   <div class='ocr_carea' id='block_1_13' title="bbox 432 1189 2020 1267">
    <p class='ocr_par' dir='ltr' id='par_1_13' title="bbox 432 1189 2020 1267">
     <span class='ocr_line' id='line_1_13' title="bbox 432 1189 2020 1267; baseline -0.005 -17"><span class='ocrx_word' id='word_1_71' title='bbox 432 1198 686 1264; x_wconf 84' lang='lat' dir='ltr'><strong>templum</strong></span> <span class='ocrx_word' id='word_1_72' title='bbox 730 1198 900 1267; x_wconf 79' lang='lat' dir='ltr'><strong>Regis.</strong></span> <span class='ocrx_word' id='word_1_73' title='bbox 938 1196 1004 1250; x_wconf 89' lang='lat' dir='ltr'><strong>Ut</strong></span> <span class='ocrx_word' id='word_1_74' title='bbox 1031 1196 1247 1264; x_wconf 86' lang='lat' dir='ltr'><strong>copiosa</strong></span> <span class='ocrx_word' id='word_1_75' title='bbox 1277 1208 1495 1247; x_wconf 89' lang='lat' dir='ltr'><strong>munera</strong></span> <span class='ocrx_word' id='word_1_76' title='bbox 1526 1201 1726 1246; x_wconf 66' lang='lat' dir='ltr'><strong>sanctae</strong></span> <span class='ocrx_word' id='word_1_77' title='bbox 1761 1189 2020 1245; x_wconf 66' lang='lat' dir='ltr'><strong>Ecclesia</strong></span> 
     </span>
    </p>
   </div>
   <div class='ocr_carea' id='block_1_14' title="bbox 432 1282 2023 1352">
    <p class='ocr_par' dir='ltr' id='par_1_14' title="bbox 432 1282 2023 1352">
     <span class='ocr_line' id='line_1_14' title="bbox 432 1282 2023 1352; baseline -0.006 -10"><span class='ocrx_word' id='word_1_78' title='bbox 432 1288 751 1343; x_wconf 87' lang='lat' dir='ltr'><strong>conferenda</strong></span> <span class='ocrx_word' id='word_1_79' title='bbox 773 1295 1117 1352; x_wconf 87' lang='lat' dir='ltr'><strong>monstraret,</strong></span> <span class='ocrx_word' id='word_1_80' title='bbox 1138 1286 1269 1341; x_wconf 81' lang='lat' dir='ltr'><strong>dicit</strong></span> <span class='ocrx_word' id='word_1_81' title='bbox 1291 1301 1412 1339; x_wconf 85' lang='lat' dir='ltr'><strong>eam</strong></span> <span class='ocrx_word' id='word_1_82' title='bbox 1436 1286 1491 1337; x_wconf 87' lang='lat' dir='ltr'><strong>in</strong></span> <span class='ocrx_word' id='word_1_83' title='bbox 1512 1285 1693 1338; x_wconf 74' lang='lat' dir='ltr'><strong>ltetitia</strong></span> <span class='ocrx_word' id='word_1_84' title='bbox 1720 1292 1768 1336; x_wconf 88' lang='lat' dir='ltr'><strong>et</strong></span> <span class='ocrx_word' id='word_1_85' title='bbox 1793 1282 2023 1335; x_wconf 72' lang='lat' dir='ltr'><strong>exsulta-</strong></span> 
     </span>
    </p>
   </div>
   <div class='ocr_carea' id='block_1_15' title="bbox 434 1376 2026 1451">
    <p class='ocr_par' dir='ltr' id='par_1_15' title="bbox 434 1376 2026 1451">
     <span class='ocr_line' id='line_1_15' title="bbox 434 1376 2026 1451; baseline -0.006 -18"><span class='ocrx_word' id='word_1_86' title='bbox 434 1383 572 1435; x_wconf 83' lang='lat' dir='ltr'><strong>tione</strong></span> <span class='ocrx_word' id='word_1_87' title='bbox 599 1383 912 1451; x_wconf 80' lang='lat' dir='ltr'><strong>angelorum</strong></span> <span class='ocrx_word' id='word_1_88' title='bbox 945 1378 1261 1433; x_wconf 87' lang='lat' dir='ltr'><strong>ministeriis</strong></span> <span class='ocrx_word' id='word_1_89' title='bbox 1287 1376 1645 1429; x_wconf 83' lang='lat' dir='ltr'><strong>adducendam</strong></span> <span class='ocrx_word' id='word_1_90' title='bbox 1671 1391 1689 1439; x_wconf 91' lang='lat'><strong>;</strong></span> <span class='ocrx_word' id='word_1_91' title='bbox 1716 1383 1771 1428; x_wconf 88' lang='lat' dir='ltr'><strong>et</strong></span> <span class='ocrx_word' id='word_1_92' title='bbox 1798 1387 1905 1427; x_wconf 92' lang='lat' dir='ltr'><strong>non</strong></span> <span class='ocrx_word' id='word_1_93' title='bbox 1936 1385 2026 1426; x_wconf 81' lang='lat' dir='ltr'><strong>so-</strong></span> 
     </span>
    </p>
   </div>
   <div class='ocr_carea' id='block_1_16' title="bbox 436 1462 2026 1540">
    <p class='ocr_par' dir='ltr' id='par_1_16' title="bbox 436 1462 2026 1540">
     <span class='ocr_line' id='line_1_16' title="bbox 436 1462 2026 1540; baseline -0.008 -12"><span class='ocrx_word' id='word_1_94' title='bbox 436 1476 545 1528; x_wconf 91' lang='lat' dir='ltr'><strong>lum</strong></span> <span class='ocrx_word' id='word_1_95' title='bbox 576 1473 639 1526; x_wconf 91' lang='lat' dir='ltr'><strong>ad</strong></span> <span class='ocrx_word' id='word_1_96' title='bbox 670 1480 1237 1540; x_wconf 85' lang='lat' dir='ltr'><strong>conspectum,verum</strong></span> <span class='ocrx_word' id='word_1_97' title='bbox 1263 1467 1425 1521; x_wconf 86' lang='lat' dir='ltr'><strong>etiam</strong></span> <span class='ocrx_word' id='word_1_98' title='bbox 1449 1466 1501 1519; x_wconf 92' lang='lat' dir='ltr'><strong>in</strong></span> <span class='ocrx_word' id='word_1_99' title='bbox 1533 1462 1897 1534; x_wconf 87' lang='lat' dir='ltr'><strong>penetralibus</strong></span> <span class='ocrx_word' id='word_1_100' title='bbox 1916 1463 2026 1516; x_wconf 77' lang='lat' dir='ltr'><strong>lle-</strong></span> 
     </span>
    </p>
   </div>
   <div class='ocr_carea' id='block_1_17' title="bbox 435 1552 2026 1636">
    <p class='ocr_par' dir='ltr' id='par_1_17' title="bbox 435 1552 2026 1636">
     <span class='ocr_line' id='line_1_17' title="bbox 435 1552 2026 1636; baseline -0.009 -16"><span class='ocrx_word' id='word_1_101' title='bbox 435 1566 537 1636; x_wconf 84' lang='lat' dir='ltr'><strong>gis,</strong></span> <span class='ocrx_word' id='word_1_102' title='bbox 572 1564 625 1619; x_wconf 89' lang='lat' dir='ltr'><strong>id</strong></span> <span class='ocrx_word' id='word_1_103' title='bbox 652 1574 737 1618; x_wconf 89' lang='lat' dir='ltr'><strong>est</strong></span> <span class='ocrx_word' id='word_1_104' title='bbox 766 1566 816 1617; x_wconf 90' lang='lat' dir='ltr'><strong>in</strong></span> <span class='ocrx_word' id='word_1_105' title='bbox 848 1562 1145 1617; x_wconf 60' lang='lat' dir='ltr'><strong>Jerusalem</strong></span> <span class='ocrx_word' id='word_1_106' title='bbox 1171 1558 1427 1621; x_wconf 88' lang='lat' dir='ltr'><strong>futuram,</strong></span> <span class='ocrx_word' id='word_1_107' title='bbox 1452 1554 1544 1611; x_wconf 90' lang='lat' dir='ltr'><strong>ubi</strong></span> <span class='ocrx_word' id='word_1_108' title='bbox 1566 1554 1779 1609; x_wconf 84' lang='lat' dir='ltr'><strong>venisse</strong></span> <span class='ocrx_word' id='word_1_109' title='bbox 1808 1552 2026 1607; x_wconf 87' lang='lat' dir='ltr'><strong>beatum</strong></span> 
     </span>
    </p>
   </div>
   <div class='ocr_carea' id='block_1_18' title="bbox 436 1645 2023 1727">
    <p class='ocr_par' dir='ltr' id='par_1_18' title="bbox 436 1645 2023 1727">
     <span class='ocr_line' id='line_1_18' title="bbox 436 1645 2023 1727; baseline -0.008 -16"><span class='ocrx_word' id='word_1_110' title='bbox 436 1657 683 1727; x_wconf 81' lang='lat' dir='ltr'><strong>gaudium</strong></span> <span class='ocrx_word' id='word_1_111' title='bbox 711 1664 814 1719; x_wconf 90' lang='lat' dir='ltr'><strong>est,</strong></span> <span class='ocrx_word' id='word_1_112' title='bbox 847 1665 900 1709; x_wconf 90' lang='lat' dir='ltr'><strong>et</strong></span> <span class='ocrx_word' id='word_1_113' title='bbox 926 1653 1160 1723; x_wconf 83' lang='lat' dir='ltr'><strong>gloriosa</strong></span> <span class='ocrx_word' id='word_1_114' title='bbox 1187 1651 1476 1704; x_wconf 86' lang='lat' dir='ltr'><strong>securitas.</strong></span> <span class='ocrx_word' id='word_1_115' title='bbox 1515 1648 1705 1702; x_wconf 78' lang='lat' dir='ltr'><strong>Merito</strong></span> <span class='ocrx_word' id='word_1_116' title='bbox 1747 1660 1878 1715; x_wconf 82' lang='lat' dir='ltr'><strong>ergo</strong></span> <span class='ocrx_word' id='word_1_117' title='bbox 1904 1645 2023 1699; x_wconf 89' lang='lat' dir='ltr'><strong>dic-</strong></span> 
     </span>
    </p>
   </div>
   <div class='ocr_carea' id='block_1_19' title="bbox 442 1735 2101 1811">
    <p class='ocr_par' dir='ltr' id='par_1_19' title="bbox 442 1735 2101 1811">
     <span class='ocr_line' id='line_1_19' title="bbox 442 1735 2101 1811; baseline -0.01 -9"><span class='ocrx_word' id='word_1_118' title='bbox 442 1759 556 1803; x_wconf 88' lang='lat' dir='ltr'><strong>tum</strong></span> <span class='ocrx_word' id='word_1_119' title='bbox 582 1758 686 1811; x_wconf 88' lang='lat' dir='ltr'><strong>est,</strong></span> <span class='ocrx_word' id='word_1_120' title='bbox 717 1747 1044 1799; x_wconf 78' lang='lat' dir='ltr'><strong>adducentur</strong></span> <span class='ocrx_word' id='word_1_121' title='bbox 1066 1756 1188 1796; x_wconf 91' lang='lat' dir='ltr'><strong>cum</strong></span> <span class='ocrx_word' id='word_1_122' title='bbox 1217 1739 1398 1794; x_wconf 65' lang='lat' dir='ltr'><strong>(latitia</strong></span> <span class='ocrx_word' id='word_1_123' title='bbox 1417 1748 1465 1792; x_wconf 90' lang='lat' dir='ltr'><strong>et</strong></span> <span class='ocrx_word' id='word_1_124' title='bbox 1490 1737 1870 1801; x_wconf 64' lang='lat' dir='ltr'><strong>exsultatione;</strong></span> <span class='ocrx_word' id='word_1_125' title='bbox 1898 1735 2020 1805; x_wconf 89' lang='lat' dir='ltr'><strong>quia</strong></span> <span class='ocrx_word' id='word_1_126' title='bbox 2054 1738 2101 1799; x_wconf 81' lang='grc' dir='ltr'><strong>Β</strong></span> 
     </span>
    </p>
   </div>
   <div class='ocr_carea' id='block_1_20' title="bbox 439 1823 2023 1906">
    <p class='ocr_par' dir='ltr' id='par_1_20' title="bbox 439 1823 2023 1906">
     <span class='ocr_line' id='line_1_20' title="bbox 439 1823 2023 1906; baseline -0.006 -15"><span class='ocrx_word' id='word_1_127' title='bbox 439 1852 602 1893; x_wconf 48' lang='lat' dir='ltr'><strong>sexus</strong></span> <span class='ocrx_word' id='word_1_128' title='bbox 632 1823 720 1892; x_wconf 74' lang='lat' dir='ltr'><strong>ille</strong></span> <span class='ocrx_word' id='word_1_129' title='bbox 760 1836 962 1906; x_wconf 86' lang='lat' dir='ltr'><strong>fragilis</strong></span> <span class='ocrx_word' id='word_1_130' title='bbox 1004 1835 1129 1890; x_wconf 80' lang='lat' dir='ltr'><strong>vicit</strong></span> <span class='ocrx_word' id='word_1_131' title='bbox 1173 1833 1517 1904; x_wconf 85' lang='lat' dir='ltr'><strong>gravissimas</strong></span> <span class='ocrx_word' id='word_1_132' title='bbox 1558 1843 1849 1900; x_wconf 83' lang='lat' dir='ltr'><strong>corporum</strong></span> <span class='ocrx_word' id='word_1_133' title='bbox 1899 1841 2023 1897; x_wconf 86' lang='lat' dir='ltr'><strong>pas-</strong></span> 
     </span>
    </p>
   </div>
   <div class='ocr_carea' id='block_1_21' title="bbox 440 1931 643 1986">
    <p class='ocr_par' dir='ltr' id='par_1_21' title="bbox 440 1931 643 1986">
     <span class='ocr_line' id='line_1_21' title="bbox 440 1931 643 1986; baseline 0.005 -1"><span class='ocrx_word' id='word_1_134' title='bbox 440 1931 643 1986; x_wconf 81' lang='lat' dir='ltr'><strong>siones.</strong></span> 
     </span>
    </p>
   </div>
   <div class='ocr_carea' id='block_1_22' title="bbox 515 2018 2029 2093">
    <p class='ocr_par' dir='ltr' id='par_1_22' title="bbox 515 2018 2029 2093">
     <span class='ocr_line' id='line_1_22' title="bbox 515 2018 2029 2093; baseline -0.005 -16"><span class='ocrx_word' id='word_1_135' title='bbox 515 2023 669 2078; x_wconf 74' lang='lat' dir='ltr'><strong>Veis.</strong></span> <span class='ocrx_word' id='word_1_136' title='bbox 703 2024 790 2077; x_wconf 83' lang='grc'><strong>18.</strong></span> <span class='ocrx_word' id='word_1_137' title='bbox 829 2021 932 2076; x_wconf 88' lang='lat' dir='ltr'><strong>Pro</strong></span> <span class='ocrx_word' id='word_1_138' title='bbox 961 2020 1192 2093; x_wconf 80' lang='lat' dir='ltr'><strong>patribus</strong></span> <span class='ocrx_word' id='word_1_139' title='bbox 1213 2021 1315 2075; x_wconf 87' lang='lat' dir='ltr'><strong>tuis</strong></span> <span class='ocrx_word' id='word_1_140' title='bbox 1344 2020 1452 2073; x_wconf 90' lang='lat' dir='ltr'><strong>nati</strong></span> <span class='ocrx_word' id='word_1_141' title='bbox 1476 2027 1595 2074; x_wconf 87' lang='lat' dir='ltr'><strong>sunt</strong></span> <span class='ocrx_word' id='word_1_142' title='bbox 1616 2019 1709 2072; x_wconf 84' lang='lat' dir='ltr'><strong>tibi</strong></span> <span class='ocrx_word' id='word_1_143' title='bbox 1732 2018 1831 2087; x_wconf 76' lang='lat' dir='ltr'><strong>ﬁlii</strong></span> <span class='ocrx_word' id='word_1_144' title='bbox 1859 2032 1876 2071; x_wconf 90' lang='lat'><strong><em>:</em></strong></span> <span class='ocrx_word' id='word_1_145' title='bbox 1903 2033 2029 2071; x_wconf 63' lang='lat' dir='ltr'><strong>cono</strong></span> 
     </span>
    </p>
   </div>
   <div class='ocr_carea' id='block_1_23' title="bbox 444 2106 2026 2183">
    <p class='ocr_par' dir='ltr' id='par_1_23' title="bbox 444 2106 2026 2183">
     <span class='ocr_line' id='line_1_23' title="bbox 444 2106 2026 2183; baseline -0.004 -16"><span class='ocrx_word' id='word_1_146' title='bbox 444 2116 620 2169; x_wconf 85' lang='lat' dir='ltr'><strong>stitues</strong></span> <span class='ocrx_word' id='word_1_147' title='bbox 660 2132 743 2167; x_wconf 83' lang='lat' dir='ltr'><strong>eos</strong></span> <span class='ocrx_word' id='word_1_148' title='bbox 780 2115 1038 2183; x_wconf 73' lang='lat' dir='ltr'><strong>principes</strong></span> <span class='ocrx_word' id='word_1_149' title='bbox 1086 2129 1240 2183; x_wconf 88' lang='lat' dir='ltr'><strong>super</strong></span> <span class='ocrx_word' id='word_1_150' title='bbox 1282 2127 1483 2165; x_wconf 83' lang='lat' dir='ltr'><strong>omnem</strong></span> <span class='ocrx_word' id='word_1_151' title='bbox 1513 2120 1721 2164; x_wconf 85' lang='lat' dir='ltr'><strong>terram.</strong></span> <span class='ocrx_word' id='word_1_152' title='bbox 1762 2109 1918 2164; x_wconf 83' lang='lat' dir='ltr'><strong>Venit</strong></span> <span class='ocrx_word' id='word_1_153' title='bbox 1960 2106 2026 2162; x_wconf 85' lang='lat' dir='ltr'><strong>ad</strong></span> 
     </span>
    </p>
   </div>
   <div class='ocr_carea' id='block_1_24' title="bbox 447 2186 2030 2273">
    <p class='ocr_par' dir='ltr' id='par_1_24' title="bbox 447 2186 2030 2273">
     <span class='ocr_line' id='line_1_24' title="bbox 447 2186 2030 2273; baseline -0.004 -15"><span class='ocrx_word' id='word_1_154' title='bbox 447 2215 696 2273; x_wconf 86' lang='lat' dir='ltr'><strong>quartum</strong></span> <span class='ocrx_word' id='word_1_155' title='bbox 727 2205 967 2264; x_wconf 86' lang='lat' dir='ltr'><strong>modum.</strong></span> <span class='ocrx_word' id='word_1_156' title='bbox 992 2203 1044 2255; x_wconf 86' lang='lat' dir='ltr'><strong>in</strong></span> <span class='ocrx_word' id='word_1_157' title='bbox 1069 2219 1174 2271; x_wconf 90' lang='lat' dir='ltr'><strong>quo</strong></span> <span class='ocrx_word' id='word_1_158' title='bbox 1198 2217 1359 2268; x_wconf 82' lang='lat' dir='ltr'><strong>supra</strong></span> <span class='ocrx_word' id='word_1_159' title='bbox 1390 2200 1719 2270; x_wconf 87' lang='lat' dir='ltr'><strong>descriptum</strong></span> <span class='ocrx_word' id='word_1_160' title='bbox 1747 2207 1831 2254; x_wconf 87' lang='lat' dir='ltr'><strong>est</strong></span> <span class='ocrx_word' id='word_1_161' title='bbox 1852 2214 1881 2253; x_wconf 88' lang='lat' dir='ltr'><strong>a</strong></span> <span class='ocrx_word' id='word_1_162' title='bbox 1908 2186 2030 2268; x_wconf 84' lang='lat' dir='ltr'><strong>gra-</strong></span> 
     </span>
    </p>
   </div>
   <div class='ocr_carea' id='block_1_25' title="bbox 445 2290 2028 2361">
    <p class='ocr_par' dir='ltr' id='par_1_25' title="bbox 445 2290 2028 2361">
     <span class='ocr_line' id='line_1_25' title="bbox 445 2290 2028 2361; baseline -0.004 -12"><span class='ocrx_word' id='word_1_163' title='bbox 445 2298 601 2351; x_wconf 87' lang='lat' dir='ltr'><strong>dibus</strong></span> <span class='ocrx_word' id='word_1_164' title='bbox 623 2296 877 2350; x_wconf 83' lang='lat' dir='ltr'><strong>eburneis</strong></span> <span class='ocrx_word' id='word_1_165' title='bbox 902 2296 1197 2350; x_wconf 82' lang='lat' dir='ltr'><strong>Ecclesiam</strong></span> <span class='ocrx_word' id='word_1_166' title='bbox 1235 2295 1478 2357; x_wconf 76' lang='lat' dir='ltr'><strong>venisse,</strong></span> <span class='ocrx_word' id='word_1_167' title='bbox 1511 2307 1631 2361; x_wconf 69' lang='lat' dir='ltr'><strong>quae</strong></span> <span class='ocrx_word' id='word_1_168' title='bbox 1663 2291 1726 2345; x_wconf 88' lang='lat' dir='ltr'><strong>ad</strong></span> <span class='ocrx_word' id='word_1_169' title='bbox 1754 2290 2028 2346; x_wconf 83' lang='lat' dir='ltr'><strong>dexteram</strong></span> 
     </span>
    </p>
   </div>
   <div class='ocr_carea' id='block_1_26' title="bbox 449 2386 2028 2458">
    <p class='ocr_par' dir='ltr' id='par_1_26' title="bbox 449 2386 2028 2458">
     <span class='ocr_line' id='line_1_26' title="bbox 449 2386 2028 2458; baseline -0.004 -15"><span class='ocrx_word' id='word_1_170' title='bbox 449 2389 610 2458; x_wconf 67' lang='lat' dir='ltr'><strong>[legis</strong></span> <span class='ocrx_word' id='word_1_171' title='bbox 636 2397 823 2442; x_wconf 87' lang='lat' dir='ltr'><strong>ornata</strong></span> <span class='ocrx_word' id='word_1_172' title='bbox 852 2387 1196 2443; x_wconf 75' lang='lat' dir='ltr'><strong>consisteret.</strong></span> <span class='ocrx_word' id='word_1_173' title='bbox 1226 2386 1375 2441; x_wconf 86' lang='lat' dir='ltr'><strong>Nunc</strong></span> <span class='ocrx_word' id='word_1_174' title='bbox 1400 2394 1578 2440; x_wconf 92' lang='lat' dir='ltr'><strong>autem</strong></span> <span class='ocrx_word' id='word_1_175' title='bbox 1602 2394 1850 2455; x_wconf 89' lang='lat' dir='ltr'><strong>potenter</strong></span> <span class='ocrx_word' id='word_1_176' title='bbox 1869 2398 2028 2452; x_wconf 78' lang='lat' dir='ltr'><strong>espo-</strong></span> 
     </span>
    </p>
   </div>
   <div class='ocr_carea' id='block_1_27' title="bbox 448 2475 2035 2548">
    <p class='ocr_par' dir='ltr' id='par_1_27' title="bbox 448 2475 2035 2548">
     <span class='ocr_line' id='line_1_27' title="bbox 448 2475 2035 2548; baseline -0.004 -14"><span class='ocrx_word' id='word_1_177' title='bbox 448 2482 592 2535; x_wconf 88' lang='lat' dir='ltr'><strong>nitur</strong></span> <span class='ocrx_word' id='word_1_178' title='bbox 619 2489 823 2548; x_wconf 88' lang='lat' dir='ltr'><strong>quanto</strong></span> <span class='ocrx_word' id='word_1_179' title='bbox 874 2481 1212 2535; x_wconf 88' lang='lat' dir='ltr'><strong>incremento</strong></span> <span class='ocrx_word' id='word_1_180' title='bbox 1243 2480 1358 2534; x_wconf 75' lang='lat' dir='ltr'><strong>haec</strong></span> <span class='ocrx_word' id='word_1_181' title='bbox 1387 2478 1595 2547; x_wconf 84' lang='lat' dir='ltr'><strong>Sponsa</strong></span> <span class='ocrx_word' id='word_1_182' title='bbox 1627 2475 1943 2547; x_wconf 90' lang='lat' dir='ltr'><strong>profecerit,</strong></span> <span class='ocrx_word' id='word_1_183' title='bbox 1976 2481 2035 2528; x_wconf 91' lang='lat' dir='ltr'><strong>ut</strong></span> 
     </span>
    </p>
   </div>
   <div class='ocr_carea' id='block_1_28' title="bbox 449 2568 2032 2643">
    <p class='ocr_par' dir='ltr' id='par_1_28' title="bbox 449 2568 2032 2643">
     <span class='ocr_line' id='line_1_28' title="bbox 449 2568 2032 2643; baseline -0.005 -14"><span class='ocrx_word' id='word_1_184' title='bbox 449 2591 542 2643; x_wconf 85' lang='lat' dir='ltr'><strong>pro</strong></span> <span class='ocrx_word' id='word_1_185' title='bbox 588 2575 822 2638; x_wconf 70' lang='lat' dir='ltr'><strong>antiquis</strong></span> <span class='ocrx_word' id='word_1_186' title='bbox 864 2575 1137 2641; x_wconf 77' lang='lat' dir='ltr'><strong>patribus,</strong></span> <span class='ocrx_word' id='word_1_187' title='bbox 1177 2573 1227 2627; x_wconf 90' lang='lat' dir='ltr'><strong>id</strong></span> <span class='ocrx_word' id='word_1_188' title='bbox 1257 2580 1341 2627; x_wconf 87' lang='lat' dir='ltr'><strong>est</strong></span> <span class='ocrx_word' id='word_1_189' title='bbox 1373 2571 1638 2625; x_wconf 88' lang='lat' dir='ltr'><strong>idolorum</strong></span> <span class='ocrx_word' id='word_1_190' title='bbox 1696 2568 1990 2624; x_wconf 75' lang='lat' dir='ltr'><strong>cultoribus</strong></span> <span class='ocrx_word' id='word_1_191' title='bbox 2014 2603 2032 2633; x_wconf 85' lang='lat'><strong>,</strong></span> 
     </span>
    </p>
   </div>
   <div class='ocr_carea' id='block_1_29' title="bbox 448 2661 2036 2736">
    <p class='ocr_par' dir='ltr' id='par_1_29' title="bbox 448 2661 2036 2736">
     <span class='ocr_line' id='line_1_29' title="bbox 448 2661 2036 2736; baseline -0.001 -17"><span class='ocrx_word' id='word_1_192' title='bbox 448 2669 553 2720; x_wconf 87' lang='lat' dir='ltr'><strong>nati</strong></span> <span class='ocrx_word' id='word_1_193' title='bbox 578 2668 675 2721; x_wconf 82' lang='lat' dir='ltr'><strong>sint</strong></span> <span class='ocrx_word' id='word_1_194' title='bbox 700 2666 777 2720; x_wconf 83' lang='lat' dir='ltr'><strong>illi</strong></span> <span class='ocrx_word' id='word_1_195' title='bbox 804 2667 899 2731; x_wconf 85' lang='lat' dir='ltr'><strong>ﬁlii</strong></span> <span class='ocrx_word' id='word_1_196' title='bbox 931 2667 1167 2734; x_wconf 68' lang='lat' dir='ltr'><strong>apustoli</strong></span> <span class='ocrx_word' id='word_1_197' title='bbox 1194 2711 1207 2733; x_wconf 94' lang='lat'><strong>,</strong></span> <span class='ocrx_word' id='word_1_198' title='bbox 1247 2679 1384 2735; x_wconf 85' lang='lat' dir='ltr'><strong>quos</strong></span> <span class='ocrx_word' id='word_1_199' title='bbox 1413 2665 1671 2736; x_wconf 76' lang='lat' dir='ltr'><strong>principes</strong></span> <span class='ocrx_word' id='word_1_200' title='bbox 1702 2661 2036 2731; x_wconf 50' lang='lat' dir='ltr'><strong>praedicatio.</strong></span> 
     </span>
    </p>
   </div>
   <div class='ocr_carea' id='block_1_30' title="bbox 451 2754 2039 2825">
    <p class='ocr_par' dir='ltr' id='par_1_30' title="bbox 451 2754 2039 2825">
     <span class='ocr_line' id='line_1_30' title="bbox 451 2754 2039 2825; baseline -0.001 -14"><span class='ocrx_word' id='word_1_201' title='bbox 451 2759 533 2812; x_wconf 88' lang='lat' dir='ltr'><strong>nis</strong></span> <span class='ocrx_word' id='word_1_202' title='bbox 562 2758 613 2811; x_wconf 90' lang='lat' dir='ltr'><strong>in</strong></span> <span class='ocrx_word' id='word_1_203' title='bbox 646 2768 759 2813; x_wconf 90' lang='lat' dir='ltr'><strong>toto</strong></span> <span class='ocrx_word' id='word_1_204' title='bbox 789 2768 1056 2814; x_wconf 89' lang='lat' dir='ltr'><strong>terrarum</strong></span> <span class='ocrx_word' id='word_1_205' title='bbox 1087 2759 1220 2812; x_wconf 86' lang='lat' dir='ltr'><strong>orbe</strong></span> <span class='ocrx_word' id='word_1_206' title='bbox 1269 2757 1590 2812; x_wconf 87' lang='lat' dir='ltr'><strong>transmisit.</strong></span> <span class='ocrx_word' id='word_1_207' title='bbox 1643 2754 1748 2811; x_wconf 87' lang='lat' dir='ltr'><strong>Sed</strong></span> <span class='ocrx_word' id='word_1_208' title='bbox 1777 2762 2039 2825; x_wconf 80' lang='lat' dir='ltr'><strong>quantum</strong></span> 
     </span>
    </p>
   </div>
   <div class='ocr_carea' id='block_1_31' title="bbox 448 2847 2036 2919">
    <p class='ocr_par' dir='ltr' id='par_1_31' title="bbox 448 2847 2036 2919">
     <span class='ocr_line' id='line_1_31' title="bbox 448 2847 2036 2919; baseline -0.003 -14"><span class='ocrx_word' id='word_1_209' title='bbox 448 2861 570 2905; x_wconf 87' lang='lat' dir='ltr'><strong>sunt</strong></span> <span class='ocrx_word' id='word_1_210' title='bbox 593 2851 691 2905; x_wconf 90' lang='lat' dir='ltr'><strong>ista</strong></span> <span class='ocrx_word' id='word_1_211' title='bbox 717 2850 980 2919; x_wconf 80' lang='lat' dir='ltr'><strong>disparia,</strong></span> <span class='ocrx_word' id='word_1_212' title='bbox 1009 2859 1215 2904; x_wconf 87' lang='lat' dir='ltr'><strong>tantum</strong></span> <span class='ocrx_word' id='word_1_213' title='bbox 1236 2849 1488 2904; x_wconf 75' lang='lat' dir='ltr'><strong>laudatur</strong></span> <span class='ocrx_word' id='word_1_214' title='bbox 1512 2848 1770 2904; x_wconf 84' lang='lat' dir='ltr'><strong>Ecclesia.</strong></span> <span class='ocrx_word' id='word_1_215' title='bbox 1792 2847 1870 2902; x_wconf 90' lang='lat' dir='ltr'><strong>Illi</strong></span> <span class='ocrx_word' id='word_1_216' title='bbox 1892 2847 2036 2902; x_wconf 90' lang='lat' dir='ltr'><strong>enim</strong></span> 
     </span>
    </p>
   </div>
   <div class='ocr_carea' id='block_1_32' title="bbox 447 2935 2038 3009">
    <p class='ocr_par' dir='ltr' id='par_1_32' title="bbox 447 2935 2038 3009">
     <span class='ocr_line' id='line_1_32' title="bbox 447 2935 2038 3009; baseline -0.003 -13"><span class='ocrx_word' id='word_1_217' title='bbox 447 2949 603 2996; x_wconf 84' lang='lat' dir='ltr'><strong>erant</strong></span> <span class='ocrx_word' id='word_1_218' title='bbox 630 2940 949 2995; x_wconf 89' lang='lat' dir='ltr'><strong>seductores</strong></span> <span class='ocrx_word' id='word_1_219' title='bbox 975 2940 1180 2995; x_wconf 88' lang='lat' dir='ltr'><strong>erroris</strong></span> <span class='ocrx_word' id='word_1_220' title='bbox 1208 2981 1222 3005; x_wconf 92' lang='lat'><strong>,</strong></span> <span class='ocrx_word' id='word_1_221' title='bbox 1255 2940 1345 2995; x_wconf 84' lang='lat' dir='ltr'><strong>isti</strong></span> <span class='ocrx_word' id='word_1_222' title='bbox 1380 2939 1621 3009; x_wconf 73' lang='lat' dir='ltr'><strong>magistri</strong></span> <span class='ocrx_word' id='word_1_223' title='bbox 1649 2938 1927 3003; x_wconf 77' lang='lat' dir='ltr'><strong>veritatis;</strong></span> <span class='ocrx_word' id='word_1_224' title='bbox 1961 2935 2038 2991; x_wconf 90' lang='lat' dir='ltr'><strong>illi</strong></span> 
     </span>
    </p>
   </div>
   <div class='ocr_carea' id='block_1_33' title="bbox 447 3028 2036 3095">
    <p class='ocr_par' dir='ltr' id='par_1_33' title="bbox 447 3028 2036 3095">
     <span class='ocr_line' id='line_1_33' title="bbox 447 3028 2036 3095; baseline -0.004 -7"><span class='ocrx_word' id='word_1_225' title='bbox 447 3034 788 3089; x_wconf 83' lang='lat' dir='ltr'><strong>seminabant</strong></span> <span class='ocrx_word' id='word_1_226' title='bbox 815 3033 1002 3095; x_wconf 79' lang='lat' dir='ltr'><strong>exitia,</strong></span> <span class='ocrx_word' id='word_1_227' title='bbox 1031 3033 1115 3087; x_wconf 79' lang='lat' dir='ltr'><strong>iSti</strong></span> <span class='ocrx_word' id='word_1_228' title='bbox 1147 3031 1503 3085; x_wconf 85' lang='lat' dir='ltr'><strong>hortabantur</strong></span> <span class='ocrx_word' id='word_1_229' title='bbox 1534 3030 1598 3083; x_wconf 89' lang='lat' dir='ltr'><strong>ad</strong></span> <span class='ocrx_word' id='word_1_230' title='bbox 1632 3029 1815 3083; x_wconf 87' lang='lat' dir='ltr'><strong>vitam.</strong></span> <span class='ocrx_word' id='word_1_231' title='bbox 1847 3029 1892 3082; x_wconf 89' lang='grc' dir='ltr'>Ο</span> <span class='ocrx_word' id='word_1_232' title='bbox 1919 3028 2036 3082; x_wconf 87' lang='lat' dir='ltr'><strong>laus</strong></span> 
     </span>
    </p>
   </div>
   <div class='ocr_carea' id='block_1_34' title="bbox 2116 443 3705 517">
    <p class='ocr_par' dir='ltr' id='par_1_34' title="bbox 2116 443 3705 517">
     <span class='ocr_line' id='line_1_34' title="bbox 2116 443 3705 517; baseline -0.007 -13"><span class='ocrx_word' id='word_1_233' title='bbox 2116 451 2402 514; x_wconf 87' lang='lat' dir='ltr'><strong>auditum;</strong></span> <span class='ocrx_word' id='word_1_234' title='bbox 2454 449 2541 503; x_wconf 89' lang='lat' dir='ltr'><strong>hic</strong></span> <span class='ocrx_word' id='word_1_235' title='bbox 2573 448 2695 505; x_wconf 85' lang='lat' dir='ltr'><strong>talis</strong></span> <span class='ocrx_word' id='word_1_236' title='bbox 2730 449 2927 501; x_wconf 86' lang='lat' dir='ltr'><strong>musica</strong></span> <span class='ocrx_word' id='word_1_237' title='bbox 2960 447 3163 517; x_wconf 78' lang='lat' dir='ltr'><strong>geritur</strong></span> <span class='ocrx_word' id='word_1_238' title='bbox 3188 484 3203 509; x_wconf 87' lang='lat'><strong>,</strong></span> <span class='ocrx_word' id='word_1_239' title='bbox 3246 460 3343 514; x_wconf 84' lang='lat' dir='ltr'><strong>per</strong></span> <span class='ocrx_word' id='word_1_240' title='bbox 3391 458 3554 513; x_wconf 87' lang='lat' dir='ltr'><strong>quam</strong></span> <span class='ocrx_word' id='word_1_241' title='bbox 3602 443 3705 496; x_wconf 79' lang='lat' dir='ltr'><strong>hii-</strong></span> 
     </span>
    </p>
   </div>
   <div class='ocr_carea' id='block_1_35' title="bbox 2118 536 3705 601">
    <p class='ocr_par' dir='ltr' id='par_1_35' title="bbox 2118 536 3705 601">
     <span class='ocr_line' id='line_1_35' title="bbox 2118 536 3705 601; baseline -0.003 -6"><span class='ocrx_word' id='word_1_242' title='bbox 2118 556 2279 595; x_wconf 86' lang='lat' dir='ltr'><strong>mana</strong></span> <span class='ocrx_word' id='word_1_243' title='bbox 2310 542 2495 595; x_wconf 65' lang='lat' dir='ltr'><strong>laetitia</strong></span> <span class='ocrx_word' id='word_1_244' title='bbox 2528 550 2726 596; x_wconf 90' lang='lat' dir='ltr'><strong>cuncta</strong></span> <span class='ocrx_word' id='word_1_245' title='bbox 2757 540 3024 594; x_wconf 75' lang='lat' dir='ltr'><strong>vincatur.</strong></span> <span class='ocrx_word' id='word_1_246' title='bbox 3070 539 3215 593; x_wconf 81' lang='lat' dir='ltr'><strong>Pasti</strong></span> <span class='ocrx_word' id='word_1_247' title='bbox 3257 551 3466 601; x_wconf 84' lang='lat' dir='ltr'><strong>sumus,</strong></span> <span class='ocrx_word' id='word_1_248' title='bbox 3499 551 3531 589; x_wconf 91' lang='grc' dir='ltr'>ο</span> <span class='ocrx_word' id='word_1_249' title='bbox 3564 536 3705 590; x_wconf 74' lang='lat' dir='ltr'><strong>bone</strong></span> 
     </span>
    </p>
   </div>
   <div class='ocr_carea' id='block_1_36' title="bbox 2117 629 3704 702">
    <p class='ocr_par' dir='ltr' id='par_1_36' title="bbox 2117 629 3704 702">
     <span class='ocr_line' id='line_1_36' title="bbox 2117 629 3704 702; baseline -0.003 -13"><span class='ocrx_word' id='word_1_250' title='bbox 2117 635 2256 697; x_wconf 78' lang='lat' dir='ltr'><strong>Rex,</strong></span> <span class='ocrx_word' id='word_1_251' title='bbox 2287 634 2537 688; x_wconf 83' lang='lat' dir='ltr'><strong>convivio</strong></span> <span class='ocrx_word' id='word_1_252' title='bbox 2571 633 2795 702; x_wconf 84' lang='lat' dir='ltr'><strong>nuptiali</strong></span> <span class='ocrx_word' id='word_1_253' title='bbox 2827 632 3048 687; x_wconf 89' lang='lat' dir='ltr'><strong>delicias</strong></span> <span class='ocrx_word' id='word_1_254' title='bbox 3086 632 3339 687; x_wconf 77' lang='lat' dir='ltr'><strong>cmlestes</strong></span> <span class='ocrx_word' id='word_1_255' title='bbox 3363 629 3704 685; x_wconf 81' lang='lat' dir='ltr'><strong>haurientes.</strong></span> 
     </span>
    </p>
   </div>
   <div class='ocr_carea' id='block_1_37' title="bbox 2114 726 3705 798">
    <p class='ocr_par' dir='ltr' id='par_1_37' title="bbox 2114 726 3705 798">
     <span class='ocr_line' id='line_1_37' title="bbox 2114 726 3705 798; baseline -0.001 -15"><span class='ocrx_word' id='word_1_256' title='bbox 2114 727 2320 783; x_wconf 68' lang='lat' dir='ltr'><strong>Praesta</strong></span> <span class='ocrx_word' id='word_1_257' title='bbox 2349 729 2525 787; x_wconf 85' lang='lat' dir='ltr'><strong>nobis.</strong></span> <span class='ocrx_word' id='word_1_258' title='bbox 2556 727 2768 798; x_wconf 76' lang='lat' dir='ltr'><strong>Sponsa</strong></span> <span class='ocrx_word' id='word_1_259' title='bbox 2796 729 3080 795; x_wconf 74' lang='lat' dir='ltr'><strong>mirabilis,</strong></span> <span class='ocrx_word' id='word_1_260' title='bbox 3110 739 3168 782; x_wconf 92' lang='lat' dir='ltr'><strong>ut</strong></span> <span class='ocrx_word' id='word_1_261' title='bbox 3195 731 3283 797; x_wconf 88' lang='lat' dir='ltr'><strong>qui</strong></span> <span class='ocrx_word' id='word_1_262' title='bbox 3310 728 3396 781; x_wconf 87' lang='lat' dir='ltr'><strong>hic</strong></span> <span class='ocrx_word' id='word_1_263' title='bbox 3416 742 3515 795; x_wconf 85' lang='lat' dir='ltr'><strong>spe</strong></span> <span class='ocrx_word' id='word_1_264' title='bbox 3543 726 3705 781; x_wconf 73' lang='lat' dir='ltr'><strong>Iretati</strong></span> 
     </span>
    </p>
   </div>
   <div class='ocr_carea' id='block_1_38' title="bbox 2116 820 3697 889">
    <p class='ocr_par' dir='ltr' id='par_1_38' title="bbox 2116 820 3697 889">
     <span class='ocr_line' id='line_1_38' title="bbox 2116 820 3697 889; baseline -0.001 -16"><span class='ocrx_word' id='word_1_265' title='bbox 2116 834 2328 881; x_wconf 84' lang='lat' dir='ltr'><strong>sumus,</strong></span> <span class='ocrx_word' id='word_1_266' title='bbox 2360 820 2413 873; x_wconf 91' lang='lat' dir='ltr'><strong>in</strong></span> <span class='ocrx_word' id='word_1_267' title='bbox 2442 820 2619 874; x_wconf 89' lang='lat' dir='ltr'><strong>futuro</strong></span> <span class='ocrx_word' id='word_1_268' title='bbox 2652 820 3047 888; x_wconf 87' lang='lat' dir='ltr'><strong>perfectissimo</strong></span> <span class='ocrx_word' id='word_1_269' title='bbox 3074 820 3269 889; x_wconf 78' lang='lat' dir='ltr'><strong>gaudio</strong></span> <span class='ocrx_word' id='word_1_270' title='bbox 3299 820 3697 887; x_wconf 87' lang='lat' dir='ltr'><strong>compleamur.</strong></span> 
     </span>
    </p>
   </div>
   <div class='ocr_carea' id='block_1_39' title="bbox 2118 909 3712 982">
    <p class='ocr_par' dir='ltr' id='par_1_39' title="bbox 2118 909 3712 982">
     <span class='ocr_line' id='line_1_39' title="bbox 2118 909 3712 982; baseline -0.002 -15"><span class='ocrx_word' id='word_1_271' title='bbox 2118 911 2278 967; x_wconf 82' lang='lat' dir='ltr'><strong>Hunc</strong></span> <span class='ocrx_word' id='word_1_272' title='bbox 2306 912 2465 965; x_wconf 85' lang='lat' dir='ltr'><strong>etiam</strong></span> <span class='ocrx_word' id='word_1_273' title='bbox 2488 912 2761 982; x_wconf 85' lang='lat' dir='ltr'><strong>psalmum</strong></span> <span class='ocrx_word' id='word_1_274' title='bbox 2784 920 2840 964; x_wconf 91' lang='lat' dir='ltr'><strong>et</strong></span> <span class='ocrx_word' id='word_1_275' title='bbox 2862 911 3052 965; x_wconf 88' lang='lat' dir='ltr'><strong>beatus</strong></span> <span class='ocrx_word' id='word_1_276' title='bbox 3078 912 3441 981; x_wconf 76' lang='lat' dir='ltr'><strong>Hieronymus</strong></span> <span class='ocrx_word' id='word_1_277' title='bbox 3463 910 3530 963; x_wconf 80' lang='lat' dir='ltr'><strong>ad</strong></span> <span class='ocrx_word' id='word_1_278' title='bbox 3556 909 3712 964; x_wconf 81' lang='lat' dir='ltr'><strong>Priu-</strong></span> 
     </span>
    </p>
   </div>
   <div class='ocr_carea' id='block_1_40' title="bbox 2117 1001 3712 1073">
    <p class='ocr_par' dir='ltr' id='par_1_40' title="bbox 2117 1001 3712 1073">
     <span class='ocr_line' id='line_1_40' title="bbox 2117 1001 3712 1073; baseline -0.003 -16"><span class='ocrx_word' id='word_1_279' title='bbox 2117 1002 2315 1071; x_wconf 89' lang='lat' dir='ltr'><strong>cipiam</strong></span> <span class='ocrx_word' id='word_1_280' title='bbox 2344 1004 2551 1071; x_wconf 88' lang='lat' dir='ltr'><strong>virgine</strong></span> <span class='ocrx_word' id='word_1_281' title='bbox 2578 1023 2605 1054; x_wconf 81' lang='lat' dir='ltr'><strong>u</strong></span> <span class='ocrx_word' id='word_1_282' title='bbox 2632 1003 2879 1057; x_wconf 82' lang='lat' dir='ltr'><strong>scribens</strong></span> <span class='ocrx_word' id='word_1_283' title='bbox 2919 1002 3115 1073; x_wconf 80' lang='lat' dir='ltr'><strong>(Epist.</strong></span> <span class='ocrx_word' id='word_1_284' title='bbox 3153 1002 3303 1071; x_wconf 66' lang='grc'><strong>140),</strong></span> <span class='ocrx_word' id='word_1_285' title='bbox 3344 1001 3575 1055; x_wconf 80' lang='lat' dir='ltr'><strong>mirabili</strong></span> <span class='ocrx_word' id='word_1_286' title='bbox 3621 1002 3712 1070; x_wconf 90' lang='lat' dir='ltr'><strong>(nt</strong></span> 
     </span>
    </p>
   </div>
   <div class='ocr_carea' id='block_1_41' title="bbox 2123 1091 3714 1160">
    <p class='ocr_par' dir='ltr' id='par_1_41' title="bbox 2123 1091 3714 1160">
     <span class='ocr_line' id='line_1_41' title="bbox 2123 1091 3714 1160; baseline 0 -15"><span class='ocrx_word' id='word_1_287' title='bbox 2123 1091 2346 1160; x_wconf 88' lang='lat' dir='ltr'><strong>assolet)</strong></span> <span class='ocrx_word' id='word_1_288' title='bbox 2389 1091 2566 1146; x_wconf 75' lang='lat' dir='ltr'><strong>nitore</strong></span> <span class='ocrx_word' id='word_1_289' title='bbox 2599 1092 2867 1153; x_wconf 76' lang='lat' dir='ltr'><strong>tractavit.</strong></span> <span class='ocrx_word' id='word_1_290' title='bbox 2917 1092 3088 1157; x_wconf 85' lang='lat' dir='ltr'><strong>Quem</strong></span> <span class='ocrx_word' id='word_1_291' title='bbox 3120 1092 3243 1146; x_wconf 90' lang='lat' dir='ltr'><strong>ideo</strong></span> <span class='ocrx_word' id='word_1_292' title='bbox 3273 1104 3714 1146; x_wconf 81' lang='lat' dir='ltr'><strong>commemoran-</strong></span> 
     </span>
    </p>
   </div>
   <div class='ocr_carea' id='block_1_42' title="bbox 2123 1183 3715 1251">
    <p class='ocr_par' dir='ltr' id='par_1_42' title="bbox 2123 1183 3715 1251">
     <span class='ocr_line' id='line_1_42' title="bbox 2123 1183 3715 1251; baseline 0.001 -16"><span class='ocrx_word' id='word_1_293' title='bbox 2123 1183 2248 1236; x_wconf 89' lang='lat' dir='ltr'><strong>dum</strong></span> <span class='ocrx_word' id='word_1_294' title='bbox 2297 1197 2419 1238; x_wconf 89' lang='lat' dir='ltr'><strong>esse</strong></span> <span class='ocrx_word' id='word_1_295' title='bbox 2466 1184 2809 1251; x_wconf 74' lang='lat' dir='ltr'><strong>putavimus;</strong></span> <span class='ocrx_word' id='word_1_296' title='bbox 2863 1192 2920 1236; x_wconf 91' lang='lat' dir='ltr'><strong>ut</strong></span> <span class='ocrx_word' id='word_1_297' title='bbox 2957 1183 3097 1250; x_wconf 90' lang='lat' dir='ltr'><strong>quod</strong></span> <span class='ocrx_word' id='word_1_298' title='bbox 3129 1199 3158 1235; x_wconf 87' lang='lat' dir='ltr'><strong>a</strong></span> <span class='ocrx_word' id='word_1_299' title='bbox 3192 1183 3349 1237; x_wconf 85' lang='lat' dir='ltr'><strong>nobis</strong></span> <span class='ocrx_word' id='word_1_300' title='bbox 3390 1184 3566 1237; x_wconf 90' lang='lat' dir='ltr'><strong>minus</strong></span> <span class='ocrx_word' id='word_1_301' title='bbox 3602 1183 3715 1236; x_wconf 84' lang='lat' dir='ltr'><strong>for-</strong></span> 
     </span>
    </p>
   </div>
   <div class='ocr_carea' id='block_1_43' title="bbox 2126 1273 3716 1343">
    <p class='ocr_par' dir='ltr' id='par_1_43' title="bbox 2126 1273 3716 1343">
     <span class='ocr_line' id='line_1_43' title="bbox 2126 1273 3716 1343; baseline 0 -17"><span class='ocrx_word' id='word_1_302' title='bbox 2126 1285 2271 1328; x_wconf 84' lang='lat' dir='ltr'><strong>tasse</strong></span> <span class='ocrx_word' id='word_1_303' title='bbox 2301 1273 2641 1327; x_wconf 84' lang='lat' dir='ltr'><strong>declaratum</strong></span> <span class='ocrx_word' id='word_1_304' title='bbox 2667 1282 2785 1338; x_wconf 84' lang='lat' dir='ltr'><strong>est,</strong></span> <span class='ocrx_word' id='word_1_305' title='bbox 2815 1273 2962 1327; x_wconf 86' lang='lat' dir='ltr'><strong>illius</strong></span> <span class='ocrx_word' id='word_1_306' title='bbox 2994 1275 3093 1328; x_wconf 88' lang='lat' dir='ltr'><strong>viri</strong></span> <span class='ocrx_word' id='word_1_307' title='bbox 3123 1274 3426 1328; x_wconf 82' lang='lat' dir='ltr'><strong>doctissimi</strong></span> <span class='ocrx_word' id='word_1_308' title='bbox 3453 1273 3716 1343; x_wconf 47' lang='lat' dir='ltr'><strong>explanate</strong></span> 
     </span>
    </p>
   </div>
   <div class='ocr_carea' id='block_1_44' title="bbox 2125 1344 2719 1431">
    <p class='ocr_par' dir='ltr' id='par_1_44' title="bbox 2125 1344 2719 1431">
     <span class='ocr_line' id='line_1_44' title="bbox 2125 1344 2719 1431; baseline -0.002 -14"><span class='ocrx_word' id='word_1_309' title='bbox 2125 1364 2359 1418; x_wconf 84' lang='lat' dir='ltr'><strong>tionibus</strong></span> <span class='ocrx_word' id='word_1_310' title='bbox 2386 1344 2719 1431; x_wconf 71' lang='lat' dir='ltr'><strong>suppleatur.</strong></span> 
     </span>
    </p>
   </div>
   <div class='ocr_carea' id='block_1_45' title="bbox 2399 1472 3435 1530">
    <p class='ocr_par' dir='ltr' id='par_1_45' title="bbox 2399 1472 3435 1530">
     <span class='ocr_line' id='line_1_45' title="bbox 2399 1472 3435 1530; baseline 0 -3"><span class='ocrx_word' id='word_1_311' title='bbox 2399 1472 2761 1530; x_wconf 84' lang='lat' dir='ltr'><strong>EXPOSITIO</strong></span> <span class='ocrx_word' id='word_1_312' title='bbox 2800 1473 2866 1529; x_wconf 81' lang='lat' dir='ltr'><strong>IN</strong></span> <span class='ocrx_word' id='word_1_313' title='bbox 2912 1472 3236 1529; x_wconf 67' lang='lat' dir='ltr'><strong>PSALMUM</strong></span> <span class='ocrx_word' id='word_1_314' title='bbox 3280 1473 3435 1528; x_wconf 80' lang='lat' dir='ltr'><strong>XLV.</strong></span> 
     </span>
    </p>
   </div>
   <div class='ocr_carea' id='block_1_46' title="bbox 2305 1584 3520 1658">
    <p class='ocr_par' dir='ltr' id='par_1_46' title="bbox 2305 1584 3520 1658">
     <span class='ocr_line' id='line_1_46' title="bbox 2305 1584 3520 1658; baseline 0.002 -19"><span class='ocrx_word' id='word_1_315' title='bbox 2305 1584 2372 1639; x_wconf 87' lang='lat' dir='ltr'><strong>In</strong></span> <span class='ocrx_word' id='word_1_316' title='bbox 2398 1586 2572 1653; x_wconf 79' lang='lat' dir='ltr'><strong>ﬁnem,</strong></span> <span class='ocrx_word' id='word_1_317' title='bbox 2605 1585 2728 1657; x_wconf 80' lang='lat' dir='ltr'><strong>filiis</strong></span> <span class='ocrx_word' id='word_1_318' title='bbox 2757 1585 2884 1643; x_wconf 87' lang='lat' dir='ltr'><strong>Core</strong></span> <span class='ocrx_word' id='word_1_319' title='bbox 2914 1603 3008 1658; x_wconf 89' lang='lat' dir='ltr'><strong>pro</strong></span> <span class='ocrx_word' id='word_1_320' title='bbox 3038 1589 3240 1641; x_wconf 85' lang='lat' dir='ltr'><strong>arcanis</strong></span> <span class='ocrx_word' id='word_1_321' title='bbox 3272 1591 3520 1658; x_wconf 79' lang='lat' dir='ltr'><strong>psalmus.</strong></span> 
     </span>
    </p>
   </div>
   <div class='ocr_carea' id='block_1_47' title="bbox 2204 1697 3719 1770">
    <p class='ocr_par' dir='ltr' id='par_1_47' title="bbox 2204 1697 3719 1770">
     <span class='ocr_line' id='line_1_47' title="bbox 2204 1697 3719 1770; baseline 0.003 -18"><span class='ocrx_word' id='word_1_322' title='bbox 2204 1697 2269 1753; x_wconf 88' lang='lat' dir='ltr'><strong>In</strong></span> <span class='ocrx_word' id='word_1_323' title='bbox 2297 1699 2471 1767; x_wconf 78' lang='lat' dir='ltr'><strong>ﬁnem,</strong></span> <span class='ocrx_word' id='word_1_324' title='bbox 2498 1708 2683 1755; x_wconf 89' lang='lat' dir='ltr'><strong>notum</strong></span> <span class='ocrx_word' id='word_1_325' title='bbox 2723 1709 2808 1757; x_wconf 91' lang='lat' dir='ltr'><strong>est</strong></span> <span class='ocrx_word' id='word_1_326' title='bbox 2834 1700 3289 1770; x_wconf 89' lang='lat' dir='ltr'><strong>quemadmodum</strong></span> <span class='ocrx_word' id='word_1_327' title='bbox 3331 1701 3397 1756; x_wconf 89' lang='lat' dir='ltr'><strong>ad</strong></span> <span class='ocrx_word' id='word_1_328' title='bbox 3428 1701 3719 1756; x_wconf 86' lang='lat' dir='ltr'><strong>Dominum</strong></span> 
     </span>
    </p>
   </div>
   <div class='ocr_carea' id='block_1_48' title="bbox 2126 1790 3720 1862">
    <p class='ocr_par' dir='ltr' id='par_1_48' title="bbox 2126 1790 3720 1862">
     <span class='ocr_line' id='line_1_48' title="bbox 2126 1790 3720 1862; baseline -0.001 -16"><span class='ocrx_word' id='word_1_329' title='bbox 2126 1790 2311 1846; x_wconf 86' lang='lat' dir='ltr'><strong>.lesum</strong></span> <span class='ocrx_word' id='word_1_330' title='bbox 2341 1790 2621 1848; x_wconf 64' lang='lat' dir='ltr'><strong>Christum</strong></span> <span class='ocrx_word' id='word_1_331' title='bbox 2650 1792 2820 1862; x_wconf 87' lang='lat' dir='ltr'><strong>possit</strong></span> <span class='ocrx_word' id='word_1_332' title='bbox 2850 1790 3254 1849; x_wconf 58' lang='lat' dir='ltr'><strong>referri.,Filios</strong></span> <span class='ocrx_word' id='word_1_333' title='bbox 3282 1804 3460 1849; x_wconf 85' lang='lat' dir='ltr'><strong>autem</strong></span> <span class='ocrx_word' id='word_1_334' title='bbox 3488 1791 3616 1848; x_wconf 83' lang='lat' dir='ltr'><strong>Core</strong></span> <span class='ocrx_word' id='word_1_335' title='bbox 3644 1794 3720 1848; x_wconf 82' lang='lat' dir='ltr'><strong>si-</strong></span> 
     </span>
    </p>
   </div>
   <div class='ocr_carea' id='block_1_49' title="bbox 2126 1882 3721 1954">
    <p class='ocr_par' dir='ltr' id='par_1_49' title="bbox 2126 1882 3721 1954">
     <span class='ocr_line' id='line_1_49' title="bbox 2126 1882 3721 1954; baseline 0.002 -18"><span class='ocrx_word' id='word_1_336' title='bbox 2126 1882 2368 1953; x_wconf 83' lang='lat' dir='ltr'><strong>gniﬁcari</strong></span> <span class='ocrx_word' id='word_1_337' title='bbox 2415 1882 2647 1938; x_wconf 84' lang='lat' dir='ltr'><strong>dicimus</strong></span> <span class='ocrx_word' id='word_1_338' title='bbox 2684 1882 3061 1949; x_wconf 80' lang='lat' dir='ltr'><strong>Christianos,</strong></span> <span class='ocrx_word' id='word_1_339' title='bbox 3093 1899 3160 1938; x_wconf 80' lang='lat' dir='ltr'><strong>ex</strong></span> <span class='ocrx_word' id='word_1_340' title='bbox 3201 1899 3437 1954; x_wconf 89' lang='lat' dir='ltr'><strong>quorum</strong></span> <span class='ocrx_word' id='word_1_341' title='bbox 3486 1899 3721 1954; x_wconf 74' lang='lat' dir='ltr'><strong>persona</strong></span> 
     </span>
    </p>
   </div>
   <div class='ocr_carea' id='block_1_50' title="bbox 2129 1974 3722 2042">
    <p class='ocr_par' dir='ltr' id='par_1_50' title="bbox 2129 1974 3722 2042">
     <span class='ocr_line' id='line_1_50' title="bbox 2129 1974 3722 2042; baseline 0 -14"><span class='ocrx_word' id='word_1_342' title='bbox 2129 1975 2370 2042; x_wconf 86' lang='lat' dir='ltr'><strong>psalmus</strong></span> <span class='ocrx_word' id='word_1_343' title='bbox 2395 1974 2498 2029; x_wconf 85' lang='lat' dir='ltr'><strong>iste</strong></span> <span class='ocrx_word' id='word_1_344' title='bbox 2525 1983 2796 2035; x_wconf 79' lang='lat' dir='ltr'><strong>cantatur.</strong></span> <span class='ocrx_word' id='word_1_345' title='bbox 2834 1974 2936 2028; x_wconf 89' lang='lat' dir='ltr'><strong>Pro</strong></span> <span class='ocrx_word' id='word_1_346' title='bbox 2980 1976 3185 2029; x_wconf 87' lang='lat' dir='ltr'><strong>arcanis</strong></span> <span class='ocrx_word' id='word_1_347' title='bbox 3216 1990 3382 2037; x_wconf 80' lang='lat' dir='ltr'><strong>vero,</strong></span> <span class='ocrx_word' id='word_1_348' title='bbox 3428 1976 3722 2031; x_wconf 83' lang='lat' dir='ltr'><strong>adventum</strong></span> 
     </span>
    </p>
   </div>
   <div class='ocr_carea' id='block_1_51' title="bbox 2132 2063 3723 2136">
    <p class='ocr_par' dir='ltr' id='par_1_51' title="bbox 2132 2063 3723 2136">
     <span class='ocr_line' id='line_1_51' title="bbox 2132 2063 3723 2136; baseline 0.004 -18"><span class='ocrx_word' id='word_1_349' title='bbox 2132 2063 2347 2119; x_wconf 90' lang='lat' dir='ltr'><strong>Domini</strong></span> <span class='ocrx_word' id='word_1_350' title='bbox 2393 2064 2667 2135; x_wconf 82' lang='lat' dir='ltr'><strong>signiﬁcat</strong></span> <span class='ocrx_word' id='word_1_351' title='bbox 2708 2066 3044 2132; x_wconf 87' lang='lat' dir='ltr'><strong>Salvatoris,</strong></span> <span class='ocrx_word' id='word_1_352' title='bbox 3076 2082 3235 2136; x_wconf 87' lang='lat' dir='ltr'><strong>quem</strong></span> <span class='ocrx_word' id='word_1_353' title='bbox 3280 2068 3579 2123; x_wconf 85' lang='lat' dir='ltr'><strong>divinitatis</strong></span> <span class='ocrx_word' id='word_1_354' title='bbox 3607 2086 3723 2124; x_wconf 76' lang='lat' dir='ltr'><strong>sua:</strong></span> 
     </span>
    </p>
   </div>
   <div class='ocr_carea' id='block_1_52' title="bbox 2130 2156 3581 2230">
    <p class='ocr_par' dir='ltr' id='par_1_52' title="bbox 2130 2156 3581 2230">
     <span class='ocr_line' id='line_1_52' title="bbox 2130 2156 3581 2230; baseline 0.005 -20"><span class='ocrx_word' id='word_1_355' title='bbox 2130 2156 2359 2211; x_wconf 90' lang='lat' dir='ltr'><strong>mirabili</strong></span> <span class='ocrx_word' id='word_1_356' title='bbox 2399 2167 2610 2212; x_wconf 86' lang='lat' dir='ltr'><strong>secreto</strong></span> <span class='ocrx_word' id='word_1_357' title='bbox 2642 2173 2739 2226; x_wconf 92' lang='lat' dir='ltr'><strong>pro</strong></span> <span class='ocrx_word' id='word_1_358' title='bbox 2771 2159 3046 2213; x_wconf 86' lang='lat' dir='ltr'><strong>hominum</strong></span> <span class='ocrx_word' id='word_1_359' title='bbox 3082 2161 3261 2223; x_wconf 85' lang='lat' dir='ltr'><strong>salute</strong></span> <span class='ocrx_word' id='word_1_360' title='bbox 3286 2162 3581 2230; x_wconf 84' lang='lat' dir='ltr'><strong>disposuit.</strong></span> 
     </span>
    </p>
   </div>
   <div class='ocr_carea' id='block_1_53' title="bbox 2698 2270 3141 2340">
    <p class='ocr_par' dir='ltr' id='par_1_53' title="bbox 2698 2270 3141 2340">
     <span class='ocr_line' id='line_1_53' title="bbox 2698 2270 3141 2340; baseline 0.014 -18"><span class='ocrx_word' id='word_1_361' title='bbox 2698 2270 2895 2326; x_wconf 77' lang='lat' dir='ltr'><strong>Divisio</strong></span> <span class='ocrx_word' id='word_1_362' title='bbox 2936 2273 3141 2340; x_wconf 78' lang='lat' dir='ltr'><strong>psalmi.</strong></span> 
     </span>
    </p>
   </div>
   <div class='ocr_carea' id='block_1_54' title="bbox 2207 2382 3723 2457">
    <p class='ocr_par' dir='ltr' id='par_1_54' title="bbox 2207 2382 3723 2457">
     <span class='ocr_line' id='line_1_54' title="bbox 2207 2382 3723 2457; baseline 0.004 -21"><span class='ocrx_word' id='word_1_363' title='bbox 2207 2382 2325 2436; x_wconf 81' lang='lat' dir='ltr'><strong>Filii</strong></span> <span class='ocrx_word' id='word_1_364' title='bbox 2339 2383 2496 2447; x_wconf 82' lang='lat' dir='ltr'><strong>Core,</strong></span> <span class='ocrx_word' id='word_1_365' title='bbox 2517 2384 2605 2453; x_wconf 90' lang='lat' dir='ltr'><strong>qui</strong></span> <span class='ocrx_word' id='word_1_366' title='bbox 2626 2383 2811 2438; x_wconf 70' lang='lat' dir='ltr'><strong>fidi-les</strong></span> <span class='ocrx_word' id='word_1_367' title='bbox 2832 2384 3026 2438; x_wconf 89' lang='lat' dir='ltr'><strong>debent</strong></span> <span class='ocrx_word' id='word_1_368' title='bbox 3046 2383 3265 2454; x_wconf 83' lang='lat' dir='ltr'><strong>intelligi</strong></span> <span class='ocrx_word' id='word_1_369' title='bbox 3280 2384 3588 2453; x_wconf 78' lang='lat' dir='ltr'><strong>Christiani,</strong></span> <span class='ocrx_word' id='word_1_370' title='bbox 3603 2388 3723 2457; x_wconf 86' lang='lat' dir='ltr'><strong>pri-</strong></span> 
     </span>
    </p>
   </div>
   <div class='ocr_carea' id='block_1_55' title="bbox 2133 2475 3723 2545">
    <p class='ocr_par' dir='ltr' id='par_1_55' title="bbox 2133 2475 3723 2545">
     <span class='ocr_line' id='line_1_55' title="bbox 2133 2475 3723 2545; baseline 0.002 -15"><span class='ocrx_word' id='word_1_371' title='bbox 2133 2491 2222 2530; x_wconf 90' lang='lat' dir='ltr'><strong>mo</strong></span> <span class='ocrx_word' id='word_1_372' title='bbox 2245 2476 2487 2530; x_wconf 87' lang='lat' dir='ltr'><strong>membro</strong></span> <span class='ocrx_word' id='word_1_373' title='bbox 2503 2476 2690 2545; x_wconf 79' lang='lat' dir='ltr'><strong>psalmi</strong></span> <span class='ocrx_word' id='word_1_374' title='bbox 2720 2492 2823 2531; x_wconf 91' lang='lat' dir='ltr'><strong>non</strong></span> <span class='ocrx_word' id='word_1_375' title='bbox 2852 2488 2911 2531; x_wconf 87' lang='lat' dir='ltr'><strong>se</strong></span> <span class='ocrx_word' id='word_1_376' title='bbox 2937 2476 3127 2531; x_wconf 89' lang='lat' dir='ltr'><strong>timere</strong></span> <span class='ocrx_word' id='word_1_377' title='bbox 3160 2475 3483 2544; x_wconf 82' lang='lat' dir='ltr'><strong>profitentur</strong></span> <span class='ocrx_word' id='word_1_378' title='bbox 3499 2487 3723 2533; x_wconf 83' lang='lat' dir='ltr'><strong>contur-</strong></span> 
     </span>
    </p>
   </div>
   <div class='ocr_carea' id='block_1_56' title="bbox 2133 2562 3727 2637">
    <p class='ocr_par' dir='ltr' id='par_1_56' title="bbox 2133 2562 3727 2637">
     <span class='ocr_line' id='line_1_56' title="bbox 2133 2562 3727 2637; baseline 0.001 -15"><span class='ocrx_word' id='word_1_379' title='bbox 2133 2568 2379 2623; x_wconf 84' lang='lat' dir='ltr'><strong>bationes</strong></span> <span class='ocrx_word' id='word_1_380' title='bbox 2399 2568 2616 2631; x_wconf 63' lang='lat' dir='ltr'><strong>saeculi;</strong></span> <span class='ocrx_word' id='word_1_381' title='bbox 2641 2567 2765 2637; x_wconf 91' lang='lat' dir='ltr'><strong>quia</strong></span> <span class='ocrx_word' id='word_1_382' title='bbox 2789 2567 2931 2622; x_wconf 85' lang='lat' dir='ltr'><strong>Deus</strong></span> <span class='ocrx_word' id='word_1_383' title='bbox 2956 2566 3221 2636; x_wconf 78' lang='lat' dir='ltr'><strong>refugium</strong></span> <span class='ocrx_word' id='word_1_384' title='bbox 3245 2562 3432 2621; x_wconf 73' lang='lat' dir='ltr'><strong>eorum</strong></span> <span class='ocrx_word' id='word_1_385' title='bbox 3459 2568 3727 2637; x_wconf 85' lang='lat' dir='ltr'><strong>probatur</strong></span> 
     </span>
    </p>
   </div>
   <div class='ocr_carea' id='block_1_57' title="bbox 2134 2656 3724 2727">
    <p class='ocr_par' dir='ltr' id='par_1_57' title="bbox 2134 2656 3724 2727">
     <span class='ocr_line' id='line_1_57' title="bbox 2134 2656 3724 2727; baseline 0.001 -14"><span class='ocrx_word' id='word_1_386' title='bbox 2134 2664 2190 2713; x_wconf 87' lang='lat' dir='ltr'><strong>et</strong></span> <span class='ocrx_word' id='word_1_387' title='bbox 2216 2657 2411 2711; x_wconf 86' lang='lat' dir='ltr'><strong>virtus.</strong></span> <span class='ocrx_word' id='word_1_388' title='bbox 2441 2657 2691 2713; x_wconf 82' lang='lat' dir='ltr'><strong>Secundo</strong></span> <span class='ocrx_word' id='word_1_389' title='bbox 2713 2656 2992 2711; x_wconf 83' lang='lat' dir='ltr'><strong>Christum</strong></span> <span class='ocrx_word' id='word_1_390' title='bbox 3029 2657 3215 2711; x_wconf 89' lang='lat' dir='ltr'><strong>dicunt</strong></span> <span class='ocrx_word' id='word_1_391' title='bbox 3239 2671 3505 2727; x_wconf 80' lang='lat' dir='ltr'><strong>apparere</strong></span> <span class='ocrx_word' id='word_1_392' title='bbox 3530 2657 3584 2712; x_wconf 92' lang='lat' dir='ltr'><strong>in</strong></span> <span class='ocrx_word' id='word_1_393' title='bbox 3615 2670 3724 2715; x_wconf 83' lang='lat' dir='ltr'><strong>me-</strong></span> 
     </span>
    </p>
   </div>
   <div class='ocr_carea' id='block_1_58' title="bbox 2134 2748 3726 2819">
    <p class='ocr_par' dir='ltr' id='par_1_58' title="bbox 2134 2748 3726 2819">
     <span class='ocr_line' id='line_1_58' title="bbox 2134 2748 3726 2819; baseline 0 -14"><span class='ocrx_word' id='word_1_394' title='bbox 2134 2751 2227 2807; x_wconf 89' lang='lat' dir='ltr'><strong>dio</strong></span> <span class='ocrx_word' id='word_1_395' title='bbox 2252 2749 2504 2804; x_wconf 73' lang='lat' dir='ltr'><strong>Ecclesia:</strong></span> <span class='ocrx_word' id='word_1_396' title='bbox 2532 2754 2665 2816; x_wconf 65' lang='lat' dir='ltr'><strong>sum,</strong></span> <span class='ocrx_word' id='word_1_397' title='bbox 2706 2748 2797 2817; x_wconf 88' lang='lat' dir='ltr'><strong>qui</strong></span> <span class='ocrx_word' id='word_1_398' title='bbox 2823 2763 2940 2803; x_wconf 88' lang='lat' dir='ltr'><strong>eam</strong></span> <span class='ocrx_word' id='word_1_399' title='bbox 2970 2748 3021 2802; x_wconf 92' lang='lat' dir='ltr'><strong>in</strong></span> <span class='ocrx_word' id='word_1_400' title='bbox 3052 2749 3235 2817; x_wconf 87' lang='lat' dir='ltr'><strong>seipso</strong></span> <span class='ocrx_word' id='word_1_401' title='bbox 3265 2756 3519 2819; x_wconf 78' lang='lat' dir='ltr'><strong>tanqttam</strong></span> <span class='ocrx_word' id='word_1_402' title='bbox 3552 2750 3602 2803; x_wconf 88' lang='lat' dir='ltr'><strong>in</strong></span> <span class='ocrx_word' id='word_1_403' title='bbox 3634 2765 3726 2805; x_wconf 56' lang='lat' dir='ltr'><strong>so.</strong></span> 
     </span>
    </p>
   </div>
   <div class='ocr_carea' id='block_1_59' title="bbox 2137 2840 3731 2912">
    <p class='ocr_par' dir='ltr' id='par_1_59' title="bbox 2137 2840 3731 2912">
     <span class='ocr_line' id='line_1_59' title="bbox 2137 2840 3731 2912; baseline -0.001 -15"><span class='ocrx_word' id='word_1_404' title='bbox 2137 2843 2396 2898; x_wconf 84' lang='lat' dir='ltr'><strong>fidissima</strong></span> <span class='ocrx_word' id='word_1_405' title='bbox 2423 2850 2573 2912; x_wconf 85' lang='lat' dir='ltr'><strong>petra</strong></span> <span class='ocrx_word' id='word_1_406' title='bbox 2601 2841 2871 2897; x_wconf 66' lang='lat' dir='ltr'><strong>mdilicare</strong></span> <span class='ocrx_word' id='word_1_407' title='bbox 2892 2840 3148 2911; x_wconf 87' lang='lat' dir='ltr'><strong>dignatus</strong></span> <span class='ocrx_word' id='word_1_408' title='bbox 3169 2851 3269 2896; x_wconf 87' lang='lat' dir='ltr'><strong>est.</strong></span> <span class='ocrx_word' id='word_1_409' title='bbox 3294 2840 3479 2896; x_wconf 80' lang='lat' dir='ltr'><strong>Tertio</strong></span> <span class='ocrx_word' id='word_1_410' title='bbox 3502 2842 3731 2898; x_wconf 76' lang='lat' dir='ltr'><strong>creden-</strong></span> 
     </span>
    </p>
   </div>
   <div class='ocr_carea' id='block_1_60' title="bbox 2139 2932 3724 3004">
    <p class='ocr_par' dir='ltr' id='par_1_60' title="bbox 2139 2932 3724 3004">
     <span class='ocr_line' id='line_1_60' title="bbox 2139 2932 3724 3004; baseline 0 -14"><span class='ocrx_word' id='word_1_411' title='bbox 2139 2937 2272 2990; x_wconf 89' lang='lat' dir='ltr'><strong>tium</strong></span> <span class='ocrx_word' id='word_1_412' title='bbox 2297 2935 2454 2989; x_wconf 87' lang='lat' dir='ltr'><strong>turba</strong></span> <span class='ocrx_word' id='word_1_413' title='bbox 2486 2933 2812 3004; x_wconf 75' lang='lat' dir='ltr'><strong>generaliter</strong></span> <span class='ocrx_word' id='word_1_414' title='bbox 2848 2933 3111 2986; x_wconf 77' lang='lat' dir='ltr'><strong>invitatur</strong></span> <span class='ocrx_word' id='word_1_415' title='bbox 3138 2932 3205 2986; x_wconf 89' lang='lat' dir='ltr'><strong>ad</strong></span> <span class='ocrx_word' id='word_1_416' title='bbox 3237 2932 3424 2987; x_wconf 84' lang='lat' dir='ltr'><strong>divina</strong></span> <span class='ocrx_word' id='word_1_417' title='bbox 3454 2936 3724 3003; x_wconf 79' lang='lat' dir='ltr'><strong>magnalia</strong></span> 
     </span>
    </p>
   </div>
   <div class='ocr_carea' id='block_1_61' title="bbox 2139 3022 3725 3091">
    <p class='ocr_par' dir='ltr' id='par_1_61' title="bbox 2139 3022 3725 3091">
     <span class='ocr_line' id='line_1_61' title="bbox 2139 3022 3725 3091; baseline -0.001 -10"><span class='ocrx_word' id='word_1_418' title='bbox 2139 3023 2466 3090; x_wconf 76' lang='lat' dir='ltr'><strong>contuenda,</strong></span> <span class='ocrx_word' id='word_1_419' title='bbox 2497 3023 2743 3078; x_wconf 87' lang='lat' dir='ltr'><strong>dicentes</strong></span> <span class='ocrx_word' id='word_1_420' title='bbox 2769 3022 3197 3091; x_wconf 89' lang='lat' dir='ltr'><strong>omnipotentem</strong></span> <span class='ocrx_word' id='word_1_421' title='bbox 3243 3022 3409 3079; x_wconf 85' lang='lat' dir='ltr'><strong>Deum</strong></span> <span class='ocrx_word' id='word_1_422' title='bbox 3442 3037 3590 3078; x_wconf 88' lang='lat' dir='ltr'><strong>arma</strong></span> <span class='ocrx_word' id='word_1_423' title='bbox 3622 3039 3725 3079; x_wconf 88' lang='lat' dir='ltr'><strong>ne-</strong></span> 
     </span>
    </p>
   </div>
   <div class='ocr_carea' id='block_1_62' title="bbox 450 3101 3724 3195">
    <p class='ocr_par' dir='ltr' id='par_1_62' title="bbox 450 3101 3724 3195">
     <span class='ocr_line' id='line_1_62' title="bbox 450 3101 3724 3195; baseline -0.003 -17"><span class='ocrx_word' id='word_1_424' title='bbox 450 3125 610 3195; x_wconf 86' lang='lat' dir='ltr'><strong>digna</strong></span> <span class='ocrx_word' id='word_1_425' title='bbox 642 3132 803 3179; x_wconf 82' lang='lat' dir='ltr'><strong>tantae</strong></span> <span class='ocrx_word' id='word_1_426' title='bbox 851 3124 1077 3187; x_wconf 58' lang='lat' dir='ltr'><strong>latinae,</strong></span> <span class='ocrx_word' id='word_1_427' title='bbox 1109 3123 1269 3192; x_wconf 87' lang='lat' dir='ltr'><strong>quale</strong></span> <span class='ocrx_word' id='word_1_428' title='bbox 1298 3121 1397 3175; x_wconf 85' lang='lat' dir='ltr'><strong>fuit</strong></span> <span class='ocrx_word' id='word_1_429' title='bbox 1424 3120 1594 3174; x_wconf 89' lang='lat' dir='ltr'><strong>hostis</strong></span> <span class='ocrx_word' id='word_1_430' title='bbox 1618 3119 1927 3188; x_wconf 71' lang='lat' dir='ltr'><strong>complexus</strong></span> <span class='ocrx_word' id='word_1_431' title='bbox 1957 3117 2034 3171; x_wconf 85' lang='lat' dir='ltr'><strong>fu-</strong></span> <span class='ocrx_word' id='word_1_432' title='bbox 2062 3101 2110 3166; x_wconf 76' lang='grc' dir='ltr'>Ο</span> <span class='ocrx_word' id='word_1_433' title='bbox 2138 3113 2321 3184; x_wconf 66' lang='grc' dir='ltr'><strong>φιίιὶω</strong></span> <span class='ocrx_word' id='word_1_434' title='bbox 2348 3112 2711 3183; x_wconf 86' lang='lat' dir='ltr'><strong>confringere,</strong></span> <span class='ocrx_word' id='word_1_435' title='bbox 2744 3112 2883 3167; x_wconf 87' lang='lat' dir='ltr'><strong>bella</strong></span> <span class='ocrx_word' id='word_1_436' title='bbox 2921 3126 3223 3180; x_wconf 88' lang='lat' dir='ltr'><strong>removere,</strong></span> <span class='ocrx_word' id='word_1_437' title='bbox 3257 3122 3313 3169; x_wconf 88' lang='lat' dir='ltr'><strong>et</strong></span> <span class='ocrx_word' id='word_1_438' title='bbox 3353 3114 3629 3169; x_wconf 88' lang='lat' dir='ltr'><strong>tristitiam</strong></span> <span class='ocrx_word' id='word_1_439' title='bbox 3660 3110 3724 3169; x_wconf 58' lang='lat' dir='ltr'><strong>llo</strong></span> 
     </span>
    </p>
   </div>
   <div class='ocr_carea' id='block_1_63' title="bbox 449 3208 2036 3283">
    <p class='ocr_par' dir='ltr' id='par_1_63' title="bbox 449 3208 2036 3283">
     <span class='ocr_line' id='line_1_63' title="bbox 449 3208 2036 3283; baseline -0.004 -15"><span class='ocrx_word' id='word_1_440' title='bbox 449 3227 599 3283; x_wconf 87' lang='lat' dir='ltr'><strong>gere,</strong></span> <span class='ocrx_word' id='word_1_441' title='bbox 627 3222 681 3267; x_wconf 85' lang='lat' dir='ltr'><strong>et</strong></span> <span class='ocrx_word' id='word_1_442' title='bbox 707 3212 967 3267; x_wconf 81' lang='lat' dir='ltr'><strong>Tonantis</strong></span> <span class='ocrx_word' id='word_1_443' title='bbox 999 3211 1213 3280; x_wconf 81' lang='lat' dir='ltr'><strong>nuptias</strong></span> <span class='ocrx_word' id='word_1_444' title='bbox 1244 3209 1514 3263; x_wconf 87' lang='lat' dir='ltr'><strong>invenire!</strong></span> <span class='ocrx_word' id='word_1_445' title='bbox 1545 3208 1646 3275; x_wconf 85' lang='lat' dir='ltr'><strong>Qui</strong></span> <span class='ocrx_word' id='word_1_446' title='bbox 1672 3210 1819 3262; x_wconf 87' lang='lat' dir='ltr'><strong>locus</strong></span> <span class='ocrx_word' id='word_1_447' title='bbox 1840 3208 2036 3262; x_wconf 85' lang='lat' dir='ltr'><strong>merito</strong></span> 
     </span>
    </p>
   </div>
   <div class='ocr_carea' id='block_1_64' title="bbox 449 3300 2034 3375">
    <p class='ocr_par' dir='ltr' id='par_1_64' title="bbox 449 3300 2034 3375">
     <span class='ocr_line' id='line_1_64' title="bbox 449 3300 2034 3375; baseline -0.003 -15"><span class='ocrx_word' id='word_1_448' title='bbox 449 3306 644 3360; x_wconf 89' lang='lat' dir='ltr'><strong>dicitur</strong></span> <span class='ocrx_word' id='word_1_449' title='bbox 673 3306 786 3360; x_wconf 89' lang='lat' dir='ltr'><strong>laus</strong></span> <span class='ocrx_word' id='word_1_450' title='bbox 817 3320 845 3358; x_wconf 89' lang='lat' dir='ltr'><strong>a</strong></span> <span class='ocrx_word' id='word_1_451' title='bbox 878 3305 1065 3375; x_wconf 88' lang='lat' dir='ltr'><strong>prole,</strong></span> <span class='ocrx_word' id='word_1_452' title='bbox 1114 3302 1371 3373; x_wconf 87' lang='lat' dir='ltr'><strong>quoniam</strong></span> <span class='ocrx_word' id='word_1_453' title='bbox 1406 3300 1492 3355; x_wconf 90' lang='lat' dir='ltr'><strong>hic</strong></span> <span class='ocrx_word' id='word_1_454' title='bbox 1522 3300 1814 3370; x_wconf 85' lang='lat' dir='ltr'><strong>posteritas</strong></span> <span class='ocrx_word' id='word_1_455' title='bbox 1850 3305 2034 3355; x_wconf 81' lang='lat' dir='ltr'><strong>sancta</strong></span> 
     </span>
    </p>
   </div>
   <div class='ocr_carea' id='block_1_65' title="bbox 452 3397 790 3464">
    <p class='ocr_par' dir='ltr' id='par_1_65' title="bbox 452 3397 790 3464">
     <span class='ocr_line' id='line_1_65' title="bbox 452 3397 790 3464; baseline 0 -15"><span class='ocrx_word' id='word_1_456' title='bbox 452 3397 790 3464; x_wconf 66' lang='lat' dir='ltr'><strong>praedicatur.</strong></span> 
     </span>
    </p>
   </div>
   <div class='ocr_carea' id='block_1_66' title="bbox 525 3479 2033 3550">
    <p class='ocr_par' dir='ltr' id='par_1_66' title="bbox 525 3479 2033 3550">
     <span class='ocr_line' id='line_1_66' title="bbox 525 3479 2033 3550; baseline -0.004 -11"><span class='ocrx_word' id='word_1_457' title='bbox 525 3484 678 3539; x_wconf 83' lang='lat' dir='ltr'><strong>Vers.</strong></span> <span class='ocrx_word' id='word_1_458' title='bbox 705 3484 793 3538; x_wconf 75' lang='lat'><strong>19.</strong></span> <span class='ocrx_word' id='word_1_459' title='bbox 824 3482 1075 3537; x_wconf 73' lang='lat' dir='ltr'><strong>Mensores</strong></span> <span class='ocrx_word' id='word_1_460' title='bbox 1114 3491 1264 3537; x_wconf 83' lang='lat' dir='ltr'><strong>erant</strong></span> <span class='ocrx_word' id='word_1_461' title='bbox 1294 3482 1513 3535; x_wconf 78' lang='lat' dir='ltr'><strong>nontinis</strong></span> <span class='ocrx_word' id='word_1_462' title='bbox 1539 3480 1615 3534; x_wconf 87' lang='lat' dir='ltr'><strong>tui</strong></span> <span class='ocrx_word' id='word_1_463' title='bbox 1642 3481 1697 3534; x_wconf 88' lang='lat' dir='ltr'><strong>in</strong></span> <span class='ocrx_word' id='word_1_464' title='bbox 1723 3479 1861 3534; x_wconf 84' lang='lat' dir='ltr'><strong>omni</strong></span> <span class='ocrx_word' id='word_1_465' title='bbox 1883 3494 2033 3550; x_wconf 66' lang='lat' dir='ltr'><strong>ganeo</strong></span> 
     </span>
    </p>
   </div>
   <div class='ocr_carea' id='block_1_67' title="bbox 448 3570 2036 3647">
    <p class='ocr_par' dir='ltr' id='par_1_67' title="bbox 448 3570 2036 3647">
     <span class='ocr_line' id='line_1_67' title="bbox 448 3570 2036 3647; baseline -0.002 -21"><span class='ocrx_word' id='word_1_466' title='bbox 448 3577 648 3631; x_wconf 80' lang='lat' dir='ltr'><strong>ratione</strong></span> <span class='ocrx_word' id='word_1_467' title='bbox 682 3584 732 3629; x_wconf 85' lang='lat' dir='ltr'><strong>et</strong></span> <span class='ocrx_word' id='word_1_468' title='bbox 773 3576 1018 3647; x_wconf 67' lang='lat' dir='ltr'><strong>pragenfe</strong></span> <span class='ocrx_word' id='word_1_469' title='bbox 1061 3589 1079 3626; x_wconf 90' lang='lat'><strong><em>:</em></strong></span> <span class='ocrx_word' id='word_1_470' title='bbox 1112 3581 1383 3644; x_wconf 81' lang='lat' dir='ltr'><strong>propterea</strong></span> <span class='ocrx_word' id='word_1_471' title='bbox 1428 3570 1611 3640; x_wconf 85' lang='lat' dir='ltr'><strong>populi</strong></span> <span class='ocrx_word' id='word_1_472' title='bbox 1659 3570 2036 3640; x_wconf 75' lang='lat' dir='ltr'><strong>conﬁtebuntur</strong></span> 
     </span>
    </p>
   </div>
   <div class='ocr_carea' id='block_1_68' title="bbox 453 3659 2034 3729">
    <p class='ocr_par' dir='ltr' id='par_1_68' title="bbox 453 3659 2034 3729">
     <span class='ocr_line' id='line_1_68' title="bbox 453 3659 2034 3729; baseline -0.001 -14"><span class='ocrx_word' id='word_1_473' title='bbox 453 3668 540 3718; x_wconf 84' lang='lat' dir='ltr'><strong>tibi</strong></span> <span class='ocrx_word' id='word_1_474' title='bbox 564 3666 614 3717; x_wconf 89' lang='lat' dir='ltr'><strong>in</strong></span> <span class='ocrx_word' id='word_1_475' title='bbox 642 3674 911 3729; x_wconf 67' lang='lat' dir='ltr'><strong>(sternam,</strong></span> <span class='ocrx_word' id='word_1_476' title='bbox 940 3673 988 3716; x_wconf 89' lang='lat' dir='ltr'><strong>et</strong></span> <span class='ocrx_word' id='word_1_477' title='bbox 1017 3664 1071 3715; x_wconf 84' lang='lat' dir='ltr'><strong>in</strong></span> <span class='ocrx_word' id='word_1_478' title='bbox 1091 3662 1338 3716; x_wconf 66' lang='lat' dir='ltr'><strong>saxulum</strong></span> <span class='ocrx_word' id='word_1_479' title='bbox 1365 3661 1567 3715; x_wconf 78' lang='lat' dir='ltr'><strong>steculi.</strong></span> <span class='ocrx_word' id='word_1_480' title='bbox 1604 3660 1857 3713; x_wconf 78' lang='lat' dir='ltr'><strong>Memores</strong></span> <span class='ocrx_word' id='word_1_481' title='bbox 1881 3659 2034 3725; x_wconf 88' lang='lat' dir='ltr'><strong>dicit,</strong></span> 
     </span>
    </p>
   </div>
   <div class='ocr_carea' id='block_1_69' title="bbox 454 3751 2036 3824">
    <p class='ocr_par' dir='ltr' id='par_1_69' title="bbox 454 3751 2036 3824">
     <span class='ocr_line' id='line_1_69' title="bbox 454 3751 2036 3824; baseline -0.004 -13"><span class='ocrx_word' id='word_1_482' title='bbox 454 3758 544 3811; x_wconf 87' lang='lat' dir='ltr'><strong>sed</strong></span> <span class='ocrx_word' id='word_1_483' title='bbox 576 3757 799 3824; x_wconf 75' lang='lat' dir='ltr'><strong>papulos</strong></span> <span class='ocrx_word' id='word_1_484' title='bbox 827 3756 1180 3819; x_wconf 88' lang='lat' dir='ltr'><strong>Christianos,</strong></span> <span class='ocrx_word' id='word_1_485' title='bbox 1213 3754 1302 3823; x_wconf 84' lang='lat' dir='ltr'><strong>qui</strong></span> <span class='ocrx_word' id='word_1_486' title='bbox 1336 3754 1388 3806; x_wconf 91' lang='lat' dir='ltr'><strong>in</strong></span> <span class='ocrx_word' id='word_1_487' title='bbox 1416 3753 1535 3821; x_wconf 89' lang='lat' dir='ltr'><strong>ejus</strong></span> <span class='ocrx_word' id='word_1_488' title='bbox 1559 3751 2036 3821; x_wconf 65' lang='lat' dir='ltr'><strong>praedicationibus</strong></span> 
     </span>
    </p>
   </div>
   <div class='ocr_carea' id='block_1_70' title="bbox 455 3842 2037 3915">
    <p class='ocr_par' dir='ltr' id='par_1_70' title="bbox 455 3842 2037 3915">
     <span class='ocr_line' id='line_1_70' title="bbox 455 3842 2037 3915; baseline -0.001 -18"><span class='ocrx_word' id='word_1_489' title='bbox 455 3864 548 3915; x_wconf 79' lang='lat' dir='ltr'><strong>per</strong></span> <span class='ocrx_word' id='word_1_490' title='bbox 569 3846 809 3901; x_wconf 83' lang='lat' dir='ltr'><strong>diversas</strong></span> <span class='ocrx_word' id='word_1_491' title='bbox 832 3846 1109 3899; x_wconf 90' lang='lat' dir='ltr'><strong>hominum</strong></span> <span class='ocrx_word' id='word_1_492' title='bbox 1140 3844 1517 3911; x_wconf 71' lang='lat' dir='ltr'><strong>generationes</strong></span> <span class='ocrx_word' id='word_1_493' title='bbox 1542 3842 1645 3912; x_wconf 89' lang='lat' dir='ltr'><strong>piis</strong></span> <span class='ocrx_word' id='word_1_494' title='bbox 1673 3842 2037 3897; x_wconf 81' lang='lat' dir='ltr'><strong>voluntatibus</strong></span> 
     </span>
    </p>
   </div>
   <div class='ocr_carea' id='block_1_71' title="bbox 455 3937 2037 4007">
    <p class='ocr_par' dir='ltr' id='par_1_71' title="bbox 455 3937 2037 4007">
     <span class='ocr_line' id='line_1_71' title="bbox 455 3937 2037 4007; baseline -0.001 -16"><span class='ocrx_word' id='word_1_495' title='bbox 455 3948 814 4007; x_wconf 67' lang='lat' dir='ltr'><strong>perseverant.</strong></span> <span class='ocrx_word' id='word_1_496' title='bbox 850 3937 1107 3992; x_wconf 81' lang='lat' dir='ltr'><strong>Mirabilis</strong></span> <span class='ocrx_word' id='word_1_497' title='bbox 1152 3937 1359 4006; x_wconf 88' lang='lat' dir='ltr'><strong>gloria,</strong></span> <span class='ocrx_word' id='word_1_498' title='bbox 1407 3948 1785 4004; x_wconf 85' lang='lat' dir='ltr'><strong>summumque</strong></span> <span class='ocrx_word' id='word_1_499' title='bbox 1831 3949 2037 4004; x_wconf 71' lang='lat' dir='ltr'><strong>praeco-</strong></span> 
     </span>
    </p>
   </div>
   <div class='ocr_carea' id='block_1_72' title="bbox 456 4025 2037 4099">
    <p class='ocr_par' dir='ltr' id='par_1_72' title="bbox 456 4025 2037 4099">
     <span class='ocr_line' id='line_1_72' title="bbox 456 4025 2037 4099; baseline -0.004 -15"><span class='ocrx_word' id='word_1_500' title='bbox 456 4032 602 4085; x_wconf 89' lang='lat' dir='ltr'><strong>nium</strong></span> <span class='ocrx_word' id='word_1_501' title='bbox 627 4076 642 4099; x_wconf 91' lang='lat'><strong>,</strong></span> <span class='ocrx_word' id='word_1_502' title='bbox 677 4032 817 4085; x_wconf 91' lang='lat' dir='ltr'><strong>inter</strong></span> <span class='ocrx_word' id='word_1_503' title='bbox 846 4029 1122 4083; x_wconf 88' lang='lat' dir='ltr'><strong>hominum</strong></span> <span class='ocrx_word' id='word_1_504' title='bbox 1152 4038 1258 4081; x_wconf 90' lang='lat' dir='ltr'><strong>tam</strong></span> <span class='ocrx_word' id='word_1_505' title='bbox 1300 4027 1622 4095; x_wconf 82' lang='lat' dir='ltr'><strong>multiplices</strong></span> <span class='ocrx_word' id='word_1_506' title='bbox 1665 4025 2037 4080; x_wconf 88' lang='lat' dir='ltr'><strong>successiones</strong></span> 
     </span>
    </p>
   </div>
   <div class='ocr_carea' id='block_1_73' title="bbox 456 4120 2035 4191">
    <p class='ocr_par' dir='ltr' id='par_1_73' title="bbox 456 4120 2035 4191">
     <span class='ocr_line' id='line_1_73' title="bbox 456 4120 2035 4191; baseline -0.002 -15"><span class='ocrx_word' id='word_1_507' title='bbox 456 4139 724 4191; x_wconf 89' lang='lat' dir='ltr'><strong>nunquam</strong></span> <span class='ocrx_word' id='word_1_508' title='bbox 752 4123 911 4178; x_wconf 86' lang='lat' dir='ltr'><strong>finem</strong></span> <span class='ocrx_word' id='word_1_509' title='bbox 942 4122 1115 4176; x_wconf 89' lang='lat' dir='ltr'><strong>laudis</strong></span> <span class='ocrx_word' id='word_1_510' title='bbox 1145 4121 1409 4190; x_wconf 87' lang='lat' dir='ltr'><strong>accipere.</strong></span> <span class='ocrx_word' id='word_1_511' title='bbox 1448 4120 1735 4190; x_wconf 85' lang='lat' dir='ltr'><strong>Sequitur,</strong></span> <span class='ocrx_word' id='word_1_512' title='bbox 1767 4131 2035 4191; x_wconf 83' lang='lat' dir='ltr'><strong>propterea</strong></span> 
     </span>
    </p>
   </div>
   <div class='ocr_carea' id='block_1_74' title="bbox 457 4210 2038 4283">
    <p class='ocr_par' dir='ltr' id='par_1_74' title="bbox 457 4210 2038 4283">
     <span class='ocr_line' id='line_1_74' title="bbox 457 4210 2038 4283; baseline -0.001 -17"><span class='ocrx_word' id='word_1_513' title='bbox 457 4215 632 4283; x_wconf 84' lang='lat' dir='ltr'><strong>populi</strong></span> <span class='ocrx_word' id='word_1_514' title='bbox 692 4212 1067 4283; x_wconf 72' lang='lat' dir='ltr'><strong>conﬁtebuntur</strong></span> <span class='ocrx_word' id='word_1_515' title='bbox 1115 4213 1227 4273; x_wconf 70' lang='lat' dir='ltr'><strong>tibi.</strong></span> <span class='ocrx_word' id='word_1_516' title='bbox 1275 4212 1461 4267; x_wconf 88' lang='lat' dir='ltr'><strong>Omnis</strong></span> <span class='ocrx_word' id='word_1_517' title='bbox 1512 4212 1651 4267; x_wconf 91' lang='lat' dir='ltr'><strong>enim</strong></span> <span class='ocrx_word' id='word_1_518' title='bbox 1703 4210 2038 4265; x_wconf 86' lang='lat' dir='ltr'><strong>Christianus</strong></span> 
     </span>
    </p>
   </div>
   <div class='ocr_carea' id='block_1_75' title="bbox 415 4304 2038 4381">
    <p class='ocr_par' dir='ltr' id='par_1_75' title="bbox 415 4304 2038 4381">
     <span class='ocr_line' id='line_1_75' title="bbox 415 4304 2038 4381; baseline 0 -22"><span class='ocrx_word' id='word_1_519' title='bbox 415 4370 431 4381; x_wconf 42' lang='lat'><em>.</em></span> <span class='ocrx_word' id='word_1_520' title='bbox 457 4321 573 4359; x_wconf 89' lang='lat' dir='ltr'><strong>cum</strong></span> <span class='ocrx_word' id='word_1_521' title='bbox 594 4305 817 4373; x_wconf 78' lang='lat' dir='ltr'><strong>symboli</strong></span> <span class='ocrx_word' id='word_1_522' title='bbox 841 4313 1175 4359; x_wconf 86' lang='lat' dir='ltr'><strong>sacramenta</strong></span> <span class='ocrx_word' id='word_1_523' title='bbox 1200 4304 1519 4369; x_wconf 90' lang='lat' dir='ltr'><strong>reddiderit,</strong></span> <span class='ocrx_word' id='word_1_524' title='bbox 1544 4304 1597 4357; x_wconf 92' lang='lat' dir='ltr'><strong>in</strong></span> <span class='ocrx_word' id='word_1_525' title='bbox 1625 4304 1878 4359; x_wconf 75' lang='lat' dir='ltr'><strong>Ecclesiae</strong></span> <span class='ocrx_word' id='word_1_526' title='bbox 1903 4304 2038 4359; x_wconf 85' lang='lat' dir='ltr'><strong>facie</strong></span> 
     </span>
    </p>
   </div>
   <div class='ocr_carea' id='block_1_76' title="bbox 459 4396 2040 4465">
    <p class='ocr_par' dir='ltr' id='par_1_76' title="bbox 459 4396 2040 4465">
     <span class='ocr_line' id='line_1_76' title="bbox 459 4396 2040 4465; baseline 0.002 -16"><span class='ocrx_word' id='word_1_527' title='bbox 459 4397 769 4459; x_wconf 85' lang='lat' dir='ltr'><strong>confitetur;</strong></span> <span class='ocrx_word' id='word_1_528' title='bbox 818 4410 937 4464; x_wconf 63' lang='lat' dir='ltr'><strong>quas</strong></span> <span class='ocrx_word' id='word_1_529' title='bbox 981 4396 1253 4450; x_wconf 84' lang='lat' dir='ltr'><strong>confessio</strong></span> <span class='ocrx_word' id='word_1_530' title='bbox 1295 4396 1354 4449; x_wconf 84' lang='lat' dir='ltr'><strong>fit</strong></span> <span class='ocrx_word' id='word_1_531' title='bbox 1384 4405 1584 4451; x_wconf 58' lang='lat' dir='ltr'><strong>aeterna</strong></span> <span class='ocrx_word' id='word_1_532' title='bbox 1613 4437 1628 4459; x_wconf 91' lang='lat'><strong>,</strong></span> <span class='ocrx_word' id='word_1_533' title='bbox 1673 4398 1794 4465; x_wconf 89' lang='lat' dir='ltr'><strong>quia</strong></span> <span class='ocrx_word' id='word_1_534' title='bbox 1826 4412 1954 4451; x_wconf 89' lang='lat' dir='ltr'><strong>vera</strong></span> <span class='ocrx_word' id='word_1_535' title='bbox 1985 4404 2040 4452; x_wconf 89' lang='lat' dir='ltr'><strong>et</strong></span> 
     </span>
    </p>
   </div>
   <div class='ocr_carea' id='block_1_77' title="bbox 461 4485 1829 4555">
    <p class='ocr_par' dir='ltr' id='par_1_77' title="bbox 461 4485 1829 4555">
     <span class='ocr_line' id='line_1_77' title="bbox 461 4485 1829 4555; baseline 0.002 -16"><span class='ocrx_word' id='word_1_536' title='bbox 461 4488 544 4555; x_wconf 88' lang='lat' dir='ltr'><strong>pia</strong></span> <span class='ocrx_word' id='word_1_537' title='bbox 572 4498 673 4539; x_wconf 87' lang='lat' dir='ltr'><strong>est.</strong></span> <span class='ocrx_word' id='word_1_538' title='bbox 704 4487 832 4539; x_wconf 78' lang='lat' dir='ltr'><strong>Nam</strong></span> <span class='ocrx_word' id='word_1_539' title='bbox 859 4487 1001 4555; x_wconf 89' lang='lat' dir='ltr'><strong>quod</strong></span> <span class='ocrx_word' id='word_1_540' title='bbox 1027 4485 1255 4552; x_wconf 87' lang='lat' dir='ltr'><strong>addidit,</strong></span> <span class='ocrx_word' id='word_1_541' title='bbox 1278 4488 1331 4541; x_wconf 83' lang='lat' dir='ltr'><strong>in</strong></span> <span class='ocrx_word' id='word_1_542' title='bbox 1358 4487 1604 4541; x_wconf 78' lang='lat' dir='ltr'><strong>sceculum</strong></span> <span class='ocrx_word' id='word_1_543' title='bbox 1633 4489 1829 4555; x_wconf 79' lang='lat' dir='ltr'><strong>swculi,</strong></span> 
     </span>
    </p>
   </div>
   <div class='ocr_carea' id='block_1_78' title="bbox 460 4577 2040 4649">
    <p class='ocr_par' dir='ltr' id='par_1_78' title="bbox 460 4577 2040 4649">
     <span class='ocr_line' id='line_1_78' title="bbox 460 4577 2040 4649; baseline 0.004 -20"><span class='ocrx_word' id='word_1_544' title='bbox 460 4578 759 4643; x_wconf 82' lang='lat' dir='ltr'><strong>significat,</strong></span> <span class='ocrx_word' id='word_1_545' title='bbox 792 4578 1010 4646; x_wconf 89' lang='lat' dir='ltr'><strong>quando</strong></span> <span class='ocrx_word' id='word_1_546' title='bbox 1052 4578 1229 4631; x_wconf 85' lang='lat' dir='ltr'><strong>omnis</strong></span> <span class='ocrx_word' id='word_1_547' title='bbox 1260 4577 1560 4632; x_wconf 79' lang='lat' dir='ltr'><strong>adversitas</strong></span> <span class='ocrx_word' id='word_1_548' title='bbox 1592 4578 1950 4649; x_wconf 89' lang='lat' dir='ltr'><strong>conquiescit,</strong></span> <span class='ocrx_word' id='word_1_549' title='bbox 1986 4588 2040 4635; x_wconf 89' lang='lat' dir='ltr'><strong>et</strong></span> 
     </span>
    </p>
   </div>
   <div class='ocr_carea' id='block_1_79' title="bbox 462 4666 1909 4738">
    <p class='ocr_par' dir='ltr' id='par_1_79' title="bbox 462 4666 1909 4738">
     <span class='ocr_line' id='line_1_79' title="bbox 462 4666 1909 4738; baseline 0.004 -18"><span class='ocrx_word' id='word_1_550' title='bbox 462 4674 648 4738; x_wconf 66' lang='lat' dir='ltr'><strong>regnat</strong></span> <span class='ocrx_word' id='word_1_551' title='bbox 675 4669 787 4723; x_wconf 85' lang='lat' dir='ltr'><strong>sola</strong></span> <span class='ocrx_word' id='word_1_552' title='bbox 815 4666 1046 4738; x_wconf 71' lang='lat' dir='ltr'><strong>iustitia,</strong></span> <span class='ocrx_word' id='word_1_553' title='bbox 1069 4668 1271 4723; x_wconf 86' lang='lat' dir='ltr'><strong>diaboli</strong></span> <span class='ocrx_word' id='word_1_554' title='bbox 1297 4670 1683 4725; x_wconf 87' lang='lat' dir='ltr'><strong>contrarietate</strong></span> <span class='ocrx_word' id='word_1_555' title='bbox 1713 4669 1909 4726; x_wconf 82' lang='lat' dir='ltr'><strong>deleta.</strong></span> 
     </span>
    </p>
   </div>
   <div class='ocr_carea' id='block_1_80' title="bbox 993 4832 1510 4907">
    <p class='ocr_par' dir='ltr' id='par_1_80' title="bbox 993 4832 1510 4907">
     <span class='ocr_line' id='line_1_80' title="bbox 993 4832 1510 4907; baseline 0 -18"><span class='ocrx_word' id='word_1_556' title='bbox 993 4832 1267 4890; x_wconf 83' lang='lat' dir='ltr'><strong>Conclusio</strong></span> <span class='ocrx_word' id='word_1_557' title='bbox 1303 4834 1510 4907; x_wconf 80' lang='lat' dir='ltr'><strong>psalmi.</strong></span> 
     </span>
    </p>
   </div>
   <div class='ocr_carea' id='block_1_81' title="bbox 525 4970 2039 5047">
    <p class='ocr_par' dir='ltr' id='par_1_81' title="bbox 525 4970 2039 5047">
     <span class='ocr_line' id='line_1_81' title="bbox 525 4970 2039 5047; baseline 0.001 -16"><span class='ocrx_word' id='word_1_558' title='bbox 525 4970 669 5031; x_wconf 80' lang='lat' dir='ltr'><strong>Ecce</strong></span> <span class='ocrx_word' id='word_1_559' title='bbox 699 4974 1101 5045; x_wconf 86' lang='lat' dir='ltr'><strong>epithalamium</strong></span> <span class='ocrx_word' id='word_1_560' title='bbox 1125 4975 1417 5044; x_wconf 83' lang='lat' dir='ltr'><strong>gloriosum</strong></span> <span class='ocrx_word' id='word_1_561' title='bbox 1447 4975 1831 5047; x_wconf 81' lang='lat' dir='ltr'><strong>psalmigrsphi</strong></span> <span class='ocrx_word' id='word_1_562' title='bbox 1855 4978 2039 5033; x_wconf 81' lang='lat' dir='ltr'><strong>exsul-</strong></span> 
     </span>
    </p>
   </div>
   <div class='ocr_carea' id='block_1_82' title="bbox 459 5065 2043 5137">
    <p class='ocr_par' dir='ltr' id='par_1_82' title="bbox 459 5065 2043 5137">
     <span class='ocr_line' id='line_1_82' title="bbox 459 5065 2043 5137; baseline 0.001 -17"><span class='ocrx_word' id='word_1_563' title='bbox 459 5065 662 5120; x_wconf 74' lang='lat' dir='ltr'><strong>tatione</strong></span> <span class='ocrx_word' id='word_1_564' title='bbox 686 5067 1006 5134; x_wconf 89' lang='lat' dir='ltr'><strong>completum</strong></span> <span class='ocrx_word' id='word_1_565' title='bbox 1029 5076 1132 5121; x_wconf 91' lang='lat' dir='ltr'><strong>est.</strong></span> <span class='ocrx_word' id='word_1_566' title='bbox 1175 5066 1315 5122; x_wconf 85' lang='lat' dir='ltr'><strong>Ecce</strong></span> <span class='ocrx_word' id='word_1_567' title='bbox 1337 5066 1531 5135; x_wconf 84' lang='lat' dir='ltr'><strong>Sponsi</strong></span> <span class='ocrx_word' id='word_1_568' title='bbox 1565 5066 1681 5121; x_wconf 84' lang='lat' dir='ltr'><strong>laus</strong></span> <span class='ocrx_word' id='word_1_569' title='bbox 1712 5066 2043 5137; x_wconf 69' lang='lat' dir='ltr'><strong>Sponsmque</strong></span> 
     </span>
    </p>
   </div>
   <div class='ocr_carea' id='block_1_83' title="bbox 464 5155 2041 5225">
    <p class='ocr_par' dir='ltr' id='par_1_83' title="bbox 464 5155 2041 5225">
     <span class='ocr_line' id='line_1_83' title="bbox 464 5155 2041 5225; baseline -0.001 -16"><span class='ocrx_word' id='word_1_570' title='bbox 464 5155 760 5209; x_wconf 70' lang='lat' dir='ltr'><strong>admirabili</strong></span> <span class='ocrx_word' id='word_1_571' title='bbox 810 5156 1069 5211; x_wconf 86' lang='lat' dir='ltr'><strong>varietate</strong></span> <span class='ocrx_word' id='word_1_572' title='bbox 1115 5157 1382 5211; x_wconf 89' lang='lat' dir='ltr'><strong>celebrata</strong></span> <span class='ocrx_word' id='word_1_573' title='bbox 1416 5167 1498 5211; x_wconf 90' lang='lat' dir='ltr'><strong>est</strong></span> <span class='ocrx_word' id='word_1_574' title='bbox 1540 5173 1554 5211; x_wconf 88' lang='lat'><strong>:</strong></span> <span class='ocrx_word' id='word_1_575' title='bbox 1604 5157 1900 5225; x_wconf 80' lang='lat' dir='ltr'><strong>spiritualis</strong></span> <span class='ocrx_word' id='word_1_576' title='bbox 1946 5174 2041 5212; x_wconf 84' lang='lat' dir='ltr'><strong>Co-</strong></span> 
     </span>
    </p>
   </div>
   <div class='ocr_carea' id='block_1_84' title="bbox 466 5247 2043 5317">
    <p class='ocr_par' dir='ltr' id='par_1_84' title="bbox 466 5247 2043 5317">
     <span class='ocr_line' id='line_1_84' title="bbox 466 5247 2043 5317; baseline 0.002 -18"><span class='ocrx_word' id='word_1_577' title='bbox 466 5247 607 5317; x_wconf 89' lang='lat' dir='ltr'><strong>pula,</strong></span> <span class='ocrx_word' id='word_1_578' title='bbox 636 5247 941 5316; x_wconf 83' lang='lat' dir='ltr'><strong>conjugium</strong></span> <span class='ocrx_word' id='word_1_579' title='bbox 973 5249 1023 5300; x_wconf 92' lang='lat' dir='ltr'><strong>in</strong></span> <span class='ocrx_word' id='word_1_580' title='bbox 1051 5248 1453 5316; x_wconf 80' lang='lat' dir='ltr'><strong>virginitatibus</strong></span> <span class='ocrx_word' id='word_1_581' title='bbox 1486 5262 1861 5316; x_wconf 86' lang='lat' dir='ltr'><strong>perseverans,</strong></span> <span class='ocrx_word' id='word_1_582' title='bbox 1890 5263 2043 5302; x_wconf 81' lang='lat' dir='ltr'><strong>amor</strong></span> 
     </span>
    </p>
   </div>
   <div class='ocr_carea' id='block_1_85' title="bbox 464 5334 2046 5411">
    <p class='ocr_par' dir='ltr' id='par_1_85' title="bbox 464 5334 2046 5411">
     <span class='ocr_line' id='line_1_85' title="bbox 464 5334 2046 5411; baseline 0.001 -15"><span class='ocrx_word' id='word_1_583' title='bbox 464 5341 918 5406; x_wconf 66' lang='lat' dir='ltr'><strong>(astus,cbaritas</strong></span> <span class='ocrx_word' id='word_1_584' title='bbox 961 5354 1162 5396; x_wconf 66' lang='lat' dir='ltr'><strong>aeterna</strong></span> <span class='ocrx_word' id='word_1_585' title='bbox 1188 5383 1204 5406; x_wconf 93' lang='lat'><strong>,</strong></span> <span class='ocrx_word' id='word_1_586' title='bbox 1234 5342 1507 5395; x_wconf 81' lang='lat' dir='ltr'><strong>vinculum</strong></span> <span class='ocrx_word' id='word_1_587' title='bbox 1554 5342 1697 5411; x_wconf 91' lang='lat' dir='ltr'><strong>quod</strong></span> <span class='ocrx_word' id='word_1_588' title='bbox 1746 5342 1893 5397; x_wconf 90' lang='lat' dir='ltr'><strong>nullo</strong></span> <span class='ocrx_word' id='word_1_589' title='bbox 1941 5334 2046 5397; x_wconf 90' lang='lat' dir='ltr'><strong>fine</strong></span> 
     </span>
    </p>
   </div>
   <div class='ocr_carea' id='block_1_86' title="bbox 465 5433 2048 5502">
    <p class='ocr_par' dir='ltr' id='par_1_86' title="bbox 465 5433 2048 5502">
     <span class='ocr_line' id='line_1_86' title="bbox 465 5433 2048 5502; baseline 0.001 -17"><span class='ocrx_word' id='word_1_590' title='bbox 465 5434 798 5489; x_wconf 86' lang='lat' dir='ltr'><strong>dissolvitur.</strong></span> <span class='ocrx_word' id='word_1_591' title='bbox 833 5433 928 5487; x_wconf 86' lang='lat' dir='ltr'><strong>Hic</strong></span> <span class='ocrx_word' id='word_1_592' title='bbox 960 5435 1342 5502; x_wconf 89' lang='lat' dir='ltr'><strong>prophetarum</strong></span> <span class='ocrx_word' id='word_1_593' title='bbox 1372 5441 1629 5502; x_wconf 83' lang='lat' dir='ltr'><strong>tympana</strong></span> <span class='ocrx_word' id='word_1_594' title='bbox 1659 5441 1843 5487; x_wconf 78' lang='lat' dir='ltr'><strong>sancta</strong></span> <span class='ocrx_word' id='word_1_595' title='bbox 1867 5433 2048 5486; x_wconf 79' lang='lat' dir='ltr'><strong>exsul-</strong></span> 
     </span>
    </p>
   </div>
   <div class='ocr_carea' id='block_1_87' title="bbox 467 5522 2047 5595">
    <p class='ocr_par' dir='ltr' id='par_1_87' title="bbox 467 5522 2047 5595">
     <span class='ocr_line' id='line_1_87' title="bbox 467 5522 2047 5595; baseline 0 -19"><span class='ocrx_word' id='word_1_596' title='bbox 467 5524 667 5579; x_wconf 87' lang='lat' dir='ltr'><strong>tatione</strong></span> <span class='ocrx_word' id='word_1_597' title='bbox 725 5524 1094 5589; x_wconf 84' lang='lat' dir='ltr'><strong>conclamant;</strong></span> <span class='ocrx_word' id='word_1_598' title='bbox 1144 5522 1229 5576; x_wconf 89' lang='lat' dir='ltr'><strong>hic</strong></span> <span class='ocrx_word' id='word_1_599' title='bbox 1273 5522 1641 5593; x_wconf 89' lang='lat' dir='ltr'><strong>apostolorum</strong></span> <span class='ocrx_word' id='word_1_600' title='bbox 1682 5537 1882 5595; x_wconf 81' lang='lat' dir='ltr'><strong>organa</strong></span> <span class='ocrx_word' id='word_1_601' title='bbox 1923 5522 2047 5577; x_wconf 91' lang='lat' dir='ltr'><strong>dul-</strong></span> 
     </span>
    </p>
   </div>
   <div class='ocr_carea' id='block_1_88' title="bbox 467 5610 2043 5685">
    <p class='ocr_par' dir='ltr' id='par_1_88' title="bbox 467 5610 2043 5685">
     <span class='ocr_line' id='line_1_88' title="bbox 467 5610 2043 5685; baseline -0.001 -15"><span class='ocrx_word' id='word_1_602' title='bbox 467 5632 493 5670; x_wconf 90' lang='lat' dir='ltr'><strong>c</strong></span> <span class='ocrx_word' id='word_1_603' title='bbox 518 5618 675 5669; x_wconf 78' lang='lat' dir='ltr'><strong>ssima</strong></span> <span class='ocrx_word' id='word_1_604' title='bbox 699 5616 957 5670; x_wconf 87' lang='lat' dir='ltr'><strong>societate</strong></span> <span class='ocrx_word' id='word_1_605' title='bbox 994 5610 1349 5683; x_wconf 80' lang='lat' dir='ltr'><strong>reSpomlent;</strong></span> <span class='ocrx_word' id='word_1_606' title='bbox 1386 5614 1473 5670; x_wconf 91' lang='lat' dir='ltr'><strong>hic</strong></span> <span class='ocrx_word' id='word_1_607' title='bbox 1496 5624 1795 5685; x_wconf 79' lang='lat' dir='ltr'><strong>martyrum</strong></span> <span class='ocrx_word' id='word_1_608' title='bbox 1821 5613 2043 5669; x_wconf 78' lang='lat' dir='ltr'><strong>cithara:</strong></span> 
     </span>
    </p>
   </div>
   <div class='ocr_carea' id='block_1_89' title="bbox 470 5704 2037 5774">
    <p class='ocr_par' dir='ltr' id='par_1_89' title="bbox 470 5704 2037 5774">
     <span class='ocr_line' id='line_1_89' title="bbox 470 5704 2037 5774; baseline 0.001 -16"><span class='ocrx_word' id='word_1_609' title='bbox 470 5723 571 5759; x_wconf 68' lang='lat' dir='ltr'><strong>no.1</strong></span> <span class='ocrx_word' id='word_1_610' title='bbox 602 5705 846 5774; x_wconf 86' lang='lat' dir='ltr'><strong>chordis,</strong></span> <span class='ocrx_word' id='word_1_611' title='bbox 892 5705 985 5761; x_wconf 83' lang='lat' dir='ltr'><strong>sed</strong></span> <span class='ocrx_word' id='word_1_612' title='bbox 1016 5704 1303 5762; x_wconf 85' lang='lat' dir='ltr'><strong>virtutibus</strong></span> <span class='ocrx_word' id='word_1_613' title='bbox 1348 5713 1576 5767; x_wconf 84' lang='lat' dir='ltr'><strong>canunt;</strong></span> <span class='ocrx_word' id='word_1_614' title='bbox 1607 5706 1696 5762; x_wconf 87' lang='lat' dir='ltr'><strong>hic</strong></span> <span class='ocrx_word' id='word_1_615' title='bbox 1724 5713 2037 5760; x_wconf 87' lang='lat' dir='ltr'><strong>sanctorum</strong></span> 
     </span>
    </p>
   </div>
   <div class='ocr_carea' id='block_1_90' title="bbox 2136 3203 3237 3274">
    <p class='ocr_par' dir='ltr' id='par_1_90' title="bbox 2136 3203 3237 3274">
     <span class='ocr_line' id='line_1_90' title="bbox 2136 3203 3237 3274; baseline -0.004 -13"><span class='ocrx_word' id='word_1_616' title='bbox 2136 3204 2336 3261; x_wconf 77' lang='lat' dir='ltr'><strong>dolium</strong></span> <span class='ocrx_word' id='word_1_617' title='bbox 2357 3205 2412 3260; x_wconf 92' lang='lat' dir='ltr'><strong>in</strong></span> <span class='ocrx_word' id='word_1_618' title='bbox 2435 3211 2638 3259; x_wconf 60' lang='lat' dir='ltr'><strong>arterna</strong></span> <span class='ocrx_word' id='word_1_619' title='bbox 2663 3203 2854 3274; x_wconf 84' lang='lat' dir='ltr'><strong>gaudia</strong></span> <span class='ocrx_word' id='word_1_620' title='bbox 2880 3208 3237 3259; x_wconf 78' lang='lat' dir='ltr'><strong>commutare.</strong></span> 
     </span>
    </p>
   </div>
   <div class='ocr_carea' id='block_1_91' title="bbox 2670 3313 3181 3386">
    <p class='ocr_par' dir='ltr' id='par_1_91' title="bbox 2670 3313 3181 3386">
     <span class='ocr_line' id='line_1_91' title="bbox 2670 3313 3181 3386; baseline -0.002 -18"><span class='ocrx_word' id='word_1_621' title='bbox 2670 3313 2940 3384; x_wconf 73' lang='lat' dir='ltr'><strong>Expositio</strong></span> <span class='ocrx_word' id='word_1_622' title='bbox 2978 3315 3181 3386; x_wconf 86' lang='lat' dir='ltr'><strong>psalmi.</strong></span> 
     </span>
    </p>
   </div>
   <div class='ocr_carea' id='block_1_92' title="bbox 2208 3422 3728 3497">
    <p class='ocr_par' dir='ltr' id='par_1_92' title="bbox 2208 3422 3728 3497">
     <span class='ocr_line' id='line_1_92' title="bbox 2208 3422 3728 3497; baseline 0.001 -17"><span class='ocrx_word' id='word_1_623' title='bbox 2208 3423 2367 3482; x_wconf 68' lang='lat' dir='ltr'><strong>Vere.</strong></span> <span class='ocrx_word' id='word_1_624' title='bbox 2395 3425 2444 3480; x_wconf 79' lang='grc' dir='ltr'><strong>Ι.</strong></span> <span class='ocrx_word' id='word_1_625' title='bbox 2475 3422 2612 3479; x_wconf 87' lang='lat' dir='ltr'><strong>Deus</strong></span> <span class='ocrx_word' id='word_1_626' title='bbox 2641 3436 2810 3479; x_wconf 86' lang='lat' dir='ltr'><strong>noster</strong></span> <span class='ocrx_word' id='word_1_627' title='bbox 2832 3427 3090 3496; x_wconf 79' lang='lat' dir='ltr'><strong>refugium</strong></span> <span class='ocrx_word' id='word_1_628' title='bbox 3118 3438 3165 3478; x_wconf 87' lang='lat' dir='ltr'><strong>et</strong></span> <span class='ocrx_word' id='word_1_629' title='bbox 3192 3426 3353 3480; x_wconf 80' lang='lat' dir='ltr'><strong>virtus</strong></span> <span class='ocrx_word' id='word_1_630' title='bbox 3382 3441 3402 3480; x_wconf 83' lang='lat'><strong>.°</strong></span> <span class='ocrx_word' id='word_1_631' title='bbox 3433 3427 3650 3497; x_wconf 86' lang='lat' dir='ltr'><strong>adjutor</strong></span> <span class='ocrx_word' id='word_1_632' title='bbox 3671 3429 3728 3481; x_wconf 79' lang='lat' dir='ltr'><strong>in</strong></span> 
     </span>
    </p>
   </div>
   <div class='ocr_carea' id='block_1_93' title="bbox 2136 3514 3730 3585">
    <p class='ocr_par' dir='ltr' id='par_1_93' title="bbox 2136 3514 3730 3585">
     <span class='ocr_line' id='line_1_93' title="bbox 2136 3514 3730 3585; baseline 0.001 -16"><span class='ocrx_word' id='word_1_633' title='bbox 2136 3514 2572 3582; x_wconf 82' lang='lat' dir='ltr'><strong>tribulationibus,</strong></span> <span class='ocrx_word' id='word_1_634' title='bbox 2596 3530 2709 3585; x_wconf 74' lang='lat' dir='ltr'><strong>qua:</strong></span> <span class='ocrx_word' id='word_1_635' title='bbox 2731 3515 3029 3569; x_wconf 87' lang='lat' dir='ltr'><strong>invenerunt</strong></span> <span class='ocrx_word' id='word_1_636' title='bbox 3048 3532 3142 3569; x_wconf 90' lang='lat' dir='ltr'><strong>nos</strong></span> <span class='ocrx_word' id='word_1_637' title='bbox 3168 3516 3337 3569; x_wconf 85' lang='lat' dir='ltr'><strong>nimis.</strong></span> <span class='ocrx_word' id='word_1_638' title='bbox 3366 3516 3419 3569; x_wconf 89' lang='lat' dir='ltr'><strong>lu</strong></span> <span class='ocrx_word' id='word_1_639' title='bbox 3445 3517 3562 3585; x_wconf 91' lang='lat' dir='ltr'><strong>ipso</strong></span> <span class='ocrx_word' id='word_1_640' title='bbox 3583 3517 3730 3585; x_wconf 84' lang='lat' dir='ltr'><strong>prin-</strong></span> 
     </span>
    </p>
   </div>
   <div class='ocr_carea' id='block_1_94' title="bbox 2141 3604 3727 3676">
    <p class='ocr_par' dir='ltr' id='par_1_94' title="bbox 2141 3604 3727 3676">
     <span class='ocr_line' id='line_1_94' title="bbox 2141 3604 3727 3676; baseline 0.001 -16"><span class='ocrx_word' id='word_1_641' title='bbox 2141 3606 2284 3676; x_wconf 89' lang='lat' dir='ltr'><strong>cipio</strong></span> <span class='ocrx_word' id='word_1_642' title='bbox 2314 3604 2524 3676; x_wconf 89' lang='lat' dir='ltr'><strong>psalmi,</strong></span> <span class='ocrx_word' id='word_1_643' title='bbox 2552 3604 2894 3673; x_wconf 86' lang='lat' dir='ltr'><strong>categoricus</strong></span> <span class='ocrx_word' id='word_1_644' title='bbox 2925 3606 3080 3660; x_wconf 82' lang='lat' dir='ltr'><strong>nonis</strong></span> <span class='ocrx_word' id='word_1_645' title='bbox 3115 3605 3464 3676; x_wconf 81' lang='lat' dir='ltr'><strong>syIIOgismus</strong></span> <span class='ocrx_word' id='word_1_646' title='bbox 3496 3606 3727 3661; x_wconf 81' lang='lat' dir='ltr'><strong>arridet.</strong></span> 
     </span>
    </p>
   </div>
   <div class='ocr_carea' id='block_1_95' title="bbox 2142 3684 3731 3765">
    <p class='ocr_par' dir='ltr' id='par_1_95' title="bbox 2142 3684 3731 3765">
     <span class='ocr_line' id='line_1_95' title="bbox 2142 3684 3731 3765; baseline 0 -14"><span class='ocrx_word' id='word_1_647' title='bbox 2142 3695 2283 3752; x_wconf 88' lang='lat' dir='ltr'><strong>Dicit</strong></span> <span class='ocrx_word' id='word_1_648' title='bbox 2311 3684 2494 3752; x_wconf 85' lang='lat' dir='ltr'><strong>enim:</strong></span> <span class='ocrx_word' id='word_1_649' title='bbox 2532 3695 2587 3751; x_wconf 91' lang='lat' dir='ltr'><strong>ln</strong></span> <span class='ocrx_word' id='word_1_650' title='bbox 2619 3697 3058 3751; x_wconf 88' lang='lat' dir='ltr'><strong>tribulationibus</strong></span> <span class='ocrx_word' id='word_1_651' title='bbox 3101 3712 3219 3765; x_wconf 58' lang='lat' dir='ltr'><strong>qu&#39;e</strong></span> <span class='ocrx_word' id='word_1_652' title='bbox 3266 3697 3587 3751; x_wconf 76' lang='lat' dir='ltr'><strong>invenerunt</strong></span> <span class='ocrx_word' id='word_1_653' title='bbox 3626 3713 3731 3751; x_wconf 75' lang='lat' dir='ltr'><strong>nus</strong></span> 
     </span>
    </p>
   </div>
   <div class='ocr_carea' id='block_1_96' title="bbox 2140 3786 3729 3857">
    <p class='ocr_par' dir='ltr' id='par_1_96' title="bbox 2140 3786 3729 3857">
     <span class='ocr_line' id='line_1_96' title="bbox 2140 3786 3729 3857; baseline -0.002 -13"><span class='ocrx_word' id='word_1_654' title='bbox 2140 3789 2323 3853; x_wconf 88' lang='lat' dir='ltr'><strong>nimis,</strong></span> <span class='ocrx_word' id='word_1_655' title='bbox 2362 3788 2503 3841; x_wconf 89' lang='lat' dir='ltr'><strong>Deus</strong></span> <span class='ocrx_word' id='word_1_656' title='bbox 2531 3798 2715 3842; x_wconf 89' lang='lat' dir='ltr'><strong>noster</strong></span> <span class='ocrx_word' id='word_1_657' title='bbox 2758 3786 3026 3856; x_wconf 81' lang='lat' dir='ltr'><strong>refugium</strong></span> <span class='ocrx_word' id='word_1_658' title='bbox 3053 3826 3068 3850; x_wconf 96' lang='lat'><strong>,</strong></span> <span class='ocrx_word' id='word_1_659' title='bbox 3102 3797 3157 3841; x_wconf 91' lang='lat' dir='ltr'><strong>et</strong></span> <span class='ocrx_word' id='word_1_660' title='bbox 3199 3786 3390 3852; x_wconf 80' lang='lat' dir='ltr'><strong>virtus,</strong></span> <span class='ocrx_word' id='word_1_661' title='bbox 3420 3796 3476 3841; x_wconf 89' lang='lat' dir='ltr'><strong>et</strong></span> <span class='ocrx_word' id='word_1_662' title='bbox 3505 3786 3729 3857; x_wconf 73' lang='lat' dir='ltr'><strong>adjmor</strong></span> 
     </span>
    </p>
   </div>
   <div class='ocr_carea' id='block_1_97' title="bbox 2145 3874 3737 3934">
    <p class='ocr_par' dir='ltr' id='par_1_97' title="bbox 2145 3874 3737 3934">
     <span class='ocr_line' id='line_1_97' title="bbox 2145 3874 3737 3934; baseline -0.001 -1"><span class='ocrx_word' id='word_1_663' title='bbox 2145 3889 2249 3934; x_wconf 75' lang='lat' dir='ltr'><strong>est.</strong></span> <span class='ocrx_word' id='word_1_664' title='bbox 2276 3878 2331 3933; x_wconf 92' lang='lat' dir='ltr'><strong>ln</strong></span> <span class='ocrx_word' id='word_1_665' title='bbox 2358 3876 2794 3934; x_wconf 89' lang='lat' dir='ltr'><strong>tribulationibus</strong></span> <span class='ocrx_word' id='word_1_666' title='bbox 2816 3892 2919 3931; x_wconf 90' lang='lat' dir='ltr'><strong>non</strong></span> <span class='ocrx_word' id='word_1_667' title='bbox 2945 3876 3249 3931; x_wconf 84' lang='lat' dir='ltr'><strong>timebimus</strong></span> <span class='ocrx_word' id='word_1_668' title='bbox 3269 3891 3387 3931; x_wconf 90' lang='lat' dir='ltr'><strong>cum</strong></span> <span class='ocrx_word' id='word_1_669' title='bbox 3407 3874 3737 3931; x_wconf 72' lang='lat' dir='ltr'><strong>conturbata</strong></span> 
     </span>
    </p>
   </div>
   <div class='ocr_carea' id='block_1_98' title="bbox 2139 3969 3737 4047">
    <p class='ocr_par' dir='ltr' id='par_1_98' title="bbox 2139 3969 3737 4047">
     <span class='ocr_line' id='line_1_98' title="bbox 2139 3969 3737 4047; baseline 0 -20"><span class='ocrx_word' id='word_1_670' title='bbox 2139 3971 2301 4028; x_wconf 86' lang='lat' dir='ltr'><strong>fuerit</strong></span> <span class='ocrx_word' id='word_1_671' title='bbox 2329 3980 2493 4027; x_wconf 89' lang='lat' dir='ltr'><strong>terra.</strong></span> <span class='ocrx_word' id='word_1_672' title='bbox 2522 3971 2578 4025; x_wconf 91' lang='lat' dir='ltr'><strong>ln</strong></span> <span class='ocrx_word' id='word_1_673' title='bbox 2603 3970 3046 4047; x_wconf 73' lang='lat' dir='ltr'><strong>tribulationibns</strong></span> <span class='ocrx_word' id='word_1_674' title='bbox 3076 3969 3238 4039; x_wconf 80' lang='lat' dir='ltr'><strong>igitur</strong></span> <span class='ocrx_word' id='word_1_675' title='bbox 3259 3983 3379 4038; x_wconf 66' lang='lat' dir='ltr'><strong>qua“:</strong></span> <span class='ocrx_word' id='word_1_676' title='bbox 3406 3970 3737 4028; x_wconf 90' lang='lat' dir='ltr'><strong>invenerunt</strong></span> 
     </span>
    </p>
   </div>
   <div class='ocr_carea' id='block_1_99' title="bbox 2146 4059 3723 4129">
    <p class='ocr_par' dir='ltr' id='par_1_99' title="bbox 2146 4059 3723 4129">
     <span class='ocr_line' id='line_1_99' title="bbox 2146 4059 3723 4129; baseline -0.002 -10"><span class='ocrx_word' id='word_1_677' title='bbox 2146 4080 2246 4119; x_wconf 92' lang='lat' dir='ltr'><strong>nos</strong></span> <span class='ocrx_word' id='word_1_678' title='bbox 2277 4065 2459 4129; x_wconf 87' lang='lat' dir='ltr'><strong>nimis,</strong></span> <span class='ocrx_word' id='word_1_679' title='bbox 2487 4078 2591 4118; x_wconf 90' lang='lat' dir='ltr'><strong>non</strong></span> <span class='ocrx_word' id='word_1_680' title='bbox 2624 4061 2926 4116; x_wconf 85' lang='lat' dir='ltr'><strong>timebimus</strong></span> <span class='ocrx_word' id='word_1_681' title='bbox 2960 4076 3083 4114; x_wconf 89' lang='lat' dir='ltr'><strong>cum</strong></span> <span class='ocrx_word' id='word_1_682' title='bbox 3113 4059 3522 4115; x_wconf 86' lang='lat' dir='ltr'><strong>conturbabitur</strong></span> <span class='ocrx_word' id='word_1_683' title='bbox 3554 4069 3723 4116; x_wconf 85' lang='lat' dir='ltr'><strong>terra.</strong></span> 
     </span>
    </p>
   </div>
   <div class='ocr_carea' id='block_1_100' title="bbox 2141 4152 3746 4221">
    <p class='ocr_par' dir='ltr' id='par_1_100' title="bbox 2141 4152 3746 4221">
     <span class='ocr_line' id='line_1_100' title="bbox 2141 4152 3746 4221; baseline 0 -12"><span class='ocrx_word' id='word_1_684' title='bbox 2141 4154 2293 4209; x_wconf 85' lang='lat' dir='ltr'><strong>Nunc</strong></span> <span class='ocrx_word' id='word_1_685' title='bbox 2325 4154 2626 4208; x_wconf 86' lang='lat' dir='ltr'><strong>minutatim</strong></span> <span class='ocrx_word' id='word_1_686' title='bbox 2651 4152 2791 4207; x_wconf 90' lang='lat' dir='ltr'><strong>dicta</strong></span> <span class='ocrx_word' id='word_1_687' title='bbox 2823 4160 3137 4206; x_wconf 87' lang='lat' dir='ltr'><strong>tractemus.</strong></span> <span class='ocrx_word' id='word_1_688' title='bbox 3159 4152 3329 4218; x_wconf 88' lang='lat' dir='ltr'><strong>Quam</strong></span> <span class='ocrx_word' id='word_1_689' title='bbox 3356 4152 3580 4221; x_wconf 87' lang='lat' dir='ltr'><strong>pulchra</strong></span> <span class='ocrx_word' id='word_1_690' title='bbox 3611 4154 3746 4210; x_wconf 68' lang='lat' dir='ltr'><strong>bre-</strong></span> 
     </span>
    </p>
   </div>
   <div class='ocr_carea' id='block_1_101' title="bbox 2141 4244 3731 4317">
    <p class='ocr_par' dir='ltr' id='par_1_101' title="bbox 2141 4244 3731 4317">
     <span class='ocr_line' id='line_1_101' title="bbox 2141 4244 3731 4317; baseline 0.001 -17"><span class='ocrx_word' id='word_1_691' title='bbox 2141 4248 2331 4317; x_wconf 87' lang='lat' dir='ltr'><strong>visque</strong></span> <span class='ocrx_word' id='word_1_692' title='bbox 2374 4245 2722 4315; x_wconf 86' lang='lat' dir='ltr'><strong>complexio;</strong></span> <span class='ocrx_word' id='word_1_693' title='bbox 2752 4244 2905 4315; x_wconf 88' lang='lat' dir='ltr'><strong>quasi</strong></span> <span class='ocrx_word' id='word_1_694' title='bbox 2949 4245 3452 4313; x_wconf 81' lang='lat' dir='ltr'><strong>interrogarentur:</strong></span> <span class='ocrx_word' id='word_1_695' title='bbox 3482 4244 3617 4312; x_wconf 87' lang='lat' dir='ltr'><strong>Quid</strong></span> <span class='ocrx_word' id='word_1_696' title='bbox 3647 4252 3731 4301; x_wconf 86' lang='lat' dir='ltr'><strong>est</strong></span> 
     </span>
    </p>
   </div>
   <div class='ocr_carea' id='block_1_102' title="bbox 2147 4334 3737 4408">
    <p class='ocr_par' dir='ltr' id='par_1_102' title="bbox 2147 4334 3737 4408">
     <span class='ocr_line' id='line_1_102' title="bbox 2147 4334 3737 4408; baseline -0.003 -13"><span class='ocrx_word' id='word_1_697' title='bbox 2147 4341 2284 4395; x_wconf 86' lang='lat' dir='ltr'><strong>Deus</strong></span> <span class='ocrx_word' id='word_1_698' title='bbox 2324 4339 2533 4393; x_wconf 82' lang='lat' dir='ltr'><strong>noster?</strong></span> <span class='ocrx_word' id='word_1_699' title='bbox 2570 4334 2917 4407; x_wconf 82' lang='lat' dir='ltr'><strong>Respondent</strong></span> <span class='ocrx_word' id='word_1_700' title='bbox 2967 4355 2981 4391; x_wconf 91' lang='lat'><strong>:</strong></span> <span class='ocrx_word' id='word_1_701' title='bbox 3026 4337 3335 4408; x_wconf 78' lang='lat' dir='ltr'><strong>Refugium,</strong></span> <span class='ocrx_word' id='word_1_702' title='bbox 3368 4347 3418 4391; x_wconf 91' lang='lat' dir='ltr'><strong>et</strong></span> <span class='ocrx_word' id='word_1_703' title='bbox 3448 4338 3644 4400; x_wconf 75' lang='lat' dir='ltr'><strong>uirtus,</strong></span> <span class='ocrx_word' id='word_1_704' title='bbox 3686 4351 3737 4391; x_wconf 82' lang='lat' dir='ltr'><strong>et</strong></span> 
     </span>
    </p>
   </div>
   <div class='ocr_carea' id='block_1_103' title="bbox 2140 4428 3739 4503">
    <p class='ocr_par' dir='ltr' id='par_1_103' title="bbox 2140 4428 3739 4503">
     <span class='ocr_line' id='line_1_103' title="bbox 2140 4428 3739 4503; baseline 0 -18"><span class='ocrx_word' id='word_1_705' title='bbox 2140 4432 2371 4503; x_wconf 84' lang='lat' dir='ltr'><strong>adjutor.</strong></span> <span class='ocrx_word' id='word_1_706' title='bbox 2423 4428 2547 4484; x_wconf 59' lang='lat' dir='ltr'><strong>Haec</strong></span> <span class='ocrx_word' id='word_1_707' title='bbox 2596 4430 2802 4497; x_wconf 88' lang='lat' dir='ltr'><strong>species</strong></span> <span class='ocrx_word' id='word_1_708' title='bbox 2852 4428 3309 4485; x_wconf 70' lang='lat' dir='ltr'><strong>definitioniscst</strong></span> <span class='ocrx_word' id='word_1_709' title='bbox 3341 4434 3563 4498; x_wconf 84' lang='lat' dir='ltr'><strong>quinta,</strong></span> <span class='ocrx_word' id='word_1_710' title='bbox 3610 4445 3739 4499; x_wconf 67' lang='lat' dir='ltr'><strong>quae</strong></span> 
     </span>
    </p>
   </div>
   <div class='ocr_carea' id='block_1_104' title="bbox 1862 4488 2032 4591">
    <p class='ocr_par' dir='ltr' id='par_1_104' title="bbox 1862 4488 2032 4544">
     <span class='ocr_line' id='line_1_104' title="bbox 1862 4488 2032 4544; baseline 0 -1"><span class='ocrx_word' id='word_1_711' title='bbox 1862 4488 2032 4544; x_wconf 88' lang='lat' dir='ltr'><strong>futura</strong></span> 
     </span>
    </p>
   </div>
   <div class='ocr_carea' id='block_1_105' title="bbox 2140 4488 3744 4591">
    <p class='ocr_par' dir='ltr' id='par_1_105' title="bbox 2146 4488 3744 4591">
     <span class='ocr_line' id='line_1_105' title="bbox 2146 4488 3744 4591; baseline -0.001 -14"><span class='ocrx_word' id='word_1_712' title='bbox 2146 4488 2331 4578; x_wconf 35' lang='lat' dir='ltr'><strong>Graece</strong></span> <span class='ocrx_word' id='word_1_713' title='bbox 2360 4522 2491 4577; x_wconf 80' lang='grc' dir='ltr'><strong>κατὰ</strong></span> <span class='ocrx_word' id='word_1_714' title='bbox 2510 4525 2599 4580; x_wconf 70' lang='grc' dir='ltr'><strong>τήν</strong></span> <span class='ocrx_word' id='word_1_715' title='bbox 2618 4488 2767 4586; x_wconf 50' lang='grc' dir='ltr'><strong>λέξιν,</strong></span> <span class='ocrx_word' id='word_1_716' title='bbox 2802 4520 2987 4576; x_wconf 89' lang='lat' dir='ltr'><strong>Latine</strong></span> <span class='ocrx_word' id='word_1_717' title='bbox 3013 4520 3078 4575; x_wconf 85' lang='lat' dir='ltr'><strong>ad</strong></span> <span class='ocrx_word' id='word_1_718' title='bbox 3101 4521 3322 4575; x_wconf 87' lang='lat' dir='ltr'><strong>verbum</strong></span> <span class='ocrx_word' id='word_1_719' title='bbox 3344 4488 3576 4575; x_wconf 40' lang='lat' dir='ltr'><strong>dicitur;</strong></span> <span class='ocrx_word' id='word_1_720' title='bbox 3598 4488 3744 4591; x_wconf 63' lang='lat' dir='ltr'><strong>qiio-</strong></span> 
     </span>
    </p>
   </div>
   <div class='ocr_carea' id='block_1_106' title="bbox 2145 4612 3743 4684">
    <p class='ocr_par' dir='ltr' id='par_1_106' title="bbox 2145 4612 3743 4684">
     <span class='ocr_line' id='line_1_106' title="bbox 2145 4612 3743 4684; baseline -0.001 -15"><span class='ocrx_word' id='word_1_721' title='bbox 2145 4615 2246 4669; x_wconf 88' lang='lat' dir='ltr'><strong>ties</strong></span> <span class='ocrx_word' id='word_1_722' title='bbox 2273 4627 2705 4684; x_wconf 85' lang='lat' dir='ltr'><strong>unamquamque</strong></span> <span class='ocrx_word' id='word_1_723' title='bbox 2754 4626 2865 4667; x_wconf 87' lang='lat' dir='ltr'><strong>rem</strong></span> <span class='ocrx_word' id='word_1_724' title='bbox 2909 4612 3087 4667; x_wconf 88' lang='lat' dir='ltr'><strong>verbis</strong></span> <span class='ocrx_word' id='word_1_725' title='bbox 3120 4612 3346 4681; x_wconf 88' lang='lat' dir='ltr'><strong>singulis</strong></span> <span class='ocrx_word' id='word_1_726' title='bbox 3392 4614 3516 4683; x_wconf 91' lang='lat' dir='ltr'><strong>quid</strong></span> <span class='ocrx_word' id='word_1_727' title='bbox 3542 4615 3614 4668; x_wconf 87' lang='lat' dir='ltr'><strong>sit</strong></span> <span class='ocrx_word' id='word_1_728' title='bbox 3642 4630 3743 4669; x_wconf 55' lang='lat' dir='ltr'><strong>osh</strong></span> 
     </span>
    </p>
   </div>
   <div class='ocr_carea' id='block_1_107' title="bbox 2145 4705 3745 4774">
    <p class='ocr_par' dir='ltr' id='par_1_107' title="bbox 2145 4705 3745 4774">
     <span class='ocr_line' id='line_1_107' title="bbox 2145 4705 3745 4774; baseline -0.001 -11"><span class='ocrx_word' id='word_1_729' title='bbox 2145 4707 2435 4763; x_wconf 89' lang='lat' dir='ltr'><strong>tendimus.</strong></span> <span class='ocrx_word' id='word_1_730' title='bbox 2467 4706 2720 4761; x_wconf 82' lang='lat' dir='ltr'><strong>Additum</strong></span> <span class='ocrx_word' id='word_1_731' title='bbox 2765 4715 2883 4771; x_wconf 87' lang='lat' dir='ltr'><strong>est,</strong></span> <span class='ocrx_word' id='word_1_732' title='bbox 2914 4715 3121 4771; x_wconf 83' lang='lat' dir='ltr'><strong>noster,</strong></span> <span class='ocrx_word' id='word_1_733' title='bbox 3154 4716 3374 4774; x_wconf 85' lang='lat' dir='ltr'><strong>propter</strong></span> <span class='ocrx_word' id='word_1_734' title='bbox 3419 4705 3745 4762; x_wconf 70' lang='lat' dir='ltr'><strong>falsissimos</strong></span> 
     </span>
    </p>
   </div>
   <div class='ocr_carea' id='block_1_108' title="bbox 2144 4795 3739 4867">
    <p class='ocr_par' dir='ltr' id='par_1_108' title="bbox 2144 4795 3739 4867">
     <span class='ocr_line' id='line_1_108' title="bbox 2144 4795 3739 4867; baseline -0.001 -14"><span class='ocrx_word' id='word_1_735' title='bbox 2144 4798 2478 4854; x_wconf 87' lang='lat' dir='ltr'><strong>Christianos</strong></span> <span class='ocrx_word' id='word_1_736' title='bbox 2499 4836 2516 4863; x_wconf 90' lang='lat'><strong>,</strong></span> <span class='ocrx_word' id='word_1_737' title='bbox 2545 4812 2773 4867; x_wconf 88' lang='lat' dir='ltr'><strong>quorum</strong></span> <span class='ocrx_word' id='word_1_738' title='bbox 2808 4795 2946 4851; x_wconf 80' lang='lat' dir='ltr'><strong>Deus</strong></span> <span class='ocrx_word' id='word_1_739' title='bbox 2991 4811 3096 4853; x_wconf 87' lang='lat' dir='ltr'><strong>non</strong></span> <span class='ocrx_word' id='word_1_740' title='bbox 3126 4796 3262 4851; x_wconf 85' lang='lat' dir='ltr'><strong>solet</strong></span> <span class='ocrx_word' id='word_1_741' title='bbox 3296 4810 3418 4851; x_wconf 71' lang='lat' dir='ltr'><strong>ease</strong></span> <span class='ocrx_word' id='word_1_742' title='bbox 3454 4796 3739 4866; x_wconf 69' lang='lat' dir='ltr'><strong>refugium.</strong></span> 
     </span>
    </p>
   </div>
   <div class='ocr_carea' id='block_1_109' title="bbox 2149 4885 3742 4961">
    <p class='ocr_par' dir='ltr' id='par_1_109' title="bbox 2149 4885 3742 4961">
     <span class='ocr_line' id='line_1_109' title="bbox 2149 4885 3742 4961; baseline -0.001 -17"><span class='ocrx_word' id='word_1_743' title='bbox 2149 4888 2304 4961; x_wconf 77' lang='lat'><strong>155</strong></span> <span class='ocrx_word' id='word_1_744' title='bbox 2350 4888 2631 4959; x_wconf 77' lang='lat' dir='ltr'><strong>Refugium</strong></span> <span class='ocrx_word' id='word_1_745' title='bbox 2673 4902 2803 4956; x_wconf 90' lang='lat' dir='ltr'><strong>ergo</strong></span> <span class='ocrx_word' id='word_1_746' title='bbox 2854 4886 3087 4941; x_wconf 82' lang='lat' dir='ltr'><strong>ﬁdelium</strong></span> <span class='ocrx_word' id='word_1_747' title='bbox 3120 4894 3241 4952; x_wconf 90' lang='lat' dir='ltr'><strong>est,</strong></span> <span class='ocrx_word' id='word_1_748' title='bbox 3287 4885 3502 4956; x_wconf 84' lang='lat' dir='ltr'><strong>quando</strong></span> <span class='ocrx_word' id='word_1_749' title='bbox 3542 4901 3639 4943; x_wconf 85' lang='lat' dir='ltr'><strong>eos</strong></span> <span class='ocrx_word' id='word_1_750' title='bbox 3668 4888 3742 4943; x_wconf 85' lang='lat' dir='ltr'><strong>de</strong></span> 
     </span>
    </p>
   </div>
   <div class='ocr_carea' id='block_1_110' title="bbox 2143 4973 3745 5047">
    <p class='ocr_par' dir='ltr' id='par_1_110' title="bbox 2143 4973 3745 5047">
     <span class='ocr_line' id='line_1_110' title="bbox 2143 4973 3745 5047; baseline -0.001 -17"><span class='ocrx_word' id='word_1_751' title='bbox 2143 4980 2338 5032; x_wconf 69' lang='lat' dir='ltr'><strong>anima:</strong></span> <span class='ocrx_word' id='word_1_752' title='bbox 2387 4976 2631 5047; x_wconf 88' lang='lat' dir='ltr'><strong>periculo</strong></span> <span class='ocrx_word' id='word_1_753' title='bbox 2672 4975 2889 5031; x_wconf 86' lang='lat' dir='ltr'><strong>liberat.</strong></span> <span class='ocrx_word' id='word_1_754' title='bbox 2944 4973 3161 5042; x_wconf 83' lang='lat' dir='ltr'><strong>Virtus,</strong></span> <span class='ocrx_word' id='word_1_755' title='bbox 3208 4976 3424 5045; x_wconf 84' lang='lat' dir='ltr'><strong>quando</strong></span> <span class='ocrx_word' id='word_1_756' title='bbox 3471 4976 3745 5035; x_wconf 80' lang='lat' dir='ltr'><strong>stabiliter</strong></span> 
     </span>
    </p>
   </div>
   <div class='ocr_carea' id='block_1_111' title="bbox 2145 5067 3739 5137">
    <p class='ocr_par' dir='ltr' id='par_1_111' title="bbox 2145 5067 3739 5137">
     <span class='ocr_line' id='line_1_111' title="bbox 2145 5067 3739 5137; baseline 0.001 -13"><span class='ocrx_word' id='word_1_757' title='bbox 2145 5079 2350 5125; x_wconf 86' lang='lat' dir='ltr'><strong>mentes</strong></span> <span class='ocrx_word' id='word_1_758' title='bbox 2382 5082 2570 5124; x_wconf 90' lang='lat' dir='ltr'><strong>eorum</strong></span> <span class='ocrx_word' id='word_1_759' title='bbox 2602 5067 2670 5121; x_wconf 88' lang='lat' dir='ltr'><strong>ab</strong></span> <span class='ocrx_word' id='word_1_760' title='bbox 2700 5069 2884 5137; x_wconf 92' lang='lat' dir='ltr'><strong>iniquo</strong></span> <span class='ocrx_word' id='word_1_761' title='bbox 2912 5067 3095 5120; x_wconf 65' lang='lat' dir='ltr'><strong>saeculi</strong></span> <span class='ocrx_word' id='word_1_762' title='bbox 3127 5082 3314 5122; x_wconf 88' lang='lat' dir='ltr'><strong>errore</strong></span> <span class='ocrx_word' id='word_1_763' title='bbox 3342 5068 3595 5123; x_wconf 86' lang='lat' dir='ltr'><strong>custodit.</strong></span> <span class='ocrx_word' id='word_1_764' title='bbox 3634 5069 3739 5125; x_wconf 68' lang='lat' dir='ltr'><strong>Sea-</strong></span> 
     </span>
    </p>
   </div>
   <div class='ocr_carea' id='block_1_112' title="bbox 2142 5156 3741 5227">
    <p class='ocr_par' dir='ltr' id='par_1_112' title="bbox 2142 5156 3741 5227">
     <span class='ocr_line' id='line_1_112' title="bbox 2142 5156 3741 5227; baseline 0.001 -16"><span class='ocrx_word' id='word_1_765' title='bbox 2142 5160 2354 5227; x_wconf 91' lang='lat' dir='ltr'><strong>quitur,</strong></span> <span class='ocrx_word' id='word_1_766' title='bbox 2396 5158 2606 5227; x_wconf 85' lang='lat' dir='ltr'><strong>adjutor</strong></span> <span class='ocrx_word' id='word_1_767' title='bbox 2644 5156 2698 5209; x_wconf 88' lang='lat' dir='ltr'><strong>in</strong></span> <span class='ocrx_word' id='word_1_768' title='bbox 2738 5156 3174 5209; x_wconf 83' lang='lat' dir='ltr'><strong>tribulationibus.</strong></span> <span class='ocrx_word' id='word_1_769' title='bbox 3219 5156 3315 5213; x_wconf 87' lang='lat' dir='ltr'><strong>Hic</strong></span> <span class='ocrx_word' id='word_1_770' title='bbox 3357 5159 3741 5214; x_wconf 84' lang='lat' dir='ltr'><strong>misericordia</strong></span> 
     </span>
    </p>
   </div>
   <div class='ocr_carea' id='block_1_113' title="bbox 2147 5234 3745 5318">
    <p class='ocr_par' dir='ltr' id='par_1_113' title="bbox 2147 5234 3745 5318">
     <span class='ocr_line' id='line_1_113' title="bbox 2147 5234 3745 5318; baseline 0.002 -15"><span class='ocrx_word' id='word_1_771' title='bbox 2147 5234 2397 5318; x_wconf 78' lang='lat' dir='ltr'><strong>superna:</strong></span> <span class='ocrx_word' id='word_1_772' title='bbox 2429 5247 2726 5318; x_wconf 84' lang='lat' dir='ltr'><strong>majestatis</strong></span> <span class='ocrx_word' id='word_1_773' title='bbox 2769 5262 2865 5316; x_wconf 91' lang='lat' dir='ltr'><strong>per</strong></span> <span class='ocrx_word' id='word_1_774' title='bbox 2903 5246 3146 5301; x_wconf 87' lang='lat' dir='ltr'><strong>diversas</strong></span> <span class='ocrx_word' id='word_1_775' title='bbox 3171 5247 3512 5303; x_wconf 86' lang='lat' dir='ltr'><strong>definitiones</strong></span> <span class='ocrx_word' id='word_1_776' title='bbox 3554 5251 3745 5318; x_wconf 80' lang='lat' dir='ltr'><strong>expri-</strong></span> 
     </span>
    </p>
   </div>
   <div class='ocr_carea' id='block_1_114' title="bbox 2150 5337 3743 5408">
    <p class='ocr_par' dir='ltr' id='par_1_114' title="bbox 2150 5337 3743 5408">
     <span class='ocr_line' id='line_1_114' title="bbox 2150 5337 3743 5408; baseline 0.001 -15"><span class='ocrx_word' id='word_1_777' title='bbox 2150 5342 2333 5403; x_wconf 88' lang='lat' dir='ltr'><strong>mitur,</strong></span> <span class='ocrx_word' id='word_1_778' title='bbox 2360 5355 2478 5407; x_wconf 71' lang='lat' dir='ltr'><strong>qua:</strong></span> <span class='ocrx_word' id='word_1_779' title='bbox 2511 5339 2563 5391; x_wconf 86' lang='lat' dir='ltr'><strong>in</strong></span> <span class='ocrx_word' id='word_1_780' title='bbox 2593 5337 3001 5392; x_wconf 83' lang='lat' dir='ltr'><strong>tribulationibus</strong></span> <span class='ocrx_word' id='word_1_781' title='bbox 3044 5345 3100 5392; x_wconf 91' lang='lat' dir='ltr'><strong>et</strong></span> <span class='ocrx_word' id='word_1_782' title='bbox 3143 5339 3364 5408; x_wconf 87' lang='lat' dir='ltr'><strong>suscipit</strong></span> <span class='ocrx_word' id='word_1_783' title='bbox 3391 5349 3446 5394; x_wconf 89' lang='lat' dir='ltr'><strong>et</strong></span> <span class='ocrx_word' id='word_1_784' title='bbox 3474 5340 3743 5396; x_wconf 87' lang='lat' dir='ltr'><strong>defendit.</strong></span> 
     </span>
    </p>
   </div>
   <div class='ocr_carea' id='block_1_115' title="bbox 2153 5430 3743 5503">
    <p class='ocr_par' dir='ltr' id='par_1_115' title="bbox 2153 5430 3743 5503">
     <span class='ocr_line' id='line_1_115' title="bbox 2153 5430 3743 5503; baseline 0.003 -18"><span class='ocrx_word' id='word_1_785' title='bbox 2153 5431 2436 5485; x_wconf 84' lang='lat' dir='ltr'><strong>Tribulatio</strong></span> <span class='ocrx_word' id='word_1_786' title='bbox 2470 5446 2597 5486; x_wconf 85' lang='lat' dir='ltr'><strong>vero</strong></span> <span class='ocrx_word' id='word_1_787' title='bbox 2624 5431 2706 5500; x_wconf 90' lang='lat' dir='ltr'><strong>pia</strong></span> <span class='ocrx_word' id='word_1_788' title='bbox 2736 5430 2901 5485; x_wconf 88' lang='lat' dir='ltr'><strong>Deum</strong></span> <span class='ocrx_word' id='word_1_789' title='bbox 2933 5430 3089 5485; x_wconf 86' lang='lat' dir='ltr'><strong>nobis</strong></span> <span class='ocrx_word' id='word_1_790' title='bbox 3135 5430 3539 5487; x_wconf 88' lang='lat' dir='ltr'><strong>misericordem</strong></span> <span class='ocrx_word' id='word_1_791' title='bbox 3571 5431 3743 5503; x_wconf 86' lang='lat' dir='ltr'><strong>facit,</strong></span> 
     </span>
    </p>
   </div>
   <div class='ocr_carea' id='block_1_116' title="bbox 2151 5519 3746 5589">
    <p class='ocr_par' dir='ltr' id='par_1_116' title="bbox 2151 5519 3746 5589">
     <span class='ocr_line' id='line_1_116' title="bbox 2151 5519 3746 5589; baseline 0.002 -12"><span class='ocrx_word' id='word_1_792' title='bbox 2151 5531 2359 5577; x_wconf 89' lang='lat' dir='ltr'><strong>reatum</strong></span> <span class='ocrx_word' id='word_1_793' title='bbox 2384 5521 2576 5586; x_wconf 85' lang='lat' dir='ltr'><strong>solvit;</strong></span> <span class='ocrx_word' id='word_1_794' title='bbox 2612 5530 2667 5576; x_wconf 91' lang='lat' dir='ltr'><strong>et</strong></span> <span class='ocrx_word' id='word_1_795' title='bbox 2696 5530 2821 5575; x_wconf 89' lang='lat' dir='ltr'><strong>tunc</strong></span> <span class='ocrx_word' id='word_1_796' title='bbox 2847 5520 3150 5589; x_wconf 87' lang='lat' dir='ltr'><strong>specialiter</strong></span> <span class='ocrx_word' id='word_1_797' title='bbox 3176 5519 3457 5587; x_wconf 88' lang='lat' dir='ltr'><strong>subvenit,</strong></span> <span class='ocrx_word' id='word_1_798' title='bbox 3485 5535 3610 5576; x_wconf 91' lang='lat' dir='ltr'><strong>cum</strong></span> <span class='ocrx_word' id='word_1_799' title='bbox 3644 5538 3746 5579; x_wconf 85' lang='lat' dir='ltr'><strong>nos</strong></span> 
     </span>
    </p>
   </div>
   <div class='ocr_carea' id='block_1_117' title="bbox 2151 5609 3742 5681">
    <p class='ocr_par' dir='ltr' id='par_1_117' title="bbox 2151 5609 3742 5681">
     <span class='ocr_line' id='line_1_117' title="bbox 2151 5609 3742 5681; baseline 0.003 -16"><span class='ocrx_word' id='word_1_800' title='bbox 2151 5611 2218 5666; x_wconf 86' lang='lat' dir='ltr'><strong>de</strong></span> <span class='ocrx_word' id='word_1_801' title='bbox 2239 5626 2296 5666; x_wconf 88' lang='lat' dir='ltr'><strong>se</strong></span> <span class='ocrx_word' id='word_1_802' title='bbox 2317 5609 2591 5665; x_wconf 88' lang='lat' dir='ltr'><strong>confidere</strong></span> <span class='ocrx_word' id='word_1_803' title='bbox 2613 5610 2746 5665; x_wconf 88' lang='lat' dir='ltr'><strong>velle</strong></span> <span class='ocrx_word' id='word_1_804' title='bbox 2767 5610 3070 5680; x_wconf 88' lang='lat' dir='ltr'><strong>cognoscit;</strong></span> <span class='ocrx_word' id='word_1_805' title='bbox 3094 5610 3235 5664; x_wconf 85' lang='lat' dir='ltr'><strong>sicut</strong></span> <span class='ocrx_word' id='word_1_806' title='bbox 3261 5609 3391 5664; x_wconf 82' lang='lat' dir='ltr'><strong>dicit</strong></span> <span class='ocrx_word' id='word_1_807' title='bbox 3409 5609 3703 5681; x_wconf 81' lang='lat' dir='ltr'><strong>Apostolus</strong></span> <span class='ocrx_word' id='word_1_808' title='bbox 3726 5631 3742 5669; x_wconf 88' lang='lat'><strong>:</strong></span> 
     </span>
    </p>
   </div>
   <div class='ocr_carea' id='block_1_118' title="bbox 2154 5699 3741 5774">
    <p class='ocr_par' dir='ltr' id='par_1_118' title="bbox 2154 5699 3741 5774">
     <span class='ocr_line' id='line_1_118' title="bbox 2154 5699 3741 5774; baseline 0.004 -19"><span class='ocrx_word' id='word_1_809' title='bbox 2154 5702 2387 5755; x_wconf 74' lang='lat' dir='ltr'><strong>Tristitia</strong></span> <span class='ocrx_word' id='word_1_810' title='bbox 2427 5702 2560 5757; x_wconf 86' lang='lat' dir='ltr'><strong>enim</strong></span> <span class='ocrx_word' id='word_1_811' title='bbox 2593 5717 2707 5772; x_wconf 68' lang='lat' dir='ltr'><strong>qua</strong></span> <span class='ocrx_word' id='word_1_812' title='bbox 2734 5702 3011 5755; x_wconf 87' lang='lat' dir='ltr'><strong>secundum</strong></span> <span class='ocrx_word' id='word_1_813' title='bbox 3043 5699 3205 5755; x_wconf 85' lang='lat' dir='ltr'><strong>Deum</strong></span> <span class='ocrx_word' id='word_1_814' title='bbox 3242 5710 3348 5772; x_wconf 87' lang='lat' dir='ltr'><strong>est,</strong></span> <span class='ocrx_word' id='word_1_815' title='bbox 3389 5705 3741 5774; x_wconf 63' lang='lat' dir='ltr'><strong>manentium</strong></span> 
     </span>
    </p>
   </div>
  </div>
