4030 6172
259 301 369 356 529

1193 289 1549 350 EXPOSITIO
1587 288 1655 346 IN
1696 283 2152 346 PSALTERIUM.
2195 284 2385 343 PSAL.
2430 284 2589 340 XLV.

3425 281 3526 338 350

257 415 313 467 in
336 412 566 465 salutem
595 407 823 463 stabilem
857 413 1093 476 aperatur
1136 402 1224 476 (11
1248 404 1365 459 Cor.
1398 418 1493 468 vn,
1527 402 1637 472 10).
1688 401 1753 455 Ει
1780 413 1846 455 ne
1876 403 1923 461 Α
1955 398 2207 453 Ecclesia:
2246 397 2312 451 de
2351 397 2579 452 adventu
2626 392 2839 450 Domini
2890 392 3181 450 Salvatoris
3210 392 3487 449 edicuntur
3513 435 3529 457 .

260 505 366 557 has
395 500 763 556 tribulationes
793 500 937 553 leves
969 506 1204 567 putares,
1236 495 1444 550 addidit
1465 539 1477 557 ,
1503 510 1617 565 quis
1642 495 1847 548 invene-

256 604 387 647 runt
411 609 504 646 nos
530 593 713 657 nimis;
743 600 800 645 ιιι
828 589 958 644 nihil
985 589 1256 642 mediocre
1291 586 1560 656 crederes,
1592 586 1732 656 quod
1767 585 1847 638 ni-

260 688 436 739 mium
469 684 633 738 fuisse
671 683 925 739 sentires.
975 679 1369 736 Convenienter
1398 688 1574 734 autem
1613 679 1850 749 pericula

262 784 583 847 exaggerata
613 781 774 840 sunt,
806 780 860 827 ut
891 785 1074 827 eorum
1119 771 1420 825 destructor
1450 768 1857 840 potentissimus

264 875 576 939 appareret.

346 959 503 1013 νει-ε.
529 956 585 1011 2.
620 954 904 1024 Propterea
936 969 1039 1008 non
1077 953 1363 1007 timebimus
1404 952 1528 1005 dum
1573 950 1859 1005 turbabitur

268 1060 450 1113 terra,
487 1057 534 1101 et
563 1046 931 1116 transferentur
962 1052 1155 1098 montes
1182 1044 1238 1097 in
1282 1058 1369 1096 cor
1411 1044 1583 1096 maris.
1627 1042 1860 1110 Tempus

267 1138 408 1192 illud
425 1136 692 1207 praedicta:
710 1134 1061 1189 tribulationis
1077 1132 1382 1203 exponitur,
1398 1131 1613 1201 quando
1629 1132 1861 1186 adventu

270 1231 496 1286 Domini
526 1227 856 1292 Salvatoris,
894 1240 1015 1280 cum
1045 1224 1113 1279 de
1159 1226 1390 1278 novitate
1441 1224 1572 1276 tanti
1618 1223 1862 1277 miraculi

267 1320 590 1376 Judaorum
615 1317 779 1371 corda
808 1315 1016 1371 turbata
1047 1314 1176 1383 sint,
1206 1314 1374 1368 sancti
1406 1313 1506 1367 viri
1542 1312 1729 1368 timere
1756 1326 1862 1367 non

273 1417 563 1477 poterant,
604 1405 694 1476 qui
733 1406 785 1459 iu
832 1404 951 1475 ejus
997 1403 1213 1458 nomine
1240 1418 1302 1457 ac
1333 1403 1529 1458 virtute
1568 1417 1863 1472 praesume-

272 1502 421 1556 bant.
454 1500 713 1569 Sequitur
738 1538 753 1562 ,
784 1510 833 1553 et
861 1499 1233 1566 transferentur
1257 1507 1453 1550 montes
1479 1497 1531 1549 in
1562 1512 1650 1549 cor
1685 1498 1862 1549 maris.

273 1592 390 1647 Hoc
415 1592 602 1658 utique
632 1588 828 1643 factum
858 1595 961 1653 est,
992 1586 1206 1655 quando
1234 1596 1431 1639 montes
1452 1626 1467 1651 ,
1509 1585 1561 1640 id
1608 1595 1692 1642 est
1736 1600 1866 1656 apo-

270 1685 421 1749 stoli,
459 1681 659 1736 relictis
700 1679 990 1734 incredulis
1016 1676 1237 1743 ludatis,
1262 1679 1315 1732 in
1338 1693 1426 1731 cor
1458 1678 1634 1742 maris,
1660 1677 1762 1732 hoc
1784 1687 1864 1732 est

1956 501 2013 545 ut
2036 490 2228 544 merito
2259 488 2582 543 divisionem
2611 482 2980 554 diapsalmatis
3007 485 3304 541 immutatio
3339 501 3531 540 sensus

1956 581 2240 649 acceperit.
2267 578 2476 633 lntuere
2502 592 2619 646 quin
2646 577 2914 644 dicuntur,
2943 591 3043 646 qua
3075 579 3397 647 praprietate
3418 577 3531 632 dis.

1957 669 2121 724 tincta
2167 669 2293 722 sint.
2315 668 2517 722 Civitas
2548 668 2639 720 Dei
2675 668 2871 736 impetu
2903 666 3135 723 ﬁuminis
3162 667 3425 723 Iretiﬁcata
3449 683 3534 721 re-

1959 759 2181 830 quievit.
2210 759 2272 813 Et
2302 767 2361 812 ut
2385 759 2543 812 istum
2577 757 2794 811 ﬂuvium
2822 757 3152 825 irrigatorvm
3184 771 3537 825 cognosceres

1961 849 2280 914 animarum,
2312 863 2417 902 non
2459 847 2590 902 dicit
2617 847 2841 901 satiasse
2864 888 2878 912 ,
2912 846 3005 901 sed
3035 847 3323 915 la'ti/icasse
3349 850 3532 901 civita-

1960 950 2079 997 tem.
2107 939 2210 994 Iste
2235 955 2463 1009 namque
2493 949 2571 993 cst
2604 939 2810 1009 ﬂuvius,
2842 939 2907 993 de
2937 954 3040 1008 quo
3072 939 3184 1006 ipsa
3211 939 3422 993 Veritas
3449 941 3531 993 di-

1963 1033 2036 1086 cit
2066 1050 2079 1086 :
2110 1031 2213 1097 Qui
2241 1032 2400 1083 credit
2430 1031 2483 1083 in
2532 1047 2610 1084 me
2656 1046 2755 1084 non
2801 1030 2934 1083 sitiet
2966 1045 3208 1097 unquam,
3256 1030 3343 1084 sed
3371 1031 3455 1098 [iet
3486 1032 3539 1084 in

1965 1140 2024 1178 eo
2053 1128 2167 1195 fons
2198 1138 2341 1192 aqua:
2364 1122 2593 1176 salientis
2638 1123 2693 1175 in
2735 1125 2889 1175 vitam
2927 1130 3187 1175 tetvrnam.
3238 1120 3418 1189 (Joan.
3456 1139 3537 1187 tv,

1967 1214 2053 1278 1'5,
2084 1213 2191 1283 14).
2223 1213 2289 1266 Ει
2320 1211 2457 1267 bene
2488 1212 2622 1264 dixit
2650 1229 2661 1262 :
2694 1208 2924 1282 Impetus
2971 1210 3218 1279 ﬂuminis,
3261 1210 3382 1278 quia
3409 1210 3541 1264 nihil

1968 1305 2205 1373 palustre
2230 1343 2244 1369 ,
2279 1303 2409 1357 nihil
2440 1317 2710 1356 morosum
2742 1315 2929 1355 cursus
2968 1300 3084 1368 ejus
3124 1298 3385 1364 sustinet,
3417 1315 3539 1355 cum

1966 1413 2024 1451 se
2051 1397 2284 1466 potentia
2319 1394 2619 1449 Divinitatis
2650 1393 2931 1447 infuderit.
2973 1391 3225 1447 Additum
3258 1402 3340 1445 est
3362 1432 3380 1458 ,
3424 1408 3544 1445 san-

1966 1488 2205 1557 ctiﬁcavit
2226 1485 2607 1540 tabernaculum
2628 1500 2779 1539 suum
2802 1483 3112 1538 Altissimus.
3135 1482 3543 1536 Tabernaculum

1968 1580 2213 1634 Altissimi
2241 1589 2325 1633 est
2360 1578 2474 1634 sive
2503 1577 2741 1632 Ecclesia
2772 1616 2786 1639 ,
2828 1577 2942 1631 sive
2967 1575 3180 1629 humani
3209 1573 3385 1629 cordis
3427 1575 3545 1645 glo-

1970 1673 2109 1726 riosa
2134 1670 2437 1740 susceptio;
2470 1668 2611 1738 quod
2639 1678 2923 1737 utrumque
2956 1677 3167 1722 constat
3200 1681 3320 1721 esse
3349 1667 3550 1721 sancti-

272 1774 338 1828 ad
367 1770 776 1843 praedicandum
802 1768 1048 1840 gentibus
1080 1770 1435 1835 transierunt;
1468 1770 1607 1825 sicut
1636 1770 1687 1823 in
1721 1770 1868 1825 Acti—
1898 1774 1942 1832 Β
1973 1761 2209 1827 ﬁcetum,
2245 1761 2458 1831 quando
2494 1758 2713 1814 Verbum
2734 1773 2859 1814 caro
2892 1758 3085 1828 factum
3111 1767 3206 1825 est,
3236 1767 3281 1813 et
3306 1758 3549 1812 habitavit

274 1867 372 1919 bus
402 1863 779 1933 apostolorum
812 1862 1008 1930 legitur
1042 1879 1055 1912 :
1087 1859 1244 1915 Vobis
1273 1862 1475 1930 quidem
1498 1861 1757 1930 oportebat
1786 1860 1862 1913 lo-

270 1958 358 2024 qui
388 1954 602 2008 verbum
629 1952 756 2017 Dei;
788 1952 877 2006 sed
910 1951 1033 2021 quia
1060 1950 1319 2021 repulistis
1349 1949 1512 2015 illud,
1548 1959 1593 2003 et
1626 1951 1863 2021 indignos

273 2064 357 2101 eos
379 2046 661 2116 iudicastis
684 2054 886 2098 teternw
909 2046 1022 2097 uiue
1045 2084 1060 2108 ,
1091 2058 1203 2096 ecce
1228 2042 1564 2096 convertimur
1593 2042 1662 2096 ad
1691 2053 1862 2113 gentes

275 2139 416 2209 (Art.
452 2152 568 2200 xui,
598 2134 713 2205 46).
744 2134 859 2201 Quo
878 2134 1124 2203 exemplo
1147 2132 1499 2198 advertimus,
1528 2143 1724 2187 montes
1746 2133 1865 2188 illos

276 2232 360 2301 pio
384 2227 673 2284 cacumine
697 2226 1096 2295 praeminentes,
1128 2234 1182 2278 et
1208 2221 1333 2279 ﬁdei
1373 2222 1644 2278 soliditate
1673 2222 1865 2281 ﬁrmis-

274 2334 479 2384 szmos,
512 2319 566 2370 in
593 2334 681 2371 cor
705 2320 859 2370 maris
882 2358 897 2382 ,
931 2315 984 2369 id
1025 2323 1111 2370 est
1140 2314 1205 2368 ad
1236 2314 1392 2368 ﬁdem
1426 2313 1666 2368 omnium
1694 2315 1867 2369 natio-

274 2427 402 2465 num
439 2408 610 2463 fuisse
649 2407 960 2461 translatos.
999 2406 1063 2460 Et
1092 2405 1484 2475 inspiciendum
1516 2407 1658 2475 quod
1703 2406 1867 2461 arida:

275 2513 437 2557 terra:
472 2500 748 2570 perfidiam
774 2498 1110 2567 Judaeorum,
1144 2498 1297 2568 aquis
1326 2512 1456 2554 vero
1492 2498 1648 2553 salsis
1676 2499 1868 2555 credu-

274 2594 486 2648 litatem
515 2593 753 2663 gentium
785 2590 1149 2659 comparavit,
1185 2598 1243 2643 ut
1273 2589 1360 2643 illa
1394 2588 1555 2644 corda
1585 2589 1638 2643 in
1670 2590 1865 2644 malum

273 2686 473 2739 durata
492 2696 848 2753 cognosceres
873 2695 889 2747 ;
920 2679 1033 2735 haec
1060 2689 1233 2734 autem
1257 2679 1567 2749 evangelico
1596 2679 1707 2734 sale
1737 2694 1867 2735 con-

272 2779 386 2831 d;ta
417 2775 689 2829 veraciter
710 2774 1031 2828 aestimares.
1061 2770 1161 2826 Cor
1184 2772 1327 2826 enim
1358 2784 1462 2825 non
1491 2769 1652 2826 habet
1684 2785 1831 2825 mare
1850 2811 1866 2837 ,

272 2870 371 2925 sed
408 2868 679 2922 homines.

348 2960 510 3015 Vers.
541 2961 597 3014 '5.
646 2959 970 3015 Sonaverunt
1012 2957 1149 3033 [ed.,
1177 2959 1513 3029 sonuerunt],
1564 2969 1611 3013 et
1655 2962 1873 3015 turbate

274 3064 399 3108 sunt
428 3068 581 3123 aqua
608 3068 784 3106 eorum
813 3067 833 3106 :
862 3052 1151 3106 eonturbati
1193 3061 1314 3106 sunt
1360 3062 1549 3107 montes
1577 3053 1632 3108 in
1663 3054 1872 3124 fortitu-

1966 1852 2017 1905 in
2046 1854 2186 1907 nobis
2217 1850 2392 1921 (Joan.
2425 1866 2474 1918 ι,
2506 1850 2619 1920 id).

2040 1964 2191 2019 Vers.
2226 1963 2277 2019 5.
2312 1961 2451 2018 Deus
2485 1964 2539 2017 in
2580 1962 2747 2017 medio
2787 1964 3049 2033 ejus,non
3096 1960 3493 2013 commovebitur
3524 1977 3542 2012 :

1968 2057 2232 2128 odjuvabit
2261 2071 2377 2111 eam
2418 2054 2559 2111 Deus
2598 2055 2743 2109 vultu
2768 2071 2882 2108 suo.
2915 2053 3029 2109 Non
3053 2054 3131 2108 sic
3155 2053 3207 2105 in
3236 2053 3401 2106 medio
3427 2067 3552 2107 esse

1971 2147 2167 2202 dicitur
2196 2145 2353 2215 Deus,
2382 2149 2533 2217 quasi
2562 2146 2665 2201 loci
2694 2144 2921 2215 alicujus
2960 2144 3305 2213 amplitudine
3331 2142 3552 2197 conclu-

1967 2238 2156 2305 datur;
2182 2238 2274 2293 ille
2305 2240 2448 2293 enim
2478 2238 2655 2306 spatio
2683 2237 2793 2293 ullo
2830 2252 2935 2291 non
2973 2236 3260 2301 clauditur,
3293 2235 3547 2305 quoniam

1971 2346 2075 2386 non
2104 2330 2407 2401 intequabili
2444 2329 2793 2402 benignitate,
2822 2329 2917 2384 sed
2948 2328 3223 2399 aequaliter
3244 2328 3439 2397 ubique
3468 2336 3550 2381 to-

1969 2430 2054 2478 tus
2075 2431 2177 2478 est.
2204 2423 2327 2479 Ideo
2348 2432 2525 2478 autem
2548 2423 2600 2477 in
2628 2422 2795 2477 medio
2820 2422 3038 2487 dicitur,
3066 2422 3189 2491 quia
3214 2421 3398 2476 ﬁdeles
3418 2436 3554 2476 sem-

1974 2524 2071 2579 per
2098 2511 2346 2566 intendit.
2392 2511 2727 2581 Quapropter
2758 2513 2947 2565 mcrito
2972 2509 3264 2564 secundum
3289 2508 3549 2579 justitiam

1970 2615 2122 2655 suam
2168 2601 2223 2655 in
2261 2601 2429 2655 medio
2481 2600 2738 2657 Ecclesiae
2786 2608 3032 2655 narratur
3059 2614 3180 2655 esse
3224 2600 3396 2665 Deus;
3424 2602 3551 2671 quia

1974 2694 2250 2747 universos
2278 2694 2555 2747 voluntate
2584 2691 2830 2762 aequabili
2860 2700 3175 2757 contuetur;
3207 2706 3305 2745 nec
3333 2702 3551 2760 aspectu

1971 2781 2091 2853 quis
2112 2781 2229 2852 ejus
2256 2781 2609 2849 fraudabitur,
2635 2781 2737 2835 nisi
2761 2781 2848 2849 qui
2866 2782 2931 2834 ab
2950 2796 3015 2835 eo
3030 2795 3086 2834 se
3107 2780 3400 2835 reddiderit
3422 2780 3552 2835 alic-

1975 2887 2122 2926 num.
2146 2872 2266 2926 Non
2296 2871 2710 2938 commovebitur,
2734 2870 2801 2923 de
2825 2870 3064 2925 Ecclesia
3091 2870 3305 2934 dieitur,
3331 2871 3415 2924 cui
3442 2871 3551 2924 sin-

1972 2966 2174 3037 gularis
2202 2964 2324 3018 data
2356 2970 2439 3018 cst
2466 2963 2551 3017 illa
2584 2962 2870 3031 promissio
2906 2978 2918 3013 :
2948 2959 3028 3014 Tu
3058 2978 3110 3017 es
3146 2960 3353 3027 Petrus,
3385 2970 3430 3015 et
3458 2977 3551 3014 su-

1976 3075 2066 3128 per
2090 3054 2220 3111 hanc
2243 3063 2437 3125 petram
2466 3053 2731 3122 wdiﬁeabo
2761 3050 3045 3108 Ecclesium
3088 3068 3249 3106 meam
3271 3094 3285 3115 ,
3318 3061 3363 3106 et
3394 3061 3553 3120 poi-tce

274 3148 401 3199 dine
422 3148 560 3216 ejus.
589 3144 644 3199 ln
675 3144 940 3215 superiori
972 3159 1130 3200 sensu
1161 3146 1489 3216 permansit;
1521 3146 1695 3203 adhuc
1725 3149 1868 3203 enim
1897 3143 1949 3207 Ο
1978 3150 2131 3221 inferi
2158 3165 2258 3202 non
2292 3146 2633 3217 prtet'alebttttt
2659 3146 2897 3200 adversus
2917 3162 3028 3201 eam
3055 3144 3267 3219 (Matth.
3299 3160 3407 3212 xvi,
3439 3144 3551 3215 {8).

274 3237 365 3291 illa
401 3234 737 3303 perturbatio
762 3235 1067 3303 exponitur,
1101 3250 1221 3305 qua:
1256 3237 1390 3291 facta
1422 3246 1507 3292 est
1541 3237 1611 3294 de
1641 3239 1872 3294 adventu

276 3325 500 3380 Domini
522 3324 745 3380 Christi.
772 3325 997 3381 Sonasse
1016 3326 1144 3381 dicit
1167 3329 1440 3396 apostolos
1468 3328 1875 3398 praedicationes

274 3433 433 3482 suas,
468 3416 622 3487 quasi
649 3415 878 3487 alicujus
920 3410 1149 3487 fragoris
1190 3418 1616 3474 robustissimum
1647 3434 1831 3476 vocem
1854 3463 1869 3487 ,

274 3524 402 3578 qua:
432 3524 538 3562 non
571 3516 776 3563 tantum
805 3509 1045 3575 auribus,
1078 3524 1333 3580 quantum
1364 3513 1633 3569 mentibus
1664 3515 1873 3570 insona-

278 3612 381 3654 rct.
412 3599 535 3666 Quo
566 3607 810 3666 tempore
848 3600 1073 3655 turbatas
1112 3601 1305 3658 asserit
1347 3620 1509 3673 aquas
1531 3645 1547 3669 ,
1578 3604 1629 3659 id
1658 3614 1742 3660 est
1768 3620 1875 3660 sa:-

277 3693 389 3747 culi
414 3691 581 3761 hujus
612 3692 923 3747 innumeras
956 3705 1165 3762 gentes,
1189 3708 1307 3765 quas
1332 3695 1399 3750 de
1430 3696 1523 3751 tali
1549 3698 1755 3753 fuerant
1782 3699 1875 3753 ad-

280 3784 577 3839 miratione
600 3785 920 3852 perterrita.
954 3785 1079 3840 Ha-c
1104 3786 1264 3856 ﬁgura
1293 3786 1489 3842 dicitur
1519 3791 1792 3858 parabole,
1823 3791 1875 3845 id

279 3884 365 3931 est
386 3876 750 3945 comparatio,
780 3890 903 3930 cum
932 3890 1016 3930 res
1039 3892 1236 3945 genere
1256 3877 1544 3934 dissimiles
1566 3879 1874 3950 qualitativa

278 3967 698 4037 comparatione
749 3967 1039 4022 sociemus.
1078 3970 1183 4024 Sed
1230 3969 1541 4025 intuendum
1567 4013 1583 4038 ,
1622 3975 1874 4043 quoniam

281 4060 391 4114 hoc
420 4074 517 4128 per
545 4059 799 4114 decorem
830 4060 1209 4129 pulcherrime
1231 4064 1652 4131 comparationis
1678 4066 1877 4122 dictum

276 4160 392 4205 est.
422 4148 577 4205 Tunc
604 4151 748 4205 enim
778 4166 923 4220 aqua:
949 4150 1176 4221 plurima
1222 4152 1537 4208 confusione
1562 4155 1839 4209 turbantur
1860 4197 1875 4223 ,

275 4242 510 4311 quando
538 4241 593 4296 in
616 4243 839 4298 marinis
854 4244 1150 4300 visceribus
1175 4253 1606 4302 constructorum
1629 4248 1881 4319 dejicitur

277 4335 644 4407 magnitudo;
677 4345 733 4391 et
758 4337 1015 4407 grandem
1038 4339 1274 4394 sonitum
1306 4340 1567 4407 reddunt,
1607 4356 1728 4397 cum
1760 4358 1876 4398 ma-

279 4441 398 4495 gno
428 4425 673 4497 pondere
702 4426 897 4482 ﬂuenta
943 4432 1328 4497 percusserint.
1359 4430 1472 4486 lloc
1497 4432 1678 4503 utique
1706 4435 1880 4489 conti-

1979 3241 2294 3297 Commoveri
2324 3239 2467 3295 enim
2505 3252 2609 3295 non
2644 3247 2817 3307 potest
2847 3237 3081 3293 Ecclesia
3111 3252 3228 3308 quae
3258 3238 3309 3292 in
3338 3237 3553 3292 solidis-

1976 3335 2110 3389 sima
2160 3340 2349 3403 pctra,
2392 3330 2494 3386 hoc
2539 3339 2623 3386 est
2670 3329 2896 3384 Domino
2925 3329 3138 3384 Christo
3168 3329 3403 3383 noscitur
3437 3342 3558 3385 esse

1980 3422 2219 3478 fundata.
2251 3423 2524 3490 Sequitur,
2551 3420 2812 3492 adjuvabit
2842 3436 2953 3474 eam
3001 3419 3139 3473 Deus
3178 3422 3320 3473 uultu
3351 3435 3472 3482 suo,
3506 3420 3557 3473 id

1984 3521 2068 3567 est
2096 3512 2382 3581 praesentia
2412 3509 2797 3564 incarnationis
2841 3523 2973 3572 suae,
3005 3508 3216 3578 quando
3244 3508 3417 3563 vultus
3442 3507 3560 3578 ejus

1980 3604 2229 3659 salutaris
2254 3602 2448 3657 illuxit.
2480 3601 2755 3674 Adjuvabit
2780 3600 2923 3655 enim
2953 3600 3107 3668 dixit,
3137 3599 3187 3655 id
3212 3608 3294 3656 est
3315 3600 3560 3657 saeculari

1979 3694 2298 3751 adversitate
2323 3692 2676 3747 laborantem.

2050 3806 2204 3861 Vere.
2234 3806 2287 3860 6.
2311 3805 2642 3861 Conturbatc
2676 3814 2795 3860 sunt
2836 3815 3008 3877 gentes
3033 3847 3050 3872 ,
3081 3818 3128 3862 et
3159 3794 3407 3861 inclinata
3437 3815 3559 3861 sunt

1977 3915 2173 3971 regna:
2204 3899 2341 3952 dedit
2363 3914 2533 3953 vocem
2552 3915 2698 3953 suam
2721 3899 3037 3965 Altissimus,
3071 3910 3118 3953 et
3155 3909 3291 3953 muta
3312 3910 3383 3953 est
3405 3908 3560 3954 terra.

1982 3990 2308 4047 Conturbator
2349 3999 2469 4045 sunt
2519 3991 2703 4060 utique
2746 3999 2916 4060 gentes
2943 4032 2958 4054 ,
2987 3992 3202 4059 quando
3229 4007 3350 4047 cum
3380 4000 3565 4048 essent

1980 4083 2141 4141 idolis
2185 4081 2546 4138 devotissime
2570 4123 2585 4145 ,
2616 4081 2794 4136 subito
2823 4081 3109 4149 incognitae
3156 4080 3259 4134 sibi
3291 4082 3563 4150 religionis

1982 4172 2195 4244 regulas
2223 4170 2526 4226 audierunt.
2557 4169 2752 4225 Multos
2774 4169 2919 4224 enim
2948 4169 3328 4225 miraculorum
3361 4184 3555 4238 opera-

1985 4266 2059 4322 tio
2086 4263 2376 4330 convertit,
2405 4261 2599 4317 multos
2622 4261 2895 4332 prtedicati
2922 4261 3108 4330 judicii
3138 4271 3312 4317 terror
3336 4262 3561 4327 alﬁixit;

1983 4368 2038 4415 et
2063 4357 2313 4429 quamvis
2343 4354 2766 4427 perducerentur
2807 4356 2871 4409 ad
2904 4355 3101 4411 bonum
3127 4395 3141 4418 ,
3172 4369 3276 4409 non
3319 4364 3566 4425 poterant

1985 4449 2221 4504 animum
2252 4463 2359 4502 non
2389 4446 2590 4503 habere
2621 4446 2912 4501 turbatum.
2944 4444 3219 4516 Sequitur,
3250 4455 3298 4501 et
3320 4446 3566 4501 incL'na-‘a

276 4518 405 4585 git,
452 4515 674 4585 quando
720 4518 1085 4587 apostolorum
1133 4519 1455 4590 grandisona
1500 4521 1870 4591 praedicatione

1983 4547 2099 4593 sunt
2125 4554 2302 4611 regna,
2331 4537 2381 4592 id
2410 4547 2493 4593 est
2521 4536 2799 4592 humiliata
2825 4545 2951 4591 sunt
2975 4515 3049 4591 ad
3072 4536 3429 4604 adorandum,
3456 4554 3563 4594 non

278 4619 441 4663 totus
469 4608 705 4663 mundus
732 4609 1039 4675 intremuit,
1083 4620 1139 4666 et
1175 4612 1241 4667 ad
1272 4612 1481 4668 Domini
1509 4629 1569 4670 se
1593 4614 1880 4670 credulita-

282 4712 406 4754 tem
459 4699 745 4768 limpidato
794 4712 976 4771 postea
1018 4702 1184 4759 corde
1233 4705 1524 4760 revocavit.
1582 4705 1877 4776 Sequitur:

279 4789 603 4843 Conturbati
644 4801 764 4844 sunt
793 4802 986 4847 montes
1026 4794 1078 4847 in
1108 4794 1411 4865 fortitudine
1448 4800 1579 4866 ejus.
1613 4797 1712 4852 llic
1747 4797 1883 4853 alios

279 4889 496 4933 montes
524 4880 685 4945 dicit,
720 4878 821 4936 hoc
865 4891 947 4936 est
991 4884 1173 4937 saeculi
1205 4892 1517 4952 potestates.
1568 4885 1702 4940 Nam
1732 4896 1787 4941 et
1824 4887 1877 4941 in

283 4974 445 5025 bono
474 4972 810 5041 accipiuntur
832 4983 886 5028 et
913 4974 966 5029 in
996 4974 1155 5028 malo.
1183 4975 1288 5030 Sed
1313 4985 1521 5031 montes
1548 4977 1637 5032 Dei
1661 4979 1881 5034 stabiles

281 5074 463 5132 atque
506 5062 685 5118 decori
736 5074 894 5130 sunt;
952 5076 1160 5122 montes
1203 5082 1329 5123 vero
1356 5068 1551 5123 diaboli
1598 5072 1883 5127 mutabiles

282 5164 463 5223 atque
513 5155 760 5223 squalidi.
819 5156 1119 5213 Potestates
1161 5158 1303 5213 enim
1330 5160 1612 5215 mundanae
1659 5162 1884 5217 turbata:

281 5257 457 5310 sunt.
513 5250 727 5319 quando
774 5260 956 5307 contra
1002 5253 1314 5323 religionem
1362 5254 1456 5310 Dei
1506 5256 1647 5326 leges
1694 5262 1880 5329 pagani

286 5337 575 5408 principes
602 5341 890 5412 sacrilegas
916 5341 1238 5400 inferebant.

370 5426 538 5484 Vere.
568 5430 623 5486 4.
660 5428 913 5486 Fluminis
945 5433 1162 5503 impetus
1192 5434 1417 5505 laetificat
1463 5437 1717 5493 civitatem
1748 5437 1842 5493 Dei
1869 5456 1887 5494 :

284 5523 644 5591 sanctiﬁcat)"
670 5525 1053 5582 tabernaculum
1079 5545 1231 5583 suum
1274 5531 1584 5587 Altissimus.
1626 5534 1887 5603 Superius

286 5627 542 5669 terrores
590 5615 802 5673 habitos
841 5617 1016 5687 dixit,
1064 5636 1197 5691 quos
1233 5622 1300 5679 de
1338 5625 1714 5695 pradicatione
1755 5643 1889 5683 nova

288 5706 541 5762 mundus
582 5709 787 5777 accepit
824 5728 839 5764 :
882 5728 1024 5767 nunc
1066 5714 1319 5774 beneﬁcia
1366 5734 1487 5789 qurc
1533 5718 1722 5774 collata
1765 5731 1893 5777 sunt

552 5801 823 5863 Ριτιιοι..
870 5802 1071 5865 LXX.

1984 4629 2051 4685 ad
2094 4628 2435 4694 cadendum;
2491 4628 2612 4699 quia
2661 4636 2862 4682 tantum
2910 4626 3273 4696 unusquisque
3318 4629 3563 4698 erigitur,

1986 4729 2242 4790 quantum
2273 4719 2324 4772 in
2355 4718 2444 4773 illa
2473 4716 2837 4772 satisfactione
2865 4724 3138 4772 curvatur.
3170 4716 3402 4786 Adjecit,
3424 4719 3566 4772 dedit

1986 4826 2155 4866 vocem
2194 4826 2339 4864 suam
2368 4808 2687 4875 Altissimus,
2718 4818 2767 4863 et
2796 4818 2934 4862 mota
2962 4817 3036 4865 est
3067 4820 3218 4864 terra.
3275 4809 3391 4864 Non
3433 4812 3569 4867 dixit

1986 4885 2157 4959 vocem
2182 4918 2331 4958 suam
2372 4901 2625 4972 protulit,
2655 4901 2750 4956 sed
2781 4902 2958 4966 dedit,
2990 4902 3141 4971 quasi
3188 4902 3429 4957 mirabile
3469 4903 3569 4956 do-

1992 5008 2142 5060 num,
2173 4992 2323 5061 qnasi
2358 4992 2629 5062 prazmiale
2678 4992 3017 5047 beneﬁcium.
3066 4991 3243 5045 Vocem
3272 5008 3399 5048 vero
3439 5009 3565 5048 san-

1990 5094 2130 5140 ctam
2160 5082 2593 5153 praedicationem
2621 5081 2949 5153 dicit,quam
2977 5094 3030 5138 et
3059 5097 3153 5151 per
3171 5098 3230 5137 se
3255 5095 3307 5137 et
3329 5098 3423 5151 per
3446 5098 3571 5153 apo~

1992 5176 2159 5230 stolos
2186 5173 2456 5229 tonitruali
2480 5174 2673 5228 virtute
2704 5188 2800 5242 per
2829 5173 3138 5227 universum
3172 5174 3426 5227 mundum
3450 5189 3569 5229 om-

1990 5262 2239 5333 nipotens
2279 5263 2478 5319 Doctor
2519 5262 2773 5317 insonuit.
2827 5261 2905 5316 Ad
2967 5277 3127 5331 quam
3196 5278 3417 5319 necesse
3472 5264 3573 5318 fuit

1992 5356 2279 5412 tremeﬁeri
2325 5364 2682 5427 peccatores,
2732 5356 2824 5427 qui
2875 5356 3131 5412 terribilia
3176 5353 3329 5426 jussa
3380 5357 3571 5414 aeterni

1991 5446 2191 5502 iudicis
2221 5446 2525 5502 audiebant.

2065 5535 2219 5592 Vers.
2270 5538 2325 5591 7.
2380 5535 2632 5590 Dominus
2676 5535 2915 5591 virtutum
2965 5535 3229 5590 nobiscum
3269 5544 3578 5607 :susceptor

1995 5638 2166 5682 noster
2190 5626 2324 5681 Deus
2344 5626 2529 5683 Iacob.
2561 5627 2806 5683 Breviter
2830 5627 3149 5695 explanatur
3173 5627 3297 5697 quid
3322 5628 3389 5682 sit
3421 5629 3578 5699 156

1997 5723 2334 5792 omnipotens
2394 5720 2670 5784 Christus,
2732 5720 2784 5775 id
2840 5730 2923 5776 est
2983 5718 3233 5775 Dominus
3294 5721 3571 5787 uirtutum;

3064 5811 3133 5872 ll
