4030 6172
317 274 432 328 353

1251 265 1613 322 EXPOSITIO
1651 264 1716 320 IN
1758 260 2214 320 PSALTERIUM.
2258 260 2452 317 PSAL.
2498 259 2674 314 XLVI.

3491 267 3597 323 5'54

315 390 508 446 stabili
550 387 800 444 ﬁrmitate
843 384 1172 450 consolidat;
1215 384 1293 441 sic
1336 393 1621 451 utrumque
1669 379 1909 434 noscitur

2027 391 2117 445 qua
2159 376 2342 436 elatio,
2381 375 2519 444 quod
2545 375 2703 442 absit,
2746 384 2960 431 sanctos
3000 377 3144 435 viros
3173 379 3486 452 contingere
3512 385 3596 440 vi-

315 498 452 539 cese
498 481 832 551 proﬁcuum,
866 480 1005 547 quod
1051 479 1283 533 edictum
1334 483 1550 530 constat
1593 488 1690 543 pro
1740 471 1912 526 salute

314 590 667 632 cunctorum.
711 575 1025 644 Loquuntur
1050 582 1227 627 autem
1257 581 1313 627 et
1343 575 1394 625 In
1425 570 1528 625 hoc
1575 569 1785 639 psalmo
1810 567 1904 622 ﬁlii

316 669 493 740 Core,
521 683 656 739 quos
685 666 881 722 vexillo
911 665 1085 720 crucis
1107 673 1281 719 mater
1311 662 1487 733 signat
1518 661 1782 717 Ecclesia.

905 774 1097 829 Divisio
1132 774 1337 845 psalmi.

389 889 654 960 Quamvis
685 905 749 943 ex
784 902 1014 958 persona
1060 888 1291 942 ﬁliorum
1343 886 1478 942 Core
1510 895 1650 940 totus
1684 885 1914 956 hymnus

317 982 426 1038 iste
457 989 727 1042 cantetur.
759 981 936 1047 sitque
964 978 1266 1050 gratissima
1294 979 1558 1034 brevitate
1580 977 1912 1041 succinctus;

318 1073 699 1140 diapsalmatis
725 1083 900 1125 tamen
928 1071 1338 1138 interpositione
1363 1070 1568 1125 divisus
1597 1080 1702 1125 est.
1735 1069 1915 1124 Primo

321 1165 500 1218 modo
540 1171 949 1216 commonentur
974 1169 1183 1228 gentes,
1220 1171 1276 1214 ut
1324 1161 1551 1216 Domino
1603 1160 1788 1215 laudes
1825 1160 1916 1215 dc-

321 1256 498 1308 beant
529 1265 848 1321 personare;
897 1251 1022 1320 quia
1058 1250 1253 1320 populo
1299 1249 1671 1320 acquisitionis
1721 1260 1915 1305 cuncta

319 1345 594 1413 subjecit,
623 1353 679 1396 et
706 1343 756 1396 in
793 1342 1107 1397 hereditate
1137 1357 1232 1396 sua
1277 1343 1394 1411 pius
1438 1343 1660 1397 Arbiter
1689 1343 1918 1397 colloca-

318 1439 427 1495 vit.
461 1436 714 1492 Secundo
759 1436 1006 1491 ascensio
1049 1436 1260 1491 Domini
1291 1444 1348 1492 et
1391 1451 1615 1505 regnum
1655 1435 1774 1505 ejus
1819 1437 1918 1490 sub

326 1530 607 1588 brevitate
646 1527 994 1596 describitur,
1029 1543 1136 1598 quo
1159 1529 1332 1584 sancti
1359 1528 1527 1599 ipsius
1569 1537 1696 1584 sunt
1725 1528 1921 1584 nihilo-

322 1620 514 1675 minus
539 1619 654 1678 sine
680 1618 783 1673 ﬁne
805 1619 1042 1689 petituri.

877 1732 1145 1802 Expositio
1177 1733 1386 1802 psalmi.

402 1827 565 1883 Vers.
589 1829 639 1883 Ι.
658 1826 846 1881 Omnes
860 1837 1029 1896 gentes
1047 1827 1274 1896 plaudite
1286 1825 1522 1880 manibus
1539 1845 1555 1880 :
1565 1827 1793 1896 jubilate.
1809 1824 1920 1879 Deo

323 1923 520 1974 inme
545 1920 919 1974 exsultationis.
935 1918 1068 1973 Cum
1093 1918 1512 1974 sitconsuetudo
1538 1919 1918 1974 luxuriantium

326 2013 488 2068 elisis
515 2012 762 2066 manibus
791 2025 1105 2080 personare,
1139 2020 1193 2068 et
1215 2011 1266 2065 in
1293 2012 1503 2066 aurium
1530 2012 1920 2081 jucunditatem

329 2119 430 2174 per
463 2120 556 2160 eas
598 2104 768 2159 melos
790 2104 1058 2175 quoddam
1089 2102 1209 2160 sine
1236 2103 1416 2160 ofﬁcio
1447 2106 1711 2160 sermonis
1737 2106 1922 2175 expri-

328 2209 508 2260 mere,
563 2195 803 2263 plausum
855 2195 1013 2249 istum
1067 2195 1418 2263 spiritualiter
1464 2195 1725 2252 debemus
1779 2198 1923 2253 acci-

328 2301 484 2356 pere.
514 2286 727 2356 qualem
757 2294 810 2341 et
837 2285 927 2340 ﬁlii
969 2287 1143 2342 crucis
1201 2295 1488 2356 potuerunt
1512 2287 1713 2353 dicere,
1743 2297 1798 2345 et
1827 2303 1924 2344 nos

327 2387 548 2448 oportet
573 2378 783 2433 audire.
816 2376 1084 2432 Plauduut
1125 2393 1257 2450 ergo
1298 2379 1531 2434 manibus
1554 2380 1642 2450 qui
1691 2381 1924 2437 eleemo—

325 2486 496 2543 synas
527 2470 752 2536 iaciunt,
784 2471 874 2542 qui
905 2470 1124 2543 aegrotis
1155 2485 1251 2540 pro
1281 2471 1627 2527 miseratione
1657 2472 1921 2537 serviunt,

328 2563 423 2632 qui
451 2563 671 2634 aliquod
700 2562 1006 2618 mandatum
1056 2565 1238 2635 probis
1283 2564 1582 2620 actionibus
1610 2575 1922 2632 operantur,

327 2655 547 2709 aliudve
571 2655 678 2709 tale
698 2655 838 2724 quod
865 2654 932 2709 ad
954 2655 1163 2710 Domini
1191 2656 1412 2728 gratiam
1438 2657 1609 2726 possit
1629 2658 1921 2726 pertinere.

327 2746 573 2800 Jubilare
615 2762 742 2801 vero
770 2746 1004 2816 gaudere
1052 2757 1155 2802 est.
1188 2749 1291 2817 Qui
1345 2764 1527 2804 sermo
1555 2750 1733 2806 dictus
1763 2759 1846 2807 est
1893 2768 1922 2808 a

321 2838 584 2910 jucunda,
613 2837 662 2892 id
689 2848 773 2893 est
799 2838 1113 2894 delectando
1139 2858 1151 2893 :
1176 2839 1388 2909 quando
1408 2840 1659 2911 gaudium
1682 2851 1922 2899 nostrum

328 2945 443 2984 non
467 2930 770 2985 articulatis
795 2931 1158 2996 sermonibus,
1203 2932 1296 2988 sed
1327 2931 1553 2988 confusa
1584 2948 1714 2990 voce
1746 2933 1924 3005 prole—

329 3027 529 3080 rimus.
565 3023 632 3079 Et
662 3041 727 3079 ne
749 3025 802 3080 in
835 3025 966 3078 solis
990 3026 1186 3082 talibus
1217 3026 1428 3096 gaudiis
1455 3029 1802 3090 luereremus.
1830 3029 1924 3082 ad-

2015 467 2222 522 deatur.
2257 465 2422 521 Pedes
2446 466 2750 536 signiﬁcant
2770 467 3135 524 sanctissimas
3159 473 3616 546 prtedicationes,

2016 559 2209 628 quibus
2235 559 2418 627 populi
2449 559 2639 613 merito
2669 558 2988 614 dicebantur
3015 575 3136 615 esse
3176 562 3422 634 subjecti,
3457 583 3597 634 quo-

2016 663 2135 702 rum
2179 649 2380 718 regulis
2427 651 2746 704 tenebantur
2791 652 3027 716 astricti,
3079 653 3217 708 sicut
3264 655 3427 711 Isaias
3473 675 3604 728 pre-

2017 740 2173 809 pltt-ta
2203 739 2332 794 dicit
2362 757 2374 792 :
2409 739 2576 805 Quam
2605 742 2819 811 speciosi
2844 743 2996 811 pedes
3025 746 3479 816 evangelisantium
3505 767 3603 819 pa-

2015 848 2122 886 cem
2152 831 2300 902 (Isai.
2334 848 2424 895 Lll,
2459 833 2537 902 7).

2092 923 2242 978 Vera.
2271 923 2325 977 4.
2361 924 2529 993 Elegit
2561 925 2705 979 nobis
2725 925 3066 981 hwreditatern
3088 945 3233 984 suam
3255 933 3474 1000 speciem
3493 934 3595 988 Ja-

2017 1015 2106 1066 cob
2147 1031 2303 1085 quam
2347 1014 2547 1068 dilexit.
2599 1014 2766 1086 Elegit
2822 1018 2999 1084 nobis,
3052 1019 3475 1078 subaudiendum
3519 1034 3604 1081 est

2017 1104 2188 1171 dare;
2219 1111 2275 1158 ut
2303 1104 2395 1174 qui
2438 1114 2660 1160 venerat
2707 1107 2773 1160 ad
2820 1107 3168 1164 lsraeliticum
3220 1114 3468 1181 populum
3500 1117 3607 1170 sal-

2017 1194 2274 1260 vandum,
2309 1195 2409 1249 hoc
2439 1196 2607 1265 magis
2637 1198 2884 1265 gentibus
2925 1200 3004 1268 pia
3053 1201 3300 1270 largitate
3331 1207 3603 1262 concede-

2020 1293 2123 1339 ret.
2155 1285 2324 1351 Quam
2353 1285 2756 1343 similitudinem
2792 1305 3013 1346 necesse
3043 1301 3127 1347 est
3159 1295 3211 1347 in
3243 1295 3476 1350 medium
3520 1315 3605 1354 re-

2020 1388 2234 1442 vocare,
2265 1385 2319 1429 ut
2342 1377 2417 1430 rei
2449 1378 2647 1432 veritas
2673 1378 2974 1435 evidentius
2999 1384 3169 1450 possit
3194 1387 3436 1454 agnosci.
3467 1388 3605 1443 Esau

2019 1465 2246 1520 carnalis
2264 1466 2366 1521 cibi
2395 1468 2659 1524 suavitate
2687 1471 2816 1541 [ed.,
2847 1471 3104 1544 vanitate]
3134 1477 3413 1546 pellectus,
3443 1495 3472 1532 a
3497 1480 3607 1535 fra-

2022 1566 2102 1611 tre
2132 1572 2229 1612 suo
2256 1557 2426 1612 Jacob
2460 1559 2767 1615 lenticulam
2817 1565 3105 1631 postulavit
3133 1565 3286 1636 (Gen.
3315 1585 3441 1636 xxv,
3463 1572 3557 1642 50)
3585 1591 3603 1626 :

2020 1647 2106 1701 cui
2137 1646 2225 1701 ille
2249 1648 2524 1716 respondit
2551 1649 2630 1703 sic
2653 1664 2774 1705 esse
2796 1649 3117 1721 iaciendum,
3147 1657 3191 1711 si
3219 1658 3320 1712 eia
3347 1675 3603 1728 germano

1951 1755 1999 1814 Β
2025 1752 2121 1792 suo
2148 1739 2628 1808 primogenitorum
2671 1743 2836 1812 gloria
2877 1745 3179 1803 cederetur.
3215 1749 3309 1806 Ille
3357 1762 3597 1808 terrena-

2027 1847 2142 1886 rum
2176 1848 2356 1887 rerum
2387 1834 2576 1888 avidus
2604 1835 2885 1905 inquisitor
2929 1841 3092 1895 cessit
3126 1841 3382 1899 honorem
3413 1860 3606 1911 suum;

2024 1937 2197 1993 eoque
2225 1923 2363 1978 iacto
2391 1926 2613 1997 contigit
2668 1934 2725 1980 ut
2750 1927 2915 1982 Jacob
2957 1930 3094 1985 felici
3125 1935 3450 1990 commercio
3485 1951 3607 1993 car-

2026 2014 2167 2067 nalia
2196 2013 2432 2079 oll‘crret,
2480 2027 2743 2085 quatenus
2788 2019 3082 2088 spiritualia
3143 2027 3460 2095 conquirere
3511 2044 3607 2097 po-

2029 2105 2232 2160 tuisset.
2268 2106 2384 2175 Ipsa
2410 2115 2495 2162 est
2533 2108 2674 2164 enim
2703 2113 2894 2178 species
2918 2111 3101 2180 Jacob,
3149 2134 3307 2187 quam
3351 2120 3608 2177 Dominus

2027 2195 2189 2250 nimis
2217 2199 2431 2263 dilexit;
2465 2208 2520 2254 ut
2568 2210 2623 2255 et
2671 2203 2857 2258 lideles
2885 2206 3111 2261 famulos
3144 2223 3275 2264 suos
3305 2211 3494 2267 eadem
3526 2217 3605 2268 l'a-

2027 2302 2150 2344 cere
2173 2291 2355 2356 vellet,
2385 2307 2503 2362 qute
2534 2293 2625 2349 ille
2655 2297 2929 2365 sequenda
2961 2301 3183 2372 mystica
3216 2305 3609 2374 signiﬁcatione

2031 2395 2120 2448 pra
2142 2383 2367 2436 monuit.
2399 2383 2490 2439 Sic
2515 2385 2656 2439 enim
2686 2386 2976 2444 ChriStiani
3005 2405 3133 2446 vere
3158 2392 3406 2462 dicimur,
3430 2399 3473 2451 si
3503 2406 3611 2453 ter-

2029 2485 2158 2526 rena
2185 2473 2494 2539 oﬂ'erentes,
2523 2478 2661 2532 caele
2695 2481 2762 2531 tit
2787 2482 3193 2548 conquirantus.

2104 2563 2254 2618 Vers.
2284 2568 2338 2622 5.
2383 2567 2623 2622 Ascendit
2657 2569 2794 2625 Deus
2820 2573 2871 2626 in
2890 2576 3249 2647 jubilatioue:
3285 2579 3535 2638 Dominus
3556 2586 3611 2641 in

2028 2669 2150 2708 voce
2174 2655 2328 2710 tuba'.
2369 2657 2597 2714 Veniunt
2627 2660 2716 2715 ﬁlii
2749 2661 2887 2719 Core
2925 2666 2991 2720 ad
3042 2671 3339 2728 secundum
3370 2676 3609 2746 modum,

2029 2744 2116 2798 ubi
2157 2754 2370 2814 tempus
2417 2747 2548 2803 illud
2596 2753 2680 2821 pia
2732 2753 2890 2811 laude
2937 2761 3346 2830 concelebrant,
3396 2744 3612 2833 quando

2025 2838 2396 2904 corporalibus
2415 2841 2584 2896 oculis
2617 2845 2865 2899 ascensio
2894 2847 3103 2904 Domini
3127 2853 3354 2920 gloriosa
3385 2859 3612 2916 veritate

2027 2938 2318 2997 conspecta
2360 2939 2461 2985 est.
2490 2929 2556 2985 In
2575 2933 2890 3004 jubilatione
2920 2953 3047 2993 vero
3085 2953 3366 3013 propterea
3413 2948 3612 3005 dictum

2029 3028 2141 3086 est,
2196 3022 2446 3089 quoniam
2501 3033 2778 3092 stupentes
2835 3031 3067 3096 apostoli
3136 3035 3241 3089 tale
3294 3038 3609 3097 miraculum

329 3115 498 3180 didit,
544 3116 596 3169 ξη
643 3131 760 3169 νοτε
785 3117 1135 3170 “unauana,
1164 3132 1183 3169 ,ο
1211 3118 1515 3186 signiﬁcans
1547 3117 1921 3188 psalmodiam,
1953 3125 1998 3188 ρ
2035 3111 2288 3167 inen‘abili
2335 3115 2515 3170 cordis
2547 3117 2732 3172 la-titia
2775 3121 3158 3190 replebantur;
3190 3141 3412 3196 quorum
3447 3129 3609 3186 fclici-

328 3223 459 3279 quze
496 3207 602 3262 Deo
631 3223 727 3275 pro
756 3207 987 3262 nominis
1015 3207 1096 3260 sui
1117 3206 1395 3276 majestate
1425 3209 1776 3275 persolvitur;
1803 3223 1924 3279 per-

331 3301 636 3358 itu-tissime
659 3314 1026 3364 commoneas,
1053 3309 1110 3366 ut
1131 3299 1340 3354 laudem
1365 3300 1457 3356 Dei
1485 3301 1565 3359 sic
1585 3315 1774 3356 manus
1797 3317 1922 3370 per-

331 3405 478 3465 agat,
511 3402 779 3464 quatenus
809 3394 1034 3464 gloriam
1069 3391 1185 3463 ejus
1225 3395 1454 3448 humana
1500 3394 1678 3465 lingua
1713 3409 1818 3448 non
1848 3405 1924 3449 ta-

331 3497 476 3541 ceal.
511 3487 678 3539 Decet
711 3487 852 3540 enim
899 3493 957 3539 ut
983 3494 1255 3554 prtecepta
1291 3485 1500 3540 Domini
1551 3487 1632 3541 sui
1662 3495 1716 3542 et
1746 3487 1925 3557 lingua

331 3585 514 3639 canat,
540 3583 596 3630 et
631 3591 821 3629 manus
850 3583 1123 3642 operetur.

411 3667 570 3721 Vers.
604 3665 660 3719 2.
713 3663 966 3730 Quoniam
1001 3664 1138 3718 Deus
1182 3681 1430 3732 summus,
1483 3666 1774 3721 terribilis:
1816 3667 1928 3722 Rea:

331 3776 559 3830 magnus
588 3773 745 3826 super
787 3774 986 3811 omnem
1017 3766 1223 3810 teri-am.
1265 3757 1461 3812 Reddit
1510 3772 1720 3824 causas,
1761 3774 1928 3829 quare

337 3852 572 3905 Domino
602 3856 660 3903 et
683 3847 858 3917 plaudi
889 3848 1101 3914 debeat,
1128 3859 1180 3901 et
1205 3847 1441 3916 jubilari.
1476 3848 1606 3916 Quae
1648 3847 1815 3921 ﬁgura
1849 3849 1928 3902 di-

337 3942 474 3995 citur
500 3938 839 4011 epexegesis,
873 3938 927 3992 id
977 3947 1061 3992 est
1089 3938 1393 4006 explanatio
1433 3937 1558 3992 dicti
1608 3938 1926 4007 superioris.

339 4033 581 4087 Primum
611 4031 732 4100 quia
761 4045 992 4084 summus
1035 4038 1115 4084 est
1143 4029 1299 4084 Deus.
1330 4029 1620 4093 Terribilis,
1665 4031 1786 4099 quia
1817 4030 1929 4100 ipse

337 4125 679 4194 iudicaturus
709 4129 794 4176 est
823 4121 1100 4176 mundum.
1140 4123 1248 4176 Rea:
1280 4138 1512 4192 magnus,
1537 4122 1787 4192 quoniam
1821 4123 1931 4177 Rea:

338 4230 543 4286 regum,
573 4223 623 4267 et
653 4213 906 4268 Dominus
932 4213 1306 4290 dominantium
1334 4214 1517 4284 (Apoc.
1545 4228 1657 4280 six,
1705 4212 1795 4280 16)
1825 4225 1926 4268 e~t.

342 4308 460 4375 Ipse
503 4315 590 4361 est
617 4308 755 4360 enim
787 4306 854 4360 de
903 4320 1008 4374 quo
1055 4306 1312 4376 scriptum
1342 4314 1425 4360 est
1454 4306 1507 4359 in
1539 4306 1694 4360 titulo
1723 4306 1930 4377 passio-

343 4401 424 4455 nis
463 4421 476 4450 ;
517 4397 626 4452 Rex
653 4397 956 4452 Judworum
989 4397 1202 4467 (Matth.
1252 4413 1416 4464 xxvu,
1466 4398 1577 4470 57).
1619 4397 1814 4454 Verum
1848 4407 1931 4455 est

2032 3204 2129 3258 bus
2173 3203 2345 3260 oculis
2368 3205 2551 3261 datum
2579 3217 2659 3262 est
2687 3209 2752 3263 ad
2783 3214 2950 3267 caelos
2981 3223 3197 3270 euntem
3231 3218 3410 3274 videre
3434 3221 3614 3278 Domi-

2029 3309 2154 3347 num
2183 3295 2539 3351 Salvatorem.
2571 3297 2939 3357 Jubilationem
2966 3319 3097 3360 vero
3126 3306 3360 3364 diximus
3393 3311 3614 3370 nimiam

2031 3387 2244 3454 quidem
2275 3403 2395 3443 esse
2425 3390 2687 3459 lat-titiam,
2732 3395 2824 3450 sed
2855 3411 2958 3451 non
2989 3414 3107 3467 qttte
3156 3405 3492 3461 sermonibus
3519 3423 3615 3464 ex-

2031 3481 2280 3548 plicatur.
2323 3482 2507 3537 Vocem
2559 3501 2768 3557 quoque
2821 3489 2956 3544 tuba:
2983 3493 3143 3546 verba
3195 3495 3616 3565 signiticantan-

2031 3573 2290 3642 gelorum,
2315 3591 2433 3645 quae
2463 3593 2654 3646 magno
2683 3581 2906 3650 strepitu
2941 3587 3178 3652 percussi
3220 3590 3363 3644 aeris
3407 3591 3617 3663 fragore

2035 3673 2349 3720 tenuerunt.
2379 3667 2530 3722 Tunc
2574 3671 2714 3724 enim
2741 3672 2809 3727 de
2839 3673 2926 3727 tali
2969 3675 3173 3732 visione
3203 3681 3460 3751 apostolis
3505 3693 3618 3738 stu-

2033 3759 2281 3826 pentibus
2312 3760 2565 3817 dixerunt
2608 3765 2826 3835 angeli:
2867 3765 2980 3821 Viri
3020 3768 3245 3838 Galilei,
3285 3775 3412 3843 quid
3449 3777 3616 3831 admi-

2033 3851 2264 3904 rantini?
2294 3851 2392 3905 Hic
2416 3852 2568 3908 Iesus
2586 3858 2675 3922 qui
2705 3870 2996 3926 assumptus
3024 3870 3097 3916 est
3125 3878 3156 3916 a
3177 3864 3320 3918 vobis
3341 3867 3414 3919 sic
3436 3870 3619 3934 veniet,

2031 3941 2461 4007 quemadmodum
2490 3944 2688 3999 vidistis
2719 3963 2832 4000 eum
2861 3960 3061 4005 euntem
3109 3953 3162 4005 in
3195 3956 3376 4008 caelum
3409 3958 3542 4015 (Act.
3575 3973 3615 4027 ι,

2038 4031 2162 4098 ll);
2195 4040 2252 4086 ut
2277 4033 2508 4088 mundus
2540 4034 2746 4091 ﬁrmius
2772 4039 3017 4095 crederet
3056 4042 3196 4111 quod
3239 4046 3434 4102 talibus
3481 4063 3620 4118 pra:-

2035 4122 2257 4178 conibus
2295 4124 2587 4178 insonaret.

2109 4213 2260 4267 Vera
2285 4214 2338 4268 6.
2373 4213 2594 4270 Psallite
2617 4216 2727 4272 Deo
2758 4229 2951 4285 nostro,
2986 4221 3188 4292 psallite
3214 4240 3233 4279 :
3265 4227 3467 4295 psallite
3492 4229 3619 4302 Regi

2035 4313 2226 4368 nostra,
2261 4307 2484 4376 psallite.
2517 4308 2633 4364 Non
2687 4319 2838 4366 vacat
2883 4313 3027 4382 quod
3074 4317 3236 4371 toties
3287 4319 3388 4375 iste
3436 4336 3616 4378 sermo

2038 4396 2331 4463 repetitur;
2367 4401 2676 4468 agnoscitur
2717 4401 2861 4456 enim
2906 4419 3062 4472 quam
3097 4407 3246 4474 utile,
3278 4426 3437 4479 quam
3468 4415 3613 4470 salu-

340 4491 602 4561 quoniam
631 4490 865 4558 ipset-um
887 4489 997 4544 Rex
1027 4488 1148 4553 fuit,
1172 4489 1264 4543 sed
1293 4496 1377 4543 est
1401 4497 1452 4543 et
1474 4497 1786 4544 cunctarum
1806 4507 1923 4560 gen-

2045 4493 2156 4539 tare
2185 4487 2254 4541 sit
2277 4501 2410 4556 opus
2438 4489 2579 4558 quod
2609 4501 2716 4545 tam
2744 4493 2927 4547 crebra
2957 4495 3125 4549 voluit
3149 4499 3430 4556 iteratione
3456 4519 3618 4572 repe-

345 4596 476 4639 t;um
505 4627 520 4650 ,
553 4583 674 4653 quia
697 4591 750 4637 et
778 4581 998 4637 Creator
1027 4591 1084 4637 et
1105 4581 1521 4636 Administrator
1550 4591 1633 4636 est
1658 4584 1926 4649 omnium;

342 4688 396 4730 et
423 4677 546 4730 ideo
571 4691 638 4728 ne
666 4683 866 4727 tantum
899 4682 1179 4744 putaretur
1201 4673 1364 4728 luisse
1385 4672 1714 4738 Judmurum,
1743 4673 1931 4746 [legem

344 4769 474 4821 dicit
500 4768 727 4819 omnium
755 4780 876 4820 esse
913 4775 1187 4820 terrarum.
1216 4765 1512 4819 Adverlant
1540 4764 1709 4819 Judaei
1744 4777 1930 4835 poten-

347 4858 475 4911 tiam
519 4855 732 4910 Domini
763 4855 830 4908 ab
857 4854 1114 4926 angustiis
1142 4856 1252 4909 suis
1293 4855 1447 4924 longe
1478 4855 1742 4925 latiusque
1776 4857 1932 4911 ditiu-

345 4966 485 5020 sam,
525 4960 581 5005 et
607 4951 788 5004 colere
817 4966 922 5003 non
953 4950 1200 5004 desinant
1227 4965 1372 5016 eum,
1403 4949 1557 5021 cujus
1589 4950 1783 5020 ubique
1815 4968 1933 5008 esse

347 5043 567 5095 audiunt
598 5040 975 5110 principatum.

421 5137 575 5191 Vers.
607 5137 659 5190 3.
695 5137 931 5206 Subjecit
964 5133 1178 5205 populos
1210 5133 1371 5197 nobis,
1401 5141 1448 5186 et
1475 5142 1645 5204 gentes
1666 5136 1759 5188 sub
1788 5135 1935 5203 pedi-

350 5229 438 5281 bus
469 5231 679 5281 nostris.
717 5227 827 5282 Hoc
875 5226 942 5280 ad
985 5226 1262 5280 universos
1311 5226 1543 5292 pertinet
1571 5225 1930 5291 Christianus,

351 5337 435 5389 qm
463 5322 700 5374 divinam
742 5323 969 5390 gratiam
1015 5318 1213 5372 habere
1263 5327 1596 5373 meruerunt.
1628 5317 1854 5390 Papulas
1885 5332 1932 5374 et

349 5419 540 5480 gentes,
591 5409 854 5479 signiﬁcat
909 5423 1002 5464 eos
1052 5407 1140 5478 qui
1193 5417 1342 5461 extra
1379 5408 1674 5464 Ecclesiam
1724 5409 1934 5466 latitare

351 5513 663 5555 noscuntur.
707 5500 966 5554 Omnibus
996 5500 1137 5554 enim
1185 5497 1344 5568 justis
1373 5499 1724 5568 Spiritualitcr
1751 5500 1931 5572 subje-

349 5593 417 5644 αἱ
450 5602 590 5653 sunt,
613 5592 703 5660 qui
736 5606 920 5654 eorum
951 5590 1140 5646 merita
1182 5589 1513 5660 aequiparare
1543 5606 1649 5646 non
1681 5603 1925 5661 possunt.

349 5682 448 5737 Sed
482 5682 580 5736 hoc
610 5683 780 5753 magis
809 5681 1160 5752 spiritualiter
1205 5681 1466 5738 debemus
1514 5681 1818 5751 advertere,
1860 5700 1927 5740 ne

2041 4587 2175 4632 tere.
2198 4576 2327 4644 Qua:
2354 4578 2521 4648 ﬁgura
2553 4580 2748 4634 dicitur
2771 4583 3096 4650 epembasis,
3125 4591 3334 4655 quoties
3364 4591 3429 4645 ad
3454 4592 3616 4649 deco-

2041 4685 2150 4724 rem
2182 4671 2559 4738 geminandum
2615 4673 2772 4726 verba
2827 4683 3160 4742 repetuntur.
3197 4679 3429 4735 Psallere
3473 4689 3618 4741 enim

2039 4773 2121 4817 est
2169 4765 2320 4820 bonis
2374 4763 2674 4818 actionibus
2731 4764 2916 4820 laudes
2967 4766 3074 4821 Deo
3123 4783 3358 4836 canere;
3404 4776 3546 4843 quod
3577 4779 3622 4831 si

2043 4856 2178 4910 bene
2211 4856 2548 4924 exhibeatur,
2582 4858 2743 4911 etiam
2790 4873 2911 4912 cum
2944 4861 3146 4929 angelis
3174 4864 3328 4918 nobis
3367 4868 3623 4934 probatur

2041 4961 2160 5002 esse
2200 4962 2506 5014 commune,
2557 4949 2647 5018 qui
2681 4949 2775 5003 Dei
2827 4951 3094 5018 prmconia
3133 4953 3332 5024 jngiter
3359 4958 3620 5025 spirituali

2041 5042 2398 5098 exsultatione
2441 5041 2844 5098 concelebrant.
2891 5044 3185 5112 Sequitur:
3226 5046 3445 5103 Psallite
3493 5050 3623 5123 Regi

2044 5143 2244 5197 nastre,
2289 5133 2512 5200 psallite.
2547 5133 2673 5204 Regi
2721 5144 2922 5198 nostra,
2968 5136 3016 5190 id
3048 5151 3122 5192 est
3155 5136 3368 5193 Christo
3398 5141 3623 5197 Domino

2042 5223 2194 5288 dixit,
2228 5238 2333 5278 non
2361 5224 2537 5280 alieno
2563 5240 2717 5292 quem
2749 5227 2900 5280 decet
2933 5228 3030 5282 ista
3074 5229 3336 5294 laudatio;
3367 5247 3618 5302 quoniam

2041 5317 2187 5372 solus
2216 5327 2300 5371 est
2333 5317 2423 5386 qui
2456 5319 2646 5372 merito
2687 5317 2870 5372 laudes
2900 5320 3147 5389 accipiat,
3173 5323 3389 5392 quando
3420 5323 3536 5392 ipse
3571 5335 3624 5378 et

2041 5411 2293 5465 univeisa
2322 5418 2489 5476 creat,
2519 5418 2571 5464 et
2593 5423 2768 5463 creata
2793 5410 2993 5486 jngiter
3018 5411 3379 5467 administrat.

2117 5501 2267 5554 Vers.
2304 5501 2355 5554 7.
2392 5500 2644 5566 Quoniam
2684 5501 2796 5554 Rex
2825 5503 2987 5556 omnis
3019 5513 3167 5558 terra:
3198 5502 3336 5558 Deus
3365 5523 3385 5561 :
3419 5507 3626 5577 psallite

2037 5592 2313 5659 sapienter.
2346 5591 2457 5645 lloc
2492 5601 2709 5658 propter
2736 5591 2855 5646 illos
2885 5593 3078 5648 dicitur
3103 5596 3194 5664 qui
3241 5597 3340 5652 sibi
3387 5613 3478 5667 per
3506 5601 3619 5653 sin-

2033 5684 2155 5756 gula
2207 5682 2318 5736 loca
2376 5681 2585 5737 diversa
2643 5683 2856 5738 numina
2910 5684 3195 5755 faciebant,
3242 5688 3514 5747 Venerem
3560 5694 3613 5746 in
