4030 6172
431 255 558 310 7535
613 333 616 336 ι

1642 250 1724 306 Μ.
1767 249 2044 307 AURELII
2083 250 2486 310 CASSIODORI

3599 256 3702 313 556

447 366 651 437 Papho,
683 365 903 422 Martem
948 365 999 420 in
1028 363 1279 429 Thracia,
1310 363 1495 418 Jovem
1546 363 1598 418 in
1645 363 1824 418 Creta.
1855 363 2020 418 Debet
2049 368 2096 425 Α
2127 375 2482 431 monstratur;
2528 365 2579 420 id
2610 373 2691 422 est
2743 381 2772 420 a
2803 365 2892 422 die
2939 376 3127 422 octava
3179 365 3520 422 calendarum
3555 369 3703 437 Apri-

448 460 590 516 euim
606 460 940 528 omnipotens
955 457 1066 510 Rex
1082 455 1450 510 universalitcr
1464 456 1587 520 coli,
1601 455 1689 525 qui
1714 456 1858 510 solus
1871 469 2022 510 crea-

450 560 533 605 tor
570 560 626 604 et
670 549 926 603 liberator
957 560 1078 599 esse
1118 547 1370 614 probatur
1418 556 1755 601 cunctorum.
1785 545 2018 615 Adjccit,

447 640 652 708 psallite
680 639 964 707 sapienter;
987 644 1043 688 ut
1073 649 1178 689 non
1211 635 1383 690 solum
1411 644 1712 700 cantantes.
1741 635 1835 691 sed
1867 635 2024 690 intel-

450 733 673 802 ligentes
718 729 946 798 psallere
978 729 1138 799 153
1183 728 1493 784 debeamus.
1527 727 1694 783 Nemo
1743 729 1886 783 enim
1938 742 2023 783 sa-

450 826 658 893 pienter
687 821 971 890 quidquam
1001 818 1159 885 facit,
1190 819 1329 889 quod
1362 835 1465 873 non
1495 819 1763 888 intelligit.

518 914 676 969 Vers.
693 912 746 968 8.
767 911 1010 983 Regnatit
1031 910 1276 965 Dominus
1295 927 1448 978 super
1465 926 1640 965 omnes
1660 921 1869 982 gentes:
1890 909 2024 966 Deus

444 1005 584 1057 sedet
609 1019 760 1073 super
774 1001 940 1054 sedem
957 1009 1184 1054 sanctam
1207 1016 1376 1052 suam.
1399 999 1672 1054 Venerunt
1696 999 1787 1053 ﬁlii
1811 1000 1946 1055 Core
1956 999 2023 1054 ad

440 1093 634 1148 θαρρυιί
665 1092 822 1146 fut-uri
869 1099 1178 1160 perpetuam
1207 1087 1539 1153 felicitatem,
1571 1090 1659 1143 ubi
1687 1088 1798 1158 jam
1838 1089 2023 1143 dicunt

441 1186 732 1240 Dominum
788 1182 1020 1252 gentibus
1058 1189 1435 1252 regnaturum;
1501 1195 1624 1234 nam
1684 1180 1927 1249 quamvis
1971 1188 2027 1234 et

448 1291 596 1331 nunc
624 1275 872 1328 omnibus
917 1281 1114 1342 regnet,
1148 1281 1273 1326 tunc
1326 1280 1503 1326 tamen
1535 1273 1752 1340 proprie
1799 1286 2024 1342 regnare

437 1368 666 1434 dicitur,
695 1365 906 1434 quando
926 1363 981 1418 in
1010 1364 1120 1418 suis
1145 1362 1388 1418 ﬁdelibus
1418 1361 1750 1418 manifestius
1780 1361 2025 1418 habitare

441 1467 797 1513 monstratur.
824 1455 995 1524 Super
1019 1470 1191 1509 omnes
1213 1463 1403 1526 gentes,
1425 1453 1719 1508 Jerusalem
1747 1453 2024 1509 omlcstem

439 1551 713 1618 designat,
744 1560 863 1617 qua:
891 1560 958 1602 ex
989 1544 1240 1600 omnibus
1268 1543 1570 1598 nationibus
1603 1543 1887 1599 adunatur.
1917 1543 2022 1598 Se-

439 1641 630 1710 quitur
657 1658 669 1692 :
704 1638 841 1692 Deus
880 1639 1017 1691 sedet
1061 1652 1214 1707 super
1253 1637 1420 1690 sedem
1451 1645 1680 1689 sanctam
1707 1651 1892 1701 suam;
1923 1637 2026 1692 Do-

2126 457 2274 521 lium,
2309 473 2476 526 usque
2525 459 2577 512 in
2629 459 2770 514 diem
2827 469 3071 513 octavum
3127 459 3474 515 calendarum
3505 460 3702 515 Janua-

2124 546 2345 602 riaru-m.
2379 547 2566 603 Merito
2593 563 2721 618 ergo
2751 557 2896 603 totus
2925 549 3011 603 hic
3051 551 3286 618 psalmus
3314 549 3617 618 specialiter
3637 551 3707 607 de

2125 636 2350 692 Domino
2378 636 2553 692 dictus
2578 636 2912 706 intelligitur,
2941 638 3152 708 quando
3179 646 3233 692 et
3275 637 3391 707 ejus
3430 654 3692 694 numerus

2125 739 2234 795 pra:
2257 727 2380 780 licto
2409 726 2568 781 modo
2599 727 2663 781 ad
2710 739 3104 782 sacramentum
3136 727 3304 796 ipsius
3330 728 3704 798 conceptionis

2123 825 2178 872 et
2208 817 2508 873 nativitatis
2535 828 2904 888 competenter
2935 828 3164 889 aptatur.

2377 949 2732 1004 EXPOSITIO
2769 949 2836 1004 IN
2879 949 3204 1006 PSALMUM
3243 949 3452 1006 XLVII.

2285 1058 2526 1113 Psalmus
2555 1060 2736 1114 cantici
2777 1059 2898 1123 filiis
2921 1059 3049 1114 Core
3073 1061 3299 1114 secunda
3329 1061 3546 1116 sabbati.

2196 1165 2595 1235 Expositionem
2629 1167 2815 1236 psalmi
2845 1168 3031 1221 cantici
3081 1169 3134 1222 in
3166 1167 3482 1237 prtcfatione
3522 1172 3704 1239 posui-

2124 1273 2262 1313 mus.
2292 1257 2421 1314 item
2448 1258 2515 1313 de
2542 1259 2664 1327 ﬁliis
2685 1257 2814 1313 Core
2845 1259 3156 1330 frequenter
3186 1260 3388 1315 dictum
3413 1269 3514 1316 est.
3549 1261 3704 1318 Nunc

2126 1347 2402 1402 videamus
2443 1347 2570 1417 quid
2601 1347 2863 1416 signiﬁcet
2906 1350 3131 1404 secunda
3169 1351 3387 1404 sabbati.
3423 1352 3705 1407 Sabbatuns

2125 1453 2446 1508 synagogam
2470 1479 2483 1503 ,
2516 1438 2567 1492 id
2613 1447 2699 1493 est
2727 1439 3098 1494 collectionem
3143 1440 3404 1496 debemus
3457 1442 3706 1513 accipere

2125 1526 2453 1592 Judaeorum,
2489 1542 2610 1597 quae
2637 1528 2914 1583 sabbatum
2942 1530 3234 1587 observare
3261 1530 3561 1586 videbatur.
3600 1532 3706 1588 Se-

2125 1618 2296 1672 cunda
2343 1633 2470 1673 vero
2519 1618 2634 1686 ejus
2680 1617 2921 1674 Ecclesia
2983 1619 3251 1676 catholica
3298 1629 3424 1688 est;
3478 1622 3708 1692 ideoque

446 1708 654 1783 milium
682 1726 945 1796 signiﬁca,
967 1725 1326 1794 Salvatorem,
1357 1725 1449 1795 qui
1471 1725 1624 1780 sedet
1645 1725 1711 1780 ad
1742 1725 2016 1781 dexteram
2057 1720 2100 1780 Β
2128 1708 2287 1763 verba
2315 1709 2507 1776 psalmi
2539 1709 2698 1779 hujus
2720 1710 3095 1767 sacerdotibus
3123 1713 3430 1769 tribuuntur
3457 1715 3521 1769 ad
3545 1714 3706 1769 Chrio

451 1819 648 1884 Patris,
694 1831 927 1887 regnans
957 1830 1052 1885 per
1097 1815 1296 1870 saecula
1326 1815 1670 1870 surculorum.
1708 1816 1773 1870 Et
1817 1817 2024 1871 intuere

450 1909 591 1979 quod
626 1909 794 1978 ipsam
818 1905 985 1962 sedem
1013 1916 1243 1960 sanctam
1270 1906 1419 1974 dicit,
1475 1921 1541 1961 ne
1573 1906 1903 1976 intelligeres
1926 1908 2025 1962 ali-

442 2014 555 2070 qua
586 1999 858 2053 insensata
900 2006 994 2051 aut
1041 1998 1249 2052 ratione
1279 1999 1539 2065 carentia,
1592 1997 1684 2052 sed
1719 1997 1941 2052 virtutes
1972 2009 2026 2053 et

437 2091 675 2144 .tltronos
720 2088 910 2158 quibus
953 2087 1039 2143 illc
1077 2088 1341 2157 gloriosus
1371 2087 1641 2157 Regnator
1672 2089 1890 2144 insidet.
1925 2089 2026 2142 Po-

451 2189 559 2234 test
585 2181 684 2232 hoc
713 2187 767 2232 et
795 2179 861 2232 de
904 2179 1103 2232 sanctis
1133 2178 1390 2249 intelligi;
1439 2194 1563 2234 nam
1611 2182 1656 2234 si
1686 2181 1807 2250 quis
1835 2181 2026 2234 habeat

456 2269 771 2324 beneﬁcium
801 2269 953 2322 bonae
999 2268 1444 2334 conversationis,
1474 2278 1530 2324 et
1554 2269 1667 2338 ipse
1695 2274 1754 2323 tit
1778 2270 1895 2325 sine
1924 2273 2023 2324 du-

451 2361 544 2413 bio
566 2359 697 2412 sella
730 2358 941 2427 regalis.
974 2356 1124 2424 Quod
1156 2356 1198 2411 si
1230 2358 1389 2412 altius
1418 2359 1663 2413 intendas
1696 2367 1864 2414 t0tum
1896 2375 1996 2414 con

443 2460 532 2504 ‘tra
581 2449 812 2518 perﬁdos
857 2449 1085 2514 dicitur;
1131 2460 1187 2502 ut
1237 2449 1420 2502 audita
1471 2458 1733 2518 potestate
1777 2466 2024 2506 succum-

454 2543 618 2608 bant,
664 2543 756 2611 qui
809 2541 1193 2597 humanitatem
1224 2541 1342 2612 ejus
1372 2550 1559 2612 putant
1612 2558 1732 2600 esse
1783 2552 2025 2600 temnen-

424 2635 596 2688 dam.

531 2724 682 2780 Vers.
712 2723 764 2779 9.
793 2722 1065 2793 Principes
1080 2724 1758 2795 papulorumconuenerunt
1780 2743 1895 2780 cum
1920 2725 2026 2782 Deo

453 2816 732 2871 Abraham.
766 2815 1040 2888 Principes
1067 2818 1398 2888 populorum,
1432 2818 1484 2872 id
1513 2828 1596 2874 est
1635 2819 1873 2888 primarii
1901 2835 2030 2890 gen-

456 2907 588 2962 tium
618 2905 976 2969 diversarum,
1027 2906 1093 2961 de
1131 2906 1326 2975 quibus
1354 2907 1670 2978 principium
1703 2910 1891 2978 psalmi
1941 2923 2031 2964 ca-

439 3002 530 3054 .nit
559 3017 571 3051 :
606 2998 792 3053 Omnes
813 3008 1009 3070 gentes,
1027 2998 1255 3067 plaudite
1282 3000 1531 3054 manibus.
1564 2999 1939 3066 Com-eneruat,
1966 3015 2031 3055 ac

2127 1801 2331 1854 stianos
2371 1801 2594 1870 populos
2623 1800 2951 1867 edocendos,
2987 1817 3122 1872 quos
3147 1813 3202 1860 et
3231 1805 3370 1860 ﬁlios
3394 1809 3573 1862 crucis
3615 1809 3710 1862 hac

2124 1892 2238 1947 beri
2268 1908 2424 1962 posse
2445 1909 2550 1947 non
2573 1892 2792 1948 dubium
2820 1901 2925 1961 est,
2947 1903 3002 1950 et
3023 1897 3289 1953 secundos
3315 1913 3437 1954 esse
3464 1908 3709 1969 tempore

2126 1997 2248 2056 post
2277 2001 2596 2057 synagogam
2627 1986 2906 2042 manifesta
2937 1988 3148 2045 ratione
3176 1991 3572 2062 cognoscimus.

2693 2097 2890 2151 Divisio
2918 2098 3125 2166 psalmi.

2196 2205 2328 2260 Cum
2357 2206 2629 2262 docendus
2654 2216 2798 2263 esset
2847 2210 3072 2278 populus
3111 2209 3336 2265 devotus
3381 2209 3448 2267 de
3503 2211 3604 2267 ﬁde
3647 2221 3709 2268 et

2127 2296 2379 2364 gradibus
2409 2296 2666 2352 Ecclesia:
2696 2298 3085 2366 custodiendis,
3118 2302 3310 2356 merito
3349 2303 3508 2357 verba
3541 2303 3705 2372 hujus

2140 2385 2331 2454 psalmi
2368 2388 2470 2456 piis
2499 2388 2866 2444 sacerdotibus
2894 2390 3110 2460 dantur,
3140 2392 3228 2459 qui
3256 2392 3310 2446 in
3356 2394 3522 2462 prima
3555 2395 3710 2464 posi-

2131 2475 2275 2530 tione
2319 2477 2504 2533 laudes
2531 2477 2764 2533 Domino
2793 2479 2999 2548 dicunt,
3035 2481 3178 2551 quod
3225 2481 3518 2538 Ecclesiam
3549 2499 3706 2539 suam

2127 2567 2452 2635 dilataverit,
2482 2578 2535 2623 et
2563 2569 2704 2639 quod
2759 2571 3024 2626 universis
3071 2570 3285 2640 regibus
3317 2580 3583 2628 terrarum
3611 2589 3712 2641 po-

2127 2660 2348 2714 tentiam
2380 2673 2491 2714 suae
2546 2660 2843 2731 majestatis
2888 2663 3210 2718 ostenderit.
3262 2663 3504 2719 Secunda
3561 2667 3712 2735 posi-

2131 2750 2277 2805 tione
2304 2751 2502 2820 gratias
2531 2761 2696 2822 agunt
2725 2753 2791 2809 de
2841 2753 3074 2809 adventu
3126 2755 3338 2810 Domini
3382 2756 3707 2824 Salvatoris,

2130 2850 2537 2896 commonentes
2566 2843 2841 2900 antistites
2870 2845 3100 2912 futuros,
3128 2853 3187 2900 ut
3211 2847 3407 2916 gradus
3434 2849 3488 2903 in
3522 2849 3714 2904 Eccle-

2131 2933 2211 2986 sia
2237 2931 2577 3003 distribuant,
2610 2949 2704 3003 per
2752 2951 2886 3005 quos
2917 2936 3174 2991 Dominus
3204 2937 3346 2993 Deus
3374 2949 3429 2994 et
3458 2940 3711 2996 Salvator

2134 3021 2302 3091 possit
2324 3023 2564 3092 agnosci,
2593 3025 2680 3094 qui
2725 3024 2948 3081 famulos
2971 3040 3096 3081 suos
3131 3036 3328 3082 aeterna
3371 3033 3712 3098 protection

453 3093 499 3148 si
522 3091 724 3146 diceret
752 3091 1116 3146 crediderunt.
1153 3090 1432 3148 Convenire
1462 3092 1603 3147 enim
1647 3104 1731 3148 est
1768 3094 1833 3148 ad
1863 3109 2022 3149 unum
2054 3089 2099 3152 C
2132 3089 2382 3169 ξυειοαίιξ

453 3182 650 3234 multos
681 3181 882 3234 venire.
930 3179 1054 3233 Cum
1082 3179 1190 3232 Deo
1221 3181 1511 3249 Abraham,
1544 3182 1644 3237 hoc
1675 3194 1757 3238 est
1789 3185 1840 3238 in
1871 3184 2028 3239 Chri-

447 3279 590 3324 stum
619 3269 708 3338 qui
731 3268 867 3323 Deus
890 3277 973 3323 est
1000 3267 1235 3323 Abrabw.
1265 3270 1513 3339 Expulsis
1544 3272 1689 3327 enim
1719 3273 2025 3330 inﬁdelibus

447 3360 648 3415 Iudaeis
678 3360 768 3430 qui
799 3374 964 3413 carne
1008 3367 1235 3425 tantum,
1286 3376 1392 3416 nou
1441 3364 1700 3432 operibus
1749 3375 1904 3420 erant
1931 3368 2025 3422 lilii

450 3451 703 3518 Abrahae,
747 3451 1132 3520 plenitudinem
1162 3453 1400 3521 gentium
1433 3456 1724 3511 intromisit
1767 3457 1834 3511 ad
1879 3458 2023 3512 illam

449 3543 821 3614 promissionis
855 3542 1235 3597 beatitudinem
1265 3545 1662 3612 possidendam,
1698 3563 1858 3618 quam
1901 3565 2025 3619 pro-

449 3636 669 3689 miserat
697 3633 924 3688 Abrahze
951 3643 1005 3687 et
1033 3633 1222 3688 semini
1249 3634 1386 3704 ejus.
1417 3635 1533 3692 Filii
1565 3638 1706 3692 enim
1728 3639 1894 3708 ipsius
1919 3657 2022 3712 per

453 3733 692 3780 sanctam
717 3722 874 3778 ﬁdem
909 3723 1034 3778 facti
1061 3735 1206 3792 sunt,
1232 3725 1322 3795 qui
1353 3727 1532 3782 carnis
1560 3731 1767 3787 semine
1783 3747 1890 3786 non
1918 3733 2025 3791 fue-

430 3825 598 3872 _ruut.
1936 3879 1942 3884 ,

521 3905 673 3959 Vers.
708 3904 793 3960 i0.
842 3905 1096 3969 Quoniam
1136 3907 1209 3959 dii
1239 3907 1394 3979 fortes
1446 3917 1593 3964 terra:
1623 3912 1834 3967 nimium
1863 3913 2014 3988 [mss

434 3999 490 4051 Ἀ
502 4037 548 4064 .,.
561 3997 646 4059 Β.,
663 3995 754 4065 F.,
771 3994 1103 4068 vehementer]
1121 3998 1298 4052 elevati
1315 4010 1450 4054 sunt.
1477 4003 1678 4059 Sensus
1707 4005 1808 4060 iste
1829 4007 2021 4075 pendet

419 4091 514 4144 -de
548 4091 825 4158 superiore
857 4091 1139 4144 versiculo.
1172 4091 1294 4146 ldeo
1331 4095 1471 4147 enim
1516 4099 1769 4168 principes
1799 4101 2020 4171 populo-

418 4225 420 4227 .
446 4197 558 4233 runt
588 4191 1058 4235 conveneruntcum
1083 4182 1187 4236 Deo
1211 4185 1490 4254 Abraham,
1513 4190 1630 4256 quia
1651 4193 1805 4260 fortes
1847 4202 2015 4261 terra,

436 4274 538 4342 qui
568 4287 718 4327 crant
765 4276 987 4342 populus
1017 4275 1136 4339 Dei,
1181 4277 1396 4330 nimium
1447 4281 1624 4336 elevati
1651 4293 1806 4350 sunt;
1836 4287 1887 4340 id
1934 4297 2018 4343 est

447 4363 634 4428 Judaei,
670 4363 862 4430 quibus
891 4363 1011 4417 data
1034 4365 1203 4418 fuerat
1243 4368 1416 4422 virtus
1446 4368 1498 4423 itt
1529 4373 1800 4440 gentibus,
1849 4379 2012 4432 erecti

2663 3227 2931 3298 Expositio
2959 3233 3164 3301 psalmi.

2202 3339 2359 3395 Vers.
2392 3339 2442 3393 1.
2476 3337 2697 3411 Magnus
2725 3341 2975 3398 Dominus
3022 3356 3069 3399 et
3120 3346 3393 3401 laudabilis
3422 3348 3573 3402 nimis
3599 3363 3618 3403 :
3645 3350 3704 3402 in

2129 3427 2331 3481 civitate
2354 3427 2449 3483 Dei
2471 3431 2649 3498 nostri,
2695 3431 2750 3484 in
2778 3442 2944 3487 monte
2970 3445 3146 3489 sancto
3176 3437 3305 3507 ejus.
3348 3437 3704 3493 Consideran-

2129 3518 2255 3574 dum
2286 3529 2370 3576 est
2396 3522 2840 3590 quemadmodum
2887 3525 3001 3581 haec
3046 3528 3204 3583 verba
3237 3544 3331 3599 per
3358 3532 3554 3600 gradus
3582 3547 3704 3586 cer-

2127 3617 2211 3664 tos
2232 3610 2557 3667 admirandae
2583 3612 2947 3683 dispositionis
2976 3618 3290 3674 ascendant.
3314 3620 3464 3688 Quod
3488 3621 3705 3676 schema

2125 3700 2314 3755 dicitur
2352 3703 2642 3770 emphasis.
2690 3704 2869 3760 Primo
2897 3709 3091 3776 posuit,
3144 3708 3367 3779 Magnus
3413 3711 3706 3779 Dominus;

2125 3791 2359 3847 additum
2393 3801 2497 3860 est,
2528 3794 2821 3850 laudabilis.
2853 3797 2961 3852 Sed
3007 3814 3075 3853 ne
3103 3799 3208 3854 hoc
3237 3817 3447 3872 quoque
3483 3814 3705 3874 putares

2124 3879 2464 3936 mediocriter
2491 3896 2612 3936 esse
2656 3882 2980 3954 faciendum,
3035 3890 3264 3956 ponitur,
3318 3892 3501 3956 nimis;
3550 3895 3696 3962 quod

2122 3984 2230 4025 non
2254 3969 2412 4026 habet
2433 3971 2723 4026 terminum
2748 3989 2922 4044 neque
2947 3976 3128 4044 ﬁnem,
3161 3977 3256 4033 sed
3276 3979 3587 4034 assiduitate
3612 3981 3702 4036 sui

2121 4075 2334 4134 semper
2360 4073 2603 4136 augetur.
2638 4064 2860 4139 Magnus
2890 4084 3038 4139 ergo,
3086 4072 3209 4139 quia
3236 4083 3479 4141 potenter
3515 4074 3702 4130 omnia

2121 4154 2265 4209 fecit.
2298 4154 2616 4222 Laudabilis,
2643 4156 2763 4226 quia
2792 4159 3012 4226 pulchra
3039 4170 3094 4215 et
3138 4162 3268 4216 mira
3301 4161 3450 4218 fe.‘it.
3482 4162 3591 4218 Nec
3617 4174 3705 4217 ta-

2121 4258 2240 4298 men
2275 4243 2470 4298 sufﬁcit
2504 4246 2784 4300 Dominum
2814 4247 3024 4302 Patrem
3058 4251 3214 4305 nimis
3245 4250 3443 4307 dixisse
3475 4253 3706 4309 laudan-

2120 4331 2269 4396 dum,
2303 4333 2404 4386 nisi
2431 4342 2485 4389 et
2527 4335 2617 4389 ubi
2648 4336 3029 4403 praedicaretur
3073 4341 3376 4408 edicerent;
3409 4343 3612 4398 St‘i'icel
3645 4345 3706 4399 in

447 4425 640 4513 contra
681 4425 842 4506 Deum
889 4455 1147 4508 scelerata
1179 4467 1358 4512 mente
1405 4425 2018 4532 tuntuerunt,ietﬂfacii
2048 4461 2100 4522 Ι)
2122 4425 2324 4524 Civium
2355 4425 2468 4526 Dei.
2491 4429 2672 4526 fama
2725 4427 2776 4482 id
2917 4431 2969 4484 in
3001 4431 3232 4532 Ecqesm
3279 4436 3564 4532 E”‘."‘f“°f"
3598 4436 3706 4532 Ψ

448 4552 573 4594 sunt
603 4555 696 4608 per
742 4541 1045 4608 superbiam
1076 4546 1321 4611 extremi,
1373 4549 1464 4616 qui
1520 4564 1614 4619 per
1651 4553 2016 4614 humilitatem

420 4640 734 4703 _:.p0lll€l‘llnl
755 4647 874 4688 esse
902 4636 1178 4704 praecipui.

959 4773 1245 4829 Conclusio
1277 4781 1483 4846 psalmi.

498 4934 822 4990 intueamur
845 4945 1046 4992 textum
1099 4941 1288 5009 psalmi
1319 4943 1469 4998 istius
1499 4947 1676 5002 verbis
1701 4963 1816 5003 -nou
1845 4951 2018 5006 virtu-

449 5026 588 5080 tibus
613 5027 848 5081 brevem.
882 5026 1011 5080 Nam
1044 5039 1098 5083 et
1139 5045 1392 5087 numerus
1426 5035 1540 5104 ipse
1583 5040 1804 5108 grandia
1864 5044 2017 5098 nobis

445 5128 774 5173 sacramenta
824 5119 1096 5187 declarat;
1153 5124 1561 5194 quadragesimo
1617 5131 1814 5200 quippe
1861 5144 2015 5189 sexto

443 5224 588 5263 anno
634 5208 685 5262 in
730 5210 952 5280 mystica
1005 5213 1443 5282 interpretatione
1496 5221 1751 5288 templum
1806 5223 2016 5278 Domini

443 5302 790 5372 Jerosolymis
836 5305 1060 5372 legimus
1110 5304 1274 5360 fuisse
1303 5307 1629 5375 perfectum.
1659 5313 1795 5366 Auni
1827 5325 2007 5369 autem

446 5394 529 5446 isti
559 5409 584 5444 a
618 5395 885 5448 veteribus
929 5410 1023 5464 pro
1071 5397 1261 5452 diebus
1307 5410 1431 5454 sunt
1472 5403 1649 5470 positi,
1702 5407 1788 5474 qui
1836 5409 2013 5464 sexies

434 5485 680 5550 perferto
709 5500 927 5540 numero
958 5489 1292 5556 multiplicati
1327 5493 1567 5548 efﬁciunt
1591 5496 1705 5551 dies
1749 5499 2009 5554 ducentos

2121 4515 2264 4569 enim
2314 4523 2369 4568 et
2424 4515 2612 4569 civitas
2665 4532 2769 4571 non
2800 4517 2896 4573 Dei
2945 4521 3134 4587 nostri,
3176 4530 3234 4575 ut
3279 4522 3564 4592 Babylonia
3606 4524 3707 4580 illa

2120 4603 2344 4670 diaboli,
2374 4605 2461 4659 ubi
2493 4621 2600 4660 non
2640 4607 2780 4661 Deus
2804 4609 3019 4677 colitur,
3056 4611 3148 4665 sed
3178 4612 3344 4682 magis
3380 4614 3702 4670 exsecrabili

2119 4695 2387 4750 dementia
2418 4696 2835 4767 blasphematur.
2863 4701 3197 4770 Quapropter
3221 4706 3523 4759 necessarie
3555 4719 3697 4760 con-

2123 4795 2365 4840 secutum
2394 4797 2475 4843 est
2503 4790 2590 4843 ubi
2624 4790 2881 4846 Dominus
2907 4794 3245 4861 laudaretur;
3291 4811 3358 4850 ne
3399 4812 3517 4851 eum
3548 4798 3698 4853 inter

2128 4878 2408 4934 haereticus
2432 4884 2861 4950 superstitiones,
2888 4896 2976 4940 aut
3007 4887 3059 4940 in
3086 4903 3353 4958 synagoga
3383 4891 3549 4944 veteri
3598 4907 3703 4959 pu-

2125 4979 2262 5025 taret
2289 4973 2477 5040 aliquis
2504 4987 2624 5028 esse
2653 4975 3065 5042 praedicandum.
3092 4979 3198 5033 Sed
3231 4996 3296 5034 ne
3327 4981 3407 5034 vel
3437 4982 3567 5035 illud
3592 4983 3700 5037 du-

2126 5058 2346 5124 bitares,
2377 5063 2463 5114 ubi
2493 5071 2637 5116 esset
2666 5063 2919 5131 prtedieta
2949 5065 3185 5122 Ecclesia
3218 5071 3526 5137 constituta,
3555 5073 3702 5129 intu-

2125 5147 2202 5213 lit,
2235 5150 2288 5202 in
2333 5161 2499 5204 monte
2541 5163 2715 5205 sancto
2744 5157 2874 5225 ejus.
2907 5154 3057 5211 Mons
3097 5167 3273 5213 autem
3305 5172 3508 5214 sanctus
3539 5163 3700 5218 Chrio

2123 5251 2236 5293 atus
2259 5250 2341 5294 est
2371 5241 2644 5308 Dominus,
2674 5244 3071 5300 fundamentum
3110 5257 3167 5302 et
3191 5250 3404 5304 culmen
3439 5251 3698 5308 Ecclesia:

2119 5345 2249 5385 sure.
2285 5334 2384 5387 Iste
2407 5351 2548 5388 mons
2576 5346 2780 5391 sanctus
2809 5348 2911 5401 est,
2954 5339 3021 5392 de
3061 5356 3166 5408 quo
3199 5341 3384 5399 Daniel
3431 5343 3692 5412 pr0pheta

2118 5416 2243 5468 dicit
2275 5435 2286 5469 :
2321 5417 2484 5471 Crevit
2527 5421 2657 5485 lapis
2685 5431 2731 5474 et
2761 5423 2923 5492 factus
2953 5434 3023 5478 est
3053 5441 3218 5492 mons,
3249 5427 3325 5480 ita
3354 5439 3408 5481 ut
3454 5430 3690 5497 impleret

2117 5509 2401 5561 universam
2432 5513 2612 5580 faciem
2656 5523 2804 5567 terrae
2837 5512 2997 5583 (Dan.
3043 5531 3101 5581 tt,
3134 5517 3244 5586 55).
3275 5515 3691 5574 Consideremus

445 5578 775 5646 septuaginta
805 5593 919 5644 sex,
950 5590 1202 5649 quantum
1230 5584 1281 5635 in
1309 5592 1461 5639 utero
1483 5586 1723 5657 virginali
1754 5591 2013 5648 Dominus
2113 5599 2254 5663 quod
2291 5599 2373 5652 hic
2401 5578 2638 5669 magnum
2668 5603 2881 5671 quidem
2917 5604 3192 5660 Dominum
3234 5606 3448 5663 Patrem
3493 5608 3638 5664 dicat
3674 5626 3687 5662 :

437 5677 627 5720 noster
656 5667 720 5721 ad
763 5670 1168 5727 similitudinem
1215 5675 1430 5730 humani
1469 5679 1681 5748 generis
1739 5681 2011 5742 habitasse
2111 5689 2206 5743 sed
2241 5707 2451 5758 magnus
2481 5667 2874 5763 quoqueFilius
2906 5712 3008 5753 non
3042 5707 3276 5768 tacetur;
3312 5702 3445 5756 sicut
3477 5700 3544 5756 de
3573 5702 3696 5771 ipso
