4030 6172
234 376 352 430 337

1169 373 1529 429 EXPOSITJO
1566 373 1628 427 IN
1661 340 2112 429 PSALTERIUM.
2157 370 2352 427 PSAL.
2397 371 2602 426 XLVII.

3415 367 3552 422 εδει

233 491 305 544 ad
330 490 516 544 'l'itum
537 488 776 544 scribens
800 488 931 544 dicit
945 487 1261 556 Apostolus:
1293 488 1450 559 159
1474 486 1836 551 Exspectantes
1868 492 1908 542 A
1940 483 2006 536 ab
2033 484 2108 538 eis
2140 482 2451 552 perquisivit
2482 484 2572 537 ubi
2621 481 2873 538 Christus
2899 481 3155 537 Dominus
3187 490 3516 536 nasceretur.
3541 525 3545 528 .

235 583 450 634 beatam
477 597 638 645 spem,
669 589 714 634 et
740 583 1011 634 adventum
1052 580 1227 648 gloria:
1257 578 1427 648 magni
1475 575 1589 638 Dei,
1624 587 1669 628 et
1714 574 1837 629 Sal-

239 674 446 725 uatoris
477 671 640 724 nostri
666 671 793 723 Jesu
821 669 1031 726 Christi.
1063 667 1284 738 Magnus
1310 668 1468 721 etiam
1504 665 1695 734 legitur
1723 664 1839 731 Spi-

239 765 392 817 ritus
419 771 664 826 sanctus,
693 761 835 814 sicut
864 760 1120 829 scriptum
1159 769 1238 813 est
1264 758 1317 812 in
1351 758 1650 828 Regiturum
1681 757 1838 810 libro.

243 853 342 907 Ait
377 851 637 905 Dominus
685 850 753 905 ad
805 850 970 904 Eliam
1003 866 1018 903 :
1055 849 1189 902 Ecce
1240 849 1488 901 Dominus
1533 848 1765 914 transiet,
1798 857 1844 901 et

242 945 465 1013 spiritus
493 958 710 1012 magnus
740 951 785 995 et
816 941 963 1010 fortis
1007 939 1130 1010 (Ill
1180 939 1306 1010 Reg.
1339 955 1450 1002 Xlx,
1495 940 1604 1010 ll).
1640 939 1844 993 Erube-

242 1042 374 1088 scat
405 1034 724 1086 Arianorum
781 1032 968 1086 ins-ina
1023 1031 1322 1098 persuasio.
1371 1028 1503 1093 Quis
1555 1037 1657 1094 est,
1692 1042 1839 1096 rogo,

242 1124 462 1187 minor,
515 1137 636 1178 cum
669 1122 846 1188 Pater,
890 1129 947 1176 et
989 1120 1176 1189 Filius,
1229 1131 1284 1177 et
1328 1119 1564 1190 Spiritus
1618 1131 1842 1176 sanctus

246 1229 479 1284 magnus
509 1213 752 1283 legatur?

228 1295 245 1406 1
328 1304 490 1358 Vers.
518 1304 574 1357 2.
600 1302 845 1358 Dilatans
868 1301 1234 1358 exsultationes
1261 1302 1510 1358 universae
1536 1311 1683 1356 teme
1703 1318 1846 1357 mons

246 1396 411 1462 Sion,
446 1396 608 1450 latera
645 1396 904 1466 aquilonis
948 1397 1124 1449 ciuitas
1150 1396 1301 1465 Regis
1319 1391 1520 1463 magni.
1551 1394 1627 1449 Ne
1655 1395 1848 1464 praedi-

235 1475 405 1543 ‘ctum
432 1495 669 1542 montem
701 1487 927 1542 localem
951 1488 1222 1555 suscipere
1245 1486 1548 1551 debuisses,
1574 1485 1706 1541 dicit
1725 1501 1846 1540 eum

246 1580 404 1634 omoi
437 1587 598 1633 teme
625 1579 816 1648 gaudia
848 1578 1179 1634 condonare.
1215 1579 1346 1646 Quis
1401 1586 1484 1633 est
1527 1579 1668 1632 e‘nim
1721 1579 1844 1641 istc,

247 1673 361 1725 nisi
397 1670 653 1725 Dominus
681 1668 956 1738 Christus,
989 1671 1078 1739 qui
1127 1685 1222 1735 per
1253 1669 1608 1724 universalem
1663 1669 1847 1723 mundi

248 1760 560 1815 Ecclesiam
604 1759 772 1814 valuit
825 1761 1100 1829 profutura
1130 1758 1323 1830 gaudia
1354 1758 1612 1814 dilatare?
1632 1757 1843 1813 Terram

1946 573 2048 629 Sed
2083 575 2153 628 illi
2194 574 2576 629 convenienter
2616 589 2677 628 ac
2707 574 3108 629 consentienter
3135 573 3388 628 dixerunt
3434 587 3520 626 se-

1944 665 2177 719 cundum
2223 665 2529 733 Scripturas
2580 679 2814 730 sanctas,
2849 666 2901 720 in
2930 666 3204 720 Bethleem
3235 680 3367 720 eum,
3398 678 3522 719 esse

1945 756 2117 809 modis
2143 755 2388 809 omnibus
2420 757 2750 810 nasciturum
2779 756 3000 824 (Matth.
3021 771 3087 824 ιι,
3115 754 3189 826 5).
3218 754 3527 826 Congregati-

1941 856 2060 899 sunt
2088 861 2233 915 ergo,
2267 855 2327 900 ut
2353 847 2598 902 dicerent
2634 848 2757 916 quid
2789 849 3052 917 legerunt.
3085 850 3434 900 Convenerunt
3464 846 3528 898 in.

1943 951 2126 1002 unum,
2154 939 2275 1008 quia
2307 953 2492 992 omnes
2524 953 2683 992 unam
2714 938 2984 1006 protulere
3012 938 3353 992 sententiam.

2022 1028 2173 1083 Vers.
2209 1029 2262 1083 5.
2295 1027 2405 1099 Ipsi
2432 1029 2653 1083 videntes
2699 1039 2818 1082 tunc
2848 1029 3087 1082 admirati
3131 1036 3267 1093 sunt,
3317 1036 3523 1081 contur'o

1946 1120 2047 1173 b.ti
2073 1129 2208 1184 sunt,
2261 1131 2306 1173 et
2335 1121 2570 1173 commoti
2596 1130 2731 1174 sunt.
2778 1117 2911 1190 Ipsi,
2941 1118 3114 1173 Judaei
3167 1117 3372 1172 scilicet
3416 1117 3511 1185 qui

1945 1209 2142 1264 Herodi
2169 1210 2420 1264 dixerunt
2449 1211 2500 1263 in
2535 1209 2805 1264 Bethleem
2858 1209 3138 1263 Dominum
3169 1206 3538 1261 nasciturum-

1951 1300 2202 1356 Viderant
2226 1300 2365 1355 enim
2396 1315 2513 1369 qua:
2538 1301 2847 1368 praphetata
2873 1299 3006 1371 [ed.,
3042 1300 3093 1352 in
3124 1293 3406 1367 propheta]
3439 1296 3519 1350 le-

1946 1400 2163 1461 gerant;
2195 1400 2250 1446 et
2281 1406 2498 1447 necesse
2523 1401 2638 1446 erat
2669 1402 2726 1446 ut
2765 1392 3047 1446 admiratio
3087 1391 3154 1445 de
3182 1400 3323 1444 tanta
3355 1387 3548 1458 gloria

1948 1493 2282 1540 nasceretur.
2313 1485 2416 1540 Sed
2450 1486 2548 1540 ista
2581 1484 2866 1539 admiratio
2898 1500 3000 1538 non
3026 1483 3177 1549 levis,
3213 1497 3317 1536 non
3349 1483 3526 1536 otiosa

1948 1576 2068 1630 luit.
2101 1574 2398 1630 Conturbati
2450 1587 2587 1641 sunt,
2645 1577 2764 1644 quia
2795 1590 2856 1630 se
2906 1583 3165 1629 noverant
3194 1583 3526 1643 peccatores.

1950 1667 2218 1735 Commoti,
2251 1670 2376 1737 quia
2423 1668 2492 1722 de
2523 1677 2662 1722 tanta
2717 1667 2994 1736 majestate
3047 1680 3372 1737 cognoscere
3413 1679 3548 1720 τηε--

1949 1769 2191 1816 ruerunt.
2221 1760 2344 1815 lllos
2374 1760 2519 1815 enim
2565 1769 2842 1815 commotos
2870 1757 3116 1826 dicimus,
3150 1771 3288 1828 quos
3313 1765 3370 1823 et
3409 1770 3534 1811 cre-

248 1852 347 1907 bic
394 1853 450 1906 iu
485 1851 623 1907 bono
653 1852 866 1923 accipe;
922 1853 1186 1923 signiﬁcat
1218 1854 1358 1907 enim
1384 1852 1581 1923 justos,
1633 1853 1723 1922 qui
1754 1867 1844 1907 co-
1877 1847 1918 1906 Β
1947 1850 2154 1905 didisse
2181 1859 2459 1906 testamur.

248 1944 407 2012 piosa
439 1952 499 2000 et
533 1953 736 1999 aeterna
783 1947 1002 2015 pra-mia
1050 1956 1472 2012 consequuntur.
1521 1945 1672 2000 Mons
1715 1961 1843 2001 vero

247 2036 386 2092 Sion
420 2036 588 2107 (sicut
633 2051 780 2105 sirpe
831 2036 1032 2090 dictum
1083 2036 1186 2107 εει)
1232 2036 1474 2106 designat
1527 2036 1841 2102 Ecclesiam,

246 2144 375 2198 que
407 2129 856 2197 interpretatione
886 2127 1054 2198 ipsius
1085 2129 1336 2194 nominis,
1362 2137 1560 2184 sanctae
1594 2128 1843 2197 specula-

251 2220 420 2273 tiouis
449 2220 651 2274 virtute
697 2219 966 2289 completa
993 2228 1096 2274 est.
1130 2219 1317 2272 Latera
1357 2228 1533 2274 autem
1588 2220 1844 2289 aquilonis

248 2311 559 2378 signiﬁcant
580 2310 804 2378 populos
825 2309 1099 2376 inﬁdeles,
1131 2309 1184 2364 in
1214 2309 1405 2379 quibus
1427 2309 1624 2364 diaboli
1655 2325 1844 2380 regna-

249 2404 344 2457 δτι
373 2404 661 2472 iniquitas;
694 2405 807 2472 ipse
845 2405 986 2457 enim
1016 2402 1156 2456 dixit
1191 2420 1203 2455 :
1237 2400 1438 2455 Portam
1468 2401 1638 2455 sedem
1679 2417 1844 2455 meam

248 2495 320 2547 ad
347 2495 667 2561 aquilonem,
701 2504 747 2546 et
786 2509 872 2547 ero
898 2494 1082 2548 similis
1123 2493 1390 2546 Altissimo
1423 2492 1556 2563 (lsa.
1591 2507 1698 2558 χεν,
1730 2492 1839 2562 15).

248 2584 356 2638 Sed
386 2585 514 2654 quia
565 2593 896 2653 peccatores,
926 2585 1016 2654 qui
1062 2599 1091 2636 a
1139 2582 1357 2637 diabolo
1398 2584 1718 2637 tenebantur
1749 2583 1843 2638 ob-

250 2681 422 2744 noxii,
480 2679 595 2733 Deo
645 2679 958 2747 miserante,
990 2677 1238 2733 conversi
1289 2688 1446 2743 sunt;
1497 2676 1658 2731 modo
1700 2692 1845 2731 mons

245 2770 410 2835 Sion,
445 2779 494 2823 et
524 2772 688 2823 latera
731 2769 1028 2840 aquilonis,
1071 2769 1124 2823 id
1163 2779 1245 2824 est
1287 2768 1432 2822 natio
1459 2767 1762 2822 Judt'eorum
1791 2776 1845 2822 et

246 2862 435 2931 populi
468 2862 729 2930 gentium,
783 2861 920 2915 facta
949 2869 1033 2917 est
1082 2859 1267 2915 civitas
1296 2859 1454 2932 Regis
1500 2860 1692 2930 magni,
1741 2858 1844 2914 hoc

242 2963 334 3008 est
385 2953 633 3007 Ecclesia
682 2953 965 3020 catholica,
1021 2965 1178 3021 quam
1228 2950 1298 3007 de
1348 2951 1597 3006 universo
1644 2951 1844 3004 mundo

241 3052 472 3098 constat
495 3057 619 3098 esse
639 3042 941 3098 collectam.
966 3041 1084 3110 Ipsa
1107 3051 1189 3098 est
1219 3041 1445 3096 secunda
1466 3041 1662 3095 sabbati
1684 3057 1852 3111 quam.

243 3134 446 3188 titulus
466 3133 619 3186 dixit.
653 3131 910 3187 Dicuntur
933 3132 1151 3202 quidem
1178 3142 1234 3188 et
1260 3141 1523 3188 terrarum
1554 3131 1836 3201 principes,

242 3241 409 3295 reges
445 3243 464 3280 :
492 3223 717 3294 Magnus
741 3234 919 3280 autem
947 3225 1056 3279 lica:
1081 3227 1344 3280 veraciter
1369 3224 1471 3280 dici
1505 3239 1610 3279 non
1642 3231 1840 3293 potest,
1871 3224 1916 3285 C

242 3321 352 3376 nisi
386 3319 544 3374 solus
595 3318 753 3373 Deus.
805 3317 957 3384 Quod
998 3328 1177 3372 autem
1220 3317 1378 3381 dixit,
1415 3316 1562 3370 illons
1594 3315 1743 3380 Sion,
1792 3325 1847 3371 et

241 3411 488 3476 addidit,
519 3411 685 3463 latera
712 3409 965 3478 aquilonis
1011 3409 1188 3462 civitas
1241 3408 1394 3477 Regis
1443 3408 1647 3478 magni,
1681 3406 1843 3476 ﬁgura

241 3518 331 3560 est
361 3506 649 3575 exergasia
683 3522 696 3556 :
730 3504 782 3559 id
811 3513 896 3558 est
925 3503 1132 3572 quoties
1163 3501 1359 3572 aliquid
1391 3500 1623 3556 breviter
1653 3514 1844 3570 pr0po-

244 3598 418 3662 nitur,
447 3607 502 3649 et
532 3594 802 3650 subtiliter
829 3608 890 3648 ac
913 3594 1072 3648 latius
1097 3592 1414 3662 explicatur.

323 3684 491 3739 Vers.
517 3686 572 3738 Β.
608 3681 748 3737 Deus
795 3683 850 3736 in
880 3683 1124 3754 gradibus
1174 3683 1286 3752 ejus
1332 3681 1682 3753 dignoscetur,
1727 3680 1847 3734 dum

247 3775 509 3844 suscipiet
553 3789 686 3826 eam.
715 3771 970 3827 Futurum
1001 3781 1210 3842 tempus
1243 3786 1448 3842 magna:
1477 3771 1618 3826 illius
1641 3770 1849 3840 judica-

249 3867 422 3920 tionis
455 3864 776 3932 ostenditur,
807 3865 1022 3934 quando
1067 3865 1322 3920 Dominus
1360 3864 1656 3919 Ecclesiam
1694 3878 1846 3920 suam

246 3958 592 4025 suscipiens,
620 3958 673 4011 in
703 3957 968 4028 gradibus,
1006 3959 1057 4012 id
1096 3968 1178 4014 est
1208 3957 1262 4012 in
1293 3958 1552 4013 membris
1582 3958 1692 4012 suis
1732 3972 1852 4013 san.

240 4048 521 4103 etissimis
547 4059 707 4118 atque
735 4050 1126 4120 probatissimis
1151 4050 1267 4120 ipse
1295 4058 1673 4118 cognoscatur.
1701 4049 1851 4103 Tunc

239 4141 403 4193 enim
455 4135 593 4192 Deus
633 4141 976 4210 dignoscelttr,
1016 4138 1070 4193 id
1099 4147 1212 4206 est,
1262 4140 1497 4209 potentia
1545 4139 1711 4208 ipsius
1740 4140 1849 4194 vir-

241 4242 466 4298 tusque
494 4228 870 4300 declarabitur,
910 4231 1124 4297 quando
1155 4229 1396 4285 Ecclesia
1435 4229 1511 4284 illi
1543 4230 1730 4286 beatos
1772 4232 1851 4286 vi-

239 4337 343 4375 ros
371 4318 600 4383 oﬂ’vrre,
621 4321 734 4390 ipso
763 4321 1046 4392 largiente,
1074 4322 1459 4376 monstrabitur
1477 4339 1491 4377 :
1511 4322 1636 4377 dum
1654 4336 1848 4377 secun-

238 4412 385 4464 dum
438 4409 636 4478 gradus
687 4411 996 4466 meritorum
1048 4423 1235 4467 sancta
1278 4413 1430 4481 plebs
1477 4413 1543 4468 ad
1573 4413 1848 4469 dexteram

235 4504 590 4566 collocatur,
644 4503 781 4557 sicut
826 4503 954 4557 dicit
997 4503 1329 4572 Apostolus:
1376 4503 1543 4560 Stella
1592 4505 1654 4557 ab
1698 4505 1851 4558 stella

2023 1963 2173 2018 Vers.
2203 1962 2254 2018 6.
2292 1962 2504 2017 Tremor
2530 1962 2867 2032 apprehendit
2917 1978 3001 2015 eos
3030 1961 3137 2014 ibi:
3165 1959 3366 2014 datores
3394 1966 3548 2013 sicut

1947 2055 2295 2126 parturientis.
2355 2053 2718 2110 Pulcherrime
2771 2066 3105 2121 consequens
3155 2065 3335 2106 rerum
3387 2048 3545 2104 ordo-

1946 2154 2188 2203 servatus
2217 2152 2319 2200 est.
2352 2145 2531 2200 Primo
2559 2160 2652 2200 eos
2682 2144 2866 2200 dicunt
2895 2143 3114 2209 vidisse,
3141 2151 3327 2213 postea
3352 2139 3541 2195 admi-

1946 2247 2113 2303 ratus,
2143 2237 2336 2292 deinde
2359 2236 2724 2303 conturbatus,
2755 2249 2810 2290 et
2837 2235 2902 2290 ad
2931 2243 3260 2304 postremum
3284 2240 3532 2287 tremore-

1946 2341 2258 2383 concussos.
2303 2325 2420 2395 lpse
2449 2329 2593 2381 eu’m
2622 2325 2910 2381 vehemens
2942 2338 3104 2393 pavor
3135 2330 3238 2388 est,
3268 2321 3360 2392 qui
3402 2335 3534 2390 per-

1945 2418 2093 2474 ducit
2142 2418 2388 2473 homines
2420 2417 2485 2471 ad
2516 2426 2804 2473 tremorem
2833 2431 2849 2482 ;
2893 2417 3014 2487 quia
3046 2431 3266 2471 necesse
3297 2424 3381 2470 est
3407 2414 3549 2469 ani--

1945 2523 2090 2563 mum
2113 2508 2346 2579 graviter
2375 2509 2655 2575 ﬂuctuare,
2686 2508 2842 2579 cujus
2869 2522 3063 2576 corpus
3085 2523 3114 2561 a
3140 2515 3370 2562 tremore
3401 2521 3528 2561 cono

1947 2601 2126 2670 tigerit
2170 2599 2526 2670 apprehendi.
2558 2599 2667 2654 Nec
2695 2601 2864 2655 solum
2897 2598 3037 2654 istud
3090 2599 3143 2653 in
3176 2606 3282 2652 tam
3327 2612 3543 2667 maguav

1946 2704 2106 2744 causa
2131 2690 2374 2753 sutlecit;
2401 2689 2496 2744 sed
2527 2690 2704 2743 statim
2733 2699 2915 2745 secuta
2949 2689 3261 2758 paenitentia
3289 2699 3392 2753 est,
3427 2687 3530 2742 ubi.

1946 2779 2148 2833 dolores
2171 2780 2410 2834 cruciant
2433 2788 2683 2850 tanquam
2711 2790 2907 2834 matres
2941 2779 3305 2849 parturientes.
3333 2778 3529 2834 Gravis
3564 2775 3576 2790 '

1949 2874 2089 2929 enim
2121 2871 2275 2927 dolor
2303 2880 2407 2940 est,
2457 2872 2548 2942 qui
2580 2872 2894 2926 mulieribus
2947 2885 3044 2940 pro
3094 2885 3248 2940 ptena
3310 2871 3518 2940 peccati

1946 2973 2161 3020 constat
2191 2965 2442 3021 indictus.
2491 2965 2597 3022 Sed
2648 2965 2769 3035 quia
2813 2964 3152 3034 parturientes
3199 2962 3522 3027 audivimus,

1947 3055 2314 3112 fructuminde
2332 3065 2578 3126 putemus
2598 3055 2938 3111 confessione
2961 3054 3146 3110 humili
3169 3056 3520 3110 nasciturum.

2020 3147 2174 3203 Vere.
2203 3149 2257 3207 7.
2297 3146 2362 3201 In
2391 3148 2577 3217 spiritu
2606 3146 2884 3200 vehementi
2909 3155 3132 3199 conteres
3165 3161 3314 3199 naves
3357 3143 3525 3198 Thar-

1949 3239 2040 3292 sis.
2075 3240 2239 3293 Actus
2269 3237 2384 3307 ipse
2433 3236 2714 3292 dominicae
2743 3234 3036 3290 nativitatis
3057 3237 3360 3303 exponitur.
3391 3232 3547 3287 Nam--

1948 3337 2003 3382 ut
2031 3327 2242 3397 quidam
2263 3327 2443 3383 dicere
2462 3327 2765 3393 voluerunt,
2791 3325 3003 3394 spiritus
3020 3324 3282 3378 vehemens
3310 3323 3525 3395 (Matth.

1947 3433 2008 3484 ll,
2041 3416 2098 3489 8)
2126 3427 2262 3483 erat,
2299 3418 2516 3488 quando
2549 3417 2785 3472 Herodes
2809 3415 2876 3470 de
2907 3427 3005 3470 suo
3035 3429 3200 3484 regno
3240 3413 3523 3479 sollicitus,

1948 3526 2133 3581 magos
2179 3511 2399 3566 miserat
2426 3519 2484 3567 ut
2529 3510 2729 3580 Regem
2776 3517 2955 3563 natum
2989 3507 3267 3573 viderent,
3317 3506 3528 3575 sibiqua

1950 3599 2220 3668 cognitum
2243 3601 2574 3654 nuntiarent.
2600 3597 2704 3652 Sed
2734 3596 2840 3652 illis
2869 3611 2973 3650 non
3003 3595 3068 3651 ad
3097 3610 3155 3650 se
3185 3595 3528 3650 redeuntibus

1955 3703 2183 3745 necesse
2237 3689 2419 3744 habuit
2469 3689 2773 3743 vehementi
2831 3686 3023 3755 spiritu
3077 3685 3424 3751 contmmeri,
3477 3694 3537 3739 et

1951 3792 2205 3837 conterere
2232 3797 2381 3836 naves
2403 3779 2600 3835 Tharso
2620 3779 2838 3844 Cilieire,
2882 3793 3003 3849 quas
3043 3778 3327 3848 pradictos
3347 3792 3536 3846 magos

1906 3908 1908 3910 -
1953 3873 2166 3932 occulte
2189 3874 2244 3926 in
2271 3887 2419 3927 suam
2453 3872 2780 3942 provinciam
2811 3871 3527 3940 transposuisse-cvedeban-

1956 3973 2063 4018 tur.
2092 3963 2241 4031 Quod
2273 3963 2386 4017 fieri
2437 3962 2578 4017 solet
2604 3978 2634 4016 a
2676 3963 2889 4031 regibus
2937 3960 3421 4024 calumniantibus;
3470 3968 3528 4012 ut

1952 4053 2168 4124 quando
2195 4066 2290 4107 sua
2319 4051 2585 4107 desideria
2619 4052 2840 4119 implere
2887 4057 3179 4119 nequeunt,
3214 4063 3306 4116 per
3334 4049 3556 4103 damna~

1953 4145 2233 4200 humilium
2261 4152 2637 4213 tormentaque
2665 4143 2986 4197 discurrant.
3035 4143 3242 4210 Inspice
3272 4154 3552 4211 quantum-

1951 4237 2184 4294 creverit
2229 4236 2332 4292 ista
2365 4237 2624 4302 narratio,
2674 4250 2781 4307 quo
2833 4235 3097 4306 principio
3141 4235 3412 4302 inchoata,
3459 4235 3554 4290 ad;

1952 4345 2112 4402 quam
2142 4330 2448 4400 pervenerit
2474 4329 2860 4384 summitatem.
3619 4317 3625 4328 ’

2032 4423 2183 4478 Vers.
2213 4422 2266 4478 8.
2298 4421 2443 4478 Sicut
2471 4422 2782 4483 audivimus.
2813 4422 2886 4474 ita
2913 4429 2959 4476 et
2993 4421 3212 4476 vidimus
3253 4421 3307 4475 in
3333 4420 3553 4475 civitate-

1956 4510 2163 4566 Domini
2184 4514 2448 4579 virtutum,
2476 4513 2529 4566 in
2555 4513 2751 4566 civitate
2794 4509 2891 4566 Dei
2922 4513 3107 4567 nostri.
3133 4512 3386 4568 Decursis
3415 4529 3552 4568 om-A

237 4593 441 4658 infers
484 4591 537 4643 in
578 4591 806 4647 claritate
827 4635 841 4658 ,
883 4595 957 4648 sic
997 4596 1094 4648 erit
1120 4607 1165 4648 et
1194 4597 1496 4651 resurrectio
1535 4606 1849 4649 mortuorum
1881 4593 1929 4652 D
1958 4600 2115 4656 nibus
2143 4615 2265 4671 quaa
2295 4600 2434 4656 facta
2463 4610 2587 4655 sunt
2610 4601 2663 4655 in
2681 4602 2954 4656 nativitate
2980 4601 3192 4657 Domini
3217 4600 3532 4666 Salvatoris,

237 4683 296 4746 (Ι
333 4683 484 4738 Cor.
515 4698 605 4747 xv,
636 4683 752 4750 4‘2).
784 4685 933 4739 Tunc
975 4687 1118 4740 enim
1153 4688 1203 4741 in
1251 4697 1508 4742 aeternam
1557 4687 1847 4742 beatitudi-

237 4792 378 4830 nem
421 4774 734 4842 suscipitur,
764 4777 976 4846 quando
1019 4779 1096 4833 illi
1139 4789 1393 4850 perpetua
1435 4779 1623 4848 gaudia
1653 4794 1853 4836 conce-

233 4867 497 4921 duntur.
531 4865 606 4918 lbi
641 4865 779 4920 Deus
808 4867 1160 4937 dignoscitur,
1197 4871 1248 4924 id
1288 4879 1388 4935 est,
1421 4870 1657 4940 potentia
1685 4869 1851 4941 ipsius

237 4960 552 5022 virtusque
597 4956 920 5023 declaratur,
972 4975 1093 5014 cum
1125 4960 1379 5015 Ecclesiae
1421 4974 1531 5015 suae
1563 4961 1686 5016 talia
1718 4976 1852 5031 prte-

233 5052 358 5104 mia
387 5047 508 5102 sub
527 5047 952 5105 distinctionibus
973 5051 1157 5120 donat,
1183 5069 1302 5123 qua:
1324 5069 1600 5123 nunquam
1621 5053 1851 5109 llnienda

231 5142 587 5208 depereant.
629 5139 722 5195 llic
769 5142 911 5197 enim
960 5143 1217 5213 creditur,
1267 5145 1407 5213 quod
1450 5145 1521 5200 ibi
1569 5146 1854 5201 manifesta

233 5235 486 5287 amicae
510 5244 818 5302 praestatur.
1033 5279 1080 5287 ._

326 5322 499 5375 Ven.
533 5323 591 5375 ὁ.
621 5324 876 5389 Quoniam
906 5342 1022 5380 ecce
1049 5341 1191 5396 reges
1217 5335 1365 5381 terra:
1390 5331 1685 5399 congregati
1710 5340 1848 5397 sunt,

1961 4692 2208 4762 sequitur
2232 4691 2390 4762 digna
2426 4692 2730 4756 conclusio,
2757 4693 2826 4747 ita
2853 4693 3019 4748 fuisse
3050 4696 3222 4748 visum
3250 4696 3391 4749 sicut
3420 4693 3534 4748 lue-

1959 4794 2041 4837 rat
2060 4792 2185 4838 ante
2216 4789 2608 4853 prophetatum.
2649 4782 2733 4837 Ita
2756 4800 2886 4840 vero
2915 4785 3054 4853 quod
3079 4785 3279 4840 dictum
3309 4792 3412 4848 est,
3445 4801 3549 4839 re--

1959 4873 2258 4929 rumlidom
2288 4874 2575 4944 diligenter
2605 4878 2900 4943 expressit;
2931 4877 3050 4944 quia
3084 4883 3252 4930 totum
3285 4877 3362 4928 sic
3404 4889 3532 4929 con-

1956 4965 2131 5021 stabat
2159 4965 2378 5031 factum,
2415 4967 2863 5036 quemadmodum
2905 4968 3072 5021 fuerat
3103 4976 3156 5021 ct
3185 4968 3528 5036 promissum.

1953 5058 2203 5114 Additum
2229 5068 2330 5124 est,
2377 5059 2429 5112 in
2474 5060 2674 5114 civitate
2707 5058 2910 5114 Domini
2936 5061 3197 5126 virtutum,
3243 5059 3330 5113 ubi
3364 5068 3415 5113 cl
3443 5074 3532 5111 ve-

1955 5165 2072 5205 rum
2102 5149 2336 5218 auditur,
2373 5159 2428 5205 et
2479 5151 2800 5219 promissum
2846 5165 3006 5205 omne
3052 5151 3400 5219 conspicitur.
3433 5150 3534 5202 Re-

1957 5241 2155 5310 petitur
2181 5248 2231 5295 tn
2261 5241 2460 5295 civitate
2491 5241 2585 5294 Dei
2613 5241 2798 5308 nostri,
2829 5250 2888 5295 ut
2913 5240 3227 5295 catholicam
3261 5239 3428 5293 solam
3462 5241 3532 5290 in-

1959 5332 2246 5402 telligeres,
2292 5347 2359 5388 ne
2408 5332 2510 5387 sibi
2544 5333 2644 5388 hoc
2675 5345 2868 5388 nomen
2900 5341 2954 5388 et
3000 5332 3374 5386 haereticorum
3407 5345 3536 5383 con—

233 5427 290 5468 es
327 5428 688 5469 convenerunt
718 5419 771 5470 in
803 5435 979 5472 unum.
1027 5419 1153 5474 Hth
1197 5429 1323 5474 sunt
1370 5423 1531 5475 latera
1572 5424 1848 5492 aquilonis,

232 5522 382 5575 qua:
410 5508 663 5574 superius
689 5509 850 5571 dixit;
889 5509 1009 5579 quia
1062 5511 1186 5566 licet
1215 5523 1400 5569 contra
1441 5514 1607 5568 Deum
1638 5517 1850 5583 conspi-

231 5614 370 5652 rata
410 5607 598 5652 metite
623 5604 889 5664 venerint,
934 5603 1085 5656 multi
1120 5613 1296 5658 tamen
1339 5618 1524 5657 eorum
1556 5604 1856 5661 credidisse

231 5700 592 5744 noscuntur.
619 5691 778 5759 Reges
808 5703 977 5754 terra’,
1011 5695 1112 5748 hoc
1146 5694 1264 5748 loco
1293 5695 1665 5762 signiﬁcantur
1697 5697 1848 5764 prin-

233 5794 422 5850 czpcs
451 5780 784 5844 lauacrum,
805 5796 935 5852 quos
959 5781 1196 5840 lletodes
1221 5785 1270 5840 in
1297 5802 1456 5843 unum
1489 5800 1844 5858 congregans,

1958 5423 2223 5478 venticula
2251 5423 2598 5478 vindicarent.

2030 5513 2184 5569 Vera.
2214 5515 2268 5568 9.
2300 5513 2433 5567 Deus
2461 5515 2693 5583 [undavit
2723 5533 2833 5569 eam
2884 5517 2936 5568 in
2964 5524 3227 5568 tcternum.
3258 5512 3346 5568 Ne
3376 5512 3556 5567 istam'

1958 5604 2229 5660 civitatem
2280 5604 2372 5658 Dei
2427 5607 2774 5674 temporalem
2829 5606 3106 5661 debuisses
3161 5605 3426 5674 accipere,
3482 5605 3550 5657 iu-

1959 5709 2206 5753 tcternum
2235 5697 2532 5753 Ecclesium
2583 5699 2713 5752 dicit
2741 5715 2862 5753 esse
2914 5699 3202 5763 ﬁrmatam,
3252 5712 3368 5766 qua:
3420 5697 3553 5752 sola.

1960 5791 2219 5846 veraciter
2247 5789 2432 5847 civitas
2458 5790 2666 5847 Domini
2697 5800 3062 5860 nuncupatur.
3091 5789 3364 5848 Gaudeaat
3386 5789 3554 5844 ειυς.
