3956 6178
452 349 554 409 559

1671 354 1741 409 Μ.
1782 349 2060 408 AUllELll
2101 348 2501 407 CASSIODORI

3602 353 3699 408 5-13

454 466 632 525 stiani.
666 476 717 520 et
746 473 853 519 tuta
887 465 1080 519 mentis
1111 465 1467 521 exsultatione
1511 467 1785 532 laetentur,
1813 465 2028 534 quando
2053 467 2098 522 A
2133 465 2340 519 Domini
2389 467 2596 522 sinibus
2651 468 2828 524 cordis
2881 469 3238 538 amplectitur.
3285 467 3538 523 Additum
3583 479 3664 523 est
3689 511 3704 534 ,

454 559 675 612 audiunt
709 572 736 610 a
773 557 996 610 Domino
1022 570 1144 611 esse
1170 557 1464 625 fundatam,
1500 559 1554 612 in
1581 573 1685 628 qua
1714 574 1774 613 se
1803 559 2026 612 ﬁrmiter

454 649 750 704 consistere
790 663 945 716 posse
997 664 1104 702 non
1161 647 1428 705 dubitant.
1462 650 1618 718 Nam,
1667 651 1792 707 licet
1846 651 2027 706 smculi

453 746 606 800 istius
639 745 869 813 procella
901 745 1229 812 quatiantur,
1270 744 1390 814 jure
1444 761 1550 799 non
1590 747 1846 800 metuitur
1885 744 2026 814 quod

454 837 815 890 transitorium
867 837 1286 904 comprobatur,
1337 837 1474 892 sicut
1518 838 1806 906 Apostolus
1854 836 2024 891 dicit:

455 924 575 979 Non
600 933 713 980 sunt
741 927 1008 997 condignce
1039 927 1297 1002 passiones
1327 926 1486 998 hujus
1509 929 1750 996 temporis
1781 927 1851 980 ad
1881 927 2024 995 futu-

451 1033 557 1070 ram
589 1016 824 1087 gloriam,
849 1032 962 1084 qum
989 1016 1291 1071 revelabitur
1318 1018 1369 1070 in
1397 1017 1542 1071 nobis
1571 1018 1744 1085 (Rom.
1776 1033 1890 1081 vm,
1915 1015 2024 1081 18).

527 1109 677 1162 Vers.
713 1109 799 1163 10.
831 1107 1177 1177 Suscepimus,
1209 1109 1364 1168 Deus,
1391 1110 1791 1164 misericordiam
1817 1119 1955 1162 tuam
1976 1109 2029 1163 in

455 1200 620 1253 medio
650 1199 824 1268 templi
857 1199 949 1253 tui.
983 1198 1257 1254 Venerunt
1287 1201 1356 1268 pii
1388 1201 1692 1255 sacerdotes
1739 1201 1804 1255 ad
1837 1216 2032 1256 secun-

461 1291 582 1344 dam
637 1300 861 1359 partem,
906 1291 992 1345 ubi
1036 1307 1223 1362 magna
1276 1293 1456 1347 lmtitia
1511 1295 1691 1348 cordis
1737 1294 2028 1348 exsultant.

457 1385 792 1454 Suscepimus
844 1399 946 1437 non
977 1383 1139 1438 debet
1164 1385 1488 1453 generaliter
1519 1385 1710 1454 accipi,
1766 1386 1888 1454 quia
1923 1400 2028 1440 non

454 1489 640 1529 omnes
670 1475 1045 1541 crediderunt;
1076 1475 1170 1530 sed
1214 1476 1280 1529 ad
1310 1477 1607 1531 catholicos
1646 1477 1800 1547 160
1825 1484 2030 1530 tantum

458 1568 719 1634 pertinet,
750 1569 838 1636 qui
868 1567 982 1632 eius
1028 1576 1294 1635 praecepta
1340 1569 1508 1622 secuti
1549 1575 1691 1621 sunt.
1729 1567 2028 1621 Misericor-

459 1658 598 1710 diam
651 1657 836 1712 dicunt
895 1657 1174 1711 Dominum
1225 1657 1527 1721 Christum,
1576 1657 1667 1727 qui
1713 1657 2032 1712 exorbitanti

461 1750 663 1819 mundo
703 1749 953 1804 misertus
979 1758 1095 1814 est;
1129 1758 1182 1804 et
1203 1749 1268 1803 ad
1299 1749 1400 1804 hoc
1422 1759 1624 1803 tantum
1651 1765 1710 1804 se
1753 1748 1917 1802 voluit
1945 1748 2035 1801 vi-

2127 565 2336 608 narrate
2364 557 2417 610 in
2447 558 2672 610 turribus
2699 560 2839 625 eius;
2864 568 2918 613 ut
2957 574 2988 612 a
3013 559 3266 629 religioso
3313 574 3562 615 sermone
3590 575 3704 616 ces-

2129 660 2252 701 sare
2281 662 2387 702 non
2432 649 2683 716 debeant,
2735 650 2830 718 qui
2873 651 3072 706 sanctis
3120 651 3398 706 ordinibus
3443 655 3706 709 obsecrm»

2129 739 2273 794 dant.
2302 742 2370 796 Et
2397 743 2648 811 quoniam
2679 742 2918 798 Ecclesia
2943 744 3130 797 civitas
3165 742 3254 798 Dei
3275 752 3378 806 est,
3410 751 3577 797 turres
3607 743 3707 798 ibi-

2129 828 2250 883 dem
2276 841 2644 899 competenter
2687 843 2882 902 aptatae
2913 844 3067 898 sunt;
3099 833 3148 888 id
3190 843 3274 888 est
3303 833 3608 888 altitudines
3653 846 3715 890 et

2132 920 2456 975 munitiones
2497 932 2678 976 contra
2711 923 2890 978 hostes
2921 923 3220 978 haereticos.
3250 923 3353 978 Sed
3383 924 3506 992 quia
3535 925 3705 978 incre-

2133 1011 2272 1067 dulis
2301 1027 2520 1068 narrare
2544 1014 2860 1083 suadebant,
2902 1016 2992 1084 qui
3026 1014 3154 1070 foris
3178 1015 3246 1070 ab
3276 1016 3510 1070 Ecclesia
3532 1031 3707 1070 mora-

2133 1107 2345 1173 bantur,
2375 1123 2478 1163 non
2529 1108 2597 1163 de
2625 1109 2892 1178 domibus,
2940 1125 3042 1164 non
3073 1110 3140 1165 de
3171 1110 3483 1178 porticibus,
3517 1109 3610 1165 sed
3639 1111 3711 1165 de

2133 1198 2252 1252 altis
2278 1199 2502 1252 turribus
2529 1199 2712 1254 dicunt
2741 1215 2863 1256 esse
2910 1201 3328 1271 prardicandum,
3363 1202 3501 1257 unde
3541 1217 3710 1272 popu-

2134 1290 2216 1344 lus
2245 1291 2430 1344 audire
2459 1292 2626 1359 possit
2653 1300 2965 1348 extraneos.

2210 1379 2360 1433 Vers.
2393 1379 2480 1434 M.
2508 1379 2692 1435 Ponite
2719 1382 2877 1435 corda
2900 1391 3065 1436 uestra
3095 1383 3148 1437 in
3173 1385 3360 1437 uirtute
3377 1386 3508 1454 ejus,
3538 1394 3584 1437 et
3607 1384 3716 1437 dis-

2138 1473 2339 1527 tribuite
2384 1474 2574 1543 gradus
2617 1476 2729 1545 ejus
2753 1489 2771 1528 :
2798 1484 2855 1528 ut
2895 1476 3144 1528 enarretis
3181 1475 3231 1527 in
3263 1476 3499 1544 progenie
3529 1475 3712 1528 altera.

2136 1564 2214 1620 Ne
2239 1566 2432 1620 animat
2477 1565 2705 1620 ﬁdelium
2735 1566 3002 1623 audiendo
3041 1567 3282 1622 laetitiam
3321 1577 3375 1621 et
3403 1566 3718 1621 exsultatio-

2138 1671 2258 1711 nem
2284 1657 2458 1726 aliqua
2484 1658 2798 1712 remissione
2822 1658 3182 1714 lentescetent
3202 1699 3216 1721 ,
3240 1660 3295 1711 in
3329 1657 3584 1712 Ecclesiae
3603 1658 3712 1709 vir-

2139 1757 2244 1802 tute
2263 1751 2442 1814 corda,
2471 1749 2653 1804 dicunt
2671 1766 2778 1804 esse
2801 1750 3129 1819 reponenda;
3159 1749 3210 1804 id
3239 1759 3321 1805 est
3349 1750 3402 1803 in
3432 1749 3714 1811 charitato,

464 1840 600 1909 deri,
628 1850 682 1895 nt
719 1842 893 1894 omnis
913 1840 1136 1895 credens
1162 1840 1424 1910 potuisset
1453 1840 1675 1894 absolvi.
1705 1839 1900 1909 Aptum
1932 1855 2032 1894 no-
2065 1825 2113 1884 B
2141 1854 2240 1906 qua
2272 1839 2469 1892 virtute
2491 1839 2623 1893 nihil
2656 1849 2830 1908 potest
2849 1855 2968 1896 esse
2993 1840 3370 1908 prmstantius;
3405 1841 3543 1894 sicut
3571 1841 3719 1906 Apo-

465 1946 607 1996 men,
639 1939 781 1984 certa
818 1930 1134 1996 promissio;
1159 1940 1216 1985 ut
1243 1931 1330 1986 ille
1358 1932 1706 1986 misericordia
1734 1940 2035 1995 vocaretur,

466 2021 553 2088 qui
584 2030 637 2076 et
664 2021 906 2076 Salvator
931 2036 1055 2075 vere
1097 2021 1293 2075 dicitur
1319 2030 1372 2074 ct
1400 2019 1742 2089 Redemptor.
1777 2018 1841 2074 In
1871 2020 2036 2073 medio

464 2116 636 2186 templi
663 2116 754 2181 tui,
786 2129 1105 2186 synngngam
1150 2116 1338 2169 volunt
1370 2115 1614 2183 intelligi,
1655 2114 1722 2168 ad
1762 2129 1918 2184 quam
1947 2128 2036 2168 ve-

466 2216 617 2261 nerat
645 2205 1006 2272 liberandam;
1039 2207 1156 2270 sed,
1183 2221 1248 2261 eo
1281 2206 1473 2275 porulo
1501 2223 1604 2261 non
1635 2206 1908 2271 credente,
1943 2218 2039 2260 vo-

465 2308 598 2351 cata:
645 2307 832 2367 gvntes
880 2297 1243 2351 misericordia:
1299 2312 1517 2352 munera
1569 2305 1939 2367 perceperunt.
1973 2296 2038 2352 In

465 2391 628 2444 medio
659 2392 833 2460 templi
867 2390 1066 2445 dictum
1097 2401 1201 2454 est,
1249 2399 1307 2445 ut
1335 2405 1438 2446 non
1479 2390 1807 2444 credentium
1839 2393 2038 2460 impro-

463 2481 600 2535 bitas
652 2481 864 2549 gravius
911 2490 1180 2552 arguatur,
1231 2482 1320 2551 qui
1375 2491 1810 2551 contempserunt
1851 2484 2038 2554 sequi,

463 2587 619 2640 quem
659 2571 711 2626 in
743 2571 918 2626 medio
947 2587 1131 2628 eorum
1153 2581 1362 2628 constat
1384 2587 1502 2628 esse
1527 2584 1894 2642 conspectum.

535 2661 688 2718 Vers.
724 2662 809 2718 11.
843 2665 1134 2719 Secundum
1161 2683 1342 2720 nomen
1377 2673 1540 2731 (stum,
1573 2665 1734 2733 Deus,
1759 2669 1834 2721 ita
1861 2679 1906 2722 et
1926 2669 2041 2722 laus

463 2762 552 2804 tua
577 2752 628 2804 in
657 2753 783 2820 ﬁnes
814 2763 962 2808 terrae
987 2769 1006 2808 :
1024 2756 1230 2826 justitia
1268 2757 1420 2826 plena
1459 2766 1532 2811 est
1554 2757 1763 2810 dextera
1793 2768 1898 2813 tua.
1929 2758 2041 2811 No-

464 2859 577 2895 men
609 2842 703 2898 Dei
747 2845 800 2898 in
832 2853 942 2900 toto
969 2847 1101 2900 orbe
1135 2855 1396 2900 terrarum
1441 2847 1558 2902 sine
1606 2848 1768 2902 dubio
1805 2848 2041 2904 creditur

461 2933 808 2987 adorandum.
843 2933 1073 2989 Possunt
1101 2938 1240 2990 enim
1263 2937 1428 3008 aliqui
1458 2940 1663 2994 nescire
1693 2939 2042 3008 quemadmo-

461 3024 587 3078 dum
619 3023 688 3078 sit
714 3027 992 3094 colendus,
1028 3028 1200 3083 nullus
1247 3038 1423 3084 tamen
1474 3039 1557 3084 est
1609 3031 1698 3099 qui
1733 3032 1816 3086 isti
1847 3032 2043 3086 nomini

464 3131 570 3169 non
597 3130 657 3172 se
690 3125 838 3185 putet
863 3133 982 3174 esse
1005 3120 1327 3189 subjectum.
1354 3121 1465 3175 lloc
1489 3135 1617 3191 ergo
1647 3121 1829 3176 dicunt
1853 3137 1867 3176 ε
1893 3122 2040 3177 Sicut

2143 1929 2312 1983 stolus
2336 1928 2494 1985 docet
2520 1948 2532 1983 :
2565 1929 2779 1983 Manent
2805 1938 2972 1984 autem
3012 1929 3161 1997 ﬁdes,
3189 1945 3323 2000 spes,
3347 1928 3590 1995 charitas,
3615 1929 3720 1982 tria

2144 2020 2288 2086 Iure;
2316 2021 2477 2089 maior
2528 2030 2698 2075 autem
2744 2023 2926 2075 horum
2957 2024 3180 2076 charitas
3231 2020 3284 2092 (Ι
3315 2022 3434 2076 Cor.
3466 2037 3580 2086 xm,
3625 2021 3718 2090 15)

2143 2109 2414 2166 Distribuit
2435 2125 2612 2168 autem
2643 2115 2831 2183 gradus
2863 2114 3138 2179 Ecclesim,
3173 2114 3260 2184 qui
3291 2112 3463 2168 olﬁt-ia
3485 2113 3601 2182 ejus
3633 2112 3723 2166 di-

2143 2205 2336 2260 sﬁncta
2365 2205 2700 2260 ordinatione
2721 2207 2978 2276 disponit.
3008 2207 3140 2262 Sunt
3171 2208 3313 2261 enim
3338 2207 3392 2260 in
3435 2207 3521 2260 illa
3554 2207 3724 2260 lecto-

2144 2311 2262 2364 res,
2294 2305 2418 2350 sunt
2447 2295 2783 2362 subdiaconi,
2811 2307 2936 2350 sunt
2977 2296 3208 2362 diaconi,
3236 2307 3360 2352 sunt
3388 2297 3720 2367 presbyteri,

2143 2399 2268 2444 sunt
2293 2389 2560 2460 episcopi;
2591 2397 2647 2444 et
2668 2391 2912 2460 quamvis
2930 2407 3030 2444 una
3051 2392 3122 2445 sit
3147 2391 3402 2458 Ecclesia,
3434 2391 3606 2445 ofﬁcia
3643 2400 3727 2444 ta—

2144 2496 2264 2536 men
2293 2482 2533 2536 continet
2561 2482 2823 2536 honorum
2859 2482 3116 2538 varietate
3136 2483 3402 2538 distincta.
3435 2483 3561 2536 llaec
3589 2498 3726 2554 ergo

2144 2573 2215 2641 pii
2245 2572 2550 2628 sacerdotes
2593 2582 2936 2628 commonent
2979 2574 3175 2629 debere
3217 2574 3472 2640 distribui,
3519 2585 3575 2629 ut
3627 2585 3721 2642 per

2149 2677 2243 2718 eos
2272 2664 2323 2717 in
2359 2664 2706 2734 generatione
2734 2665 2904 2718 altera
2946 2666 3203 2733 magnalia
3232 2664 3441 2720 Domini
3488 2665 3728 2721 debeant

2146 2754 2446 2822 praedicari.
2463 2755 2683 2808 Alteram
2703 2756 2844 2810 enim
2864 2758 3152 2827 progeniem
3172 2756 3435 2825 signiﬁcat
3462 2756 3722 2824 populum

2142 2845 2525 2910 Christianum,
2554 2846 2640 2915 qui
2661 2845 2730 2900 ab
2757 2846 3002 2909 Hebrzeo,
3024 2861 3180 2915 quem
3212 2847 3439 2916 primum
3462 2845 3729 2901 Dominus

2144 2937 2324 3004 elegit,
2359 2940 2622 2992 secundus
2646 2952 2767 2991 esse
2789 2937 3138 3006 dignoscitur.

2215 3027 2369 3082 Vers.
2422 3028 2508 3082 15.
2568 3027 2822 3093 Quoniam
2869 3028 2952 3081 hic
3001 3037 3072 3081 est
3103 3027 3260 3094 Deus,
3294 3027 3428 3082 Deus
3455 3038 3628 3080 noster
3665 3028 3733 3081 in

2142 3133 2407 3186 (meritum,
2435 3129 2482 3173 et
2523 3120 2575 3172 in
2602 3120 2844 3173 sarculum
2872 3119 3045 3173 swculi
3068 3139 3084 3171 :
3119 3120 3225 3189 ipse
3250 3129 3388 3188 reget
3410 3135 3501 3172 nos
3529 3120 3582 3171 in
3620 3135 3732 3172 siz-

463 3208 516 3262 in
542 3216 652 3263 toto
677 3212 806 3265 orbe
845 3220 1106 3265 terrarum
1137 3211 1433 3268 reverentia
1464 3213 1538 3267 tui
1579 3214 1806 3268 nominis
1849 3214 2040 3268 dilata-
2065 3205 2110 3267 C
2141 3214 2278 3267 culo.
2312 3213 2423 3268 lloc
2451 3223 2530 3266 est
2561 3211 2699 3280 quod
2743 3227 2836 3281 per
2865 3212 3079 3267 ordines
3113 3212 3528 3272 ecclesiasticos.
3579 3212 3738 3266 sicut

464 3310 548 3354 tur
572 3317 586 3353 :
619 3303 684 3354 ita
712 3312 767 3356 et
798 3303 849 3356 in
880 3303 1148 3368 Ecclesia,
1179 3320 1297 3373 qua:
1322 3320 1414 3374 per
1437 3314 1602 3360 totum
1631 3305 1884 3360 mundum
1913 3305 2036 3360 dis-

463 3391 713 3458 tenditur,
761 3394 975 3449 devotio
1018 3397 1110 3450 tibi
1153 3397 1323 3452 laudis
1368 3397 1607 3453 oil'ertur.
1633 3399 1906 3469 Sequitur,
1942 3402 2035 3470 ju-

462 3485 602 3539 stitia
630 3487 778 3554 plena
799 3497 873 3540 est
902 3487 1110 3541 dextera
1137 3498 1244 3541 tua.
1280 3489 1480 3544 Locum
1522 3489 1788 3558 signiﬁcat
1831 3490 1919 3544 ubi
1951 3489 2033 3543 isti

465 3587 588 3632 sunt
613 3578 941 3644 collocandi;
973 3580 1038 3632 ad
1072 3581 1331 3633 dexteram
1372 3579 1570 3648 quippe
1597 3579 1762 3648 ipsius
1792 3579 2032 3642 veniunt,

465 3672 765 3741 quicunque
791 3681 988 3726 aeterna
1040 3671 1256 3740 praemia
1300 3681 1715 3742 consequuntur.
1749 3669 1917 3725 Plena
1960 3679 2034 3724 est

466 3779 594 3833 ergo
623 3764 829 3818 dextera
871 3765 986 3832 ejus
1006 3767 1235 3838 justitia,
1282 3767 1408 3835 quia
1437 3765 1489 3819 in
1523 3765 1671 3818 iilam
1713 3774 1918 3832 partem
1946 3779 2034 3819 re-

463 3852 748 3922 cipiuntur,
781 3855 868 3924 qui
893 3855 1057 3923 ipsius
1085 3870 1306 3910 munere
1329 3855 1459 3925 justi
1487 3869 1610 3910 esse
1635 3858 1948 3912 meruerint.

536 3943 688 3999 Vers.
728 3945 812 3998 12.
840 3945 1062 4000 Laetetur
1091 3963 1230 4000 mons
1259 3947 1406 4010 Sion,
1439 3957 1484 4000 et
1510 3948 1760 4002 exsultent
1788 3949 1912 4017 ﬁlia:
1937 3948 2036 4001 lu-

463 4035 566 4100 διε,
613 4047 820 4106 propter
840 4037 1046 4108 judicia
1075 4046 1194 4102 tua,
1239 4036 1472 4091 Domine.
1516 4037 1616 4092 Per
1643 4049 1860 4090 montem
1906 4037 2036 4092 Sion

465 4125 705 4180 Ecclesia
752 4126 1013 4180 catholica
1054 4125 1405 4194 signiﬁcatur,
1451 4142 1571 4197 qua:
1599 4127 2039 4195 interpretatione

464 4217 631 4285 ipsius
674 4218 907 4272 nominis
939 4217 990 4270 in
1021 4219 1386 4286 speculatione
1417 4219 1599 4289 populi
1629 4220 1868 4273 noscitur
1911 4233 2039 4273 con-

464 4308 669 4361 stituta.
703 4307 826 4360 Hmc
852 4316 1065 4375 optatur
1109 4308 1310 4373 laetari,
1359 4311 1484 4378 quia
1520 4325 1584 4363 ex
1613 4324 1832 4363 munere
1873 4309 2039 4378 ipsius

461 4405 661 4450 :eterna
703 4395 892 4466 gaudia
941 4397 1253 4464 possidebit.
1303 4397 1458 4452 Filia:
1495 4397 1669 4464 ludat,
1700 4413 1887 4454 omnes
1915 4414 2041 4454 san—

460 4497 575 4541 etas
604 4487 826 4540 feminas
853 4487 1103 4541 declarat.
1132 4487 1233 4541 Per
1264 4486 1459 4540 ludam
1488 4489 1630 4543 enim
1668 4490 1932 4558 justarum
1965 4489 2041 4545 fe-

2141 3303 2300 3357 hodie
2331 3304 2409 3370 ﬁt,
2459 3318 2678 3357 narrare
2703 3303 2985 3358 voluerunt
3012 3304 3206 3372 p0pulo
3249 3303 3410 3358 ﬁdeli.
3437 3301 3731 3357 Sententia

2139 3395 2350 3464 quidem
2383 3395 2583 3458 brevis,
2629 3395 2724 3449 sed
2755 3410 2873 3461 quae
2903 3396 3146 3449 universa
3180 3395 3485 3448 concludit:
3513 3393 3618 3447 Hie
3643 3404 3734 3447 est

2140 3485 2279 3539 Deus
2325 3485 2460 3538 Deus
2504 3494 2692 3550 noster,
2741 3483 3011 3539 Christum
3065 3485 3328 3555 signiﬁcat
3367 3503 3380 3538 :
3425 3485 3737 3539 ostendens

2139 3590 2259 3628 eum
2292 3574 2458 3643 digito
2489 3583 2737 3642 tanquam
2770 3584 3109 3642 prtesentem.
3143 3577 3270 3640 Quae
3318 3575 3481 3644 ﬁgura
3522 3575 3738 3630 dicitur

2143 3666 2282 3730 idea,
2314 3664 2499 3720 Latine
2526 3666 2733 3734 species
2760 3683 2772 3717 ε
2799 3665 3010 3735 quando
3055 3666 3252 3733 aliquid
3303 3665 3537 3719 futurum
3571 3666 3739 3720 velut

2141 3757 2311 3811 oculis
2359 3755 2680 3822 oﬁ‘ere..tes,
2747 3766 2948 3810 motum
3003 3757 3165 3811 animi
3211 3758 3560 3811 concitamus.
3614 3757 3742 3810 Hic

2140 3849 2308 3912 enim,
2344 3863 2639 3917 pronomen
2685 3849 2964 3903 articulare
3007 3856 3111 3916 est,
3147 3849 3284 3918 quod
3329 3860 3452 3902 tunc
3478 3849 3739 3917 ponitur,

2139 3939 2351 4007 quando
2381 3948 2531 3994 tensa
2577 3953 2734 3992 manu
2772 3939 2963 4007 aliquis
2990 3939 3276 3994 indicatur.
3300 3941 3419 4008 Ipse
3445 3941 3590 3994 enim
3632 3940 3743 3996 hic

2143 4039 2472 4084 monstratus
2493 4041 2596 4098 ρει,
2622 4031 2709 4098 qui
2738 4038 2794 4086 et
2831 4032 3134 4086 carnalibus
3155 4033 3326 4086 oculis
3365 4033 3533 4087 voluit
3555 4049 3744 4101 appa-

2141 4136 2260 4175 rere
2289 4137 2302 4174 :
2331 4120 2398 4175 de
2425 4136 2530 4190 quo
2577 4122 2820 4176 similiter
2854 4121 3060 4176 Baruch
3109 4124 3364 4192 propheta
3409 4125 3580 4182 dicit:
3617 4125 3748 4180 Hic

2143 4221 2214 4264 est
2243 4209 2381 4265 Deus
2411 4221 2596 4276 nos'er,
2631 4221 2676 4266 et
2699 4227 2799 4266 non
2841 4214 3177 4267 mstimabitur
3218 4213 3353 4268 alius
3392 4215 3585 4284 absque
3628 4217 3746 4270 illo

2143 4302 2374 4371 (Βαναεὴ
2404 4319 2482 4368 Ill,
2533 4303 2648 4374 '56).
2698 4305 2970 4376 Sequitur,
3003 4308 3056 4362 in
3085 4318 3361 4371 internum,
3391 4317 3437 4361 et
3485 4309 3536 4360 in
3565 4324 3754 4362 sarcu-

2142 4394 2248 4447 lum
2276 4394 2470 4448 seculi.
2519 4395 2716 4451 Contra
2747 4398 2866 4452 illos
2907 4398 3007 4452 hoc
3036 4398 3319 4453 dicendum
3374 4411 3456 4454 est
3499 4400 3589 4468 qui
3619 4401 3751 4456 sibi

2145 4485 2461 4553 temporales
2492 4485 2736 4543 homines
2782 4488 2914 4544 deos
2942 4505 3062 4544 esse
3092 4489 3324 4544 inaniter
3351 4491 3741 4556 somniabant,

463 4579 723 4634 minarum
765 4594 930 4649 genus
960 4581 1277 4645 ostenditur,
1329 4590 1545 4650 propter
1575 4581 1852 4637 Dominum
1883 4582 2037 4638 Chri-
2067 4576 2115 4634 D
2143 4576 2381 4640 Martem,
2429 4577 2766 4646 Mercurium,
2797 4580 3106 4644 Saturnum,
3139 4594 3436 4650 cmteraque
3468 4591 3748 4649 portenta

461 4680 621 4737 stum,
653 4673 738 4741 qui
769 4689 836 4727 ex
868 4672 979 4741 ipsa
1024 4673 1163 4727 tribu
1193 4674 1371 4728 carnis
1410 4676 1790 4744 prapagatione
1808 4675 2034 4730 descen-

461 4763 558 4816 dit.
587 4764 653 4818 Et
683 4764 777 4819 has
809 4775 992 4834 petunt
1017 4766 1315 4832 exsultare;
1345 4777 1404 4822 ut
1426 4767 1479 4822 in
1522 4777 1747 4836 utroque
1776 4783 1906 4822 sexu
1940 4769 2036 4822 Ec-

461 4855 678 4908 clesiam
705 4854 910 4909 Domini
932 4857 1232 4925 gavisuram
1255 4872 1375 4912 esse
1395 4865 1770 4913 monstrarent.
1794 4858 2032 4925 Addunt,

463 4955 670 5016 propter
687 4946 892 5017 judicia
943 4958 1050 5015 tua,
1096 4947 1347 5011 Domine;
1384 4948 1498 5018 ipsa
1547 4957 1629 5003 est
1672 4949 1814 5004 enim
1846 4964 2037 5020 magna

461 5052 617 5090 causa
667 5037 881 5103 laetitiae,
923 5049 979 5092 ut
1025 5049 1229 5106 prapter
1266 5040 1473 5107 judiria
1515 5037 1726 5092 Domini
1763 5041 2034 5110 exsultent,

463 5127 552 5180 ubi
584 5141 643 5180 se
689 5126 758 5181 ad
797 5127 1179 5183 bratitudinem
1227 5139 1482 5183 aeternam
1535 5138 1866 5198 cognoscunt
1918 5143 2038 5184 esse

460 5225 732 5271 venturas.

537 5307 686 5362 \lers.
714 5307 801 5363 15.
834 5308 1155 5362 Circumdate
1182 5309 1332 5375 Sion,
1368 5318 1416 5362 et
1462 5309 1858 5375 complectimiui
1883 5326 1994 5362 eam
2017 5325 2036 5362 :

463 5408 668 5451 narrate
695 5399 747 5451 in
775 5397 998 5452 turribus
1043 5401 1177 5468 ejus.
1209 5400 1498 5468 Postquam
1546 5412 1825 5469 utrumque
1851 5415 2036 5455 sexum

465 5490 534 5558 pii
572 5490 878 5547 sacerdotes
906 5500 1370 5556 commonuerunt,
1401 5493 1620 5547 veniunt
1669 5493 1735 5547 ad
1785 5494 2038 5547 ecclesia-

464 5583 626 5634 sticos
654 5581 893 5646 ordines,
923 5582 1009 5651 qui
1038 5581 1253 5637 domum
1284 5582 1377 5638 Dei
1427 5584 1713 5639 allectuosa
1757 5585 2039 5641 devotione

467 5670 811 5724 circumdant.
848 5669 1190 5736 Circumdute,
1233 5673 1297 5725 ad
1349 5673 1580 5730 honores
1627 5674 1855 5744 pertinet
1884 5673 2038 5728 cabi-

470 5759 668 5815 bendos
701 5778 710 5813 :
742 5763 1149 5833 complectimini,
1191 5766 1256 5820 ad
1302 5765 1624 5823 cbaitatem
1677 5782 1794 5836 qua
1839 5780 2035 5823 nomen

2144 4667 2320 4735 potius
2348 4667 2572 4722 dicenda
2598 4684 2756 4737 quam
2803 4671 3037 4723 numina.
3075 4671 3214 4740 Ergo
3240 4671 3404 4726 Deum
3437 4671 3752 4726 immorta—

2145 4758 2271 4823 lem,
2297 4760 2702 4828 sempiternum,
2729 4762 2845 4816 sine
2869 4762 2972 4816 ﬁne
2996 4764 3418 4830 potentissimum
3441 4763 3762 4822 Christum

2146 4847 2424 4904 Dominum
2453 4861 2699 4907 asserunt
2740 4853 3154 4919 praadicandum,
3187 4854 3277 4922 qui
3310 4856 3361 4908 in
3405 4870 3462 4909 se
3491 4857 3764 4912 creden-

2145 4950 2222 4996 tes
2243 4943 2439 5011 jugiter
2460 4946 2686 5014 protegit
2714 4959 2776 4999 ac
2801 4945 3060 5000 defendit.
3092 4947 3340 5011 lniertur,
3369 4957 3416 5000 et
3445 4949 3557 5015 ipse
3584 4965 3766 5018 reges

2144 5048 2236 5086 nos
2266 5035 2319 5088 in
2351 5036 2562 5088 saecula.
2595 5034 2755 5107 Reget
2785 5036 2968 5105 utique
2997 5053 3113 5103 nos,
3146 5039 3271 5106 quia
3318 5040 3431 5106 ipse
3481 5037 3596 5091 Rex
3625 5055 3770 5094 no-

2143 5131 2254 5177 stcr
2286 5126 2494 5192 proprie
2524 5141 2587 5181 ac
2614 5127 2874 5182 veraciter
2899 5127 3094 5182 dicitur
3123 5127 3388 5183 Christus.
3415 5127 3482 5182 In
3507 5131 3770 5198 sarcula,

2142 5216 2405 5286 signiﬁcat
2434 5220 2548 5274 sine
2599 5220 2729 5286 ﬁne,
2757 5221 3006 5290 quoniam
3049 5237 3184 5291 quos
3215 5222 3306 5276 ille
3329 5223 3577 5293 regendos
3603 5238 3779 5279 sus-

2143 5310 2344 5378 ceperit
2374 5310 2451 5380 (si
2476 5319 2652 5367 tamen
2699 5313 2767 5367 ab
2799 5314 2913 5382 ipso
2943 5329 3049 5367 non
3079 5313 3334 5382 devient)
3360 5314 3458 5368 sub
3484 5314 3779 5381 gloriosa

2145 5405 2492 5471 perpetuitate
2523 5405 2778 5461 custodit.

2680 5498 2953 5552 Conclusio
2980 5498 3184 5565 psalmi.

2217 5586 2439 5641 Paterna
2482 5587 2632 5642 nobis
2660 5596 2714 5642 et
2741 5588 3090 5642 sacerdotalia
3122 5588 3260 5642 dicta
3293 5593 3614 5648 sonuerunt,
3699 5603 3798 5647 ue

2143 5678 2211 5731 ab
2235 5679 2381 5732 omni
2411 5686 2559 5744 parte
2583 5678 2797 5746 pulsati,
2831 5679 2897 5732 ad
2920 5691 3118 5734 rectam
3146 5678 3391 5731 semitam
3422 5690 3806 5737 merearnur

2144 5768 2354 5824 adduci.
2389 5769 2593 5836 Quanta
2637 5768 2754 5835 tibi,
2785 5768 2893 5826 Rex
2942 5769 3098 5839 bone,
3131 5784 3255 5824 cura
3287 5778 3368 5824 est
3419 5766 3796 5844 huminusu,
