3956 6178
230 305 329 361 3.l

1104 297 1466 355 EXIOSITLO
1509 296 1570 350 IN
1612 293 2068 350 PSALTERIUM.
2113 290 2304 345 PSAL.
2347 288 2579 344 XLVI".

3366 290 3504 337 542⁸

227 416 418 485 quibus
450 427 554 472 tam
581 413 922 485 multiplicem
955 413 1268 468 medicinam
1294 413 1326 466 d
1350 412 1526 482 gnaris
1555 410 1796 478 ingerere
1834 406 1872 462 A
1904 405 1992 459 tali
2017 404 2157 459 dicto
2187 403 2467 458 debuimus
2498 400 2799 460 advertere,
2841 399 2928 470 qui
2959 399 3010 454 in
3052 407 3248 454 sortem
3282 398 3483 457 ('hrisii

224 506 556 575 jnssionutn?
588 504 700 558 Non
730 506 809 558 vis
835 505 999 558 semel
1027 504 1092 557 dii
1113 518 1226 566 ere,
1251 503 1390 572 quod
1415 501 1797 554 humanitatem

229 612 329 650 non
358 613 422 666 pa
451 598 557 649 eris
584 594 848 669 ignorare.
883 594 1122 663 Undique
1151 593 1429 658 admones,
1456 592 1688 661 undique
1716 589 1803 644 do-

227 697 421 747 ces,.et
449 686 606 740 ﬁdem
634 693 870 738 nostram
919 700 1011 753 per
1036 684 1368 742 introductus
1412 695 1663 752 pen-oues
1696 680 1804 734 cla-

232 791 373 829 mare
403 775 564 842 lat-is,
613 783 670 828 ut
725 774 872 828 locus
924 773 1234 842 ignorantia:
1277 771 1510 826 funditus
1566 770 1806 824 videatur

235 867 458 920 abscidi.
493 866 679 919 Merito
704 875 917 919 sanctus
946 875 1068 918 tuus
1094 864 1195 919 Job
1229 863 1356 918 dicit
1384 881 1396 916 :
1434 862 1570 928 Quid
1615 863 1805 932 faciam

234 959 337 1021 tibi,
385 975 418 1012 ο
461 968 628 1012 custos
661 958 920 1011 hominum
971 956 1097 1028 (Job
1144 973 1236 1028 vn,
1281 956 1412 1027 20)?
1444 956 1522 1010 Tu
1552 955 1808 1009 admones

234 1053 370 1119 quod
402 1066 644 1118 quaerere
669 1049 995 1118 debeamus;
1031 1060 1086 1105 tu
1118 1057 1340 1121 praestas
1379 1047 1518 1119 quod
1559 1062 1654 1102 nos
1697 1063 1808 1100 me-

235 1143 334 1196 reri
369 1157 531 1212 posse
561 1142 852 1195 nescimus.

470 1271 832 1330 EXPOSlTlO
873 1272 938 1328 iN
977 1271 1299 1330 PSALMUM
1339 1272 1569 1328 XLVI".

609 1385 674 1440 In
702 1387 854 1454 ﬁnem
879 1386 1001 1453 [iliis
1028 1384 1158 1441 Core
1185 1387 1436 1458 psalmus.

301 1499 474 1555 Tituli
513 1499 671 1567 huius
699 1499 863 1555 verba
906 1501 1065 1571 (sicut
1084 1515 1228 1570 saepe
1256 1500 1455 1556 dictum
1488 1497 1590 1571 est)
1617 1506 1806 1555 cuncta

237 1592 457 1644 trahunt
496 1592 562 1644 ad
596 1593 875 1645 Domimnn
903 1591 1260 1649 Salvatorem.
1304 1592 1422 1662 lpse
1460 1592 1604 1648 enim
1636 1601 1688 1646 et
1717 1606 1810 1660 per

236 1682 387 1750 finem
418 1681 767 1753 signiﬁcatur,
800 1691 850 1738 et
896 1697 992 1752 per
1015 1681 1154 1739 ﬁlios
1199 1683 1370 1738 crucis
1401 1683 1731 1753 intelligitur,
1760 1696 1812 1737 et

1903 496 2170 549 veniunt:
2203 495 2455 564 quoniam
2501 502 2555 548 et
2599 493 2711 562 ipse
2761 492 3004 546 Christus
3051 491 3214 545 Filius
3257 492 3487 544 hominis

1905 598 2032 640 esse
2056 583 2391 653 praedicatur.
2420 584 2486 637 Et
2514 590 2783 638 memento
2812 581 2932 651 quia
2961 591 3146 636 contra
3173 581 3342 634 Adam
3375 573 3496 648 ipse

1905 691 2120 745 semper
2153 678 2470 746 oppooitur;
2523 674 2737 740 merito,
2770 672 2983 743 quando
3012 673 3150 742 quod
3203 687 3296 741 per
3341 672 3486 725 illum

1905 768 2086 836 periit,
2120 767 2222 820 isto
2245 767 2512 830 veniente,
2538 764 2796 817 salvatum
2822 770 2923 816 est.
2952 761 3228 831 Sequitur,
3258 760 3408 814 simul
3437 761 3489 815 in

1909 875 2068 913 unum
2093 858 2231 912 dives
2259 867 2305 912 et
2330 873 2539 927 pauper.
2573 855 2712 911 Ecce
2742 855 2841 910 ista
2869 854 3154 920 sententia,
3183 869 3301 923 qua:
3330 867 3490 923 supe-

1905 949 2019 1006 rius
2051 949 2478 1020 promittebatur,
2511 948 2696 1002 eluxit.
2741 945 2820 1002 De
2847 945 3058 1000 Christo
3088 946 3229 1000 enim
3263 945 3489 1000 Domino

1909 1039 2120 1104 dicitur,
2166 1040 2320 1093 simul
2349 1039 2402 1092 in
2433 1054 2589 1091 unum
2634 1037 2769 1090 diues
2817 1044 2866 1091 et
2905 1052 3099 1106 pauper
3129 1050 3147 1088 :
3180 1035 3334 1097 dives,
3366 1036 3490 1105 quia

1913 1130 2093 1196 Deus;
2146 1147 2339 1198 pauper
2366 1170 2381 1195 ,
2431 1129 2550 1198 quia
2584 1128 2781 1192 homo;
2835 1127 2972 1181 sicut
3007 1125 3136 1180 dicit
3164 1125 3490 1195 Apostolus:

1917 1219 2221 1274 Mementote
2246 1221 2424 1292 gratia:
2449 1218 2656 1271 Domini
2687 1217 2844 1270 nostri
2872 1213 2998 1269 Jesu
3028 1215 3235 1278 Christi,
3267 1216 3354 1285 qui
3377 1231 3493 1282 pro-

1912 1325 2023 1384 pter
2052 1329 2137 1366 vos
2167 1327 2362 1383 pauper
2394 1314 2559 1380 fartus
2591 1319 2701 1374 est,
2752 1325 2862 1361 eum
2893 1317 3016 1361 esset
3047 1309 3224 1372 dives;
3273 1316 3326 1360 ut
3355 1307 3494 1360 illius

1914 1413 2212 1475 paupertate
2247 1419 2331 1456 vos
2359 1403 2533 1456 divites
2577 1401 2747 1454 essetis
2777 1397 2865 1470 (II
2893 1399 3011 1455 Cor.
3046 1415 3157 1466 vnt,
3201 1399 3272 1468 9).
3306 1398 3494 1453 Merito

1915 1508 2043 1560 ergo
2071 1501 2176 1546 tam
2205 1506 2392 1560 magna
2417 1491 2674 1561 promissa
2705 1498 2848 1554 sunt,
2873 1504 2991 1543 cum
3020 1497 3127 1542 tam
3151 1489 3417 1558 praecipua
3440 1496 3496 1542 et

1917 1583 2172 1638 salutaria
2216 1583 2356 1636 dicta
2409 1589 2780 1650 sequerentur.
2837 1579 3182 1646 Superiorum
3230 1577 3492 1633 dictorum

1915 1675 2094 1731 brevis
2132 1672 2435 1744 explanatio
2465 1681 2582 1737 est;
2615 1672 2754 1724 dives
2799 1671 3026 1740 pertinet
3056 1668 3124 1724 ad
3163 1671 3514 1742 terrigenam.-

238 1790 328 1845 per
357 1775 616 1843 psalmum
637 1775 755 1830 sine
778 1775 939 1829 dubio
964 1775 1115 1846 161
1139 1775 1508 1843 denuntiatur;
1539 1786 1593 1831 ut
1623 1777 1812 1830 merito
1846 1776 1889 1834 Β
1920 1767 2041 1837 quia
2078 1764 2376 1820 numerosis
2408 1763 2638 1832 peccatis
2669 1761 2924 1831 probatur
2950 1760 3271 1829 opulentus;
3304 1776 3496 1829 pauper

238 1868 405 1936 ipsius
458 1882 648 1923 vocem
695 1877 974 1924 venturam
1020 1882 1140 1924 esse
1182 1869 1490 1935 sentiamus,
1541 1869 1694 1938 cujus
1738 1878 1817 1924 tot

237 1960 450 2016 iudiciis
481 1959 781 2031 lampabilis
809 1975 989 2016 sermo
1016 1961 1358 2030 promittitur.

817 2070 1012 2127 Divisio
1045 2071 1248 2143 psalmi.

303 2187 418 2243 Per
446 2195 618 2242 totum
646 2185 910 2257 psalmum
935 2193 1062 2241 sunt
1086 2185 1247 2242 verba
1273 2185 1653 2255 omnipotentis
1675 2185 1812 2243 Filii.

243 2281 291 2333 In
316 2279 499 2348 prima
519 2278 757 2333 sectione
777 2278 909 2333 dicit
923 2278 1094 2348 qualia
1121 2278 1414 2342 locuturus,
1432 2276 1518 2332 vel
1539 2292 1658 2348 quae
1681 2292 1818 2346 prte-

239 2377 480 2424 staturus
510 2369 583 2424 sit
611 2367 858 2424 ﬁdelibus
897 2379 1138 2437 tempore
1164 2367 1542 2424 incarnationis
1565 2382 1694 2422 suae.
1723 2367 1822 2424 Se-

237 2462 412 2516 cunda
434 2469 700 2516 memorat
713 2461 890 2516 stultis
909 2469 966 2516 et
991 2460 1360 2530 insipientibus
1387 2469 1583 2530 quanta
1598 2468 1819 2516 ventura

237 2554 364 2608 sint.
385 2552 567 2609 Tertia
595 2553 727 2608 dicit
739 2568 857 2623 qua:
876 2552 1053 2624 justos
1079 2553 1376 2623 impiosque
1402 2560 1651 2608 secutura
1672 2561 1815 2608 sunt.

237 2643 440 2711 Quarta
482 2652 793 2700 commonet
837 2644 1023 2700 ﬁdeles
1067 2659 1136 2701 ne
1182 2644 1407 2701 timeant
1432 2644 1626 2702 divites
1654 2653 1822 2700 terra-

237 2749 380 2800 ru,
409 2733 537 2804 quia
565 2748 779 2790 omnem
821 2735 1112 2805 potentiam
1148 2749 1300 2791 suam
1347 2749 1467 2791 cum
1506 2734 1635 2791 luce
1661 2733 1818 2790 dere-

237 2824 510 2894 linquunt.

777 2936 1045 3004 Expositio
1074 2935 1278 3006 psalmi.

305 3050 472 3107 Ven.
511 3049 561 3104 1.
593 3049 779 3104 Audite
803 3051 934 3116 haec,
965 3067 1135 3106 omnes
1178 3061 1384 3123 gentes;
1414 3051 1621 3104 auribus
1659 3049 1824 3120 perci-

1921 1856 2137 1924 respicit
2172 1855 2236 1909 ad
2267 1855 2399 1922 ﬁlios
2428 1855 2710 1918 hominum,
2749 1850 2867 1920 quia
2896 1852 2947 1904 in
2978 1851 3083 1904 vita
3108 1849 3233 1922 [ed.,
3273 1849 3495 1921 ambitu]

1923 1945 2078 2016 hujus
2108 1946 2289 2001 saeculi
2319 1957 2580 2014 pauperes
2611 1951 2754 2010 sunt,
2798 1951 2852 1996 ut
2896 1940 3099 1996 futuras
3142 1940 3356 1995 divitias
3386 1941 3499 2008 ple-

1921 2037 2138 2092 nissime
2163 2044 2584 2105 consequantur;
2608 2033 2746 2088 sicut
2773 2033 2824 2087 in
2851 2031 3136 2102 Evangelio
3165 2032 3327 2087 dicit:
3350 2031 3522 2087 Beati-

1919 2141 2165 2198 pauperes
2195 2125 2403 2196 spiritu,
2423 2126 2663 2195 quoniam
2687 2125 2913 2194 ipsorum
2937 2133 3018 2177 est
3035 2122 3519 2194 regnumcarlorum-~

1919 2218 2136 2290 (Matth.
2168 2233 2222 2288 v,
2253 2219 2332 2289 5).
3333 2211 3368 2233 Χ

1993 2327 2145 2386 Vers.
2179 2332 2232 2386 5.
2262 2329 2333 2386 0s
2361 2346 2527 2385 meum
2555 2329 2788 2402 loquetur
2814 2330 3138 2402 sapientiam,
3163 2338 3207 2383 et
3238 2329 3521 2383 meditatio.-

1920 2422 2091 2476 cordis
2120 2422 2216 2476 mei
2255 2422 2598 2494 prudentiam.
2634 2421 2840 2477 Excolit
2870 2422 3008 2492 quod
3040 2421 3283 2491 superius
3312 2422 3510 2490 coepit,

1922 2528 2027 2567 non
2062 2512 2369 2578 humanam,
2397 2512 2490 2566 sed
2514 2511 2747 2567 divinam
2773 2527 2833 2568 se
2855 2512 3166 2582 sapientiam
3194 2521 3350 2580 atque
3373 2526 3500 2580 pro.»

1923 2602 2159 2658 dentiam
2191 2618 2311 2659 esse
2342 2603 2676 2671 locuturum;
2709 2604 2760 2658 id
2787 2613 2870 2659 est
2894 2600 3170 2658 Dominum
3202 2603 3496 2668 Christum,

1922 2692 1989 2750 de
2011 2708 2115 2761 quo
2140 2693 2272 2748 dicit
2301 2692 2590 2762 Apostolus
2615 2713 2625 2746 :
2654 2692 2764 2747 Nos
2791 2705 2962 2747 autem
2989 2693 3324 2762 prtedieamus
3346 2694 3498 2746 Chri-

1921 2794 2058 2839 stum
2087 2783 2180 2838 Dei
2209 2783 2441 2840 virtutem
2471 2793 2516 2838 et
2548 2783 2644 2838 Dei
2684 2784 2984 2854 sapientiam
3011 2785 3031 2856 (
3056 2782 3081 2835 I
3114 2782 3233 2837 Cor.
3264 2798 3280 2838 t
3305 2824 3320 2849 ,
3359 2782 3431 2836 24
3453 2783 3498 2853 ).ς

1926 2879 2178 2936 Salomon
2205 2893 2418 2948 quoque
2442 2886 2662 2933 testatur
2680 2876 2863 2948 (Prov.
2895 2894 2932 2942 ι,
2949 2875 3161 2947 2)scire
3185 2877 3512 2945 sapientiam-

1924 2978 1979 3024 et
2008 2967 2341 3036 disciplinam
2365 3008 2383 3035 ,
2428 2975 2483 3022 et
2519 2966 2819 3036 intelligere
2847 2965 3006 3020 verba
3035 2965 3346 3034 prudentior.
3395 2965 3502 3022 Sa-

1925 3059 2114 3130 pientia
2151 3059 2381 3127 pertinet
2408 3056 2474 3111 ad
2505 3055 2759 3127 mysteria
2789 3054 2964 3110 divina
2992 3054 3340 3119 declaranda;
3373 3072 3500 3124 pru-

237 3143 364 3213 pite,
397 3159 572 3196 omnes
599 3143 684 3212 qui
719 3142 958 3197 habitatis
985 3144 1173 3197 orbem.
1207 3142 1535 3197 Admonetur
1563 3143 1823 3197 universi-
1847 3134 1897 3200 C
1927 3151 2100 3204 dentia
2131 3164 2258 3204 vero
2306 3147 2371 3203 ad
2427 3163 2604 3202 mores
2637 3146 2936 3217 probabiles
2988 3147 3365 3212 instruendos;
3417 3148 3501 3204 sic

241 3245 320 3290 tas
346 3245 411 3290 ut
440 3235 729 3292 indiscrete
743 3237 924 3291 veniat
949 3236 1012 3291 ad
1038 3236 1377 3302 audiendum,
1401 3237 1523 3306 quia
1550 3236 1686 3292 Deus
1707 3235 1824 3291 sine

240 3330 404 3383 ullius
429 3329 745 3398 acceptione
776 3343 1013 3398 perstinte
1045 3329 1211 3383 bonus
1235 3337 1340 3397 est,
1373 3342 1473 3383 nec
1497 3327 1611 3382 vult
1645 3326 1824 3395 paucis

241 3423 528 3490 prodesse,
558 3431 616 3477 et
641 3423 795 3487 alios,
825 3427 911 3492 qui
946 3431 1120 3477 tamen
1152 3437 1272 3477 eum
1303 3436 1437 3492 puro
1458 3421 1618 3475 corde
1645 3420 1825 3490 requi-

241 3523 385 3579 runt,
415 3514 524 3569 sub
551 3513 974 3569 dissimulatione
1003 3513 1290 3582 negligere.
1327 3511 1545 3577 Deinde,
1571 3511 1689 3581 quia
1721 3510 1828 3566 tale

238 3612 642 3666 sacramentum
674 3603 1053 3659 incarnationis
1081 3603 1359 3658 dominica:
1381 3617 1487 3658 non
1514 3601 1698 3657 debuit
1725 3601 1824 3656 nisi

242 3710 383 3755 totus
425 3695 663 3752 mundus
693 3693 875 3749 audire
897 3735 912 3762 ,
960 3695 1256 3750 universale
1286 3693 1482 3764 quippe
1511 3693 1827 3748 beneﬁcium

245 3787 555 3858 generalem
599 3784 942 3839 nihilominus
972 3786 1224 3855 poscebat
1263 3783 1522 3840 auditum.
1556 3783 1827 3852 Sequitur,

243 3883 451 3934 auribus
495 3879 757 3948 percipite,
789 3893 956 3931 omnes
984 3879 1074 3948 qui
1116 3876 1350 3930 habitatis
1382 3875 1568 3930 orbem.
1603 3875 1696 3930 ilic
1719 3874 1829 3947 jam

245 3971 540 4026 studiosius
567 3975 976 4024 commonentur
997 3969 1205 4024 utdicta
1235 3967 1578 4023 devotissimc
1599 3968 1829 4038 capiant,

244 4076 298 4119 et
345 4069 396 4120 in
431 4065 710 4119 memoriae
760 4075 870 4117 sum
900 4062 1102 4117 sinibus
1151 4070 1428 4132 reponant.
1479 4059 1660 4114 Gentes
1691 4059 1832 4115 enim

245 4153 574 4225 accipiamus
621 4166 885 4222 paganos;
920 4151 1227 4206 habitatores
1271 4160 1448 4205 autem
1492 4150 1642 4212 orbis,
1678 4149 1834 4205 Chri-

246 4252 455 4300 st‘anos
483 4252 538 4300 et
565 4243 760 4313 justos,
780 4243 869 4312 qui
900 4250 1094 4296 norunt
1121 4242 1302 4296 orbem
1324 4251 1584 4297 terrarum
1616 4243 1692 4296 sic
1717 4255 1836 4296 esse

247 4337 608 4392 habitandum
634 4377 649 4399 ,
694 4343 752 4389 ut
782 4335 833 4388 in
874 4332 990 4405 ejus
1037 4334 1312 4389 sceleratis
1356 4348 1460 4388 non
1495 4333 1836 4402 implicentur

249 4427 553 4481 erroribus.
588 4423 657 4478 Et
696 4424 974 4479 considera
1014 4424 1285 4479 doctorem
1319 4424 1536 4493 bonum,
1570 4423 1837 4493 quomodo

1925 3242 2098 3296 omnis
2138 3254 2313 3293 sermo
2345 3238 2554 3294 divinus
2583 3238 2787 3294 duabus
2827 3238 2909 3292 his
2938 3237 3221 3292 virtutibus
3254 3237 3501 3306 plenissi-

1926 3345 2047 3387 mus
2075 3331 2352 3385 indicatur.
2379 3329 2512 3385 Hinc
2535 3329 2676 3385 enim
2697 3343 2815 3398 qua:
2842 3338 3152 3384 narraturus
3172 3339 3252 3382 est
3281 3328 3502 3382 inchoa-

1930 3422 2024 3487 vit,
2069 3437 2186 3498 quae
2213 3421 2318 3475 sint
2360 3420 2520 3475 verba
2551 3434 2644 3475 sua
2686 3419 2912 3475 mirabili
2959 3420 3106 3490 prius
3131 3419 3502 3488 complexione

1929 3514 2240 3570 describens
2266 3555 2281 3583 ,
2322 3522 2379 3569 ut
2409 3528 2594 3570 omnes
2635 3513 3000 3570 desideranter
3027 3523 3331 3584 quaererent
3359 3514 3502 3586 quod

1931 3607 2246 3676 promissum
2268 3607 2367 3660 sub
2391 3605 2478 3659 tali
2508 3604 2880 3674 praedicatione
2900 3607 3181 3662 sentirent.

2005 3698 2157 3752 Vers.
2189 3697 2239 3751 4.
2292 3694 2559 3750 Inclinabo
2590 3698 2641 3749 in
2685 3696 3067 3751 similitudinem
3096 3711 3270 3751 aurem
3299 3711 3460 3751 meam
3486 3736 3500 3761 ,

1932 3790 2157 3860 aperiam
2200 3788 2254 3842 in
2300 3788 2542 3857 psalterio
2564 3788 2958 3859 prapositionem
3003 3804 3184 3843 nteam.
3218 3788 3504 3858 Postquam

1933 3880 2186 3934 virtutem
2237 3878 2556 3947 eloquentiae
2604 3893 2714 3932 sua:
2742 3893 2900 3933 verus
2950 3879 3271 3948 praedicator
3300 3879 3506 3934 duobus

1933 3971 2065 4028 dixit
2091 3970 2383 4040 insignibus
2411 3969 2694 4036 contineri,
2721 3984 2864 4024 nunc
2885 3971 3332 4041 quemadmodum
3373 3987 3507 4042 prae-

1933 4069 2086 4133 cepta
2115 4077 2208 4116 sua
2251 4061 2454 4131 possint
2492 4062 2560 4116 ab
2599 4060 2828 4117 humano
2855 4078 3052 4134 genere
3078 4063 3296 4132 suscipi,
3330 4079 3508 4118 aurem

1934 4153 2302 4207 inclinaturum
2324 4166 2382 4206 se
2403 4167 2523 4207 esse
2548 4153 2817 4221 promisit,
2845 4161 2900 4206 ut
2921 4162 3286 4221 cognosceret,
3311 4153 3354 4206 si
3375 4167 3511 4222 prae-

1937 4242 2259 4298 dicationem
2306 4241 2421 4312 ejus
2452 4243 2678 4312 populus
2719 4243 2943 4298 devotus
2991 4243 3257 4311 impleret.
3291 4243 3393 4298 Sed
3425 4242 3509 4295 in-

1939 4333 2096 4389 tende
2137 4333 2278 4401 pium
2308 4333 2616 4402 magistrum
2646 4333 3031 4388 similitudinem
3063 4336 3323 4403 posuisse.
3357 4333 3514 4389 Simi-

1940 4425 2105 4478 litudo
2130 4424 2272 4478 enim
2300 4424 2378 4479 rei
2402 4438 2544 4479 vera:
2587 4423 2812 4480 imitatio
2851 4432 2964 4491 est,
3001 4432 3060 4480 ut
3094 4424 3235 4494 quod
3266 4425 3418 4480 nobis
3447 4425 3515 4480 ad

246 4520 312 4571 ad
344 4517 674 4572 audiendum
697 4516 936 4572 omnium
967 4515 1136 4570 studia
1165 4515 1479 4582 concitavit;
1505 4524 1562 4570 ut
1583 4517 1696 4585 ipse
1716 4516 1836 4572 red-
1863 4506 1915 4566 D
1940 4514 2238 4584 exemplum
2280 4513 2461 4569 datum
2499 4525 2581 4572 est
2603 4558 2618 4582 ,
2652 4515 2840 4571 devota
2871 4516 3214 4572 aemulatione
3245 4517 3513 4586 (Domino

247 4610 410 4663 datur
441 4622 593 4672 reus,
615 4607 703 4676 qui
733 4608 831 4660 sibi
857 4608 1088 4662 notuerit
1115 4621 1233 4662 esse
1264 4607 1550 4675 proﬁcuus.
1582 4605 1692 4661 Iloc
1715 4607 1838 4662 rhe-

247 4709 396 4753 tores
421 4698 491 4752 ad
515 4713 670 4752 suum
703 4697 933 4752 studium
954 4695 1356 4758 transferentes,
1375 4704 1608 4751 attentos
1632 4697 1836 4765 jlldiCt‘S

249 4792 528 4856 reddunt,
561 4791 773 4858 quando
799 4803 859 4844 se
902 4789 1141 4844 dicturos
1177 4798 1268 4843 aut
1297 4803 1430 4842 nova
1470 4796 1562 4842 aut
1604 4788 1834 4859 ingentia

249 4883 599 4950 pollicentur.

325 4972 486 5025 ἵετε.
516 4971 573 5024 2.
611 4970 809 5040 Quique
838 4971 1126 5043 terrigente,
1157 4978 1202 5024 et
1229 4969 1325 5038 filii
1356 4969 1653 5036 hominum;
1689 4967 1843 5022 simul

249 5062 304 5112 is
339 5077 503 5114 unum
535 5061 673 5114 dives
703 5070 751 5114 et
781 5076 996 5130 pauper.
1046 5061 1231 5116 Adhuc
1284 5061 1336 5114 in
1368 5059 1485 5129 ipso
1530 5061 1710 5115 studio
1739 5058 1844 5113 Do-

249 5152 436 5206 minus
487 5159 834 5220 perseverat;
884 5160 946 5205 ut
983 5161 1272 5206 conventus
1317 5152 1562 5207 audiendi
1601 5152 1840 5207 omnium

252 5245 410 5298 ﬂeret
433 5285 448 5308 ,
482 5259 551 5298 ne
581 5245 700 5313 quis
735 5259 858 5298 eum
900 5243 1168 5299 mediocre
1210 5243 1404 5314 aliquid
1432 5245 1676 5300 crederet
1719 5259 1843 5301 esse

251 5334 583 5388 locuturum.
609 5331 910 5405 Terrigenas
941 5343 1247 5403 peccatores
1266 5342 1478 5403 oportet
1507 5335 1728 5402 intelligi
1749 5336 1840 5403 qui

251 5427 385 5477 vitia
415 5432 632 5478 terrena
656 5433 965 5490 sectantur;
999 5433 1055 5479 et
1091 5426 1177 5480 isti
1201 5426 1252 5480 in
1294 5433 1499 5495 partem
1531 5427 1657 5481 Adae
1685 5426 1844 5496 primi

251 5516 494 5568 hominis
519 5515 712 5570 merito
740 5525 1071 5585 reputantur,
1101 5518 1222 5586 quia
1255 5518 1340 5571 ille
1368 5531 1472 5571 non
1501 5518 1643 5571 illius
1676 5518 1847 5572 homi—

254 5607 347 5660 nis
372 5645 389 5671 ,
432 5606 526 5661 sed
569 5607 682 5677 ipse
728 5608 930 5677 primus
960 5608 1118 5662 homo
1149 5607 1314 5664 fuisse
1355 5608 1681 5664 declaratur.
1715 5610 1848 5666 Huic

251 5696 594 5753 Contrarium
627 5705 709 5754 est
729 5697 869 5767 qund
900 5697 1054 5766 dixit,
1083 5698 1176 5766 ﬁlii
1197 5701 1460 5756 hominum
1478 5699 1686 5768 :justos
1708 5701 1846 5756 enim

1941 4605 2247 4677 praestante)
2287 4607 2563 4662 iaciamus.
2594 4607 2698 4662 Sed
2729 4616 2788 4662 ut
2809 4621 2995 4662 omnes
3020 4608 3085 4662 ad
3129 4618 3392 4677 praecepta
3419 4624 3516 4664 sua

1940 4699 2246 4752 salutariter
2264 4697 2534 4766 implenda
2563 4699 2834 4752 institutor
2849 4698 3222 4753 serenissimus
3245 4699 3516 4764 invitaret,

1939 4789 2137 4854 aperire
2158 4801 2216 4841 se
2237 4787 2369 4840 dixit
2395 4788 2448 4839 in
2471 4787 2712 4855 psalterio
2734 4789 3127 4857 propositionem
3154 4802 3325 4852 suam,
3356 4787 3405 4841 id
3435 4798 3519 4843 est

1948 4876 2339 4931 deelaraturum
2368 4892 2427 4932 se
2457 4887 2720 4948 prmcepta
2741 4877 3040 4934 Divinitatis
3069 4881 3148 4934 sui
3177 4879 3376 4949 proprii
3397 4895 3519 4934 cor-

1948 4966 2094 5035 pmis
2123 4967 2400 5021 sanctitate
2417 5007 2431 5032 ,
2457 4975 2516 5021 ut
2543 4982 2649 5022 non
2681 4976 2786 5022 tam
2807 4969 2974 5024 verbo
2994 4984 3149 5039 quam
3181 4969 3374 5024 docere
3396 4985 3521 5039 pro-

1949 5057 2162 5110 haretur
2182 5055 2447 5126 exemplo.
2467 5055 2778 5112 Psalterium
2793 5060 2992 5130 quippe
3005 5065 3085 5132 (ut
3104 5075 3246 5130 sape
3265 5061 3520 5132 diximus)

1945 5153 2189 5222 corporis
2237 5152 2445 5208 Domini
2475 5154 2667 5210 decora
2714 5155 3010 5210 similitudo
3036 5165 3157 5222 est;
3213 5171 3335 5212 nam
3385 5157 3526 5212 sicut

1946 5243 2253 5312 psalterium
2279 5244 2347 5298 de
2377 5258 2587 5299 summo
2610 5255 2785 5313 sonat,
2818 5245 2888 5300 ita
2916 5254 2970 5300 et
2997 5245 3292 5302 incarnatio
3313 5246 3523 5302 Domini

1945 5334 2186 5390 coelestia
2217 5335 2462 5389 mandata
2492 5335 2854 5393 concelebrat.

2018 5425 2172 5480 γεγε.
2206 5428 2258 5482 5.
2311 5427 2502 5496 thuid
2533 5428 2715 5484 timebo
2743 5430 2798 5484 in
2824 5429 2909 5483 die
2934 5429 3111 5485 mala?
3151 5429 3393 5501 iniquitas
3421 5429 3528 5483 cal-

1950 5518 2096 5572 oanei
2120 5518 2216 5570 mei
2249 5519 2583 5572 circumdabit
2612 5536 2707 5575 me.
2753 5521 2948 5575 Versus
2978 5521 3076 5575 iste
3105 5521 3205 5577 sub
3235 5522 3529 5594 interroga-

1952 5609 2096 5664 tione
2124 5617 2176 5662 et
2201 5609 2553 5677 responsione
2581 5611 2788 5678 propria
2810 5610 3063 5678 legendus
3083 5621 3165 5668 est
3184 5628 3199 5680 ;
3218 5614 3338 5685 quia
3361 5622 3529 5669 totum

1954 5702 2071 5756 sine
2101 5700 2290 5758 timore
2311 5715 2410 5758 suo
2441 5703 2555 5759 ﬁeri
2586 5703 2734 5772 dicit,
2763 5705 2904 5774 quod
2925 5717 3206 5764 venturum
3234 5719 3374 5766 esset
3397 5725 3533 5780 prte-
