  <div class='ocr_page' id='page_1' title='image "/cluster/home/n/w/nwhite01/storage/ocr_20150623/70/hvd.32044054758735/177.png"; bbox 0 0 3956 6178; ppageno 0'>
   <div class='ocr_carea' id='block_1_1' title="bbox 509 310 618 365">
    <p class='ocr_par' dir='ltr' id='par_1_1' title="bbox 509 310 618 365">
     <span class='ocr_line' id='line_1_1' title="bbox 509 310 618 365; baseline 0.009 -2"><span class='ocrx_word' id='word_1_1' title='bbox 509 310 618 365; x_wconf 74' lang='grc' dir='ltr'><strong>⁸5ξό</strong></span> 
     </span>
    </p>
   </div>
   <div class='ocr_carea' id='block_1_2' title="bbox 1738 302 2085 364">
    <p class='ocr_par' dir='ltr' id='par_1_2' title="bbox 1738 304 2085 362">
     <span class='ocr_line' id='line_1_2' title="bbox 1738 304 2085 362; baseline -0.006 -1"><span class='ocrx_word' id='word_1_2' title='bbox 1738 306 1805 361; x_wconf 80' lang='grc' dir='ltr'><strong>Μ.</strong></span> <span class='ocrx_word' id='word_1_3' title='bbox 1855 304 2085 362; x_wconf 80' lang='lat' dir='ltr'><strong>AUllEL</strong></span> 
     </span>
    </p>
   </div>
   <div class='ocr_carea' id='block_1_3' title="bbox 2190 302 3749 364">
    <p class='ocr_par' dir='ltr' id='par_1_3' title="bbox 2190 302 3749 364">
     <span class='ocr_line' id='line_1_3' title="bbox 2190 302 3749 364; baseline 0.003 -5"><span class='ocrx_word' id='word_1_4' title='bbox 2190 302 2573 363; x_wconf 63' lang='lat' dir='ltr'><strong>CASSIODORI</strong></span> <span class='ocrx_word' id='word_1_5' title='bbox 3667 310 3749 364; x_wconf 67' lang='lat'><strong>54&#39;.</strong></span> 
     </span>
    </p>
   </div>
   <div class='ocr_carea' id='block_1_4' title="bbox 512 419 3752 494">
    <p class='ocr_par' dir='ltr' id='par_1_4' title="bbox 512 419 3752 494">
     <span class='ocr_line' id='line_1_4' title="bbox 512 419 3752 494; baseline 0.001 -16"><span class='ocrx_word' id='word_1_6' title='bbox 512 426 741 482; x_wconf 87' lang='lat' dir='ltr'><strong>nuntiat.</strong></span> <span class='ocrx_word' id='word_1_7' title='bbox 760 425 890 492; x_wconf 63' lang='lat' dir='ltr'><strong>Quae</strong></span> <span class='ocrx_word' id='word_1_8' title='bbox 919 425 1082 494; x_wconf 83' lang='lat' dir='ltr'><strong>ﬁgura</strong></span> <span class='ocrx_word' id='word_1_9' title='bbox 1102 422 1296 479; x_wconf 69' lang='lat' dir='ltr'><strong>dicitur</strong></span> <span class='ocrx_word' id='word_1_10' title='bbox 1314 422 1491 492; x_wconf 86' lang='lat' dir='ltr'><strong>peusis</strong></span> <span class='ocrx_word' id='word_1_11' title='bbox 1517 429 1568 476; x_wconf 88' lang='lat' dir='ltr'><strong>et</strong></span> <span class='ocrx_word' id='word_1_12' title='bbox 1590 420 2101 490; x_wconf 77' lang='lat' dir='ltr'><strong>apocrisis,quaudo</strong></span> <span class='ocrx_word' id='word_1_13' title='bbox 2130 422 2174 478; x_wconf 84' lang='grc' dir='ltr'>Α</span> <span class='ocrx_word' id='word_1_14' title='bbox 2206 419 2258 471; x_wconf 91' lang='lat' dir='ltr'><strong>in</strong></span> <span class='ocrx_word' id='word_1_15' title='bbox 2283 430 2549 481; x_wconf 72' lang='lat' dir='ltr'><strong>attentum.</strong></span> <span class='ocrx_word' id='word_1_16' title='bbox 2582 421 2669 490; x_wconf 89' lang='lat' dir='ltr'><strong>qui</strong></span> <span class='ocrx_word' id='word_1_17' title='bbox 2702 432 2949 491; x_wconf 83' lang='lat' dir='ltr'><strong>perpetua</strong></span> <span class='ocrx_word' id='word_1_18' title='bbox 2984 423 3184 479; x_wconf 91' lang='lat' dir='ltr'><strong>ultione</strong></span> <span class='ocrx_word' id='word_1_19' title='bbox 3210 424 3496 479; x_wconf 81' lang='lat' dir='ltr'><strong>damnandi</strong></span> <span class='ocrx_word' id='word_1_20' title='bbox 3527 437 3667 492; x_wconf 82' lang='lat' dir='ltr'><strong>sunt;</strong></span> <span class='ocrx_word' id='word_1_21' title='bbox 3693 433 3752 483; x_wconf 80' lang='lat' dir='ltr'><strong>ui-</strong></span> 
     </span>
    </p>
   </div>
   <div class='ocr_carea' id='block_1_5' title="bbox 512 512 2091 587">
    <p class='ocr_par' dir='ltr' id='par_1_5' title="bbox 512 512 2091 587">
     <span class='ocr_line' id='line_1_5' title="bbox 512 512 2091 587; baseline -0.006 -14"><span class='ocrx_word' id='word_1_22' title='bbox 512 518 930 587; x_wconf 80' lang='lat' dir='ltr'><strong>interrogatione</strong></span> <span class='ocrx_word' id='word_1_23' title='bbox 957 514 1256 586; x_wconf 70' lang='lat' dir='ltr'><strong>prtemissa,</strong></span> <span class='ocrx_word' id='word_1_24' title='bbox 1286 515 1562 585; x_wconf 64' lang='lat' dir='ltr'><strong>TCSpOllriO</strong></span> <span class='ocrx_word' id='word_1_25' title='bbox 1589 524 1708 584; x_wconf 86' lang='lat' dir='ltr'><strong>apta</strong></span> <span class='ocrx_word' id='word_1_26' title='bbox 1734 512 2091 583; x_wconf 89' lang='lat' dir='ltr'><strong>subsequitur.</strong></span> 
     </span>
    </p>
   </div>
   <div class='ocr_carea' id='block_1_6' title="bbox 513 603 2094 676">
    <p class='ocr_par' dir='ltr' id='par_1_6' title="bbox 513 603 2094 676">
     <span class='ocr_line' id='line_1_6' title="bbox 513 603 2094 676; baseline -0.004 -12"><span class='ocrx_word' id='word_1_27' title='bbox 513 611 652 665; x_wconf 86' lang='lat' dir='ltr'><strong>Dicit</strong></span> <span class='ocrx_word' id='word_1_28' title='bbox 678 610 844 675; x_wconf 89' lang='lat' dir='ltr'><strong>enim,</strong></span> <span class='ocrx_word' id='word_1_29' title='bbox 873 608 1062 676; x_wconf 80' lang='lat' dir='ltr'><strong>thuid</strong></span> <span class='ocrx_word' id='word_1_30' title='bbox 1093 605 1315 661; x_wconf 82' lang='lat' dir='ltr'><strong>timebo.’</strong></span> <span class='ocrx_word' id='word_1_31' title='bbox 1346 606 1401 660; x_wconf 92' lang='lat' dir='ltr'><strong>Id</strong></span> <span class='ocrx_word' id='word_1_32' title='bbox 1429 615 1529 668; x_wconf 83' lang='lat' dir='ltr'><strong>est,</strong></span> <span class='ocrx_word' id='word_1_33' title='bbox 1555 620 1719 674; x_wconf 92' lang='lat' dir='ltr'><strong>quare</strong></span> <span class='ocrx_word' id='word_1_34' title='bbox 1748 603 2094 659; x_wconf 77' lang='lat' dir='ltr'><strong>formidolosa</strong></span> 
     </span>
    </p>
   </div>
   <div class='ocr_carea' id='block_1_7' title="bbox 508 693 2097 771">
    <p class='ocr_par' dir='ltr' id='par_1_7' title="bbox 508 693 2097 771">
     <span class='ocr_line' id='line_1_7' title="bbox 508 693 2097 771; baseline -0.004 -17"><span class='ocrx_word' id='word_1_35' title='bbox 508 700 835 771; x_wconf 75' lang='lat' dir='ltr'><strong>cogitatione</strong></span> <span class='ocrx_word' id='word_1_36' title='bbox 880 697 1213 755; x_wconf 81' lang='lat' dir='ltr'><strong>confundar?</strong></span> <span class='ocrx_word' id='word_1_37' title='bbox 1244 696 1309 750; x_wconf 86' lang='lat' dir='ltr'><strong>In</strong></span> <span class='ocrx_word' id='word_1_38' title='bbox 1358 697 1439 751; x_wconf 89' lang='lat' dir='ltr'><strong>die</strong></span> <span class='ocrx_word' id='word_1_39' title='bbox 1468 697 1636 761; x_wconf 86' lang='lat' dir='ltr'><strong>mala,</strong></span> <span class='ocrx_word' id='word_1_40' title='bbox 1674 695 1725 749; x_wconf 92' lang='lat' dir='ltr'><strong>in</strong></span> <span class='ocrx_word' id='word_1_41' title='bbox 1773 694 1861 749; x_wconf 92' lang='lat' dir='ltr'><strong>die</strong></span> <span class='ocrx_word' id='word_1_42' title='bbox 1892 693 2097 749; x_wconf 69' lang='lat' dir='ltr'><strong>scilicet</strong></span> 
     </span>
    </p>
   </div>
   <div class='ocr_carea' id='block_1_8' title="bbox 508 787 2095 864">
    <p class='ocr_par' dir='ltr' id='par_1_8' title="bbox 508 787 2095 864">
     <span class='ocr_line' id='line_1_8' title="bbox 508 787 2095 864; baseline -0.002 -18"><span class='ocrx_word' id='word_1_43' title='bbox 508 794 797 864; x_wconf 78' lang='lat' dir='ltr'><strong>passionis,</strong></span> <span class='ocrx_word' id='word_1_44' title='bbox 830 809 947 863; x_wconf 75' lang='lat' dir='ltr'><strong>quae</strong></span> <span class='ocrx_word' id='word_1_45' title='bbox 978 793 1115 846; x_wconf 88' lang='lat' dir='ltr'><strong>mala</strong></span> <span class='ocrx_word' id='word_1_46' title='bbox 1146 790 1364 856; x_wconf 72' lang='lat' dir='ltr'><strong>Judaais,</strong></span> <span class='ocrx_word' id='word_1_47' title='bbox 1411 791 1544 845; x_wconf 90' lang='lat' dir='ltr'><strong>bona</strong></span> <span class='ocrx_word' id='word_1_48' title='bbox 1579 789 1821 844; x_wconf 84' lang='lat' dir='ltr'><strong>ﬁdelibus</strong></span> <span class='ocrx_word' id='word_1_49' title='bbox 1854 788 1970 843; x_wconf 83' lang='lat' dir='ltr'><strong>luit.</strong></span> <span class='ocrx_word' id='word_1_50' title='bbox 2003 787 2095 843; x_wconf 85' lang='lat' dir='ltr'><strong>llle</strong></span> 
     </span>
    </p>
   </div>
   <div class='ocr_carea' id='block_1_9' title="bbox 507 884 2094 953">
    <p class='ocr_par' dir='ltr' id='par_1_9' title="bbox 507 884 2094 953">
     <span class='ocr_line' id='line_1_9' title="bbox 507 884 2094 953; baseline -0.006 -11"><span class='ocrx_word' id='word_1_51' title='bbox 507 888 653 942; x_wconf 88' lang='lat' dir='ltr'><strong>enim</strong></span> <span class='ocrx_word' id='word_1_52' title='bbox 686 888 873 942; x_wconf 84' lang='lat' dir='ltr'><strong>limere</strong></span> <span class='ocrx_word' id='word_1_53' title='bbox 895 885 1052 940; x_wconf 85' lang='lat' dir='ltr'><strong>debet</strong></span> <span class='ocrx_word' id='word_1_54' title='bbox 1079 885 1196 939; x_wconf 65' lang='lat' dir='ltr'><strong>vitae</strong></span> <span class='ocrx_word' id='word_1_55' title='bbox 1225 884 1408 949; x_wconf 89' lang='lat' dir='ltr'><strong>ﬁnem,</strong></span> <span class='ocrx_word' id='word_1_56' title='bbox 1432 886 1517 953; x_wconf 88' lang='lat' dir='ltr'><strong>qui</strong></span> <span class='ocrx_word' id='word_1_57' title='bbox 1550 898 1584 953; x_wconf 89' lang='lat' dir='ltr'><strong>p</strong></span> <span class='ocrx_word' id='word_1_58' title='bbox 1617 890 1886 938; x_wconf 50' lang='lat' dir='ltr'><strong>ccattrum</strong></span> <span class='ocrx_word' id='word_1_59' title='bbox 1915 896 2094 936; x_wconf 85' lang='lat' dir='ltr'><strong>recor-</strong></span> 
     </span>
    </p>
   </div>
   <div class='ocr_carea' id='block_1_10' title="bbox 506 973 2092 1034">
    <p class='ocr_par' dir='ltr' id='par_1_10' title="bbox 506 973 2092 1034">
     <span class='ocr_line' id='line_1_10' title="bbox 506 973 2092 1034; baseline -0.002 -3"><span class='ocrx_word' id='word_1_60' title='bbox 506 978 726 1034; x_wconf 84' lang='lat' dir='ltr'><strong>datinne</strong></span> <span class='ocrx_word' id='word_1_61' title='bbox 774 979 1067 1031; x_wconf 77' lang='lat' dir='ltr'><strong>mordetur.</strong></span> <span class='ocrx_word' id='word_1_62' title='bbox 1111 976 1355 1032; x_wconf 92' lang='lat' dir='ltr'><strong>Christus</strong></span> <span class='ocrx_word' id='word_1_63' title='bbox 1404 985 1580 1031; x_wconf 89' lang='lat' dir='ltr'><strong>autem</strong></span> <span class='ocrx_word' id='word_1_64' title='bbox 1625 984 1851 1029; x_wconf 87' lang='lat' dir='ltr'><strong>mortem</strong></span> <span class='ocrx_word' id='word_1_65' title='bbox 1902 973 2092 1028; x_wconf 91' lang='lat' dir='ltr'><strong>timere</strong></span> 
     </span>
    </p>
   </div>
   <div class='ocr_carea' id='block_1_11' title="bbox 507 1066 2088 1139">
    <p class='ocr_par' dir='ltr' id='par_1_11' title="bbox 507 1066 2088 1139">
     <span class='ocr_line' id='line_1_11' title="bbox 507 1066 2088 1139; baseline 0 -16"><span class='ocrx_word' id='word_1_66' title='bbox 507 1086 612 1124; x_wconf 82' lang='lat' dir='ltr'><strong>non</strong></span> <span class='ocrx_word' id='word_1_67' title='bbox 649 1080 890 1139; x_wconf 69' lang='lat' dir='ltr'><strong>poterat,</strong></span> <span class='ocrx_word' id='word_1_68' title='bbox 943 1069 1031 1139; x_wconf 92' lang='lat' dir='ltr'><strong>qui</strong></span> <span class='ocrx_word' id='word_1_69' title='bbox 1066 1079 1282 1138; x_wconf 79' lang='lat' dir='ltr'><strong>peccata</strong></span> <span class='ocrx_word' id='word_1_70' title='bbox 1333 1068 1655 1122; x_wconf 74' lang='grc' dir='ltr'><strong>(ειιηιίιιιοόὶε</strong></span> <span class='ocrx_word' id='word_1_71' title='bbox 1685 1082 1789 1121; x_wconf 91' lang='lat' dir='ltr'><strong>non</strong></span> <span class='ocrx_word' id='word_1_72' title='bbox 1841 1066 2088 1123; x_wconf 78' lang='lat' dir='ltr'><strong>habebat.</strong></span> 
     </span>
    </p>
   </div>
   <div class='ocr_carea' id='block_1_12' title="bbox 509 1157 2092 1228">
    <p class='ocr_par' dir='ltr' id='par_1_12' title="bbox 509 1157 2092 1228">
     <span class='ocr_line' id='line_1_12' title="bbox 509 1157 2092 1228; baseline -0.005 -11"><span class='ocrx_word' id='word_1_73' title='bbox 509 1162 643 1217; x_wconf 74' lang='lat' dir='ltr'><strong>Dcit</strong></span> <span class='ocrx_word' id='word_1_74' title='bbox 671 1162 812 1216; x_wconf 90' lang='lat' dir='ltr'><strong>enim</strong></span> <span class='ocrx_word' id='word_1_75' title='bbox 847 1178 861 1214; x_wconf 90' lang='lat'><strong>:</strong></span> <span class='ocrx_word' id='word_1_76' title='bbox 893 1161 1070 1228; x_wconf 83' lang='lat' dir='ltr'><strong>Quare</strong></span> <span class='ocrx_word' id='word_1_77' title='bbox 1091 1160 1295 1214; x_wconf 79' lang='lat' dir='ltr'><strong>timeam</strong></span> <span class='ocrx_word' id='word_1_78' title='bbox 1323 1160 1375 1212; x_wconf 89' lang='lat' dir='ltr'><strong>in</strong></span> <span class='ocrx_word' id='word_1_79' title='bbox 1407 1159 1490 1212; x_wconf 89' lang='lat' dir='ltr'><strong>die</strong></span> <span class='ocrx_word' id='word_1_80' title='bbox 1515 1157 1697 1214; x_wconf 72' lang='lat' dir='ltr'><strong>mala?</strong></span> <span class='ocrx_word' id='word_1_81' title='bbox 1723 1157 1966 1226; x_wconf 71' lang='lat' dir='ltr'><strong>Nunquid</strong></span> <span class='ocrx_word' id='word_1_82' title='bbox 1990 1157 2092 1210; x_wconf 87' lang='lat' dir='ltr'><strong>ini-</strong></span> 
     </span>
    </p>
   </div>
   <div class='ocr_carea' id='block_1_13' title="bbox 504 1250 2087 1324">
    <p class='ocr_par' dir='ltr' id='par_1_13' title="bbox 504 1250 2087 1324">
     <span class='ocr_line' id='line_1_13' title="bbox 504 1250 2087 1324; baseline -0.003 -16"><span class='ocrx_word' id='word_1_83' title='bbox 504 1256 675 1324; x_wconf 83' lang='lat' dir='ltr'><strong>quitas</strong></span> <span class='ocrx_word' id='word_1_84' title='bbox 703 1256 932 1308; x_wconf 78' lang='lat' dir='ltr'><strong>calcanei</strong></span> <span class='ocrx_word' id='word_1_85' title='bbox 969 1253 1066 1308; x_wconf 85' lang='lat' dir='ltr'><strong>mei</strong></span> <span class='ocrx_word' id='word_1_86' title='bbox 1095 1252 1435 1307; x_wconf 84' lang='lat' dir='ltr'><strong>circumdabit</strong></span> <span class='ocrx_word' id='word_1_87' title='bbox 1483 1252 1602 1306; x_wconf 84' lang='lat' dir='ltr'><strong>me?</strong></span> <span class='ocrx_word' id='word_1_88' title='bbox 1630 1250 2087 1318; x_wconf 87' lang='lat' dir='ltr'><strong>Quemadmodum</strong></span> 
     </span>
    </p>
   </div>
   <div class='ocr_carea' id='block_1_14' title="bbox 508 1342 2089 1416">
    <p class='ocr_par' dir='ltr' id='par_1_14' title="bbox 508 1342 2089 1416">
     <span class='ocr_line' id='line_1_14' title="bbox 508 1342 2089 1416; baseline -0.003 -16"><span class='ocrx_word' id='word_1_89' title='bbox 508 1346 646 1402; x_wconf 88' lang='lat' dir='ltr'><strong>solet</strong></span> <span class='ocrx_word' id='word_1_90' title='bbox 672 1350 981 1416; x_wconf 80' lang='lat' dir='ltr'><strong>contingere</strong></span> <span class='ocrx_word' id='word_1_91' title='bbox 1009 1345 1298 1415; x_wconf 83' lang='lat' dir='ltr'><strong>peccatori,</strong></span> <span class='ocrx_word' id='word_1_92' title='bbox 1331 1352 1389 1399; x_wconf 92' lang='lat' dir='ltr'><strong>ut</strong></span> <span class='ocrx_word' id='word_1_93' title='bbox 1416 1356 1651 1399; x_wconf 81' lang='lat' dir='ltr'><strong>extrema</strong></span> <span class='ocrx_word' id='word_1_94' title='bbox 1682 1342 1797 1412; x_wconf 87' lang='lat' dir='ltr'><strong>ejus</strong></span> <span class='ocrx_word' id='word_1_95' title='bbox 1828 1342 2089 1396; x_wconf 88' lang='lat' dir='ltr'><strong>scelerato</strong></span> 
     </span>
    </p>
   </div>
   <div class='ocr_carea' id='block_1_15' title="bbox 508 1432 2086 1505">
    <p class='ocr_par' dir='ltr' id='par_1_15' title="bbox 508 1432 2086 1505">
     <span class='ocr_line' id='line_1_15' title="bbox 508 1432 2086 1505; baseline -0.006 -10"><span class='ocrx_word' id='word_1_96' title='bbox 508 1438 613 1495; x_wconf 86' lang='lat' dir='ltr'><strong>line</strong></span> <span class='ocrx_word' id='word_1_97' title='bbox 638 1438 975 1493; x_wconf 66' lang='lat' dir='ltr'><strong>claudantur.</strong></span> <span class='ocrx_word' id='word_1_98' title='bbox 1020 1437 1129 1492; x_wconf 83' lang='lat' dir='ltr'><strong>Alii</strong></span> <span class='ocrx_word' id='word_1_99' title='bbox 1159 1450 1287 1491; x_wconf 86' lang='lat' dir='ltr'><strong>vero</strong></span> <span class='ocrx_word' id='word_1_100' title='bbox 1317 1444 1532 1505; x_wconf 88' lang='lat' dir='ltr'><strong>propter</strong></span> <span class='ocrx_word' id='word_1_101' title='bbox 1556 1432 1931 1489; x_wconf 78' lang='lat' dir='ltr'><strong>excellentiam</strong></span> <span class='ocrx_word' id='word_1_102' title='bbox 1959 1446 2086 1486; x_wconf 89' lang='lat' dir='ltr'><strong>san-</strong></span> 
     </span>
    </p>
   </div>
   <div class='ocr_carea' id='block_1_16' title="bbox 506 1526 2084 1600">
    <p class='ocr_par' dir='ltr' id='par_1_16' title="bbox 506 1526 2084 1600">
     <span class='ocr_line' id='line_1_16' title="bbox 506 1526 2084 1600; baseline -0.002 -16"><span class='ocrx_word' id='word_1_103' title='bbox 506 1540 607 1585; x_wconf 75' lang='lat' dir='ltr'><strong>cta:</strong></span> <span class='ocrx_word' id='word_1_104' title='bbox 635 1531 1011 1586; x_wconf 85' lang='lat' dir='ltr'><strong>incarnationis</strong></span> <span class='ocrx_word' id='word_1_105' title='bbox 1036 1534 1136 1585; x_wconf 92' lang='lat' dir='ltr'><strong>hoc</strong></span> <span class='ocrx_word' id='word_1_106' title='bbox 1167 1531 1335 1600; x_wconf 83' lang='lat' dir='ltr'><strong>magis</strong></span> <span class='ocrx_word' id='word_1_107' title='bbox 1364 1545 1394 1583; x_wconf 90' lang='lat' dir='ltr'><strong>a</strong></span> <span class='ocrx_word' id='word_1_108' title='bbox 1428 1536 1576 1599; x_wconf 84' lang='lat' dir='ltr'><strong>parte</strong></span> <span class='ocrx_word' id='word_1_109' title='bbox 1602 1526 1961 1583; x_wconf 88' lang='lat' dir='ltr'><strong>membrorum</strong></span> <span class='ocrx_word' id='word_1_110' title='bbox 1992 1540 2084 1581; x_wconf 86' lang='lat' dir='ltr'><strong>ac-</strong></span> 
     </span>
    </p>
   </div>
   <div class='ocr_carea' id='block_1_17' title="bbox 502 1622 1250 1692">
    <p class='ocr_par' dir='ltr' id='par_1_17' title="bbox 502 1622 1250 1692">
     <span class='ocr_line' id='line_1_17' title="bbox 502 1622 1250 1692; baseline 0 -16"><span class='ocrx_word' id='word_1_111' title='bbox 502 1622 803 1692; x_wconf 88' lang='lat' dir='ltr'><strong>cipiendum</strong></span> <span class='ocrx_word' id='word_1_112' title='bbox 833 1639 953 1679; x_wconf 75' lang='lat' dir='ltr'><strong>esse</strong></span> <span class='ocrx_word' id='word_1_113' title='bbox 981 1623 1250 1678; x_wconf 80' lang='lat' dir='ltr'><strong>dixerunt.</strong></span> 
     </span>
    </p>
   </div>
   <div class='ocr_carea' id='block_1_18' title="bbox 574 1710 2083 1781">
    <p class='ocr_par' dir='ltr' id='par_1_18' title="bbox 574 1710 2083 1781">
     <span class='ocr_line' id='line_1_18' title="bbox 574 1710 2083 1781; baseline -0.004 -12"><span class='ocrx_word' id='word_1_114' title='bbox 574 1715 721 1770; x_wconf 79' lang='lat' dir='ltr'><strong>Vers.</strong></span> <span class='ocrx_word' id='word_1_115' title='bbox 756 1715 810 1770; x_wconf 86' lang='lat'><strong>6.</strong></span> <span class='ocrx_word' id='word_1_116' title='bbox 868 1715 967 1780; x_wconf 83' lang='lat' dir='ltr'><strong>Qui</strong></span> <span class='ocrx_word' id='word_1_117' title='bbox 993 1714 1258 1781; x_wconf 80' lang='lat' dir='ltr'><strong>conﬁdunt</strong></span> <span class='ocrx_word' id='word_1_118' title='bbox 1304 1714 1357 1766; x_wconf 89' lang='lat' dir='ltr'><strong>in</strong></span> <span class='ocrx_word' id='word_1_119' title='bbox 1404 1713 1585 1767; x_wconf 84' lang='lat' dir='ltr'><strong>virtute</strong></span> <span class='ocrx_word' id='word_1_120' title='bbox 1628 1728 1725 1766; x_wconf 88' lang='lat' dir='ltr'><strong>sua</strong></span> <span class='ocrx_word' id='word_1_121' title='bbox 1752 1727 1770 1766; x_wconf 90' lang='lat'><strong><em>:</em></strong></span> <span class='ocrx_word' id='word_1_122' title='bbox 1802 1711 1988 1781; x_wconf 85' lang='lat' dir='ltr'><strong>quique</strong></span> <span class='ocrx_word' id='word_1_123' title='bbox 2028 1710 2083 1763; x_wconf 90' lang='lat' dir='ltr'><strong>in</strong></span> 
     </span>
    </p>
   </div>
   <div class='ocr_carea' id='block_1_19' title="bbox 2197 513 3755 587">
    <p class='ocr_par' dir='ltr' id='par_1_19' title="bbox 2197 513 3755 587">
     <span class='ocr_line' id='line_1_19' title="bbox 2197 513 3755 587; baseline 0.006 -22"><span class='ocrx_word' id='word_1_124' title='bbox 2197 521 2310 565; x_wconf 77' lang='lat' dir='ltr'><strong>vent</strong></span> <span class='ocrx_word' id='word_1_125' title='bbox 2340 513 2391 566; x_wconf 83' lang='lat' dir='ltr'><strong>iit</strong></span> <span class='ocrx_word' id='word_1_126' title='bbox 2434 513 2534 567; x_wconf 93' lang='lat' dir='ltr'><strong>hoc</strong></span> <span class='ocrx_word' id='word_1_127' title='bbox 2575 514 2775 569; x_wconf 91' lang='lat' dir='ltr'><strong>mundo</strong></span> <span class='ocrx_word' id='word_1_128' title='bbox 2817 517 2869 569; x_wconf 89' lang='lat' dir='ltr'><strong>in</strong></span> <span class='ocrx_word' id='word_1_129' title='bbox 2914 515 3052 581; x_wconf 76' lang='lat' dir='ltr'><strong>ﬁne,</strong></span> <span class='ocrx_word' id='word_1_130' title='bbox 3091 516 3181 587; x_wconf 93' lang='lat' dir='ltr'><strong>qui</strong></span> <span class='ocrx_word' id='word_1_131' title='bbox 3222 517 3503 586; x_wconf 83' lang='lat' dir='ltr'><strong>desperata</strong></span> <span class='ocrx_word' id='word_1_132' title='bbox 3543 518 3755 577; x_wconf 83' lang='lat' dir='ltr'><strong>libertate</strong></span> 
     </span>
    </p>
   </div>
   <div class='ocr_carea' id='block_1_20' title="bbox 2197 603 3756 680">
    <p class='ocr_par' dir='ltr' id='par_1_20' title="bbox 2197 603 3756 680">
     <span class='ocr_line' id='line_1_20' title="bbox 2197 603 3756 680; baseline 0.006 -22"><span class='ocrx_word' id='word_1_133' title='bbox 2197 603 2494 659; x_wconf 82' lang='lat' dir='ltr'><strong>luxuriant.</strong></span> <span class='ocrx_word' id='word_1_134' title='bbox 2519 605 2856 677; x_wconf 84' lang='lat' dir='ltr'><strong>Quapropter</strong></span> <span class='ocrx_word' id='word_1_135' title='bbox 2884 610 2935 662; x_wconf 92' lang='lat' dir='ltr'><strong>in</strong></span> <span class='ocrx_word' id='word_1_136' title='bbox 2962 609 3227 663; x_wconf 79' lang='lat' dir='ltr'><strong>voluntate</strong></span> <span class='ocrx_word' id='word_1_137' title='bbox 3247 613 3349 664; x_wconf 73' lang='lat' dir='ltr'><strong>er’t</strong></span> <span class='ocrx_word' id='word_1_138' title='bbox 3379 610 3657 680; x_wconf 80' lang='lat' dir='ltr'><strong>legentium</strong></span> <span class='ocrx_word' id='word_1_139' title='bbox 3677 614 3756 668; x_wconf 88' lang='lat' dir='ltr'><strong>eli-</strong></span> 
     </span>
    </p>
   </div>
   <div class='ocr_carea' id='block_1_21' title="bbox 2196 691 3756 766">
    <p class='ocr_par' dir='ltr' id='par_1_21' title="bbox 2196 691 3756 766">
     <span class='ocr_line' id='line_1_21' title="bbox 2196 691 3756 766; baseline 0.013 -26"><span class='ocrx_word' id='word_1_140' title='bbox 2196 691 2321 763; x_wconf 69' lang='lat' dir='ltr'><strong>gere</strong></span> <span class='ocrx_word' id='word_1_141' title='bbox 2347 695 2473 763; x_wconf 88' lang='lat' dir='ltr'><strong>quid</strong></span> <span class='ocrx_word' id='word_1_142' title='bbox 2495 708 2807 766; x_wconf 86' lang='lat' dir='ltr'><strong>sequantur.</strong></span> <span class='ocrx_word' id='word_1_143' title='bbox 2831 698 2938 753; x_wconf 79' lang='lat' dir='ltr'><strong>Nos</strong></span> <span class='ocrx_word' id='word_1_144' title='bbox 2968 710 3142 755; x_wconf 88' lang='lat' dir='ltr'><strong>tamen</strong></span> <span class='ocrx_word' id='word_1_145' title='bbox 3165 699 3231 753; x_wconf 91' lang='lat' dir='ltr'><strong>de</strong></span> <span class='ocrx_word' id='word_1_146' title='bbox 3262 699 3503 757; x_wconf 88' lang='lat' dir='ltr'><strong>ﬁdelibus</strong></span> <span class='ocrx_word' id='word_1_147' title='bbox 3528 702 3756 760; x_wconf 83' lang='lat' dir='ltr'><strong>hactenus</strong></span> 
     </span>
    </p>
   </div>
   <div class='ocr_carea' id='block_1_22' title="bbox 2196 784 3754 866">
    <p class='ocr_par' dir='ltr' id='par_1_22' title="bbox 2196 784 3754 866">
     <span class='ocr_line' id='line_1_22' title="bbox 2196 784 3754 866; baseline 0.008 -27"><span class='ocrx_word' id='word_1_148' title='bbox 2196 784 2396 839; x_wconf 91' lang='lat' dir='ltr'><strong>dictum</strong></span> <span class='ocrx_word' id='word_1_149' title='bbox 2447 802 2567 841; x_wconf 83' lang='lat' dir='ltr'><strong>esse</strong></span> <span class='ocrx_word' id='word_1_150' title='bbox 2619 790 3027 859; x_wconf 78' lang='lat' dir='ltr'><strong>perspeximus;</strong></span> <span class='ocrx_word' id='word_1_151' title='bbox 3078 804 3218 846; x_wconf 89' lang='lat' dir='ltr'><strong>nunc</strong></span> <span class='ocrx_word' id='word_1_152' title='bbox 3263 791 3542 848; x_wconf 86' lang='lat' dir='ltr'><strong>audiamus</strong></span> <span class='ocrx_word' id='word_1_153' title='bbox 3591 796 3754 866; x_wconf 88' lang='lat' dir='ltr'><strong>perlidi</strong></span> 
     </span>
    </p>
   </div>
   <div class='ocr_carea' id='block_1_23' title="bbox 2195 880 2784 946">
    <p class='ocr_par' dir='ltr' id='par_1_23' title="bbox 2195 880 2784 946">
     <span class='ocr_line' id='line_1_23' title="bbox 2195 880 2784 946; baseline 0.015 -20"><span class='ocrx_word' id='word_1_154' title='bbox 2195 886 2390 945; x_wconf 90' lang='lat' dir='ltr'><strong>quanta</strong></span> <span class='ocrx_word' id='word_1_155' title='bbox 2422 880 2625 946; x_wconf 88' lang='lat' dir='ltr'><strong>passuri</strong></span> <span class='ocrx_word' id='word_1_156' title='bbox 2655 880 2784 935; x_wconf 88' lang='lat' dir='ltr'><strong>sint.</strong></span> 
     </span>
    </p>
   </div>
   <div class='ocr_carea' id='block_1_24' title="bbox 2264 986 3758 1067">
    <p class='ocr_par' dir='ltr' id='par_1_24' title="bbox 2264 986 3758 1067">
     <span class='ocr_line' id='line_1_24' title="bbox 2264 986 3758 1067; baseline 0.007 -24"><span class='ocrx_word' id='word_1_157' title='bbox 2264 988 2422 1045; x_wconf 82' lang='lat' dir='ltr'><strong>Vers.</strong></span> <span class='ocrx_word' id='word_1_158' title='bbox 2456 991 2542 1046; x_wconf 80' lang='grc'><strong>10.</strong></span> <span class='ocrx_word' id='word_1_159' title='bbox 2591 992 2718 1047; x_wconf 84' lang='lat' dir='ltr'><strong>Cum</strong></span> <span class='ocrx_word' id='word_1_160' title='bbox 2764 994 2943 1048; x_wconf 51' lang='lat' dir='ltr'><strong>viderit</strong></span> <span class='ocrx_word' id='word_1_161' title='bbox 2981 995 3233 1067; x_wconf 86' lang='lat' dir='ltr'><strong>sapientes</strong></span> <span class='ocrx_word' id='word_1_162' title='bbox 3280 999 3548 1053; x_wconf 84' lang='lat' dir='ltr'><strong>morientes</strong></span> <span class='ocrx_word' id='word_1_163' title='bbox 3577 1016 3598 1054; x_wconf 88' lang='lat'><strong><em>:</em></strong></span> <span class='ocrx_word' id='word_1_164' title='bbox 3621 986 3758 1054; x_wconf 89' lang='lat' dir='ltr'><strong>simul</strong></span> 
     </span>
    </p>
   </div>
   <div class='ocr_carea' id='block_1_25' title="bbox 2192 1078 3762 1161">
    <p class='ocr_par' dir='ltr' id='par_1_25' title="bbox 2192 1078 3762 1161">
     <span class='ocr_line' id='line_1_25' title="bbox 2192 1078 3762 1161; baseline 0.008 -29"><span class='ocrx_word' id='word_1_165' title='bbox 2192 1078 2441 1151; x_wconf 86' lang='lat' dir='ltr'><strong>insipiens</strong></span> <span class='ocrx_word' id='word_1_166' title='bbox 2468 1095 2514 1137; x_wconf 86' lang='lat' dir='ltr'><strong>et</strong></span> <span class='ocrx_word' id='word_1_167' title='bbox 2544 1083 2732 1139; x_wconf 87' lang='lat' dir='ltr'><strong>stultus</strong></span> <span class='ocrx_word' id='word_1_168' title='bbox 2770 1087 3025 1156; x_wconf 83' lang='lat' dir='ltr'><strong>peribunt,</strong></span> <span class='ocrx_word' id='word_1_169' title='bbox 3056 1098 3104 1142; x_wconf 89' lang='lat' dir='ltr'><strong>et</strong></span> <span class='ocrx_word' id='word_1_170' title='bbox 3130 1089 3411 1161; x_wconf 77' lang='lat' dir='ltr'><strong>relinquent</strong></span> <span class='ocrx_word' id='word_1_171' title='bbox 3439 1089 3618 1146; x_wconf 87' lang='lat' dir='ltr'><strong>alienis</strong></span> <span class='ocrx_word' id='word_1_172' title='bbox 3644 1092 3762 1145; x_wconf 83' lang='lat' dir='ltr'><strong>divi-</strong></span> 
     </span>
    </p>
   </div>
   <div class='ocr_carea' id='block_1_26' title="bbox 2194 1172 3761 1248">
    <p class='ocr_par' dir='ltr' id='par_1_26' title="bbox 2194 1172 3761 1248">
     <span class='ocr_line' id='line_1_26' title="bbox 2194 1172 3761 1248; baseline 0.01 -26"><span class='ocrx_word' id='word_1_173' title='bbox 2194 1172 2291 1225; x_wconf 86' lang='lat' dir='ltr'><strong>tias</strong></span> <span class='ocrx_word' id='word_1_174' title='bbox 2335 1189 2477 1227; x_wconf 86' lang='lat' dir='ltr'><strong>suas.</strong></span> <span class='ocrx_word' id='word_1_175' title='bbox 2511 1174 2669 1230; x_wconf 84' lang='lat' dir='ltr'><strong>Venit</strong></span> <span class='ocrx_word' id='word_1_176' title='bbox 2696 1175 2763 1229; x_wconf 89' lang='lat' dir='ltr'><strong>ad</strong></span> <span class='ocrx_word' id='word_1_177' title='bbox 2794 1176 3088 1232; x_wconf 90' lang='lat' dir='ltr'><strong>secundum</strong></span> <span class='ocrx_word' id='word_1_178' title='bbox 3129 1178 3354 1234; x_wconf 89' lang='lat' dir='ltr'><strong>docendi</strong></span> <span class='ocrx_word' id='word_1_179' title='bbox 3404 1180 3615 1235; x_wconf 91' lang='lat' dir='ltr'><strong>modum</strong></span> <span class='ocrx_word' id='word_1_180' title='bbox 3638 1221 3652 1248; x_wconf 91' lang='lat'><strong>,</strong></span> <span class='ocrx_word' id='word_1_181' title='bbox 3680 1181 3761 1237; x_wconf 89' lang='lat' dir='ltr'><strong>ubi</strong></span> 
     </span>
    </p>
   </div>
   <div class='ocr_carea' id='block_1_27' title="bbox 2193 1265 3765 1339">
    <p class='ocr_par' dir='ltr' id='par_1_27' title="bbox 2193 1265 3765 1339">
     <span class='ocr_line' id='line_1_27' title="bbox 2193 1265 3765 1339; baseline 0.009 -25"><span class='ocrx_word' id='word_1_182' title='bbox 2193 1272 2504 1330; x_wconf 89' lang='lat' dir='ltr'><strong>peccatores</strong></span> <span class='ocrx_word' id='word_1_183' title='bbox 2533 1278 2654 1318; x_wconf 88' lang='lat' dir='ltr'><strong>cum</strong></span> <span class='ocrx_word' id='word_1_184' title='bbox 2705 1265 3037 1334; x_wconf 83' lang='lat' dir='ltr'><strong>sapientibus</strong></span> <span class='ocrx_word' id='word_1_185' title='bbox 3088 1267 3242 1339; x_wconf 85' lang='lat' dir='ltr'><strong>hujus</strong></span> <span class='ocrx_word' id='word_1_186' title='bbox 3288 1269 3471 1324; x_wconf 88' lang='lat' dir='ltr'><strong>mundi</strong></span> <span class='ocrx_word' id='word_1_187' title='bbox 3500 1269 3625 1325; x_wconf 89' lang='lat' dir='ltr'><strong>dicit</strong></span> <span class='ocrx_word' id='word_1_188' title='bbox 3651 1287 3765 1328; x_wconf 84' lang='lat' dir='ltr'><strong>esse</strong></span> 
     </span>
    </p>
   </div>
   <div class='ocr_carea' id='block_1_28' title="bbox 2194 1353 3763 1431">
    <p class='ocr_par' dir='ltr' id='par_1_28' title="bbox 2194 1353 3763 1431">
     <span class='ocr_line' id='line_1_28' title="bbox 2194 1353 3763 1431; baseline 0.009 -28"><span class='ocrx_word' id='word_1_189' title='bbox 2194 1364 2277 1419; x_wconf 72' lang='lat' dir='ltr'><strong>per</strong></span> <span class='ocrx_word' id='word_1_190' title='bbox 2292 1353 2492 1420; x_wconf 91' lang='lat' dir='ltr'><strong>ituros,</strong></span> <span class='ocrx_word' id='word_1_191' title='bbox 2539 1363 2593 1409; x_wconf 92' lang='lat' dir='ltr'><strong>et</strong></span> <span class='ocrx_word' id='word_1_192' title='bbox 2621 1354 2834 1410; x_wconf 82' lang='lat' dir='ltr'><strong>divitias</strong></span> <span class='ocrx_word' id='word_1_193' title='bbox 2876 1371 3036 1423; x_wconf 82' lang='lat' dir='ltr'><strong>suas,</strong></span> <span class='ocrx_word' id='word_1_194' title='bbox 3075 1373 3209 1428; x_wconf 90' lang='lat' dir='ltr'><strong>quas</strong></span> <span class='ocrx_word' id='word_1_195' title='bbox 3237 1374 3556 1430; x_wconf 75' lang='lat' dir='ltr'><strong>magnopere</strong></span> <span class='ocrx_word' id='word_1_196' title='bbox 3582 1361 3763 1431; x_wconf 85' lang='lat' dir='ltr'><strong>dilige-</strong></span> 
     </span>
    </p>
   </div>
   <div class='ocr_carea' id='block_1_29' title="bbox 2194 1442 3766 1518">
    <p class='ocr_par' dir='ltr' id='par_1_29' title="bbox 2194 1442 3766 1518">
     <span class='ocr_line' id='line_1_29' title="bbox 2194 1442 3766 1518; baseline 0.008 -22"><span class='ocrx_word' id='word_1_197' title='bbox 2194 1442 2339 1508; x_wconf 86' lang='lat' dir='ltr'><strong>bant,</strong></span> <span class='ocrx_word' id='word_1_198' title='bbox 2374 1459 2479 1499; x_wconf 90' lang='lat' dir='ltr'><strong>non</strong></span> <span class='ocrx_word' id='word_1_199' title='bbox 2510 1446 2645 1511; x_wconf 87' lang='lat' dir='ltr'><strong>suis,</strong></span> <span class='ocrx_word' id='word_1_200' title='bbox 2694 1445 2808 1512; x_wconf 89' lang='lat' dir='ltr'><strong>sed,</strong></span> <span class='ocrx_word' id='word_1_201' title='bbox 2850 1446 2992 1517; x_wconf 90' lang='lat' dir='ltr'><strong>quod</strong></span> <span class='ocrx_word' id='word_1_202' title='bbox 3021 1449 3235 1517; x_wconf 81' lang='lat' dir='ltr'><strong>gravius</strong></span> <span class='ocrx_word' id='word_1_203' title='bbox 3280 1457 3479 1518; x_wconf 76' lang='lat' dir='ltr'><strong>ureret,</strong></span> <span class='ocrx_word' id='word_1_204' title='bbox 3509 1452 3766 1508; x_wconf 80' lang='lat' dir='ltr'><strong>extraneis</strong></span> 
     </span>
    </p>
   </div>
   <div class='ocr_carea' id='block_1_30' title="bbox 2191 1534 3770 1611">
    <p class='ocr_par' dir='ltr' id='par_1_30' title="bbox 2191 1534 3770 1611">
     <span class='ocr_line' id='line_1_30' title="bbox 2191 1534 3770 1611; baseline 0.005 -22"><span class='ocrx_word' id='word_1_205' title='bbox 2191 1535 2595 1590; x_wconf 85' lang='lat' dir='ltr'><strong>successoribus</strong></span> <span class='ocrx_word' id='word_1_206' title='bbox 2624 1534 2810 1591; x_wconf 89' lang='lat' dir='ltr'><strong>deﬁnit</strong></span> <span class='ocrx_word' id='word_1_207' title='bbox 2851 1552 2976 1593; x_wconf 89' lang='lat' dir='ltr'><strong>esse</strong></span> <span class='ocrx_word' id='word_1_208' title='bbox 3020 1537 3431 1607; x_wconf 84' lang='lat' dir='ltr'><strong>relinquendas;</strong></span> <span class='ocrx_word' id='word_1_209' title='bbox 3462 1548 3517 1593; x_wconf 89' lang='lat' dir='ltr'><strong>ut</strong></span> <span class='ocrx_word' id='word_1_210' title='bbox 3560 1551 3770 1611; x_wconf 86' lang='lat' dir='ltr'><strong>pr0ptcr</strong></span> 
     </span>
    </p>
   </div>
   <div class='ocr_carea' id='block_1_31' title="bbox 2188 1625 3768 1700">
    <p class='ocr_par' dir='ltr' id='par_1_31' title="bbox 2188 1625 3768 1700">
     <span class='ocr_line' id='line_1_31' title="bbox 2188 1625 3768 1700; baseline 0.006 -22"><span class='ocrx_word' id='word_1_211' title='bbox 2188 1640 2323 1696; x_wconf 89' lang='lat' dir='ltr'><strong>quas</strong></span> <span class='ocrx_word' id='word_1_212' title='bbox 2352 1625 2530 1680; x_wconf 88' lang='lat' dir='ltr'><strong>omnia</strong></span> <span class='ocrx_word' id='word_1_213' title='bbox 2582 1636 2799 1695; x_wconf 83' lang='lat' dir='ltr'><strong>peccata</strong></span> <span class='ocrx_word' id='word_1_214' title='bbox 2846 1628 3266 1695; x_wconf 87' lang='lat' dir='ltr'><strong>commiserant,</strong></span> <span class='ocrx_word' id='word_1_215' title='bbox 3302 1644 3405 1684; x_wconf 91' lang='lat' dir='ltr'><strong>non</strong></span> <span class='ocrx_word' id='word_1_216' title='bbox 3439 1632 3768 1700; x_wconf 87' lang='lat' dir='ltr'><strong>possessione</strong></span> 
     </span>
    </p>
   </div>
   <div class='ocr_carea' id='block_1_32' title="bbox 2188 1716 3772 1789">
    <p class='ocr_par' dir='ltr' id='par_1_32' title="bbox 2188 1716 3772 1789">
     <span class='ocr_line' id='line_1_32' title="bbox 2188 1716 3772 1789; baseline 0.006 -20"><span class='ocrx_word' id='word_1_217' title='bbox 2188 1716 2419 1786; x_wconf 88' lang='lat' dir='ltr'><strong>ipsarum</strong></span> <span class='ocrx_word' id='word_1_218' title='bbox 2445 1758 2461 1784; x_wconf 93' lang='lat'><strong>,</strong></span> <span class='ocrx_word' id='word_1_219' title='bbox 2516 1732 2615 1773; x_wconf 80' lang='lat' dir='ltr'><strong>nec</strong></span> <span class='ocrx_word' id='word_1_220' title='bbox 2648 1719 2864 1789; x_wconf 90' lang='lat' dir='ltr'><strong>proprio</strong></span> <span class='ocrx_word' id='word_1_221' title='bbox 2915 1734 3229 1775; x_wconf 88' lang='lat' dir='ltr'><strong>successore</strong></span> <span class='ocrx_word' id='word_1_222' title='bbox 3260 1720 3605 1789; x_wconf 71' lang='lat' dir='ltr'><strong>ltetarentur;</strong></span> <span class='ocrx_word' id='word_1_223' title='bbox 3638 1721 3772 1778; x_wconf 85' lang='lat' dir='ltr'><strong>sicut</strong></span> 
     </span>
    </p>
   </div>
   <div class='ocr_carea' id='block_1_33' title="bbox 500 1785 3768 1890">
    <p class='ocr_par' dir='ltr' id='par_1_33' title="bbox 500 1785 3768 1890">
     <span class='ocr_line' id='line_1_33' title="bbox 500 1785 3768 1890; baseline 0 -29"><span class='ocrx_word' id='word_1_224' title='bbox 500 1807 816 1862; x_wconf 77' lang='lat' dir='ltr'><strong>abundantia</strong></span> <span class='ocrx_word' id='word_1_225' title='bbox 843 1807 1138 1861; x_wconf 87' lang='lat' dir='ltr'><strong>divitiarum</strong></span> <span class='ocrx_word' id='word_1_226' title='bbox 1178 1822 1389 1860; x_wconf 87' lang='lat' dir='ltr'><strong>suarum</strong></span> <span class='ocrx_word' id='word_1_227' title='bbox 1431 1805 1740 1878; x_wconf 83' lang='lat' dir='ltr'><strong>gloriantur.</strong></span> <span class='ocrx_word' id='word_1_228' title='bbox 1776 1803 1901 1857; x_wconf 63' lang='lat' dir='ltr'><strong>Haec</strong></span> <span class='ocrx_word' id='word_1_229' title='bbox 1949 1817 2081 1871; x_wconf 90' lang='lat' dir='ltr'><strong>pen-</strong></span> <span class='ocrx_word' id='word_1_230' title='bbox 2114 1785 2160 1846; x_wconf 79' lang='grc' dir='ltr'><strong>Β</strong></span> <span class='ocrx_word' id='word_1_231' title='bbox 2186 1785 2437 1867; x_wconf 75' lang='lat' dir='ltr'><strong>Salomon</strong></span> <span class='ocrx_word' id='word_1_232' title='bbox 2468 1811 2595 1866; x_wconf 71' lang='lat' dir='ltr'><strong>dicit</strong></span> <span class='ocrx_word' id='word_1_233' title='bbox 2631 1785 2661 1866; x_wconf 40' lang='grc' dir='ltr'><em>ε’</em></span> <span class='ocrx_word' id='word_1_234' title='bbox 2685 1785 2918 1883; x_wconf 57' lang='grc' dir='ltr'><strong>Ιηίμλοά</strong></span> <span class='ocrx_word' id='word_1_235' title='bbox 2944 1823 3291 1883; x_wconf 64' lang='lat' dir='ltr'><strong>peccaverunt,</strong></span> <span class='ocrx_word' id='word_1_236' title='bbox 3322 1831 3413 1869; x_wconf 78' lang='lat' dir='ltr'><strong>nec</strong></span> <span class='ocrx_word' id='word_1_237' title='bbox 3438 1785 3601 1869; x_wconf 67' lang='grc' dir='ltr'><strong>ιωιανέ</strong></span> <span class='ocrx_word' id='word_1_238' title='bbox 3639 1814 3768 1890; x_wconf 64' lang='grc' dir='ltr'><strong>[εδ.⁹</strong></span> 
     </span>
    </p>
   </div>
   <div class='ocr_carea' id='block_1_34' title="bbox 502 1892 2081 1966">
    <p class='ocr_par' dir='ltr' id='par_1_34' title="bbox 502 1892 2081 1966">
     <span class='ocr_line' id='line_1_34' title="bbox 502 1892 2081 1966; baseline -0.003 -16"><span class='ocrx_word' id='word_1_239' title='bbox 502 1898 624 1952; x_wconf 85' lang='lat' dir='ltr'><strong>deni</strong></span> <span class='ocrx_word' id='word_1_240' title='bbox 658 1900 725 1951; x_wconf 87' lang='lat' dir='ltr'><strong>de</strong></span> <span class='ocrx_word' id='word_1_241' title='bbox 769 1897 1047 1966; x_wconf 85' lang='lat' dir='ltr'><strong>superiore</strong></span> <span class='ocrx_word' id='word_1_242' title='bbox 1073 1895 1360 1963; x_wconf 86' lang='lat' dir='ltr'><strong>versiculo,</strong></span> <span class='ocrx_word' id='word_1_243' title='bbox 1403 1895 1594 1966; x_wconf 89' lang='lat' dir='ltr'><strong>quibus</strong></span> <span class='ocrx_word' id='word_1_244' title='bbox 1618 1892 1947 1965; x_wconf 80' lang='lat' dir='ltr'><strong>jungendum</strong></span> <span class='ocrx_word' id='word_1_245' title='bbox 1979 1902 2081 1959; x_wconf 89' lang='lat' dir='ltr'><strong>est,</strong></span> 
     </span>
    </p>
   </div>
   <div class='ocr_carea' id='block_1_35' title="bbox 503 1984 2081 2059">
    <p class='ocr_par' dir='ltr' id='par_1_35' title="bbox 503 1984 2081 2059">
     <span class='ocr_line' id='line_1_35' title="bbox 503 1984 2081 2059; baseline -0.003 -18"><span class='ocrx_word' id='word_1_246' title='bbox 503 1988 635 2043; x_wconf 87' lang='lat' dir='ltr'><strong>tales</strong></span> <span class='ocrx_word' id='word_1_247' title='bbox 661 1988 1062 2044; x_wconf 85' lang='lat' dir='ltr'><strong>circumdantur</strong></span> <span class='ocrx_word' id='word_1_248' title='bbox 1088 1989 1139 2043; x_wconf 93' lang='lat' dir='ltr'><strong>iu</strong></span> <span class='ocrx_word' id='word_1_249' title='bbox 1181 1987 1460 2059; x_wconf 83' lang='lat' dir='ltr'><strong>iniquitate</strong></span> <span class='ocrx_word' id='word_1_250' title='bbox 1488 1986 1747 2043; x_wconf 84' lang='lat' dir='ltr'><strong>calcauei.</strong></span> <span class='ocrx_word' id='word_1_251' title='bbox 1778 1984 1909 2040; x_wconf 87' lang='lat' dir='ltr'><strong>Nam</strong></span> <span class='ocrx_word' id='word_1_252' title='bbox 1942 2000 2081 2054; x_wconf 64' lang='lat' dir='ltr'><strong>prae-</strong></span> 
     </span>
    </p>
   </div>
   <div class='ocr_carea' id='block_1_36' title="bbox 498 2079 2083 2153">
    <p class='ocr_par' dir='ltr' id='par_1_36' title="bbox 498 2079 2083 2153">
     <span class='ocr_line' id='line_1_36' title="bbox 498 2079 2083 2153; baseline 0 -18"><span class='ocrx_word' id='word_1_253' title='bbox 498 2093 720 2136; x_wconf 87' lang='lat' dir='ltr'><strong>sumunt</strong></span> <span class='ocrx_word' id='word_1_254' title='bbox 745 2084 796 2136; x_wconf 87' lang='lat' dir='ltr'><strong>in</strong></span> <span class='ocrx_word' id='word_1_255' title='bbox 812 2083 997 2136; x_wconf 84' lang='lat' dir='ltr'><strong>virtute</strong></span> <span class='ocrx_word' id='word_1_256' title='bbox 1019 2098 1137 2149; x_wconf 86' lang='lat' dir='ltr'><strong>sua,</strong></span> <span class='ocrx_word' id='word_1_257' title='bbox 1161 2082 1251 2153; x_wconf 90' lang='lat' dir='ltr'><strong>qui</strong></span> <span class='ocrx_word' id='word_1_258' title='bbox 1267 2080 1514 2136; x_wconf 86' lang='lat' dir='ltr'><strong>videntur</strong></span> <span class='ocrx_word' id='word_1_259' title='bbox 1536 2082 1709 2150; x_wconf 90' lang='lat' dir='ltr'><strong>aliqua</strong></span> <span class='ocrx_word' id='word_1_260' title='bbox 1728 2079 2083 2150; x_wconf 86' lang='lat' dir='ltr'><strong>possibilitate</strong></span> 
     </span>
    </p>
   </div>
   <div class='ocr_carea' id='block_1_37' title="bbox 499 2171 2083 2243">
    <p class='ocr_par' dir='ltr' id='par_1_37' title="bbox 499 2171 2083 2243">
     <span class='ocr_line' id='line_1_37' title="bbox 499 2171 2083 2243; baseline -0.001 -14"><span class='ocrx_word' id='word_1_261' title='bbox 499 2176 777 2243; x_wconf 78' lang='lat' dir='ltr'><strong>conﬁdere,</strong></span> <span class='ocrx_word' id='word_1_262' title='bbox 810 2184 867 2228; x_wconf 81' lang='grc' dir='ltr'><strong>ιιι</strong></span> <span class='ocrx_word' id='word_1_263' title='bbox 894 2174 1095 2229; x_wconf 91' lang='lat' dir='ltr'><strong>viribus</strong></span> <span class='ocrx_word' id='word_1_264' title='bbox 1118 2174 1389 2242; x_wconf 86' lang='lat' dir='ltr'><strong>corporeis</strong></span> <span class='ocrx_word' id='word_1_265' title='bbox 1414 2174 1673 2239; x_wconf 80' lang='lat' dir='ltr'><strong>valentes,</strong></span> <span class='ocrx_word' id='word_1_266' title='bbox 1703 2173 1865 2227; x_wconf 88' lang='lat' dir='ltr'><strong>animi</strong></span> <span class='ocrx_word' id='word_1_267' title='bbox 1888 2171 2083 2227; x_wconf 86' lang='lat' dir='ltr'><strong>robore</strong></span> 
     </span>
    </p>
   </div>
   <div class='ocr_carea' id='block_1_38' title="bbox 500 2263 2081 2339">
    <p class='ocr_par' dir='ltr' id='par_1_38' title="bbox 500 2263 2081 2339">
     <span class='ocr_line' id='line_1_38' title="bbox 500 2263 2081 2339; baseline -0.005 -15"><span class='ocrx_word' id='word_1_268' title='bbox 500 2277 555 2324; x_wconf 89' lang='lat' dir='ltr'><strong>et</strong></span> <span class='ocrx_word' id='word_1_269' title='bbox 578 2268 769 2338; x_wconf 72' lang='lat' dir='ltr'><strong>lingua:</strong></span> <span class='ocrx_word' id='word_1_270' title='bbox 798 2268 952 2339; x_wconf 75' lang='lat'><strong>162</strong></span> <span class='ocrx_word' id='word_1_271' title='bbox 975 2265 1348 2321; x_wconf 90' lang='lat' dir='ltr'><strong>disertitudine</strong></span> <span class='ocrx_word' id='word_1_272' title='bbox 1376 2266 1773 2336; x_wconf 81' lang='lat' dir='ltr'><strong>przeminentes.</strong></span> <span class='ocrx_word' id='word_1_273' title='bbox 1799 2263 1905 2319; x_wconf 91' lang='lat' dir='ltr'><strong>Sed</strong></span> <span class='ocrx_word' id='word_1_274' title='bbox 1928 2271 2081 2333; x_wconf 88' lang='lat' dir='ltr'><strong>post-</strong></span> 
     </span>
    </p>
   </div>
   <div class='ocr_carea' id='block_1_39' title="bbox 500 2354 2082 2430">
    <p class='ocr_par' dir='ltr' id='par_1_39' title="bbox 500 2354 2082 2430">
     <span class='ocr_line' id='line_1_39' title="bbox 500 2354 2082 2430; baseline -0.001 -19"><span class='ocrx_word' id='word_1_275' title='bbox 500 2375 660 2430; x_wconf 87' lang='lat' dir='ltr'><strong>quam</strong></span> <span class='ocrx_word' id='word_1_276' title='bbox 699 2358 832 2413; x_wconf 82' lang='lat' dir='ltr'><strong>dixit</strong></span> <span class='ocrx_word' id='word_1_277' title='bbox 856 2359 1175 2413; x_wconf 87' lang='lat' dir='ltr'><strong>intrinsecus</strong></span> <span class='ocrx_word' id='word_1_278' title='bbox 1200 2357 1478 2426; x_wconf 88' lang='lat' dir='ltr'><strong>attributa,</strong></span> <span class='ocrx_word' id='word_1_279' title='bbox 1517 2372 1660 2411; x_wconf 92' lang='lat' dir='ltr'><strong>nuuc</strong></span> <span class='ocrx_word' id='word_1_280' title='bbox 1690 2355 1831 2410; x_wconf 87' lang='lat' dir='ltr'><strong>venit</strong></span> <span class='ocrx_word' id='word_1_281' title='bbox 1856 2355 1922 2410; x_wconf 90' lang='lat' dir='ltr'><strong>ad</strong></span> <span class='ocrx_word' id='word_1_282' title='bbox 1948 2354 2082 2409; x_wconf 87' lang='lat' dir='ltr'><strong>divi-</strong></span> 
     </span>
    </p>
   </div>
   <div class='ocr_carea' id='block_1_40' title="bbox 502 2444 2081 2517">
    <p class='ocr_par' dir='ltr' id='par_1_40' title="bbox 502 2444 2081 2517">
     <span class='ocr_line' id='line_1_40' title="bbox 502 2444 2081 2517; baseline -0.003 -15"><span class='ocrx_word' id='word_1_283' title='bbox 502 2450 604 2503; x_wconf 86' lang='lat' dir='ltr'><strong>tias</strong></span> <span class='ocrx_word' id='word_1_284' title='bbox 625 2465 743 2516; x_wconf 75' lang='lat' dir='ltr'><strong>quze</strong></span> <span class='ocrx_word' id='word_1_285' title='bbox 768 2448 1101 2503; x_wconf 83' lang='lat' dir='ltr'><strong>extrinsecus</strong></span> <span class='ocrx_word' id='word_1_286' title='bbox 1130 2450 1367 2514; x_wconf 84' lang='lat' dir='ltr'><strong>veniunt,</strong></span> <span class='ocrx_word' id='word_1_287' title='bbox 1398 2463 1493 2517; x_wconf 91' lang='lat' dir='ltr'><strong>per</strong></span> <span class='ocrx_word' id='word_1_288' title='bbox 1515 2462 1645 2517; x_wconf 86' lang='lat' dir='ltr'><strong>quas</strong></span> <span class='ocrx_word' id='word_1_289' title='bbox 1673 2446 1900 2501; x_wconf 88' lang='lat' dir='ltr'><strong>maxime</strong></span> <span class='ocrx_word' id='word_1_290' title='bbox 1928 2444 2081 2499; x_wconf 81' lang='lat' dir='ltr'><strong>iulia-</strong></span> 
     </span>
    </p>
   </div>
   <div class='ocr_carea' id='block_1_41' title="bbox 501 2537 2081 2608">
    <p class='ocr_par' dir='ltr' id='par_1_41' title="bbox 501 2537 2081 2608">
     <span class='ocr_line' id='line_1_41' title="bbox 501 2537 2081 2608; baseline 0 -16"><span class='ocrx_word' id='word_1_291' title='bbox 501 2547 585 2593; x_wconf 87' lang='lat' dir='ltr'><strong>tur</strong></span> <span class='ocrx_word' id='word_1_292' title='bbox 613 2540 934 2594; x_wconf 88' lang='lat' dir='ltr'><strong>humanitas.</strong></span> <span class='ocrx_word' id='word_1_293' title='bbox 960 2538 1103 2594; x_wconf 80' lang='lat' dir='ltr'><strong>Raro</strong></span> <span class='ocrx_word' id='word_1_294' title='bbox 1123 2540 1265 2596; x_wconf 90' lang='lat' dir='ltr'><strong>enim</strong></span> <span class='ocrx_word' id='word_1_295' title='bbox 1287 2538 1438 2595; x_wconf 84' lang='lat' dir='ltr'><strong>dives</strong></span> <span class='ocrx_word' id='word_1_296' title='bbox 1458 2548 1656 2595; x_wconf 86' lang='lat' dir='ltr'><strong>sortem</strong></span> <span class='ocrx_word' id='word_1_297' title='bbox 1684 2537 1786 2594; x_wconf 90' lang='lat' dir='ltr'><strong>sibi</strong></span> <span class='ocrx_word' id='word_1_298' title='bbox 1807 2554 1926 2592; x_wconf 91' lang='lat' dir='ltr'><strong>cum</strong></span> <span class='ocrx_word' id='word_1_299' title='bbox 1951 2553 2081 2608; x_wconf 86' lang='lat' dir='ltr'><strong>pau-</strong></span> 
     </span>
    </p>
   </div>
   <div class='ocr_carea' id='block_1_42' title="bbox 502 2629 2080 2700">
    <p class='ocr_par' dir='ltr' id='par_1_42' title="bbox 502 2629 2080 2700">
     <span class='ocr_line' id='line_1_42' title="bbox 502 2629 2080 2700; baseline -0.002 -16"><span class='ocrx_word' id='word_1_300' title='bbox 502 2629 720 2699; x_wconf 82' lang='lat' dir='ltr'><strong>poribus</strong></span> <span class='ocrx_word' id='word_1_301' title='bbox 750 2630 997 2700; x_wconf 79' lang='lat' dir='ltr'><strong>intelligit</strong></span> <span class='ocrx_word' id='word_1_302' title='bbox 1024 2644 1145 2686; x_wconf 90' lang='lat' dir='ltr'><strong>esse</strong></span> <span class='ocrx_word' id='word_1_303' title='bbox 1174 2645 1535 2686; x_wconf 85' lang='lat' dir='ltr'><strong>communem.</strong></span> <span class='ocrx_word' id='word_1_304' title='bbox 1569 2630 1631 2684; x_wconf 84' lang='lat' dir='ltr'><strong>Et</strong></span> <span class='ocrx_word' id='word_1_305' title='bbox 1669 2643 1888 2683; x_wconf 88' lang='lat' dir='ltr'><strong>necesse</strong></span> <span class='ocrx_word' id='word_1_306' title='bbox 1915 2640 1994 2683; x_wconf 90' lang='lat' dir='ltr'><strong>est</strong></span> <span class='ocrx_word' id='word_1_307' title='bbox 2021 2637 2080 2684; x_wconf 93' lang='lat' dir='ltr'><strong>ut</strong></span> 
     </span>
    </p>
   </div>
   <div class='ocr_carea' id='block_1_43' title="bbox 501 2716 2077 2789">
    <p class='ocr_par' dir='ltr' id='par_1_43' title="bbox 501 2716 2077 2789">
     <span class='ocr_line' id='line_1_43' title="bbox 501 2716 2077 2789; baseline -0.002 -16"><span class='ocrx_word' id='word_1_308' title='bbox 501 2720 635 2774; x_wconf 88' lang='lat' dir='ltr'><strong>tales</strong></span> <span class='ocrx_word' id='word_1_309' title='bbox 663 2721 885 2774; x_wconf 87' lang='lat' dir='ltr'><strong>timeant</strong></span> <span class='ocrx_word' id='word_1_310' title='bbox 909 2720 1094 2784; x_wconf 90' lang='lat' dir='ltr'><strong>ﬁnem,</strong></span> <span class='ocrx_word' id='word_1_311' title='bbox 1112 2718 1203 2789; x_wconf 91' lang='lat' dir='ltr'><strong>qui</strong></span> <span class='ocrx_word' id='word_1_312' title='bbox 1230 2726 1284 2773; x_wconf 86' lang='lat' dir='ltr'><strong>et</strong></span> <span class='ocrx_word' id='word_1_313' title='bbox 1302 2717 1552 2774; x_wconf 85' lang='lat' dir='ltr'><strong>deserere</strong></span> <span class='ocrx_word' id='word_1_314' title='bbox 1580 2717 1845 2773; x_wconf 87' lang='lat' dir='ltr'><strong>mundana</strong></span> <span class='ocrx_word' id='word_1_315' title='bbox 1870 2716 2077 2783; x_wconf 91' lang='lat' dir='ltr'><strong>nolunt,</strong></span> 
     </span>
    </p>
   </div>
   <div class='ocr_carea' id='block_1_44' title="bbox 497 2808 2071 2880">
    <p class='ocr_par' dir='ltr' id='par_1_44' title="bbox 497 2808 2071 2880">
     <span class='ocr_line' id='line_1_44' title="bbox 497 2808 2071 2880; baseline -0.001 -16"><span class='ocrx_word' id='word_1_316' title='bbox 497 2818 553 2864; x_wconf 88' lang='lat' dir='ltr'><strong>ct</strong></span> <span class='ocrx_word' id='word_1_317' title='bbox 582 2818 920 2880; x_wconf 82' lang='lat' dir='ltr'><strong>peccatorum</strong></span> <span class='ocrx_word' id='word_1_318' title='bbox 964 2825 1182 2866; x_wconf 88' lang='lat' dir='ltr'><strong>suorum</strong></span> <span class='ocrx_word' id='word_1_319' title='bbox 1213 2824 1399 2880; x_wconf 65' lang='lat' dir='ltr'><strong>poenas</strong></span> <span class='ocrx_word' id='word_1_320' title='bbox 1428 2809 1757 2864; x_wconf 75' lang='lat' dir='ltr'><strong>conscientia</strong></span> <span class='ocrx_word' id='word_1_321' title='bbox 1800 2816 1936 2864; x_wconf 89' lang='lat' dir='ltr'><strong>teste</strong></span> <span class='ocrx_word' id='word_1_322' title='bbox 1968 2808 2071 2863; x_wconf 84' lang='lat' dir='ltr'><strong>lor-</strong></span> 
     </span>
    </p>
   </div>
   <div class='ocr_carea' id='block_1_45' title="bbox 494 2904 718 2960">
    <p class='ocr_par' dir='ltr' id='par_1_45' title="bbox 494 2904 718 2960">
     <span class='ocr_line' id='line_1_45' title="bbox 494 2904 718 2960; baseline 0.004 -3"><span class='ocrx_word' id='word_1_323' title='bbox 494 2904 718 2960; x_wconf 62' lang='lat' dir='ltr'><strong>nddanb</strong></span> 
     </span>
    </p>
   </div>
   <div class='ocr_carea' id='block_1_46' title="bbox 568 2991 2078 3052">
    <p class='ocr_par' dir='ltr' id='par_1_46' title="bbox 568 2991 2078 3052">
     <span class='ocr_line' id='line_1_46' title="bbox 568 2991 2078 3052; baseline -0.004 -2"><span class='ocrx_word' id='word_1_324' title='bbox 568 2995 724 3051; x_wconf 75' lang='lat' dir='ltr'><strong>Vers.</strong></span> <span class='ocrx_word' id='word_1_325' title='bbox 759 2996 814 3052; x_wconf 89' lang='grc'><strong>7.</strong></span> <span class='ocrx_word' id='word_1_326' title='bbox 866 2991 1054 3049; x_wconf 83' lang='lat' dir='ltr'><strong>Frater</strong></span> <span class='ocrx_word' id='word_1_327' title='bbox 1083 3011 1185 3048; x_wconf 91' lang='lat' dir='ltr'><strong>non</strong></span> <span class='ocrx_word' id='word_1_328' title='bbox 1223 2993 1465 3048; x_wconf 86' lang='lat' dir='ltr'><strong>redimit!</strong></span> <span class='ocrx_word' id='word_1_329' title='bbox 1508 2993 1719 3048; x_wconf 83' lang='lat' dir='ltr'><strong>redimet</strong></span> <span class='ocrx_word' id='word_1_330' title='bbox 1750 2992 1901 3046; x_wconf 85' lang='lat' dir='ltr'><strong>homo</strong></span> <span class='ocrx_word' id='word_1_331' title='bbox 1929 3008 1944 3046; x_wconf 94' lang='lat'><em>:</em></span> <span class='ocrx_word' id='word_1_332' title='bbox 1978 3007 2078 3045; x_wconf 92' lang='lat' dir='ltr'><strong>non</strong></span> 
     </span>
    </p>
   </div>
   <div class='ocr_carea' id='block_1_47' title="bbox 494 3082 2079 3157">
    <p class='ocr_par' dir='ltr' id='par_1_47' title="bbox 494 3082 2079 3157">
     <span class='ocr_line' id='line_1_47' title="bbox 494 3082 2079 3157; baseline -0.004 -17"><span class='ocrx_word' id='word_1_333' title='bbox 494 3087 633 3142; x_wconf 87' lang='lat' dir='ltr'><strong>dabit</strong></span> <span class='ocrx_word' id='word_1_334' title='bbox 663 3087 774 3141; x_wconf 89' lang='lat' dir='ltr'><strong>Deo</strong></span> <span class='ocrx_word' id='word_1_335' title='bbox 802 3087 1144 3157; x_wconf 67' lang='lat' dir='ltr'><strong>piscationem</strong></span> <span class='ocrx_word' id='word_1_336' title='bbox 1173 3101 1337 3138; x_wconf 89' lang='lat' dir='ltr'><strong>suam.</strong></span> <span class='ocrx_word' id='word_1_337' title='bbox 1373 3084 1659 3153; x_wconf 84' lang='lat' dir='ltr'><strong>Postquam</strong></span> <span class='ocrx_word' id='word_1_338' title='bbox 1688 3082 1755 3138; x_wconf 92' lang='lat' dir='ltr'><strong>de</strong></span> <span class='ocrx_word' id='word_1_339' title='bbox 1786 3083 2079 3151; x_wconf 72' lang='lat' dir='ltr'><strong>peccaturi-</strong></span> 
     </span>
    </p>
   </div>
   <div class='ocr_carea' id='block_1_48' title="bbox 2186 1898 3771 1975">
    <p class='ocr_par' dir='ltr' id='par_1_48' title="bbox 2186 1898 3771 1975">
     <span class='ocr_line' id='line_1_48' title="bbox 2186 1898 3771 1975; baseline 0.004 -21"><span class='ocrx_word' id='word_1_340' title='bbox 2186 1898 2380 1971; x_wconf 81' lang='lat' dir='ltr'><strong>latere]</strong></span> <span class='ocrx_word' id='word_1_341' title='bbox 2410 1910 2686 1971; x_wconf 85' lang='lat' dir='ltr'><strong>potuerunt</strong></span> <span class='ocrx_word' id='word_1_342' title='bbox 2717 1901 2735 1971; x_wconf 95' lang='lat'>(</span> <span class='ocrx_word' id='word_1_343' title='bbox 2759 1899 2888 1971; x_wconf 91' lang='lat' dir='ltr'><strong>Sap.</strong></span> <span class='ocrx_word' id='word_1_344' title='bbox 2920 1918 2951 1955; x_wconf 87' lang='lat' dir='ltr'><strong>x</strong></span> <span class='ocrx_word' id='word_1_345' title='bbox 2977 1943 2993 1969; x_wconf 97' lang='lat'><strong>,</strong></span> <span class='ocrx_word' id='word_1_346' title='bbox 3024 1902 3122 1973; x_wconf 90' lang='lat'><strong>8).</strong></span> <span class='ocrx_word' id='word_1_347' title='bbox 3156 1900 3282 1957; x_wconf 89' lang='lat' dir='ltr'><strong>Cum</strong></span> <span class='ocrx_word' id='word_1_348' title='bbox 3306 1904 3490 1959; x_wconf 81' lang='lat' dir='ltr'><strong>viderit</strong></span> <span class='ocrx_word' id='word_1_349' title='bbox 3527 1917 3771 1975; x_wconf 88' lang='lat' dir='ltr'><strong>peccator</strong></span> 
     </span>
    </p>
   </div>
   <div class='ocr_carea' id='block_1_49' title="bbox 2188 1992 3770 2063">
    <p class='ocr_par' dir='ltr' id='par_1_49' title="bbox 2188 1992 3770 2063">
     <span class='ocr_line' id='line_1_49' title="bbox 2188 1992 3770 2063; baseline 0.003 -17"><span class='ocrx_word' id='word_1_350' title='bbox 2188 1992 2372 2062; x_wconf 90' lang='lat' dir='ltr'><strong>utique</strong></span> <span class='ocrx_word' id='word_1_351' title='bbox 2401 1993 2656 2061; x_wconf 77' lang='lat' dir='ltr'><strong>sapientes</strong></span> <span class='ocrx_word' id='word_1_352' title='bbox 2684 1993 2865 2047; x_wconf 71' lang='lat' dir='ltr'><strong>smculi</strong></span> <span class='ocrx_word' id='word_1_353' title='bbox 2891 1993 3042 2048; x_wconf 91' lang='lat' dir='ltr'><strong>istius</strong></span> <span class='ocrx_word' id='word_1_354' title='bbox 3072 1994 3139 2048; x_wconf 88' lang='lat' dir='ltr'><strong>ab</strong></span> <span class='ocrx_word' id='word_1_355' title='bbox 3165 1996 3379 2050; x_wconf 90' lang='lat' dir='ltr'><strong>interitu</strong></span> <span class='ocrx_word' id='word_1_356' title='bbox 3411 2012 3513 2050; x_wconf 89' lang='lat' dir='ltr'><strong>non</strong></span> <span class='ocrx_word' id='word_1_357' title='bbox 3538 1997 3770 2063; x_wconf 86' lang='lat' dir='ltr'><strong>liberari,</strong></span> 
     </span>
    </p>
   </div>
   <div class='ocr_carea' id='block_1_50' title="bbox 2186 2081 3771 2156">
    <p class='ocr_par' dir='ltr' id='par_1_50' title="bbox 2186 2081 3771 2156">
     <span class='ocr_line' id='line_1_50' title="bbox 2186 2081 3771 2156; baseline 0.003 -19"><span class='ocrx_word' id='word_1_358' title='bbox 2186 2092 2243 2137; x_wconf 91' lang='lat' dir='ltr'><strong>ut</strong></span> <span class='ocrx_word' id='word_1_359' title='bbox 2269 2082 2546 2137; x_wconf 83' lang='lat' dir='ltr'><strong>luitSolon</strong></span> <span class='ocrx_word' id='word_1_360' title='bbox 2576 2081 2938 2148; x_wconf 81' lang='lat' dir='ltr'><strong>Atheniensis,</strong></span> <span class='ocrx_word' id='word_1_361' title='bbox 2973 2083 3128 2139; x_wconf 86' lang='lat' dir='ltr'><strong>Philo</strong></span> <span class='ocrx_word' id='word_1_362' title='bbox 3159 2084 3617 2156; x_wconf 65' lang='lat' dir='ltr'><strong>Lacedaemonius,</strong></span> <span class='ocrx_word' id='word_1_363' title='bbox 3649 2088 3771 2142; x_wconf 83' lang='lat' dir='ltr'><strong>Ari-</strong></span> 
     </span>
    </p>
   </div>
   <div class='ocr_carea' id='block_1_51' title="bbox 2181 2171 3772 2245">
    <p class='ocr_par' dir='ltr' id='par_1_51' title="bbox 2181 2171 3772 2245">
     <span class='ocr_line' id='line_1_51' title="bbox 2181 2171 3772 2245; baseline 0.006 -20"><span class='ocrx_word' id='word_1_364' title='bbox 2181 2171 2411 2242; x_wconf 91' lang='lat' dir='ltr'><strong>stippus,</strong></span> <span class='ocrx_word' id='word_1_365' title='bbox 2433 2182 2487 2227; x_wconf 90' lang='lat' dir='ltr'><strong>et</strong></span> <span class='ocrx_word' id='word_1_366' title='bbox 2508 2173 2689 2228; x_wconf 66' lang='lat' dir='ltr'><strong>caeteri</strong></span> <span class='ocrx_word' id='word_1_367' title='bbox 2710 2173 2801 2243; x_wconf 89' lang='lat' dir='ltr'><strong>qui</strong></span> <span class='ocrx_word' id='word_1_368' title='bbox 2824 2173 3105 2229; x_wconf 71' lang='lat' dir='ltr'><strong>mundana:</strong></span> <span class='ocrx_word' id='word_1_369' title='bbox 3124 2176 3397 2245; x_wconf 69' lang='lat' dir='ltr'><strong>sapientiae</strong></span> <span class='ocrx_word' id='word_1_370' title='bbox 3419 2178 3772 2234; x_wconf 79' lang='lat' dir='ltr'><strong>celeberrima</strong></span> 
     </span>
    </p>
   </div>
   <div class='ocr_carea' id='block_1_52' title="bbox 2182 2261 3771 2334">
    <p class='ocr_par' dir='ltr' id='par_1_52' title="bbox 2182 2261 3771 2334">
     <span class='ocr_line' id='line_1_52' title="bbox 2182 2261 3771 2334; baseline 0.004 -18"><span class='ocrx_word' id='word_1_371' title='bbox 2182 2261 2340 2318; x_wconf 88' lang='lat' dir='ltr'><strong>laude</strong></span> <span class='ocrx_word' id='word_1_372' title='bbox 2384 2263 2699 2334; x_wconf 87' lang='lat' dir='ltr'><strong>viguerunt;</strong></span> <span class='ocrx_word' id='word_1_373' title='bbox 2742 2264 2838 2319; x_wconf 89' lang='lat' dir='ltr'><strong>sed</strong></span> <span class='ocrx_word' id='word_1_374' title='bbox 2880 2264 3025 2320; x_wconf 83' lang='lat' dir='ltr'><strong>videt</strong></span> <span class='ocrx_word' id='word_1_375' title='bbox 3070 2281 3165 2320; x_wconf 90' lang='lat' dir='ltr'><strong>eos</strong></span> <span class='ocrx_word' id='word_1_376' title='bbox 3205 2268 3565 2324; x_wconf 87' lang='lat' dir='ltr'><strong>communiter</strong></span> <span class='ocrx_word' id='word_1_377' title='bbox 3595 2269 3771 2333; x_wconf 90' lang='lat' dir='ltr'><strong>mori,</strong></span> 
     </span>
    </p>
   </div>
   <div class='ocr_carea' id='block_1_53' title="bbox 2181 2354 3773 2429">
    <p class='ocr_par' dir='ltr' id='par_1_53' title="bbox 2181 2354 3773 2429">
     <span class='ocr_line' id='line_1_53' title="bbox 2181 2354 3773 2429; baseline 0.003 -20"><span class='ocrx_word' id='word_1_378' title='bbox 2181 2370 2318 2427; x_wconf 88' lang='lat' dir='ltr'><strong>quos</strong></span> <span class='ocrx_word' id='word_1_379' title='bbox 2361 2354 2556 2411; x_wconf 67' lang='lat' dir='ltr'><strong>divinas</strong></span> <span class='ocrx_word' id='word_1_380' title='bbox 2581 2355 2871 2426; x_wconf 63' lang='lat' dir='ltr'><strong>Sapientia:</strong></span> <span class='ocrx_word' id='word_1_381' title='bbox 2908 2357 3191 2427; x_wconf 86' lang='lat' dir='ltr'><strong>participes</strong></span> <span class='ocrx_word' id='word_1_382' title='bbox 3232 2359 3554 2414; x_wconf 78' lang='lat' dir='ltr'><strong>aestimabat.</strong></span> <span class='ocrx_word' id='word_1_383' title='bbox 3583 2359 3773 2429; x_wconf 87' lang='lat' dir='ltr'><strong>Sequi-</strong></span> 
     </span>
    </p>
   </div>
   <div class='ocr_carea' id='block_1_54' title="bbox 2181 2446 3769 2518">
    <p class='ocr_par' dir='ltr' id='par_1_54' title="bbox 2181 2446 3769 2518">
     <span class='ocr_line' id='line_1_54' title="bbox 2181 2446 3769 2518; baseline 0.003 -17"><span class='ocrx_word' id='word_1_384' title='bbox 2181 2453 2268 2501; x_wconf 86' lang='lat' dir='ltr'><strong>tur</strong></span> <span class='ocrx_word' id='word_1_385' title='bbox 2290 2486 2307 2513; x_wconf 95' lang='lat'><strong>,</strong></span> <span class='ocrx_word' id='word_1_386' title='bbox 2354 2446 2506 2500; x_wconf 84' lang='lat' dir='ltr'><strong>simul</strong></span> <span class='ocrx_word' id='word_1_387' title='bbox 2533 2446 2778 2516; x_wconf 77' lang='lat' dir='ltr'><strong>insipiens</strong></span> <span class='ocrx_word' id='word_1_388' title='bbox 2823 2457 2869 2502; x_wconf 88' lang='lat' dir='ltr'><strong>et</strong></span> <span class='ocrx_word' id='word_1_389' title='bbox 2897 2448 3085 2502; x_wconf 82' lang='lat' dir='ltr'><strong>stultus</strong></span> <span class='ocrx_word' id='word_1_390' title='bbox 3124 2448 3376 2518; x_wconf 84' lang='lat' dir='ltr'><strong>peribunt.</strong></span> <span class='ocrx_word' id='word_1_391' title='bbox 3422 2449 3657 2505; x_wconf 82' lang='lat' dir='ltr'><strong>Necesse</strong></span> <span class='ocrx_word' id='word_1_392' title='bbox 3683 2461 3769 2506; x_wconf 82' lang='lat' dir='ltr'><strong>est</strong></span> 
     </span>
    </p>
   </div>
   <div class='ocr_carea' id='block_1_55' title="bbox 2181 2539 3768 2613">
    <p class='ocr_par' dir='ltr' id='par_1_55' title="bbox 2181 2539 3768 2613">
     <span class='ocr_line' id='line_1_55' title="bbox 2181 2539 3768 2613; baseline 0.001 -18"><span class='ocrx_word' id='word_1_393' title='bbox 2181 2539 2326 2595; x_wconf 89' lang='lat' dir='ltr'><strong>enim</strong></span> <span class='ocrx_word' id='word_1_394' title='bbox 2357 2548 2415 2594; x_wconf 91' lang='lat' dir='ltr'><strong>ut</strong></span> <span class='ocrx_word' id='word_1_395' title='bbox 2442 2540 2687 2610; x_wconf 82' lang='lat' dir='ltr'><strong>insipiens</strong></span> <span class='ocrx_word' id='word_1_396' title='bbox 2714 2549 2760 2595; x_wconf 90' lang='lat' dir='ltr'><strong>et</strong></span> <span class='ocrx_word' id='word_1_397' title='bbox 2785 2540 2971 2595; x_wconf 84' lang='lat' dir='ltr'><strong>stultus</strong></span> <span class='ocrx_word' id='word_1_398' title='bbox 3001 2539 3373 2609; x_wconf 78' lang='lat' dir='ltr'><strong>desperatione</strong></span> <span class='ocrx_word' id='word_1_399' title='bbox 3399 2554 3625 2613; x_wconf 79' lang='lat' dir='ltr'><strong>pereant,</strong></span> <span class='ocrx_word' id='word_1_400' title='bbox 3646 2560 3768 2599; x_wconf 87' lang='lat' dir='ltr'><strong>cum</strong></span> 
     </span>
    </p>
   </div>
   <div class='ocr_carea' id='block_1_56' title="bbox 2181 2630 3772 2702">
    <p class='ocr_par' dir='ltr' id='par_1_56' title="bbox 2181 2630 3772 2702">
     <span class='ocr_line' id='line_1_56' title="bbox 2181 2630 3772 2702; baseline 0.004 -19"><span class='ocrx_word' id='word_1_401' title='bbox 2181 2642 2309 2683; x_wconf 90' lang='lat' dir='ltr'><strong>suos</strong></span> <span class='ocrx_word' id='word_1_402' title='bbox 2352 2630 2622 2699; x_wconf 87' lang='lat' dir='ltr'><strong>sapientes</strong></span> <span class='ocrx_word' id='word_1_403' title='bbox 2650 2633 3003 2702; x_wconf 90' lang='lat' dir='ltr'><strong>cognoverint</strong></span> <span class='ocrx_word' id='word_1_404' title='bbox 3046 2631 3284 2688; x_wconf 85' lang='lat' dir='ltr'><strong>interire.</strong></span> <span class='ocrx_word' id='word_1_405' title='bbox 3317 2632 3513 2688; x_wconf 77' lang='lat' dir='ltr'><strong>Verum</strong></span> <span class='ocrx_word' id='word_1_406' title='bbox 3555 2645 3609 2688; x_wconf 89' lang='lat' dir='ltr'><strong>ut</strong></span> <span class='ocrx_word' id='word_1_407' title='bbox 3657 2636 3772 2690; x_wconf 80' lang='lat' dir='ltr'><strong>ba-c</strong></span> 
     </span>
    </p>
   </div>
   <div class='ocr_carea' id='block_1_57' title="bbox 2182 2718 3771 2796">
    <p class='ocr_par' dir='ltr' id='par_1_57' title="bbox 2182 2718 3771 2796">
     <span class='ocr_line' id='line_1_57' title="bbox 2182 2718 3771 2796; baseline 0.003 -22"><span class='ocrx_word' id='word_1_408' title='bbox 2182 2718 2355 2790; x_wconf 87' lang='lat' dir='ltr'><strong>magis</strong></span> <span class='ocrx_word' id='word_1_409' title='bbox 2402 2720 2750 2789; x_wconf 79' lang='lat' dir='ltr'><strong>spiritualiter</strong></span> <span class='ocrx_word' id='word_1_410' title='bbox 2797 2721 3043 2790; x_wconf 90' lang='lat' dir='ltr'><strong>accipere</strong></span> <span class='ocrx_word' id='word_1_411' title='bbox 3092 2722 3422 2788; x_wconf 85' lang='lat' dir='ltr'><strong>debeamus;</strong></span> <span class='ocrx_word' id='word_1_412' title='bbox 3473 2724 3771 2796; x_wconf 77' lang='lat' dir='ltr'><strong>insipientes</strong></span> 
     </span>
    </p>
   </div>
   <div class='ocr_carea' id='block_1_58' title="bbox 2183 2808 3771 2884">
    <p class='ocr_par' dir='ltr' id='par_1_58' title="bbox 2183 2808 3771 2884">
     <span class='ocr_line' id='line_1_58' title="bbox 2183 2808 3771 2884; baseline 0.005 -22"><span class='ocrx_word' id='word_1_413' title='bbox 2183 2818 2310 2862; x_wconf 82' lang='lat' dir='ltr'><strong>sunt.</strong></span> <span class='ocrx_word' id='word_1_414' title='bbox 2350 2808 2443 2877; x_wconf 91' lang='lat' dir='ltr'><strong>qui</strong></span> <span class='ocrx_word' id='word_1_415' title='bbox 2493 2809 2957 2878; x_wconf 71' lang='lat' dir='ltr'><strong>praedicationibus</strong></span> <span class='ocrx_word' id='word_1_416' title='bbox 3004 2811 3379 2881; x_wconf 88' lang='lat' dir='ltr'><strong>prophetarum</strong></span> <span class='ocrx_word' id='word_1_417' title='bbox 3424 2815 3771 2884; x_wconf 86' lang='lat' dir='ltr'><strong>acquiescere</strong></span> 
     </span>
    </p>
   </div>
   <div class='ocr_carea' id='block_1_59' title="bbox 2182 2899 3773 2976">
    <p class='ocr_par' dir='ltr' id='par_1_59' title="bbox 2182 2899 3773 2976">
     <span class='ocr_line' id='line_1_59' title="bbox 2182 2899 3773 2976; baseline 0.006 -23"><span class='ocrx_word' id='word_1_418' title='bbox 2182 2899 2506 2967; x_wconf 87' lang='lat' dir='ltr'><strong>noluerunt;</strong></span> <span class='ocrx_word' id='word_1_419' title='bbox 2559 2902 2703 2955; x_wconf 84' lang='lat' dir='ltr'><strong>stulti</strong></span> <span class='ocrx_word' id='word_1_420' title='bbox 2731 2911 2909 2957; x_wconf 90' lang='lat' dir='ltr'><strong>autem</strong></span> <span class='ocrx_word' id='word_1_421' title='bbox 2953 2901 3076 2973; x_wconf 85' lang='lat' dir='ltr'><strong>jure</strong></span> <span class='ocrx_word' id='word_1_422' title='bbox 3120 2904 3329 2959; x_wconf 88' lang='lat' dir='ltr'><strong>dicendi</strong></span> <span class='ocrx_word' id='word_1_423' title='bbox 3360 2916 3485 2962; x_wconf 89' lang='lat' dir='ltr'><strong>sunt</strong></span> <span class='ocrx_word' id='word_1_424' title='bbox 3528 2907 3621 2976; x_wconf 90' lang='lat' dir='ltr'><strong>qui</strong></span> <span class='ocrx_word' id='word_1_425' title='bbox 3672 2923 3773 2963; x_wconf 89' lang='lat' dir='ltr'><strong>nec</strong></span> 
     </span>
    </p>
   </div>
   <div class='ocr_carea' id='block_1_60' title="bbox 2181 2991 3774 3067">
    <p class='ocr_par' dir='ltr' id='par_1_60' title="bbox 2181 2991 3774 3067">
     <span class='ocr_line' id='line_1_60' title="bbox 2181 2991 3774 3067; baseline 0.004 -20"><span class='ocrx_word' id='word_1_426' title='bbox 2181 2992 2358 3061; x_wconf 81' lang='lat' dir='ltr'><strong>ipsum</strong></span> <span class='ocrx_word' id='word_1_427' title='bbox 2404 2991 2675 3047; x_wconf 75' lang='lat' dir='ltr'><strong>Christum</strong></span> <span class='ocrx_word' id='word_1_428' title='bbox 2707 2993 2989 3049; x_wconf 90' lang='lat' dir='ltr'><strong>Dominum</strong></span> <span class='ocrx_word' id='word_1_429' title='bbox 3037 2994 3332 3052; x_wconf 89' lang='lat' dir='ltr'><strong>venientem</strong></span> <span class='ocrx_word' id='word_1_430' title='bbox 3365 2998 3607 3067; x_wconf 90' lang='lat' dir='ltr'><strong>recipere</strong></span> <span class='ocrx_word' id='word_1_431' title='bbox 3654 3014 3774 3053; x_wconf 87' lang='lat' dir='ltr'><strong>ma-</strong></span> 
     </span>
    </p>
   </div>
   <div class='ocr_carea' id='block_1_61' title="bbox 2183 3082 3773 3157">
    <p class='ocr_par' dir='ltr' id='par_1_61' title="bbox 2183 3082 3773 3157">
     <span class='ocr_line' id='line_1_61' title="bbox 2183 3082 3773 3157; baseline 0.004 -20"><span class='ocrx_word' id='word_1_432' title='bbox 2183 3083 2415 3139; x_wconf 88' lang='lat' dir='ltr'><strong>luerunt.</strong></span> <span class='ocrx_word' id='word_1_433' title='bbox 2451 3082 2511 3137; x_wconf 88' lang='lat' dir='ltr'><strong>lli</strong></span> <span class='ocrx_word' id='word_1_434' title='bbox 2543 3098 2671 3154; x_wconf 81' lang='lat' dir='ltr'><strong>ergo</strong></span> <span class='ocrx_word' id='word_1_435' title='bbox 2718 3084 2874 3138; x_wconf 83' lang='lat' dir='ltr'><strong>simul</strong></span> <span class='ocrx_word' id='word_1_436' title='bbox 2912 3085 3183 3157; x_wconf 87' lang='lat' dir='ltr'><strong>peribunt,</strong></span> <span class='ocrx_word' id='word_1_437' title='bbox 3213 3087 3460 3156; x_wconf 88' lang='lat' dir='ltr'><strong>quoniam</strong></span> <span class='ocrx_word' id='word_1_438' title='bbox 3504 3086 3557 3141; x_wconf 93' lang='lat' dir='ltr'><strong>in</strong></span> <span class='ocrx_word' id='word_1_439' title='bbox 3589 3088 3773 3144; x_wconf 79' lang='lat' dir='ltr'><strong>futura</strong></span> 
     </span>
    </p>
   </div>
   <div class='ocr_carea' id='block_1_62' title="bbox 495 3168 3773 3249">
    <p class='ocr_par' dir='ltr' id='par_1_62' title="bbox 495 3168 3773 3249">
     <span class='ocr_line' id='line_1_62' title="bbox 495 3168 3773 3249; baseline 0 -14"><span class='ocrx_word' id='word_1_440' title='bbox 495 3180 593 3235; x_wconf 94' lang='lat' dir='ltr'><strong>bus</strong></span> <span class='ocrx_word' id='word_1_441' title='bbox 623 3180 795 3246; x_wconf 81' lang='lat' dir='ltr'><strong>dixit,</strong></span> <span class='ocrx_word' id='word_1_442' title='bbox 846 3194 1072 3249; x_wconf 87' lang='lat' dir='ltr'><strong>quorum</strong></span> <span class='ocrx_word' id='word_1_443' title='bbox 1106 3178 1355 3246; x_wconf 85' lang='lat' dir='ltr'><strong>iniquitas</strong></span> <span class='ocrx_word' id='word_1_444' title='bbox 1398 3176 1704 3231; x_wconf 74' lang='lat' dir='ltr'><strong>calcanteum</strong></span> <span class='ocrx_word' id='word_1_445' title='bbox 1735 3173 2069 3240; x_wconf 87' lang='lat' dir='ltr'><strong>circumdat,</strong></span> <span class='ocrx_word' id='word_1_446' title='bbox 2102 3168 2149 3233; x_wconf 90' lang='lat' dir='ltr'><strong>C</strong></span> <span class='ocrx_word' id='word_1_447' title='bbox 2178 3175 2505 3245; x_wconf 86' lang='lat' dir='ltr'><strong>judicatioue</strong></span> <span class='ocrx_word' id='word_1_448' title='bbox 2533 3172 2818 3231; x_wconf 89' lang='lat' dir='ltr'><strong>damnandi</strong></span> <span class='ocrx_word' id='word_1_449' title='bbox 2845 3185 2986 3232; x_wconf 91' lang='lat' dir='ltr'><strong>sunt.</strong></span> <span class='ocrx_word' id='word_1_450' title='bbox 3021 3177 3353 3247; x_wconf 84' lang='lat' dir='ltr'><strong>Reliquerunt</strong></span> <span class='ocrx_word' id='word_1_451' title='bbox 3381 3188 3555 3233; x_wconf 88' lang='lat' dir='ltr'><strong>autem</strong></span> <span class='ocrx_word' id='word_1_452' title='bbox 3590 3178 3773 3236; x_wconf 60' lang='lat' dir='ltr'><strong>Judaei</strong></span> 
     </span>
    </p>
   </div>
   <div class='ocr_carea' id='block_1_63' title="bbox 492 3264 3771 3343">
    <p class='ocr_par' dir='ltr' id='par_1_63' title="bbox 492 3264 3771 3343">
     <span class='ocr_line' id='line_1_63' title="bbox 492 3264 3771 3343; baseline -0 -16"><span class='ocrx_word' id='word_1_453' title='bbox 492 3274 639 3329; x_wconf 82' lang='lat' dir='ltr'><strong>venit</strong></span> <span class='ocrx_word' id='word_1_454' title='bbox 670 3274 735 3327; x_wconf 91' lang='lat' dir='ltr'><strong>ad</strong></span> <span class='ocrx_word' id='word_1_455' title='bbox 763 3288 931 3343; x_wconf 91' lang='lat' dir='ltr'><strong>genus</strong></span> <span class='ocrx_word' id='word_1_456' title='bbox 976 3273 1267 3328; x_wconf 89' lang='lat' dir='ltr'><strong>curationis</strong></span> <span class='ocrx_word' id='word_1_457' title='bbox 1309 3271 1585 3328; x_wconf 87' lang='lat' dir='ltr'><strong>eximium.</strong></span> <span class='ocrx_word' id='word_1_458' title='bbox 1614 3271 1681 3326; x_wconf 87' lang='lat' dir='ltr'><strong>Et</strong></span> <span class='ocrx_word' id='word_1_459' title='bbox 1725 3272 1825 3326; x_wconf 92' lang='lat' dir='ltr'><strong>hoc</strong></span> <span class='ocrx_word' id='word_1_460' title='bbox 1864 3285 2076 3340; x_wconf 85' lang='lat' dir='ltr'><strong>quoque</strong></span> <span class='ocrx_word' id='word_1_461' title='bbox 2182 3264 2364 3319; x_wconf 87' lang='lat' dir='ltr'><strong>alienis</strong></span> <span class='ocrx_word' id='word_1_462' title='bbox 2391 3266 2590 3320; x_wconf 81' lang='lat' dir='ltr'><strong>divitias</strong></span> <span class='ocrx_word' id='word_1_463' title='bbox 2618 3282 2759 3332; x_wconf 86' lang='lat' dir='ltr'><strong>suas,</strong></span> <span class='ocrx_word' id='word_1_464' title='bbox 2789 3268 3037 3337; x_wconf 90' lang='lat' dir='ltr'><strong>quoniam</strong></span> <span class='ocrx_word' id='word_1_465' title='bbox 3066 3269 3440 3337; x_wconf 84' lang='lat' dir='ltr'><strong>spernentibus</strong></span> <span class='ocrx_word' id='word_1_466' title='bbox 3474 3270 3553 3323; x_wconf 90' lang='lat' dir='ltr'><strong>eis</strong></span> <span class='ocrx_word' id='word_1_467' title='bbox 3580 3268 3771 3326; x_wconf 67' lang='lat' dir='ltr'><strong>Domio</strong></span> 
     </span>
    </p>
   </div>
   <div class='ocr_carea' id='block_1_64' title="bbox 489 3355 3771 3433">
    <p class='ocr_par' dir='ltr' id='par_1_64' title="bbox 489 3355 3771 3433">
     <span class='ocr_line' id='line_1_64' title="bbox 489 3355 3771 3433; baseline -0.001 -15"><span class='ocrx_word' id='word_1_468' title='bbox 489 3365 591 3419; x_wconf 90' lang='lat' dir='ltr'><strong>sub</strong></span> <span class='ocrx_word' id='word_1_469' title='bbox 632 3363 984 3419; x_wconf 80' lang='lat' dir='ltr'><strong>admiratione</strong></span> <span class='ocrx_word' id='word_1_470' title='bbox 1012 3362 1293 3433; x_wconf 85' lang='lat' dir='ltr'><strong>legendum</strong></span> <span class='ocrx_word' id='word_1_471' title='bbox 1322 3372 1404 3417; x_wconf 89' lang='lat' dir='ltr'><strong>est</strong></span> <span class='ocrx_word' id='word_1_472' title='bbox 1437 3380 1450 3415; x_wconf 87' lang='lat'><strong>:</strong></span> <span class='ocrx_word' id='word_1_473' title='bbox 1485 3359 1672 3417; x_wconf 86' lang='lat' dir='ltr'><strong>Frater</strong></span> <span class='ocrx_word' id='word_1_474' title='bbox 1700 3377 1802 3416; x_wconf 89' lang='lat' dir='ltr'><strong>non</strong></span> <span class='ocrx_word' id='word_1_475' title='bbox 1832 3361 2075 3415; x_wconf 88' lang='lat' dir='ltr'><strong>redimit!</strong></span> <span class='ocrx_word' id='word_1_476' title='bbox 2180 3371 2307 3411; x_wconf 92' lang='lat' dir='ltr'><strong>num</strong></span> <span class='ocrx_word' id='word_1_477' title='bbox 2336 3355 2690 3425; x_wconf 88' lang='lat' dir='ltr'><strong>Salvatorem,</strong></span> <span class='ocrx_word' id='word_1_478' title='bbox 2736 3357 2801 3412; x_wconf 86' lang='lat' dir='ltr'><strong>ad</strong></span> <span class='ocrx_word' id='word_1_479' title='bbox 2826 3368 3013 3427; x_wconf 79' lang='lat' dir='ltr'><strong>gentes</strong></span> <span class='ocrx_word' id='word_1_480' title='bbox 3051 3366 3335 3415; x_wconf 87' lang='lat' dir='ltr'><strong>extraneas</strong></span> <span class='ocrx_word' id='word_1_481' title='bbox 3358 3359 3545 3415; x_wconf 89' lang='lat' dir='ltr'><strong>salutis</strong></span> <span class='ocrx_word' id='word_1_482' title='bbox 3573 3375 3771 3416; x_wconf 89' lang='lat' dir='ltr'><strong>eorum</strong></span> 
     </span>
    </p>
   </div>
   <div class='ocr_carea' id='block_1_65' title="bbox 492 3438 3697 3525">
    <p class='ocr_par' dir='ltr' id='par_1_65' title="bbox 492 3438 3697 3525">
     <span class='ocr_line' id='line_1_65' title="bbox 492 3438 3697 3525; baseline -0.003 -13"><span class='ocrx_word' id='word_1_483' title='bbox 492 3458 545 3512; x_wconf 84' lang='lat' dir='ltr'><strong>id</strong></span> <span class='ocrx_word' id='word_1_484' title='bbox 577 3468 659 3513; x_wconf 90' lang='lat' dir='ltr'><strong>est</strong></span> <span class='ocrx_word' id='word_1_485' title='bbox 689 3456 945 3512; x_wconf 81' lang='lat' dir='ltr'><strong>Dominus</strong></span> <span class='ocrx_word' id='word_1_486' title='bbox 968 3455 1234 3522; x_wconf 81' lang='lat' dir='ltr'><strong>Christus,</strong></span> <span class='ocrx_word' id='word_1_487' title='bbox 1268 3460 1359 3525; x_wconf 85' lang='lat' dir='ltr'><strong>qui</strong></span> <span class='ocrx_word' id='word_1_488' title='bbox 1385 3454 1515 3510; x_wconf 84' lang='lat' dir='ltr'><strong>dixit</strong></span> <span class='ocrx_word' id='word_1_489' title='bbox 1538 3455 1590 3509; x_wconf 92' lang='lat' dir='ltr'><strong>in</strong></span> <span class='ocrx_word' id='word_1_490' title='bbox 1621 3454 1910 3523; x_wconf 86' lang='lat' dir='ltr'><strong>Evangelio</strong></span> <span class='ocrx_word' id='word_1_491' title='bbox 1943 3472 1958 3507; x_wconf 88' lang='lat'><strong>:</strong></span> <span class='ocrx_word' id='word_1_492' title='bbox 1992 3452 2075 3508; x_wconf 73' lang='grc' dir='ltr'><strong>ιε</strong></span> <span class='ocrx_word' id='word_1_493' title='bbox 2179 3438 2396 3518; x_wconf 83' lang='lat' dir='ltr'><strong>praemia</strong></span> <span class='ocrx_word' id='word_1_494' title='bbox 2429 3450 2772 3504; x_wconf 87' lang='lat' dir='ltr'><strong>transierunt.</strong></span> <span class='ocrx_word' id='word_1_495' title='bbox 3688 3516 3697 3522; x_wconf 24' lang='grc' dir='ltr'>θ</span> 
     </span>
    </p>
   </div>
   <div class='ocr_carea' id='block_1_66' title="bbox 490 3544 3775 3621">
    <p class='ocr_par' dir='ltr' id='par_1_66' title="bbox 490 3544 3775 3621">
     <span class='ocr_line' id='line_1_66' title="bbox 490 3544 3775 3621; baseline 0.002 -21"><span class='ocrx_word' id='word_1_496' title='bbox 490 3548 719 3602; x_wconf 84' lang='lat' dir='ltr'><strong>nuntiate</strong></span> <span class='ocrx_word' id='word_1_497' title='bbox 767 3547 1007 3618; x_wconf 73' lang='lat' dir='ltr'><strong>fratribus</strong></span> <span class='ocrx_word' id='word_1_498' title='bbox 1040 3546 1163 3601; x_wconf 85' lang='lat' dir='ltr'><strong>meis</strong></span> <span class='ocrx_word' id='word_1_499' title='bbox 1213 3545 1449 3619; x_wconf 72' lang='lat' dir='ltr'><strong>(Matth.</strong></span> <span class='ocrx_word' id='word_1_500' title='bbox 1484 3560 1646 3600; x_wconf 78' lang='lat' dir='ltr'><strong>xxviii</strong></span> <span class='ocrx_word' id='word_1_501' title='bbox 1670 3585 1685 3611; x_wconf 94' lang='lat'><strong>,</strong></span> <span class='ocrx_word' id='word_1_502' title='bbox 1736 3545 1803 3600; x_wconf 86' lang='grc'><strong>10</strong></span> <span class='ocrx_word' id='word_1_503' title='bbox 1824 3544 1883 3614; x_wconf 90' lang='grc'><strong>);</strong></span> <span class='ocrx_word' id='word_1_504' title='bbox 1928 3553 1986 3598; x_wconf 84' lang='lat' dir='ltr'><strong>et</strong></span> <span class='ocrx_word' id='word_1_505' title='bbox 2018 3544 2069 3598; x_wconf 93' lang='lat' dir='ltr'><strong>in</strong></span> <span class='ocrx_word' id='word_1_506' title='bbox 2251 3550 2405 3606; x_wconf 86' lang='lat' dir='ltr'><strong>Vers.</strong></span> <span class='ocrx_word' id='word_1_507' title='bbox 2438 3552 2524 3605; x_wconf 84' lang='grc' dir='ltr'><strong>Η.</strong></span> <span class='ocrx_word' id='word_1_508' title='bbox 2556 3549 2625 3604; x_wconf 89' lang='lat' dir='ltr'><strong>Et</strong></span> <span class='ocrx_word' id='word_1_509' title='bbox 2654 3552 2888 3621; x_wconf 88' lang='lat' dir='ltr'><strong>sepulcra</strong></span> <span class='ocrx_word' id='word_1_510' title='bbox 2914 3568 3089 3607; x_wconf 82' lang='lat' dir='ltr'><strong>eorum</strong></span> <span class='ocrx_word' id='word_1_511' title='bbox 3128 3553 3305 3607; x_wconf 87' lang='lat' dir='ltr'><strong>domus</strong></span> <span class='ocrx_word' id='word_1_512' title='bbox 3333 3569 3507 3607; x_wconf 86' lang='lat' dir='ltr'><strong>eorum</strong></span> <span class='ocrx_word' id='word_1_513' title='bbox 3532 3552 3585 3607; x_wconf 85' lang='lat' dir='ltr'><strong>in</strong></span> <span class='ocrx_word' id='word_1_514' title='bbox 3615 3564 3775 3608; x_wconf 54' lang='lat' dir='ltr'><strong>arter-</strong></span> 
     </span>
    </p>
   </div>
   <div class='ocr_carea' id='block_1_67' title="bbox 489 3634 3774 3716">
    <p class='ocr_par' dir='ltr' id='par_1_67' title="bbox 489 3634 3774 3716">
     <span class='ocr_line' id='line_1_67' title="bbox 489 3634 3774 3716; baseline 0.002 -23"><span class='ocrx_word' id='word_1_515' title='bbox 489 3640 696 3709; x_wconf 81' lang='lat' dir='ltr'><strong>psalmo</strong></span> <span class='ocrx_word' id='word_1_516' title='bbox 727 3653 742 3693; x_wconf 86' lang='lat'><strong>:</strong></span> <span class='ocrx_word' id='word_1_517' title='bbox 777 3637 1015 3694; x_wconf 87' lang='lat' dir='ltr'><strong>Narrabo</strong></span> <span class='ocrx_word' id='word_1_518' title='bbox 1060 3656 1244 3693; x_wconf 85' lang='lat' dir='ltr'><strong>nomen</strong></span> <span class='ocrx_word' id='word_1_519' title='bbox 1272 3647 1412 3692; x_wconf 87' lang='lat' dir='ltr'><strong>tuum</strong></span> <span class='ocrx_word' id='word_1_520' title='bbox 1458 3638 1698 3708; x_wconf 73' lang='lat' dir='ltr'><strong>[ratribus</strong></span> <span class='ocrx_word' id='word_1_521' title='bbox 1740 3637 1863 3690; x_wconf 86' lang='lat' dir='ltr'><strong>meis</strong></span> <span class='ocrx_word' id='word_1_522' title='bbox 1895 3634 2069 3708; x_wconf 82' lang='lat' dir='ltr'><strong>(Psal.</strong></span> <span class='ocrx_word' id='word_1_523' title='bbox 2176 3657 2340 3706; x_wconf 87' lang='lat' dir='ltr'><strong>num;</strong></span> <span class='ocrx_word' id='word_1_524' title='bbox 2390 3641 2719 3696; x_wconf 88' lang='lat' dir='ltr'><strong>tabernacula</strong></span> <span class='ocrx_word' id='word_1_525' title='bbox 2748 3658 2923 3696; x_wconf 89' lang='lat' dir='ltr'><strong>eorum</strong></span> <span class='ocrx_word' id='word_1_526' title='bbox 2950 3644 3004 3696; x_wconf 88' lang='lat' dir='ltr'><strong>in</strong></span> <span class='ocrx_word' id='word_1_527' title='bbox 3032 3646 3354 3713; x_wconf 88' lang='lat' dir='ltr'><strong>generatione</strong></span> <span class='ocrx_word' id='word_1_528' title='bbox 3381 3654 3425 3699; x_wconf 87' lang='lat' dir='ltr'><strong>et</strong></span> <span class='ocrx_word' id='word_1_529' title='bbox 3473 3647 3729 3716; x_wconf 82' lang='lat' dir='ltr'><strong>progenie</strong></span> <span class='ocrx_word' id='word_1_530' title='bbox 3755 3687 3774 3712; x_wconf 93' lang='lat'><strong>,</strong></span> 
     </span>
    </p>
   </div>
   <div class='ocr_carea' id='block_1_68' title="bbox 488 3728 3778 3805">
    <p class='ocr_par' dir='ltr' id='par_1_68' title="bbox 488 3728 3778 3805">
     <span class='ocr_line' id='line_1_68' title="bbox 488 3728 3778 3805; baseline 0.001 -19"><span class='ocrx_word' id='word_1_531' title='bbox 488 3747 575 3786; x_wconf 71' lang='lat' dir='ltr'><strong>XXI</strong></span> <span class='ocrx_word' id='word_1_532' title='bbox 605 3773 618 3795; x_wconf 92' lang='lat'><strong>,</strong></span> <span class='ocrx_word' id='word_1_533' title='bbox 650 3730 719 3783; x_wconf 79' lang='grc'><strong>25</strong></span> <span class='ocrx_word' id='word_1_534' title='bbox 742 3731 781 3800; x_wconf 92' lang='grc'><strong>).</strong></span> <span class='ocrx_word' id='word_1_535' title='bbox 814 3731 931 3799; x_wconf 91' lang='lat' dir='ltr'><strong>lpse</strong></span> <span class='ocrx_word' id='word_1_536' title='bbox 978 3730 1023 3785; x_wconf 89' lang='lat' dir='ltr'><strong>si</strong></span> <span class='ocrx_word' id='word_1_537' title='bbox 1066 3747 1171 3785; x_wconf 87' lang='lat' dir='ltr'><strong>non</strong></span> <span class='ocrx_word' id='word_1_538' title='bbox 1221 3730 1449 3786; x_wconf 81' lang='lat' dir='ltr'><strong>redimat</strong></span> <span class='ocrx_word' id='word_1_539' title='bbox 1475 3734 1565 3800; x_wconf 89' lang='lat' dir='ltr'><strong>qui</strong></span> <span class='ocrx_word' id='word_1_540' title='bbox 1596 3729 1731 3784; x_wconf 82' lang='lat' dir='ltr'><strong>ludit</strong></span> <span class='ocrx_word' id='word_1_541' title='bbox 1758 3728 2069 3800; x_wconf 82' lang='lat' dir='ltr'><strong>sanguinein</strong></span> <span class='ocrx_word' id='word_1_542' title='bbox 2174 3730 2479 3784; x_wconf 78' lang='lat' dir='ltr'><strong>invocabant</strong></span> <span class='ocrx_word' id='word_1_543' title='bbox 2509 3733 2717 3785; x_wconf 87' lang='lat' dir='ltr'><strong>nomina</strong></span> <span class='ocrx_word' id='word_1_544' title='bbox 2759 3748 2935 3787; x_wconf 89' lang='lat' dir='ltr'><strong>eorum</strong></span> <span class='ocrx_word' id='word_1_545' title='bbox 2980 3733 3033 3785; x_wconf 86' lang='lat' dir='ltr'><strong>in</strong></span> <span class='ocrx_word' id='word_1_546' title='bbox 3062 3736 3210 3787; x_wconf 86' lang='lat' dir='ltr'><strong>terris</strong></span> <span class='ocrx_word' id='word_1_547' title='bbox 3237 3735 3482 3805; x_wconf 86' lang='lat' dir='ltr'><strong>ipsorum.</strong></span> <span class='ocrx_word' id='word_1_548' title='bbox 3527 3734 3778 3788; x_wconf 65' lang='lat' dir='ltr'><strong>Morien-</strong></span> 
     </span>
    </p>
   </div>
   <div class='ocr_carea' id='block_1_69' title="bbox 489 3820 3782 3895">
    <p class='ocr_par' dir='ltr' id='par_1_69' title="bbox 489 3820 3782 3895">
     <span class='ocr_line' id='line_1_69' title="bbox 489 3820 3782 3895; baseline 0.001 -19"><span class='ocrx_word' id='word_1_549' title='bbox 489 3821 813 3890; x_wconf 84' lang='lat' dir='ltr'><strong>pretiosum;</strong></span> <span class='ocrx_word' id='word_1_550' title='bbox 850 3822 1222 3891; x_wconf 87' lang='lat' dir='ltr'><strong>redempturus</strong></span> <span class='ocrx_word' id='word_1_551' title='bbox 1249 3829 1331 3876; x_wconf 87' lang='lat' dir='ltr'><strong>est</strong></span> <span class='ocrx_word' id='word_1_552' title='bbox 1356 3821 1536 3888; x_wconf 91' lang='lat' dir='ltr'><strong>homo,</strong></span> <span class='ocrx_word' id='word_1_553' title='bbox 1570 3821 1619 3876; x_wconf 89' lang='lat' dir='ltr'><strong>id</strong></span> <span class='ocrx_word' id='word_1_554' title='bbox 1651 3828 1733 3875; x_wconf 88' lang='lat' dir='ltr'><strong>est</strong></span> <span class='ocrx_word' id='word_1_555' title='bbox 1756 3820 1947 3887; x_wconf 87' lang='lat' dir='ltr'><strong>Adam,</strong></span> <span class='ocrx_word' id='word_1_556' title='bbox 1977 3820 2071 3890; x_wconf 89' lang='lat' dir='ltr'><strong>qui</strong></span> <span class='ocrx_word' id='word_1_557' title='bbox 2174 3820 2306 3874; x_wconf 92' lang='lat' dir='ltr'><strong>tium</strong></span> <span class='ocrx_word' id='word_1_558' title='bbox 2337 3821 2558 3875; x_wconf 88' lang='lat' dir='ltr'><strong>divitum</strong></span> <span class='ocrx_word' id='word_1_559' title='bbox 2604 3837 2794 3892; x_wconf 90' lang='lat' dir='ltr'><strong>pompa</strong></span> <span class='ocrx_word' id='word_1_560' title='bbox 2843 3823 3182 3886; x_wconf 89' lang='lat' dir='ltr'><strong>describitur,</strong></span> <span class='ocrx_word' id='word_1_561' title='bbox 3225 3826 3313 3895; x_wconf 91' lang='lat' dir='ltr'><strong>qui</strong></span> <span class='ocrx_word' id='word_1_562' title='bbox 3362 3825 3461 3880; x_wconf 91' lang='lat' dir='ltr'><strong>sibi</strong></span> <span class='ocrx_word' id='word_1_563' title='bbox 3493 3823 3782 3879; x_wconf 84' lang='lat' dir='ltr'><strong>a-diticant</strong></span> 
     </span>
    </p>
   </div>
   <div class='ocr_carea' id='block_1_70' title="bbox 489 3911 3778 3985">
    <p class='ocr_par' dir='ltr' id='par_1_70' title="bbox 489 3911 3778 3985">
     <span class='ocr_line' id='line_1_70' title="bbox 489 3911 3778 3985; baseline 0.003 -20"><span class='ocrx_word' id='word_1_564' title='bbox 489 3917 779 3968; x_wconf 89' lang='lat' dir='ltr'><strong>humanum</strong></span> <span class='ocrx_word' id='word_1_565' title='bbox 801 3928 968 3984; x_wconf 89' lang='lat' dir='ltr'><strong>genus</strong></span> <span class='ocrx_word' id='word_1_566' title='bbox 999 3912 1440 3982; x_wconf 82' lang='lat' dir='ltr'><strong>transgressionis</strong></span> <span class='ocrx_word' id='word_1_567' title='bbox 1461 3912 1591 3966; x_wconf 91' lang='lat' dir='ltr'><strong>vitio</strong></span> <span class='ocrx_word' id='word_1_568' title='bbox 1621 3912 1912 3966; x_wconf 80' lang='lat' dir='ltr'><strong>sauciavit?</strong></span> <span class='ocrx_word' id='word_1_569' title='bbox 1944 3911 2069 3967; x_wconf 83' lang='lat' dir='ltr'><strong>Non</strong></span> <span class='ocrx_word' id='word_1_570' title='bbox 2172 3915 2418 3983; x_wconf 90' lang='lat' dir='ltr'><strong>sepulcra</strong></span> <span class='ocrx_word' id='word_1_571' title='bbox 2450 3917 2653 3985; x_wconf 80' lang='lat' dir='ltr'><strong>magnis</strong></span> <span class='ocrx_word' id='word_1_572' title='bbox 2685 3915 2997 3970; x_wconf 83' lang='lat' dir='ltr'><strong>tractatibus</strong></span> <span class='ocrx_word' id='word_1_573' title='bbox 3021 3917 3302 3985; x_wconf 87' lang='lat' dir='ltr'><strong>exquisita.</strong></span> <span class='ocrx_word' id='word_1_574' title='bbox 3336 3917 3587 3974; x_wconf 87' lang='lat' dir='ltr'><strong>Videmus</strong></span> <span class='ocrx_word' id='word_1_575' title='bbox 3617 3924 3778 3977; x_wconf 87' lang='lat' dir='ltr'><strong>enim</strong></span> 
     </span>
    </p>
   </div>
   <div class='ocr_carea' id='block_1_71' title="bbox 484 4004 3779 4078">
    <p class='ocr_par' dir='ltr' id='par_1_71' title="bbox 484 4004 3779 4078">
     <span class='ocr_line' id='line_1_71' title="bbox 484 4004 3779 4078; baseline 0.001 -17"><span class='ocrx_word' id='word_1_576' title='bbox 484 4007 648 4073; x_wconf 84' lang='lat' dir='ltr'><strong>dabit,</strong></span> <span class='ocrx_word' id='word_1_577' title='bbox 671 4007 913 4078; x_wconf 83' lang='lat' dir='ltr'><strong>negantis</strong></span> <span class='ocrx_word' id='word_1_578' title='bbox 942 4022 1020 4061; x_wconf 89' lang='lat' dir='ltr'><strong>est</strong></span> <span class='ocrx_word' id='word_1_579' title='bbox 1048 4022 1063 4069; x_wconf 88' lang='lat'><strong>;</strong></span> <span class='ocrx_word' id='word_1_580' title='bbox 1095 4006 1218 4077; x_wconf 88' lang='lat' dir='ltr'><strong>quia</strong></span> <span class='ocrx_word' id='word_1_581' title='bbox 1244 4005 1383 4060; x_wconf 87' lang='lat' dir='ltr'><strong>nulla</strong></span> <span class='ocrx_word' id='word_1_582' title='bbox 1414 4004 1636 4071; x_wconf 90' lang='lat' dir='ltr'><strong>oblatio,</strong></span> <span class='ocrx_word' id='word_1_583' title='bbox 1666 4004 1809 4060; x_wconf 90' lang='lat' dir='ltr'><strong>nulla</strong></span> <span class='ocrx_word' id='word_1_584' title='bbox 1841 4005 2068 4073; x_wconf 89' lang='lat' dir='ltr'><strong>placatio</strong></span> <span class='ocrx_word' id='word_1_585' title='bbox 2172 4007 2415 4076; x_wconf 85' lang='lat' dir='ltr'><strong>quaedam</strong></span> <span class='ocrx_word' id='word_1_586' title='bbox 2440 4007 2711 4061; x_wconf 80' lang='lat' dir='ltr'><strong>mausttlea</strong></span> <span class='ocrx_word' id='word_1_587' title='bbox 2730 4005 3104 4077; x_wconf 88' lang='lat' dir='ltr'><strong>pulcherrimis</strong></span> <span class='ocrx_word' id='word_1_588' title='bbox 3124 4009 3357 4063; x_wconf 89' lang='lat' dir='ltr'><strong>renitere</strong></span> <span class='ocrx_word' id='word_1_589' title='bbox 3378 4012 3779 4078; x_wconf 73' lang='lat' dir='ltr'><strong>marmoribus,</strong></span> 
     </span>
    </p>
   </div>
   <div class='ocr_carea' id='block_1_72' title="bbox 486 4094 3787 4171">
    <p class='ocr_par' dir='ltr' id='par_1_72' title="bbox 486 4094 3787 4171">
     <span class='ocr_line' id='line_1_72' title="bbox 486 4094 3787 4171; baseline 0.002 -19"><span class='ocrx_word' id='word_1_590' title='bbox 486 4107 665 4169; x_wconf 84' lang='lat' dir='ltr'><strong>potest</strong></span> <span class='ocrx_word' id='word_1_591' title='bbox 710 4112 1093 4171; x_wconf 88' lang='lat' dir='ltr'><strong>compensare,</strong></span> <span class='ocrx_word' id='word_1_592' title='bbox 1126 4098 1265 4168; x_wconf 90' lang='lat' dir='ltr'><strong>quod</strong></span> <span class='ocrx_word' id='word_1_593' title='bbox 1314 4110 1412 4153; x_wconf 89' lang='lat' dir='ltr'><strong>nos</strong></span> <span class='ocrx_word' id='word_1_594' title='bbox 1442 4095 1699 4151; x_wconf 82' lang='lat' dir='ltr'><strong>Divinitas</strong></span> <span class='ocrx_word' id='word_1_595' title='bbox 1742 4104 1824 4152; x_wconf 89' lang='lat' dir='ltr'><strong>est</strong></span> <span class='ocrx_word' id='word_1_596' title='bbox 1852 4094 2067 4167; x_wconf 87' lang='lat' dir='ltr'><strong>dignata</strong></span> <span class='ocrx_word' id='word_1_597' title='bbox 2175 4108 2234 4153; x_wconf 89' lang='lat' dir='ltr'><strong>ut</strong></span> <span class='ocrx_word' id='word_1_598' title='bbox 2262 4097 2454 4152; x_wconf 88' lang='lat' dir='ltr'><strong>domus</strong></span> <span class='ocrx_word' id='word_1_599' title='bbox 2489 4101 2819 4155; x_wconf 55' lang='lat' dir='ltr'><strong>aestimentur</strong></span> <span class='ocrx_word' id='word_1_600' title='bbox 2845 4108 3062 4154; x_wconf 69' lang='lat' dir='ltr'><strong>aeternae</strong></span> <span class='ocrx_word' id='word_1_601' title='bbox 3102 4100 3306 4171; x_wconf 83' lang='lat' dir='ltr'><strong>magnis</strong></span> <span class='ocrx_word' id='word_1_602' title='bbox 3337 4101 3566 4157; x_wconf 54' lang='lat' dir='ltr'><strong>molibus</strong></span> <span class='ocrx_word' id='word_1_603' title='bbox 3599 4104 3787 4161; x_wconf 77' lang='lat' dir='ltr'><strong>fabri-</strong></span> 
     </span>
    </p>
   </div>
   <div class='ocr_carea' id='block_1_73' title="bbox 480 4190 3789 4265">
    <p class='ocr_par' dir='ltr' id='par_1_73' title="bbox 480 4190 3789 4265">
     <span class='ocr_line' id='line_1_73' title="bbox 480 4190 3789 4265; baseline 0.002 -20"><span class='ocrx_word' id='word_1_604' title='bbox 480 4191 767 4248; x_wconf 85' lang='lat' dir='ltr'><strong>redimere.</strong></span> <span class='ocrx_word' id='word_1_605' title='bbox 2169 4199 2324 4246; x_wconf 63' lang='lat' dir='ltr'><strong>catae.</strong></span> <span class='ocrx_word' id='word_1_606' title='bbox 2355 4191 2483 4245; x_wconf 87' lang='lat' dir='ltr'><strong>Post</strong></span> <span class='ocrx_word' id='word_1_607' title='bbox 2513 4190 2628 4247; x_wconf 82' lang='lat' dir='ltr'><strong>haec</strong></span> <span class='ocrx_word' id='word_1_608' title='bbox 2655 4192 2803 4247; x_wconf 88' lang='lat' dir='ltr'><strong>venit</strong></span> <span class='ocrx_word' id='word_1_609' title='bbox 2830 4191 2897 4246; x_wconf 90' lang='lat' dir='ltr'><strong>ad</strong></span> <span class='ocrx_word' id='word_1_610' title='bbox 2927 4206 3112 4247; x_wconf 92' lang='lat' dir='ltr'><strong>eorum</strong></span> <span class='ocrx_word' id='word_1_611' title='bbox 3139 4193 3483 4261; x_wconf 87' lang='lat' dir='ltr'><strong>tabernacula,</strong></span> <span class='ocrx_word' id='word_1_612' title='bbox 3514 4212 3643 4265; x_wconf 72' lang='lat' dir='ltr'><strong>qua:</strong></span> <span class='ocrx_word' id='word_1_613' title='bbox 3678 4214 3789 4253; x_wconf 84' lang='lat' dir='ltr'><strong>co-</strong></span> 
     </span>
    </p>
   </div>
   <div class='ocr_carea' id='block_1_74' title="bbox 556 4279 3785 4357">
    <p class='ocr_par' dir='ltr' id='par_1_74' title="bbox 556 4279 3785 4357">
     <span class='ocr_line' id='line_1_74' title="bbox 556 4279 3785 4357; baseline 0.002 -22"><span class='ocrx_word' id='word_1_614' title='bbox 556 4280 710 4336; x_wconf 85' lang='lat' dir='ltr'><strong>Vers.</strong></span> <span class='ocrx_word' id='word_1_615' title='bbox 743 4281 796 4336; x_wconf 90' lang='lat'><strong>8.</strong></span> <span class='ocrx_word' id='word_1_616' title='bbox 846 4280 958 4335; x_wconf 88' lang='lat' dir='ltr'><strong>Nec</strong></span> <span class='ocrx_word' id='word_1_617' title='bbox 986 4281 1202 4351; x_wconf 87' lang='lat' dir='ltr'><strong>pretium</strong></span> <span class='ocrx_word' id='word_1_618' title='bbox 1228 4281 1586 4351; x_wconf 81' lang='lat' dir='ltr'><strong>redemptionis</strong></span> <span class='ocrx_word' id='word_1_619' title='bbox 1631 4281 1817 4335; x_wconf 75' lang='lat' dir='ltr'><strong>anima:</strong></span> <span class='ocrx_word' id='word_1_620' title='bbox 1845 4297 1988 4347; x_wconf 63' lang='lat' dir='ltr'><strong>suat;</strong></span> <span class='ocrx_word' id='word_1_621' title='bbox 2017 4292 2066 4336; x_wconf 89' lang='lat' dir='ltr'><strong>et</strong></span> <span class='ocrx_word' id='word_1_622' title='bbox 2170 4280 2319 4349; x_wconf 87' lang='lat' dir='ltr'><strong>piosa</strong></span> <span class='ocrx_word' id='word_1_623' title='bbox 2348 4279 2593 4350; x_wconf 84' lang='lat' dir='ltr'><strong>largitate</strong></span> <span class='ocrx_word' id='word_1_624' title='bbox 2623 4282 2802 4336; x_wconf 80' lang='lat' dir='ltr'><strong>fulcita</strong></span> <span class='ocrx_word' id='word_1_625' title='bbox 2831 4295 2973 4345; x_wconf 87' lang='lat' dir='ltr'><strong>sunt,</strong></span> <span class='ocrx_word' id='word_1_626' title='bbox 3018 4293 3074 4337; x_wconf 92' lang='lat' dir='ltr'><strong>ut</strong></span> <span class='ocrx_word' id='word_1_627' title='bbox 3100 4282 3151 4338; x_wconf 90' lang='lat' dir='ltr'><strong>in</strong></span> <span class='ocrx_word' id='word_1_628' title='bbox 3193 4284 3378 4355; x_wconf 87' lang='lat' dir='ltr'><strong>longas</strong></span> <span class='ocrx_word' id='word_1_629' title='bbox 3403 4288 3785 4357; x_wconf 67' lang='lat' dir='ltr'><strong>generationes</strong></span> 
     </span>
    </p>
   </div>
   <div class='ocr_carea' id='block_1_75' title="bbox 483 4369 3792 4444">
    <p class='ocr_par' dir='ltr' id='par_1_75' title="bbox 483 4369 3792 4444">
     <span class='ocr_line' id='line_1_75' title="bbox 483 4369 3792 4444; baseline 0.002 -17"><span class='ocrx_word' id='word_1_630' title='bbox 483 4371 735 4427; x_wconf 49' lang='lat' dir='ltr'><strong>laborabit</strong></span> <span class='ocrx_word' id='word_1_631' title='bbox 760 4373 812 4424; x_wconf 89' lang='lat' dir='ltr'><strong>in</strong></span> <span class='ocrx_word' id='word_1_632' title='bbox 834 4380 1099 4425; x_wconf 69' lang='lat' dir='ltr'><strong>internum.</strong></span> <span class='ocrx_word' id='word_1_633' title='bbox 1134 4372 1264 4425; x_wconf 78' lang='lat' dir='ltr'><strong>Pars</strong></span> <span class='ocrx_word' id='word_1_634' title='bbox 1291 4373 1389 4424; x_wconf 85' lang='lat' dir='ltr'><strong>ista</strong></span> <span class='ocrx_word' id='word_1_635' title='bbox 1412 4372 1581 4440; x_wconf 88' lang='lat' dir='ltr'><strong>prima</strong></span> <span class='ocrx_word' id='word_1_636' title='bbox 1607 4385 1791 4426; x_wconf 86' lang='lat' dir='ltr'><strong>versus</strong></span> <span class='ocrx_word' id='word_1_637' title='bbox 1812 4369 1969 4440; x_wconf 87' lang='lat' dir='ltr'><strong>hujus</strong></span> <span class='ocrx_word' id='word_1_638' title='bbox 1998 4370 2063 4425; x_wconf 85' lang='lat' dir='ltr'><strong>ad</strong></span> <span class='ocrx_word' id='word_1_639' title='bbox 2167 4382 2216 4425; x_wconf 88' lang='lat' dir='ltr'><strong>et</strong></span> <span class='ocrx_word' id='word_1_640' title='bbox 2234 4373 2498 4443; x_wconf 86' lang='lat' dir='ltr'><strong>progenies</strong></span> <span class='ocrx_word' id='word_1_641' title='bbox 2514 4372 2778 4426; x_wconf 90' lang='lat' dir='ltr'><strong>constanti</strong></span> <span class='ocrx_word' id='word_1_642' title='bbox 2807 4371 3200 4441; x_wconf 88' lang='lat' dir='ltr'><strong>pulchritudine</strong></span> <span class='ocrx_word' id='word_1_643' title='bbox 3219 4375 3602 4444; x_wconf 78' lang='lat' dir='ltr'><strong>perducantur.</strong></span> <span class='ocrx_word' id='word_1_644' title='bbox 3628 4377 3792 4433; x_wconf 84' lang='lat' dir='ltr'><strong>Sub-</strong></span> 
     </span>
    </p>
   </div>
   <div class='ocr_carea' id='block_1_76' title="bbox 485 4461 3790 4535">
    <p class='ocr_par' dir='ltr' id='par_1_76' title="bbox 485 4461 3790 4535">
     <span class='ocr_line' id='line_1_76' title="bbox 485 4461 3790 4535; baseline 0.002 -20"><span class='ocrx_word' id='word_1_645' title='bbox 485 4462 807 4515; x_wconf 82' lang='lat' dir='ltr'><strong>sententiam</strong></span> <span class='ocrx_word' id='word_1_646' title='bbox 837 4461 1052 4529; x_wconf 84' lang='lat' dir='ltr'><strong>respicit</strong></span> <span class='ocrx_word' id='word_1_647' title='bbox 1077 4462 1594 4531; x_wconf 79' lang='lat' dir='ltr'><strong>superioremzquia</strong></span> <span class='ocrx_word' id='word_1_648' title='bbox 1628 4463 1787 4517; x_wconf 89' lang='lat' dir='ltr'><strong>homo</strong></span> <span class='ocrx_word' id='word_1_649' title='bbox 1809 4463 2065 4519; x_wconf 89' lang='lat' dir='ltr'><strong>liberatus</strong></span> <span class='ocrx_word' id='word_1_650' title='bbox 2165 4461 2342 4531; x_wconf 82' lang='lat' dir='ltr'><strong>junxit</strong></span> <span class='ocrx_word' id='word_1_651' title='bbox 2369 4463 2529 4516; x_wconf 87' lang='lat' dir='ltr'><strong>etiam</strong></span> <span class='ocrx_word' id='word_1_652' title='bbox 2578 4463 2737 4516; x_wconf 89' lang='lat' dir='ltr'><strong>ritum</strong></span> <span class='ocrx_word' id='word_1_653' title='bbox 2783 4478 2941 4531; x_wconf 90' lang='lat' dir='ltr'><strong>quem</strong></span> <span class='ocrx_word' id='word_1_654' title='bbox 2973 4464 3242 4531; x_wconf 83' lang='lat' dir='ltr'><strong>gentilitas</strong></span> <span class='ocrx_word' id='word_1_655' title='bbox 3287 4464 3339 4519; x_wconf 91' lang='lat' dir='ltr'><strong>in</strong></span> <span class='ocrx_word' id='word_1_656' title='bbox 3389 4468 3790 4535; x_wconf 82' lang='lat' dir='ltr'><strong>parentalibns</strong></span> 
     </span>
    </p>
   </div>
   <div class='ocr_carea' id='block_1_77' title="bbox 485 4546 3792 4624">
    <p class='ocr_par' dir='ltr' id='par_1_77' title="bbox 485 4546 3792 4624">
     <span class='ocr_line' id='line_1_77' title="bbox 485 4546 3792 4624; baseline 0.002 -18"><span class='ocrx_word' id='word_1_657' title='bbox 485 4569 587 4607; x_wconf 89' lang='lat' dir='ltr'><strong>non</strong></span> <span class='ocrx_word' id='word_1_658' title='bbox 611 4553 750 4606; x_wconf 89' lang='lat' dir='ltr'><strong>dabit</strong></span> <span class='ocrx_word' id='word_1_659' title='bbox 778 4553 887 4606; x_wconf 87' lang='lat' dir='ltr'><strong>Deo</strong></span> <span class='ocrx_word' id='word_1_660' title='bbox 926 4551 1263 4624; x_wconf 81' lang='lat' dir='ltr'><strong>placationem</strong></span> <span class='ocrx_word' id='word_1_661' title='bbox 1294 4568 1463 4618; x_wconf 86' lang='lat' dir='ltr'><strong>suam,</strong></span> <span class='ocrx_word' id='word_1_662' title='bbox 1505 4568 1596 4606; x_wconf 85' lang='lat' dir='ltr'><strong>nec</strong></span> <span class='ocrx_word' id='word_1_663' title='bbox 1623 4555 1841 4621; x_wconf 84' lang='lat' dir='ltr'><strong>pretium</strong></span> <span class='ocrx_word' id='word_1_664' title='bbox 1868 4555 2064 4607; x_wconf 83' lang='lat' dir='ltr'><strong>redem-</strong></span> <span class='ocrx_word' id='word_1_665' title='bbox 2093 4546 2145 4606; x_wconf 88' lang='lat' dir='ltr'><strong><em>D</em></strong></span> <span class='ocrx_word' id='word_1_666' title='bbox 2170 4568 2326 4621; x_wconf 78' lang='lat' dir='ltr'><strong>agere</strong></span> <span class='ocrx_word' id='word_1_667' title='bbox 2369 4553 2667 4618; x_wconf 88' lang='lat' dir='ltr'><strong>consuevit,</strong></span> <span class='ocrx_word' id='word_1_668' title='bbox 2696 4554 2910 4623; x_wconf 83' lang='lat' dir='ltr'><strong>quando</strong></span> <span class='ocrx_word' id='word_1_669' title='bbox 2936 4553 3078 4608; x_wconf 80' lang='lat' dir='ltr'><strong>fatua</strong></span> <span class='ocrx_word' id='word_1_670' title='bbox 3121 4555 3497 4623; x_wconf 87' lang='lat' dir='ltr'><strong>superstitione</strong></span> <span class='ocrx_word' id='word_1_671' title='bbox 3527 4558 3585 4610; x_wconf 86' lang='lat' dir='ltr'><strong>in</strong></span> <span class='ocrx_word' id='word_1_672' title='bbox 3617 4560 3792 4613; x_wconf 81' lang='lat' dir='ltr'><strong>terris</strong></span> 
     </span>
    </p>
   </div>
   <div class='ocr_carea' id='block_1_78' title="bbox 482 4644 3789 4717">
    <p class='ocr_par' dir='ltr' id='par_1_78' title="bbox 482 4644 3789 4717">
     <span class='ocr_line' id='line_1_78' title="bbox 482 4644 3789 4717; baseline -0.001 -15"><span class='ocrx_word' id='word_1_673' title='bbox 482 4647 671 4717; x_wconf 87' lang='lat' dir='ltr'><strong>ptiouis</strong></span> <span class='ocrx_word' id='word_1_674' title='bbox 689 4647 876 4701; x_wconf 72' lang='lat' dir='ltr'><strong>anima:</strong></span> <span class='ocrx_word' id='word_1_675' title='bbox 900 4660 1025 4700; x_wconf 70' lang='lat' dir='ltr'><strong>sure.</strong></span> <span class='ocrx_word' id='word_1_676' title='bbox 1052 4644 1282 4699; x_wconf 86' lang='lat' dir='ltr'><strong>Pretium</strong></span> <span class='ocrx_word' id='word_1_677' title='bbox 1306 4653 1390 4700; x_wconf 92' lang='lat' dir='ltr'><strong>est</strong></span> <span class='ocrx_word' id='word_1_678' title='bbox 1407 4645 1550 4699; x_wconf 91' lang='lat' dir='ltr'><strong>enim</strong></span> <span class='ocrx_word' id='word_1_679' title='bbox 1573 4646 1793 4714; x_wconf 85' lang='lat' dir='ltr'><strong>alicujus</strong></span> <span class='ocrx_word' id='word_1_680' title='bbox 1823 4645 1900 4699; x_wconf 88' lang='lat' dir='ltr'><strong>rei</strong></span> <span class='ocrx_word' id='word_1_681' title='bbox 1918 4660 2068 4700; x_wconf 85' lang='lat' dir='ltr'><strong>cont-</strong></span> <span class='ocrx_word' id='word_1_682' title='bbox 2167 4659 2375 4708; x_wconf 89' lang='lat' dir='ltr'><strong>eorum,</strong></span> <span class='ocrx_word' id='word_1_683' title='bbox 2398 4644 2446 4697; x_wconf 91' lang='lat' dir='ltr'><strong>id</strong></span> <span class='ocrx_word' id='word_1_684' title='bbox 2467 4652 2549 4698; x_wconf 84' lang='lat' dir='ltr'><strong>est</strong></span> <span class='ocrx_word' id='word_1_685' title='bbox 2570 4644 2619 4696; x_wconf 91' lang='lat' dir='ltr'><strong>in</strong></span> <span class='ocrx_word' id='word_1_686' title='bbox 2639 4644 3150 4714; x_wconf 84' lang='lat' dir='ltr'><strong>sepulcrisitwocant</strong></span> <span class='ocrx_word' id='word_1_687' title='bbox 3174 4645 3380 4699; x_wconf 87' lang='lat' dir='ltr'><strong>nomina</strong></span> <span class='ocrx_word' id='word_1_688' title='bbox 3399 4658 3789 4714; x_wconf 80' lang='lat' dir='ltr'><strong>mortuorum;</strong></span> 
     </span>
    </p>
   </div>
   <div class='ocr_carea' id='block_1_79' title="bbox 485 4732 3792 4809">
    <p class='ocr_par' dir='ltr' id='par_1_79' title="bbox 485 4732 3792 4809">
     <span class='ocr_line' id='line_1_79' title="bbox 485 4732 3792 4809; baseline 0.002 -20"><span class='ocrx_word' id='word_1_689' title='bbox 485 4738 746 4809; x_wconf 81' lang='lat' dir='ltr'><strong>pensatio.</strong></span> <span class='ocrx_word' id='word_1_690' title='bbox 781 4739 951 4794; x_wconf 82' lang='lat' dir='ltr'><strong>Huan</strong></span> <span class='ocrx_word' id='word_1_691' title='bbox 997 4746 1175 4792; x_wconf 90' lang='lat' dir='ltr'><strong>autem</strong></span> <span class='ocrx_word' id='word_1_692' title='bbox 1226 4738 1353 4806; x_wconf 90' lang='lat' dir='ltr'><strong>quid</strong></span> <span class='ocrx_word' id='word_1_693' title='bbox 1382 4737 1529 4792; x_wconf 87' lang='lat' dir='ltr'><strong>dabit</strong></span> <span class='ocrx_word' id='word_1_694' title='bbox 1576 4737 1627 4790; x_wconf 92' lang='lat' dir='ltr'><strong>in</strong></span> <span class='ocrx_word' id='word_1_695' title='bbox 1660 4736 1926 4806; x_wconf 89' lang='lat' dir='ltr'><strong>pretium,</strong></span> <span class='ocrx_word' id='word_1_696' title='bbox 1976 4737 2065 4806; x_wconf 92' lang='lat' dir='ltr'><strong>qui</strong></span> <span class='ocrx_word' id='word_1_697' title='bbox 2167 4741 2221 4786; x_wconf 86' lang='lat' dir='ltr'><strong>et</strong></span> <span class='ocrx_word' id='word_1_698' title='bbox 2249 4734 2476 4787; x_wconf 88' lang='lat' dir='ltr'><strong>credunt</strong></span> <span class='ocrx_word' id='word_1_699' title='bbox 2520 4732 2623 4788; x_wconf 91' lang='lat' dir='ltr'><strong>hoc</strong></span> <span class='ocrx_word' id='word_1_700' title='bbox 2651 4734 2757 4788; x_wconf 90' lang='lat' dir='ltr'><strong>illis</strong></span> <span class='ocrx_word' id='word_1_701' title='bbox 2800 4735 3079 4805; x_wconf 88' lang='lat' dir='ltr'><strong>prodesse,</strong></span> <span class='ocrx_word' id='word_1_702' title='bbox 3110 4734 3253 4805; x_wconf 88' lang='lat' dir='ltr'><strong>quod</strong></span> <span class='ocrx_word' id='word_1_703' title='bbox 3282 4750 3464 4791; x_wconf 89' lang='lat' dir='ltr'><strong>eorum</strong></span> <span class='ocrx_word' id='word_1_704' title='bbox 3509 4736 3792 4794; x_wconf 73' lang='lat' dir='ltr'><strong>videntur</strong></span> 
     </span>
    </p>
   </div>
   <div class='ocr_carea' id='block_1_80' title="bbox 480 4824 2748 4903">
    <p class='ocr_par' dir='ltr' id='par_1_80' title="bbox 480 4824 2748 4903">
     <span class='ocr_line' id='line_1_80' title="bbox 480 4824 2748 4903; baseline -0.005 -12"><span class='ocrx_word' id='word_1_705' title='bbox 480 4845 651 4891; x_wconf 92' lang='lat' dir='ltr'><strong>totum</strong></span> <span class='ocrx_word' id='word_1_706' title='bbox 680 4833 822 4903; x_wconf 88' lang='lat' dir='ltr'><strong>quod</strong></span> <span class='ocrx_word' id='word_1_707' title='bbox 853 4833 1046 4888; x_wconf 79' lang='lat' dir='ltr'><strong>ullerre</strong></span> <span class='ocrx_word' id='word_1_708' title='bbox 1075 4832 1243 4903; x_wconf 61' lang='lat' dir='ltr'><strong>possit</strong></span> <span class='ocrx_word' id='word_1_709' title='bbox 1269 4832 1511 4901; x_wconf 79' lang='lat' dir='ltr'><strong>accepit?</strong></span> <span class='ocrx_word' id='word_1_710' title='bbox 1543 4830 1813 4900; x_wconf 88' lang='lat' dir='ltr'><strong>Sequitur,</strong></span> <span class='ocrx_word' id='word_1_711' title='bbox 1853 4839 1899 4883; x_wconf 86' lang='lat' dir='ltr'><strong>ct</strong></span> <span class='ocrx_word' id='word_1_712' title='bbox 1928 4828 2065 4883; x_wconf 75' lang='lat' dir='ltr'><strong>lubo-</strong></span> <span class='ocrx_word' id='word_1_713' title='bbox 2167 4824 2422 4880; x_wconf 84' lang='lat' dir='ltr'><strong>exhibere</strong></span> <span class='ocrx_word' id='word_1_714' title='bbox 2453 4826 2748 4880; x_wconf 84' lang='lat' dir='ltr'><strong>memoriae.</strong></span> 
     </span>
    </p>
   </div>
   <div class='ocr_carea' id='block_1_81' title="bbox 480 4922 3791 4991">
    <p class='ocr_par' dir='ltr' id='par_1_81' title="bbox 480 4922 3791 4991">
     <span class='ocr_line' id='line_1_81' title="bbox 480 4922 3791 4991; baseline 0.001 -14"><span class='ocrx_word' id='word_1_715' title='bbox 480 4927 612 4979; x_wconf 85' lang='lat' dir='ltr'><strong>rabit</strong></span> <span class='ocrx_word' id='word_1_716' title='bbox 639 4926 693 4980; x_wconf 86' lang='lat' dir='ltr'><strong>in</strong></span> <span class='ocrx_word' id='word_1_717' title='bbox 714 4935 959 4980; x_wconf 79' lang='lat' dir='ltr'><strong>teternum</strong></span> <span class='ocrx_word' id='word_1_718' title='bbox 983 4940 1002 4978; x_wconf 87' lang='lat'><strong><em>:</em></strong></span> <span class='ocrx_word' id='word_1_719' title='bbox 1023 4923 1090 4978; x_wconf 88' lang='lat' dir='ltr'><strong>de</strong></span> <span class='ocrx_word' id='word_1_720' title='bbox 1114 4923 1356 4978; x_wconf 82' lang='lat' dir='ltr'><strong>ﬁdelibus</strong></span> <span class='ocrx_word' id='word_1_721' title='bbox 1381 4922 1534 4987; x_wconf 87' lang='lat' dir='ltr'><strong>dixit,</strong></span> <span class='ocrx_word' id='word_1_722' title='bbox 1553 4922 1666 4991; x_wconf 90' lang='lat' dir='ltr'><strong>qui,</strong></span> <span class='ocrx_word' id='word_1_723' title='bbox 1685 4922 1928 4990; x_wconf 84' lang='lat' dir='ltr'><strong>quamvis</strong></span> <span class='ocrx_word' id='word_1_724' title='bbox 1948 4937 2063 4989; x_wconf 87' lang='lat' dir='ltr'><strong>pre-</strong></span> <span class='ocrx_word' id='word_1_725' title='bbox 2245 4924 2393 4978; x_wconf 80' lang='lat' dir='ltr'><strong>Yers.</strong></span> <span class='ocrx_word' id='word_1_726' title='bbox 2430 4925 2515 4979; x_wconf 73' lang='grc'><strong>12.</strong></span> <span class='ocrx_word' id='word_1_727' title='bbox 2568 4923 2634 4978; x_wconf 86' lang='lat' dir='ltr'><strong>Et</strong></span> <span class='ocrx_word' id='word_1_728' title='bbox 2666 4924 2817 4980; x_wconf 82' lang='lat' dir='ltr'><strong>homo</strong></span> <span class='ocrx_word' id='word_1_729' title='bbox 2848 4941 2961 4979; x_wconf 87' lang='lat' dir='ltr'><strong>cum</strong></span> <span class='ocrx_word' id='word_1_730' title='bbox 2991 4926 3046 4980; x_wconf 89' lang='lat' dir='ltr'><strong>in</strong></span> <span class='ocrx_word' id='word_1_731' title='bbox 3083 4925 3276 4980; x_wconf 84' lang='lat' dir='ltr'><strong>honore</strong></span> <span class='ocrx_word' id='word_1_732' title='bbox 3302 4934 3427 4980; x_wconf 85' lang='lat' dir='ltr'><strong>esset</strong></span> <span class='ocrx_word' id='word_1_733' title='bbox 3470 4943 3574 4980; x_wconf 65' lang='lat' dir='ltr'><strong>non</strong></span> <span class='ocrx_word' id='word_1_734' title='bbox 3606 4930 3755 4983; x_wconf 75' lang='grc' dir='ltr'><strong>ἰηιεί</strong></span> <span class='ocrx_word' id='word_1_735' title='bbox 3772 4962 3791 4973; x_wconf 80' lang='lat'><strong>-</strong></span> 
     </span>
    </p>
   </div>
   <div class='ocr_carea' id='block_1_82' title="bbox 478 5014 3792 5089">
    <p class='ocr_par' dir='ltr' id='par_1_82' title="bbox 478 5014 3792 5089">
     <span class='ocr_line' id='line_1_82' title="bbox 478 5014 3792 5089; baseline 0.001 -18"><span class='ocrx_word' id='word_1_736' title='bbox 478 5018 607 5071; x_wconf 87' lang='lat' dir='ltr'><strong>tium</strong></span> <span class='ocrx_word' id='word_1_737' title='bbox 647 5018 1010 5085; x_wconf 87' lang='lat' dir='ltr'><strong>redemptionis</strong></span> <span class='ocrx_word' id='word_1_738' title='bbox 1038 5017 1222 5070; x_wconf 77' lang='lat' dir='ltr'><strong>animle</strong></span> <span class='ocrx_word' id='word_1_739' title='bbox 1248 5031 1353 5071; x_wconf 77' lang='lat' dir='ltr'><strong>suat</strong></span> <span class='ocrx_word' id='word_1_740' title='bbox 1382 5017 1505 5068; x_wconf 85' lang='lat' dir='ltr'><strong>dare</strong></span> <span class='ocrx_word' id='word_1_741' title='bbox 1533 5030 1637 5070; x_wconf 86' lang='lat' dir='ltr'><strong>non</strong></span> <span class='ocrx_word' id='word_1_742' title='bbox 1665 5014 1889 5084; x_wconf 69' lang='lat' dir='ltr'><strong>possint,</strong></span> <span class='ocrx_word' id='word_1_743' title='bbox 1918 5016 2064 5070; x_wconf 88' lang='lat' dir='ltr'><strong>labo-</strong></span> <span class='ocrx_word' id='word_1_744' title='bbox 2167 5015 2289 5069; x_wconf 70' lang='lat' dir='ltr'><strong>texit</strong></span> <span class='ocrx_word' id='word_1_745' title='bbox 2318 5031 2337 5069; x_wconf 86' lang='lat'><em>:</em></span> <span class='ocrx_word' id='word_1_746' title='bbox 2366 5024 2694 5084; x_wconf 78' lang='lat' dir='ltr'><strong>comparatus</strong></span> <span class='ocrx_word' id='word_1_747' title='bbox 2724 5026 2796 5070; x_wconf 92' lang='lat' dir='ltr'><strong>est</strong></span> <span class='ocrx_word' id='word_1_748' title='bbox 2813 5019 3062 5089; x_wconf 86' lang='lat' dir='ltr'><strong>jumentis</strong></span> <span class='ocrx_word' id='word_1_749' title='bbox 3089 5018 3469 5087; x_wconf 81' lang='lat' dir='ltr'><strong>insipientibus,</strong></span> <span class='ocrx_word' id='word_1_750' title='bbox 3501 5027 3545 5072; x_wconf 87' lang='lat' dir='ltr'><strong>et</strong></span> <span class='ocrx_word' id='word_1_751' title='bbox 3575 5022 3792 5075; x_wconf 82' lang='lat' dir='ltr'><strong>similis</strong></span> 
     </span>
    </p>
   </div>
   <div class='ocr_carea' id='block_1_83' title="bbox 479 5104 3789 5179">
    <p class='ocr_par' dir='ltr' id='par_1_83' title="bbox 479 5104 3789 5179">
     <span class='ocr_line' id='line_1_83' title="bbox 479 5104 3789 5179; baseline 0.002 -17"><span class='ocrx_word' id='word_1_752' title='bbox 479 5117 597 5162; x_wconf 85' lang='lat' dir='ltr'><strong>rant</strong></span> <span class='ocrx_word' id='word_1_753' title='bbox 634 5115 812 5162; x_wconf 87' lang='lat' dir='ltr'><strong>tamen</strong></span> <span class='ocrx_word' id='word_1_754' title='bbox 852 5108 905 5160; x_wconf 88' lang='lat' dir='ltr'><strong>in</strong></span> <span class='ocrx_word' id='word_1_755' title='bbox 933 5118 1198 5171; x_wconf 68' lang='lat' dir='ltr'><strong>aeternum,</strong></span> <span class='ocrx_word' id='word_1_756' title='bbox 1228 5105 1353 5160; x_wconf 91' lang='lat' dir='ltr'><strong>dum</strong></span> <span class='ocrx_word' id='word_1_757' title='bbox 1384 5104 1488 5160; x_wconf 88' lang='lat' dir='ltr'><strong>hoc</strong></span> <span class='ocrx_word' id='word_1_758' title='bbox 1525 5115 1685 5176; x_wconf 85' lang='lat' dir='ltr'><strong>agunt</strong></span> <span class='ocrx_word' id='word_1_759' title='bbox 1713 5105 1854 5175; x_wconf 87' lang='lat' dir='ltr'><strong>quod</strong></span> <span class='ocrx_word' id='word_1_760' title='bbox 1883 5106 1963 5161; x_wconf 89' lang='lat' dir='ltr'><strong>eis</strong></span> <span class='ocrx_word' id='word_1_761' title='bbox 1993 5106 2059 5161; x_wconf 91' lang='lat' dir='ltr'><strong>ad</strong></span> <span class='ocrx_word' id='word_1_762' title='bbox 2166 5107 2333 5173; x_wconf 76' lang='lat' dir='ltr'><strong>factus</strong></span> <span class='ocrx_word' id='word_1_763' title='bbox 2380 5118 2453 5161; x_wconf 87' lang='lat' dir='ltr'><strong>est</strong></span> <span class='ocrx_word' id='word_1_764' title='bbox 2480 5107 2604 5163; x_wconf 79' lang='lat' dir='ltr'><strong>illis.</strong></span> <span class='ocrx_word' id='word_1_765' title='bbox 2654 5107 2732 5164; x_wconf 91' lang='lat' dir='ltr'><strong>De</strong></span> <span class='ocrx_word' id='word_1_766' title='bbox 2780 5108 2914 5178; x_wconf 89' lang='lat' dir='ltr'><strong>ipsis</strong></span> <span class='ocrx_word' id='word_1_767' title='bbox 2960 5108 3133 5163; x_wconf 86' lang='lat' dir='ltr'><strong>adhuc</strong></span> <span class='ocrx_word' id='word_1_768' title='bbox 3164 5109 3397 5178; x_wconf 90' lang='lat' dir='ltr'><strong>loquitur</strong></span> <span class='ocrx_word' id='word_1_769' title='bbox 3443 5110 3534 5179; x_wconf 91' lang='lat' dir='ltr'><strong>qui</strong></span> <span class='ocrx_word' id='word_1_770' title='bbox 3568 5112 3789 5167; x_wconf 87' lang='lat' dir='ltr'><strong>mundi</strong></span> 
     </span>
    </p>
   </div>
   <div class='ocr_carea' id='block_1_84' title="bbox 477 5196 3791 5269">
    <p class='ocr_par' dir='ltr' id='par_1_84' title="bbox 477 5196 3791 5269">
     <span class='ocr_line' id='line_1_84' title="bbox 477 5196 3791 5269; baseline 0.001 -18"><span class='ocrx_word' id='word_1_771' title='bbox 477 5200 696 5269; x_wconf 68' lang='lat' dir='ltr'><strong>pratmia</strong></span> <span class='ocrx_word' id='word_1_772' title='bbox 727 5198 849 5253; x_wconf 77' lang='lat' dir='ltr'><strong>vita:</strong></span> <span class='ocrx_word' id='word_1_773' title='bbox 878 5208 1089 5252; x_wconf 67' lang='lat' dir='ltr'><strong>aeterna:</strong></span> <span class='ocrx_word' id='word_1_774' title='bbox 1120 5197 1382 5266; x_wconf 84' lang='lat' dir='ltr'><strong>proﬁciat.</strong></span> <span class='ocrx_word' id='word_1_775' title='bbox 2166 5196 2320 5251; x_wconf 90' lang='lat' dir='ltr'><strong>istius</strong></span> <span class='ocrx_word' id='word_1_776' title='bbox 2370 5196 2575 5253; x_wconf 87' lang='lat' dir='ltr'><strong>honore</strong></span> <span class='ocrx_word' id='word_1_777' title='bbox 2603 5198 2914 5254; x_wconf 86' lang='lat' dir='ltr'><strong>ﬂoruerunt.</strong></span> <span class='ocrx_word' id='word_1_778' title='bbox 2964 5197 3099 5253; x_wconf 82' lang='lat' dir='ltr'><strong>Nam</strong></span> <span class='ocrx_word' id='word_1_779' title='bbox 3148 5200 3391 5268; x_wconf 81' lang='lat' dir='ltr'><strong>quamvis</strong></span> <span class='ocrx_word' id='word_1_780' title='bbox 3423 5210 3688 5268; x_wconf 85' lang='lat' dir='ltr'><strong>peccator</strong></span> <span class='ocrx_word' id='word_1_781' title='bbox 3724 5203 3791 5255; x_wconf 84' lang='lat' dir='ltr'><strong>in</strong></span> 
     </span>
    </p>
   </div>
   <div class='ocr_carea' id='block_1_85' title="bbox 548 5288 3788 5361">
    <p class='ocr_par' dir='ltr' id='par_1_85' title="bbox 548 5288 3788 5361">
     <span class='ocr_line' id='line_1_85' title="bbox 548 5288 3788 5361; baseline 0.001 -16"><span class='ocrx_word' id='word_1_782' title='bbox 548 5289 706 5346; x_wconf 79' lang='lat' dir='ltr'><strong>Vers.</strong></span> <span class='ocrx_word' id='word_1_783' title='bbox 738 5290 790 5346; x_wconf 90' lang='lat'><strong>9.</strong></span> <span class='ocrx_word' id='word_1_784' title='bbox 829 5288 895 5344; x_wconf 88' lang='lat' dir='ltr'><strong>Et</strong></span> <span class='ocrx_word' id='word_1_785' title='bbox 923 5290 1049 5342; x_wconf 78' lang='lat' dir='ltr'><strong>vivet</strong></span> <span class='ocrx_word' id='word_1_786' title='bbox 1077 5290 1130 5342; x_wconf 89' lang='lat' dir='ltr'><strong>in</strong></span> <span class='ocrx_word' id='word_1_787' title='bbox 1157 5290 1327 5358; x_wconf 81' lang='lat' dir='ltr'><strong>ﬁnem,</strong></span> <span class='ocrx_word' id='word_1_788' title='bbox 1360 5289 1600 5358; x_wconf 87' lang='lat' dir='ltr'><strong>quoniam</strong></span> <span class='ocrx_word' id='word_1_789' title='bbox 1626 5304 1729 5343; x_wconf 86' lang='lat' dir='ltr'><strong>non</strong></span> <span class='ocrx_word' id='word_1_790' title='bbox 1768 5290 1952 5344; x_wconf 75' lang='lat' dir='ltr'><strong>videbit</strong></span> <span class='ocrx_word' id='word_1_791' title='bbox 1977 5292 2059 5343; x_wconf 88' lang='lat' dir='ltr'><strong>in-</strong></span> <span class='ocrx_word' id='word_1_792' title='bbox 2164 5289 2356 5344; x_wconf 86' lang='lat' dir='ltr'><strong>honore</strong></span> <span class='ocrx_word' id='word_1_793' title='bbox 2382 5290 2451 5344; x_wconf 90' lang='lat' dir='ltr'><strong>sit</strong></span> <span class='ocrx_word' id='word_1_794' title='bbox 2478 5290 2603 5345; x_wconf 91' lang='lat' dir='ltr'><strong>dum</strong></span> <span class='ocrx_word' id='word_1_795' title='bbox 2627 5292 2774 5357; x_wconf 87' lang='lat' dir='ltr'><strong>vivit,</strong></span> <span class='ocrx_word' id='word_1_796' title='bbox 2805 5292 2928 5361; x_wconf 90' lang='lat' dir='ltr'><strong>quia</strong></span> <span class='ocrx_word' id='word_1_797' title='bbox 2954 5291 3046 5346; x_wconf 90' lang='lat' dir='ltr'><strong>Dei</strong></span> <span class='ocrx_word' id='word_1_798' title='bbox 3073 5300 3249 5360; x_wconf 82' lang='lat' dir='ltr'><strong>portat</strong></span> <span class='ocrx_word' id='word_1_799' title='bbox 3274 5292 3583 5361; x_wconf 81' lang='lat' dir='ltr'><strong>imaginem,</strong></span> <span class='ocrx_word' id='word_1_800' title='bbox 3610 5305 3788 5349; x_wconf 83' lang='lat' dir='ltr'><strong>recte</strong></span> 
     </span>
    </p>
   </div>
   <div class='ocr_carea' id='block_1_86' title="bbox 477 5378 3790 5454">
    <p class='ocr_par' dir='ltr' id='par_1_86' title="bbox 477 5378 3790 5454">
     <span class='ocr_line' id='line_1_86' title="bbox 477 5378 3790 5454; baseline 0.002 -21"><span class='ocrx_word' id='word_1_801' title='bbox 477 5382 703 5436; x_wconf 80' lang='lat' dir='ltr'><strong>teritum.</strong></span> <span class='ocrx_word' id='word_1_802' title='bbox 738 5378 813 5436; x_wconf 82' lang='lat' dir='ltr'><strong>De</strong></span> <span class='ocrx_word' id='word_1_803' title='bbox 834 5379 936 5435; x_wconf 90' lang='lat' dir='ltr'><strong>illis</strong></span> <span class='ocrx_word' id='word_1_804' title='bbox 962 5378 1137 5435; x_wconf 87' lang='lat' dir='ltr'><strong>adhuc</strong></span> <span class='ocrx_word' id='word_1_805' title='bbox 1157 5378 1305 5448; x_wconf 89' lang='lat' dir='ltr'><strong>dicit,</strong></span> <span class='ocrx_word' id='word_1_806' title='bbox 1328 5379 1415 5449; x_wconf 90' lang='lat' dir='ltr'><strong>qui</strong></span> <span class='ocrx_word' id='word_1_807' title='bbox 1445 5378 1676 5433; x_wconf 78' lang='lat' dir='ltr'><strong>laborant</strong></span> <span class='ocrx_word' id='word_1_808' title='bbox 1704 5379 1757 5432; x_wconf 87' lang='lat' dir='ltr'><strong>in</strong></span> <span class='ocrx_word' id='word_1_809' title='bbox 1776 5386 2059 5443; x_wconf 68' lang='lat' dir='ltr'><strong>attentum;</strong></span> <span class='ocrx_word' id='word_1_810' title='bbox 2166 5380 2357 5434; x_wconf 90' lang='lat' dir='ltr'><strong>dicitur</strong></span> <span class='ocrx_word' id='word_1_811' title='bbox 2386 5382 2697 5451; x_wconf 81' lang='lat' dir='ltr'><strong>dignitatem</strong></span> <span class='ocrx_word' id='word_1_812' title='bbox 2746 5396 2895 5437; x_wconf 83' lang='lat' dir='ltr'><strong>suam</strong></span> <span class='ocrx_word' id='word_1_813' title='bbox 2944 5399 3045 5436; x_wconf 89' lang='lat' dir='ltr'><strong>non</strong></span> <span class='ocrx_word' id='word_1_814' title='bbox 3094 5383 3377 5454; x_wconf 82' lang='lat' dir='ltr'><strong>intelligere</strong></span> <span class='ocrx_word' id='word_1_815' title='bbox 3400 5424 3416 5449; x_wconf 98' lang='lat'><strong>,</strong></span> <span class='ocrx_word' id='word_1_816' title='bbox 3461 5384 3593 5439; x_wconf 87' lang='lat' dir='ltr'><strong>dum</strong></span> <span class='ocrx_word' id='word_1_817' title='bbox 3628 5386 3790 5441; x_wconf 78' lang='lat' dir='ltr'><strong>talia</strong></span> 
     </span>
    </p>
   </div>
   <div class='ocr_carea' id='block_1_87' title="bbox 479 5468 3793 5542">
    <p class='ocr_par' dir='ltr' id='par_1_87' title="bbox 479 5468 3793 5542">
     <span class='ocr_line' id='line_1_87' title="bbox 479 5468 3793 5542; baseline 0.001 -14"><span class='ocrx_word' id='word_1_818' title='bbox 479 5473 570 5528; x_wconf 89' lang='lat' dir='ltr'><strong>isti</strong></span> <span class='ocrx_word' id='word_1_819' title='bbox 600 5474 741 5529; x_wconf 89' lang='lat' dir='ltr'><strong>enim</strong></span> <span class='ocrx_word' id='word_1_820' title='bbox 766 5473 820 5527; x_wconf 89' lang='lat' dir='ltr'><strong>in</strong></span> <span class='ocrx_word' id='word_1_821' title='bbox 846 5473 950 5539; x_wconf 78' lang='lat' dir='ltr'><strong>[ine</strong></span> <span class='ocrx_word' id='word_1_822' title='bbox 973 5473 1214 5536; x_wconf 80' lang='lat' dir='ltr'><strong>viventes,</strong></span> <span class='ocrx_word' id='word_1_823' title='bbox 1237 5470 1289 5526; x_wconf 90' lang='lat' dir='ltr'><strong>id</strong></span> <span class='ocrx_word' id='word_1_824' title='bbox 1316 5479 1400 5526; x_wconf 90' lang='lat' dir='ltr'><strong>est</strong></span> <span class='ocrx_word' id='word_1_825' title='bbox 1424 5470 1476 5525; x_wconf 92' lang='lat' dir='ltr'><strong>in</strong></span> <span class='ocrx_word' id='word_1_826' title='bbox 1511 5470 1737 5525; x_wconf 87' lang='lat' dir='ltr'><strong>Domino</strong></span> <span class='ocrx_word' id='word_1_827' title='bbox 1760 5470 2055 5538; x_wconf 86' lang='lat' dir='ltr'><strong>Salvatore,</strong></span> <span class='ocrx_word' id='word_1_828' title='bbox 2166 5468 2314 5536; x_wconf 82' lang='lat' dir='ltr'><strong>facit,</strong></span> <span class='ocrx_word' id='word_1_829' title='bbox 2340 5487 2458 5542; x_wconf 76' lang='lat' dir='ltr'><strong>qua:</strong></span> <span class='ocrx_word' id='word_1_830' title='bbox 2487 5471 2554 5525; x_wconf 90' lang='lat' dir='ltr'><strong>ab</strong></span> <span class='ocrx_word' id='word_1_831' title='bbox 2594 5472 2711 5540; x_wconf 84' lang='lat' dir='ltr'><strong>ipso</strong></span> <span class='ocrx_word' id='word_1_832' title='bbox 2740 5470 2993 5529; x_wconf 88' lang='lat' dir='ltr'><strong>Creatore</strong></span> <span class='ocrx_word' id='word_1_833' title='bbox 3022 5474 3267 5529; x_wconf 88' lang='lat' dir='ltr'><strong>videntur</strong></span> <span class='ocrx_word' id='word_1_834' title='bbox 3290 5475 3625 5530; x_wconf 87' lang='lat' dir='ltr'><strong>omnimodis</strong></span> <span class='ocrx_word' id='word_1_835' title='bbox 3654 5478 3793 5531; x_wconf 68' lang='grc' dir='ltr'><strong>ἀίει</strong></span> 
     </span>
    </p>
   </div>
   <div class='ocr_carea' id='block_1_88' title="bbox 481 5563 3790 5637">
    <p class='ocr_par' dir='ltr' id='par_1_88' title="bbox 481 5563 3790 5637">
     <span class='ocr_line' id='line_1_88' title="bbox 481 5563 3790 5637; baseline 0 -19"><span class='ocrx_word' id='word_1_836' title='bbox 481 5566 739 5620; x_wconf 75' lang='lat' dir='ltr'><strong>interitum</strong></span> <span class='ocrx_word' id='word_1_837' title='bbox 758 5582 858 5619; x_wconf 87' lang='lat' dir='ltr'><strong>non</strong></span> <span class='ocrx_word' id='word_1_838' title='bbox 888 5566 1159 5621; x_wconf 80' lang='lat' dir='ltr'><strong>videbunt:</strong></span> <span class='ocrx_word' id='word_1_839' title='bbox 1182 5563 1304 5636; x_wconf 91' lang='lat' dir='ltr'><strong>quia</strong></span> <span class='ocrx_word' id='word_1_840' title='bbox 1331 5564 1457 5620; x_wconf 88' lang='lat' dir='ltr'><strong>licet</strong></span> <span class='ocrx_word' id='word_1_841' title='bbox 1486 5578 1713 5631; x_wconf 90' lang='lat' dir='ltr'><strong>corpore</strong></span> <span class='ocrx_word' id='word_1_842' title='bbox 1741 5564 2056 5631; x_wconf 89' lang='lat' dir='ltr'><strong>moriantur,</strong></span> <span class='ocrx_word' id='word_1_843' title='bbox 2163 5576 2404 5630; x_wconf 65' lang='lat' dir='ltr'><strong>crepare.</strong></span> <span class='ocrx_word' id='word_1_844' title='bbox 2448 5563 2720 5631; x_wconf 85' lang='lat' dir='ltr'><strong>Sequitur,</strong></span> <span class='ocrx_word' id='word_1_845' title='bbox 2764 5576 3082 5635; x_wconf 81' lang='lat' dir='ltr'><strong>comparatus</strong></span> <span class='ocrx_word' id='word_1_846' title='bbox 3121 5574 3195 5619; x_wconf 85' lang='lat' dir='ltr'><strong>est</strong></span> <span class='ocrx_word' id='word_1_847' title='bbox 3227 5566 3473 5637; x_wconf 86' lang='lat' dir='ltr'><strong>jumentis</strong></span> <span class='ocrx_word' id='word_1_848' title='bbox 3505 5566 3790 5634; x_wconf 81' lang='lat' dir='ltr'><strong>insipien-</strong></span> 
     </span>
    </p>
   </div>
   <div class='ocr_carea' id='block_1_89' title="bbox 482 5653 3789 5737">
    <p class='ocr_par' dir='ltr' id='par_1_89' title="bbox 482 5653 3789 5737">
     <span class='ocr_line' id='line_1_89' title="bbox 482 5653 3789 5737; baseline 0.001 -26"><span class='ocrx_word' id='word_1_849' title='bbox 482 5667 697 5712; x_wconf 58' lang='lat' dir='ltr'><strong>mternai</strong></span> <span class='ocrx_word' id='word_1_850' title='bbox 725 5662 841 5711; x_wconf 81' lang='lat' dir='ltr'><strong>vitae</strong></span> <span class='ocrx_word' id='word_1_851' title='bbox 872 5672 1092 5713; x_wconf 87' lang='lat' dir='ltr'><strong>munere</strong></span> <span class='ocrx_word' id='word_1_852' title='bbox 1118 5667 1239 5712; x_wconf 90' lang='lat' dir='ltr'><strong>sunt</strong></span> <span class='ocrx_word' id='word_1_853' title='bbox 1269 5655 1441 5711; x_wconf 84' lang='lat' dir='ltr'><strong>dilati.</strong></span> <span class='ocrx_word' id='word_1_854' title='bbox 1473 5655 1575 5737; x_wconf 32' lang='lat' dir='ltr'><strong>Aalii</strong></span> <span class='ocrx_word' id='word_1_855' title='bbox 1605 5670 1792 5711; x_wconf 83' lang='lat' dir='ltr'><strong>versus</strong></span> <span class='ocrx_word' id='word_1_856' title='bbox 1824 5656 1955 5711; x_wconf 88' lang='lat' dir='ltr'><strong>istos</strong></span> <span class='ocrx_word' id='word_1_857' title='bbox 1986 5655 2056 5709; x_wconf 88' lang='lat' dir='ltr'><strong>ita</strong></span> <span class='ocrx_word' id='word_1_858' title='bbox 2165 5654 2317 5719; x_wconf 87' lang='lat' dir='ltr'><strong>tibus,</strong></span> <span class='ocrx_word' id='word_1_859' title='bbox 2346 5663 2393 5707; x_wconf 90' lang='lat' dir='ltr'><strong>et</strong></span> <span class='ocrx_word' id='word_1_860' title='bbox 2418 5653 2600 5709; x_wconf 85' lang='lat' dir='ltr'><strong>similis</strong></span> <span class='ocrx_word' id='word_1_861' title='bbox 2626 5659 2793 5723; x_wconf 78' lang='lat' dir='ltr'><strong>[actus</strong></span> <span class='ocrx_word' id='word_1_862' title='bbox 2821 5666 2894 5710; x_wconf 86' lang='lat' dir='ltr'><strong>est</strong></span> <span class='ocrx_word' id='word_1_863' title='bbox 2917 5657 3042 5712; x_wconf 84' lang='lat' dir='ltr'><strong>illis.</strong></span> <span class='ocrx_word' id='word_1_864' title='bbox 3079 5657 3384 5712; x_wconf 89' lang='lat' dir='ltr'><strong>Similitudo</strong></span> <span class='ocrx_word' id='word_1_865' title='bbox 3410 5657 3570 5711; x_wconf 88' lang='lat' dir='ltr'><strong>datur</strong></span> <span class='ocrx_word' id='word_1_866' title='bbox 3595 5659 3789 5728; x_wconf 76' lang='lat' dir='ltr'><strong>digna</strong></span> 
     </span>
    </p>
   </div>
   <div class='ocr_carea' id='block_1_90' title="bbox 478 5743 3787 5821">
    <p class='ocr_par' dir='ltr' id='par_1_90' title="bbox 478 5743 3787 5821">
     <span class='ocr_line' id='line_1_90' title="bbox 478 5743 3787 5821; baseline 0.001 -19"><span class='ocrx_word' id='word_1_867' title='bbox 478 5748 846 5816; x_wconf 77' lang='lat' dir='ltr'><strong>peccatoribus</strong></span> <span class='ocrx_word' id='word_1_868' title='bbox 863 5751 1125 5807; x_wconf 73' lang='lat' dir='ltr'><strong>restituant</strong></span> <span class='ocrx_word' id='word_1_869' title='bbox 1148 5747 1515 5821; x_wconf 78' lang='lat' dir='ltr'><strong>applicandos,</strong></span> <span class='ocrx_word' id='word_1_870' title='bbox 1539 5748 1799 5815; x_wconf 85' lang='lat' dir='ltr'><strong>dicentes,</strong></span> <span class='ocrx_word' id='word_1_871' title='bbox 1822 5744 2055 5800; x_wconf 79' lang='lat' dir='ltr'><strong>laborant</strong></span> <span class='ocrx_word' id='word_1_872' title='bbox 2167 5743 2515 5812; x_wconf 83' lang='lat' dir='ltr'><strong>vecordibus;</strong></span> <span class='ocrx_word' id='word_1_873' title='bbox 2548 5756 2603 5800; x_wconf 90' lang='lat' dir='ltr'><strong>ut</strong></span> <span class='ocrx_word' id='word_1_874' title='bbox 2630 5746 2719 5816; x_wconf 87' lang='lat' dir='ltr'><strong>qui</strong></span> <span class='ocrx_word' id='word_1_875' title='bbox 2746 5760 2803 5803; x_wconf 88' lang='lat' dir='ltr'><strong>sc</strong></span> <span class='ocrx_word' id='word_1_876' title='bbox 2834 5747 3117 5819; x_wconf 83' lang='lat' dir='ltr'><strong>imaginem</strong></span> <span class='ocrx_word' id='word_1_877' title='bbox 3147 5750 3241 5805; x_wconf 89' lang='lat' dir='ltr'><strong>Dei</strong></span> <span class='ocrx_word' id='word_1_878' title='bbox 3283 5758 3492 5819; x_wconf 84' lang='lat' dir='ltr'><strong>gestare</strong></span> <span class='ocrx_word' id='word_1_879' title='bbox 3518 5766 3632 5805; x_wconf 88' lang='lat' dir='ltr'><strong>nou</strong></span> <span class='ocrx_word' id='word_1_880' title='bbox 3668 5751 3787 5807; x_wconf 80' lang='lat' dir='ltr'><strong>in-</strong></span> 
     </span>
    </p>
   </div>
  </div>
