3956 6178
273 331 383 387 3L5

1170 329 1529 388 EXPOSITIO
1568 328 1635 385 lN
1674 327 2134 385 PSALTERIUM.
2177 327 2369 385 PSAL
2416 322 2646 384 XLVIZI.

3440 323 3544 379 546

273 441 545 509 telligunt,
576 450 810 508 congrue
825 438 1074 509 iumentis
1102 439 1457 507 insipientibus
1483 451 1858 510 comparentur.
1891 442 1940 500 Α
2045 441 2199 496 Vers.
2232 442 2318 495 15.
2372 439 2437 495 Et
2466 442 2718 495 auxilium
2748 456 2920 495 eorum
2950 450 3220 495 veterascet
3248 440 3301 494 in
3331 440 3549 509 inferno,

270 532 409 588 Nam
451 546 573 585 cum
621 530 880 585 rationem
926 540 1233 601 perceptam
1272 531 1605 603 jussionihus
1654 532 1863 586 Domini

273 624 655 692 mandatisque
684 638 788 677 non
817 623 1094 689 exhibent,
1131 626 1323 679 merito
1349 639 1467 679 eam
1495 632 1748 693 tanquam
1776 626 1863 679 in-

272 713 424 783 digni
474 722 622 766 tanto
657 727 881 768 munere
910 713 1273 783 perdiderunt.
1318 714 1451 769 Nam
1484 715 1611 771 tolle
1661 714 1864 770 homini

274 808 369 863 Dei
413 807 926 873 considerationem,
957 819 1012 864 ct
1038 811 1257 865 omnino
1281 826 1440 879 pecus
1476 810 1730 881 insipiens
1758 819 1861 879 est,

276 901 625 969 praesumptio
654 915 812 966 vana,
839 909 896 955 et
934 902 1136 957 caduca
1176 904 1446 972 superbia.
1484 904 1590 960 Sed
1618 904 1864 975 quamvis

272 994 339 1050 de
369 992 691 1048 mortalibus
716 993 923 1048 dicatur
949 1010 965 1046 :
999 992 1068 1048 Et
1107 996 1257 1050 homo
1283 1012 1400 1049 cum
1441 997 1492 1049 in
1520 995 1713 1051 honore
1737 1006 1866 1053 esset

272 1104 373 1140 non
418 1086 691 1153 intellexit,
741 1095 965 1154 possunt
995 1086 1083 1142 hic
1108 1096 1162 1143 et
1203 1087 1645 1156 pravaricatores
1687 1090 1863 1161 angeli

272 1179 445 1248 accipi
476 1178 567 1249 qui
593 1178 659 1232 de
689 1177 827 1233 ctelo
856 1178 1078 1247 projecti
1110 1188 1255 1247 sunt,
1313 1181 1434 1250 quia
1463 1196 1562 1236 nec
1588 1181 1688 1252 ipsi
1717 1182 1869 1237 intel-

271 1270 532 1324 lexerunt
579 1269 836 1323 honorem
877 1284 1032 1324 suum
1061 1309 1079 1336 ,
1122 1269 1245 1325 dum
1293 1271 1502 1328 auctori
1543 1272 1869 1342 superbilsse

272 1369 667 1416 monstrantur.
720 1358 891 1414 Homo
936 1361 1078 1415 enim
1125 1372 1177 1416 et
1220 1376 1317 1430 pro
1363 1362 1580 1418 diabolo
1628 1364 1864 1433 ponitur,

271 1458 413 1512 sicut
435 1456 486 1510 in
514 1456 804 1526 Evangelio
822 1455 1079 1510 Dominu~
1108 1457 1569 1530 testaturwatth.
1600 1457 1864 1529 xm,25):

271 1546 529 1602 Inimicus
556 1556 735 1600 autem
769 1547 928 1601 homo
954 1546 1042 1615 qui
1073 1548 1525 1615 superseminavit
1557 1548 1757 1603 zizania
1787 1556 1870 1603 est

270 1636 545 1691 diabolus.
588 1635 717 1690 llaec
743 1635 946 1691 decima
974 1637 1180 1705 species
1209 1646 1292 1691 est
1332 1636 1676 1703 deﬁnitionis,
1709 1653 1867 1708 quam

270 1725 452 1781 Graeci
482 1729 554 1786 ὡς
582 1728 751 1798 τύπῳ,
782 1725 957 1781 Latini
981 1726 1141 1781 veluti
1170 1726 1477 1796 appellant:
1510 1729 1723 1797 quando
1749 1731 1869 1784 talis

1965 541 2012 586 et
2042 550 2073 585 α
2102 534 2267 604 gloria
2297 551 2388 587 sua
2418 533 2619 605 expulsi
2649 543 2784 587 sunt.
2820 533 3007 589 Adhuc
3052 542 3388 601 peccatorum
3419 533 3554 589 infe-

1967 624 2223 680 licitatem
2255 626 2606 695 miseriasque
2639 627 2915 693 describit,
2946 641 3170 695 quorum
3201 626 3397 680 auxilia
3437 634 3553 680 tan-

1965 732 2123 785 quam
2153 717 2313 785 panni
2346 716 2626 784 putrefacti
2651 728 2985 771 veterascnnt.
3019 717 3152 783 Quid
3184 718 3327 771 enim
3354 718 3552 771 divitiae

1966 808 2297 875 prmstabunt
2336 798 2614 860 'mortuis?
2641 806 2778 873 Quid
2830 809 3170 875 prmsumptio
3201 809 3428 861 humana
3460 808 3555 862 de-

1966 897 2183 966 functis,
2206 898 2296 967 qui
2324 908 2513 953 cuncta
2536 899 2786 952 amittunt
2806 898 2997 967 quibus
3024 900 3109 953 hic
3128 898 3375 953 delectati
3403 907 3549 965 sunt;

1967 997 2021 1045 et
2044 989 2095 1044 in
2136 996 2362 1043 aeternas
2391 1004 2577 1058 pinnas
2605 990 2942 1058 perveniunt,
2973 1006 3104 1059 quas
3135 1005 3193 1046 se
3225 990 3329 1059 pati
3374 990 3552 1045 nulla-

1968 1089 2123 1136 tenus
2151 1080 2534 1136 crediderunt?
2564 1080 2834 1151 Sequitur,
2877 1089 2925 1134 et
2955 1099 2985 1135 a
3012 1082 3176 1153 gloria
3222 1099 3317 1139 sua
3356 1082 3556 1151 expulsi

1967 1185 2083 1229 sunt
2102 1193 2122 1243 ;
2152 1176 2220 1230 de
2249 1175 2449 1230 mundo
2492 1175 2703 1231 scilicet
2730 1175 2780 1229 in
2811 1190 2914 1245 quo
2957 1175 3344 1244 gloriabantur,
3375 1174 3456 1228 vel
3487 1174 3556 1230 de

1967 1266 2073 1321 illis
2119 1265 2281 1322 rebus
2308 1268 2358 1321 in
2387 1267 2582 1336 quibus
2610 1266 2818 1333 decepti
2853 1265 3049 1320 infelici
3079 1274 3226 1319 sorte
3268 1279 3558 1335 praesume-

1968 1359 2130 1423 bant;
2162 1359 2301 1413 sicut
2344 1358 2396 1413 in
2441 1359 2732 1428 Evangelio
2776 1358 2925 1412 diviti
2957 1357 3159 1411 dlctum
3205 1364 3287 1411 est
3317 1375 3330 1409 :
3366 1356 3554 1422 Stulte,

1969 1455 2064 1504 hac
2090 1460 2234 1504 nocte
2258 1450 2521 1519 auferetur
2543 1466 2575 1501 a
2601 1461 2647 1503 te
2673 1451 2846 1503 anima
2874 1458 2996 1517 tua;
3027 1464 3141 1519 qua:
3164 1457 3329 1502 autem
3357 1464 3560 1520 prwpa-

1966 1542 2115 1607 rasti,
2147 1542 2295 1602 cuius
2324 1551 2469 1594 erunt
2497 1540 2650 1610 (Luc.
2686 1556 2784 1605 xu,
2816 1539 2945 1605 20)?

1971 1632 1974 1636 ’
2042 1636 2198 1692 Vers.
2234 1635 2320 1690 16.
2351 1634 2707 1689 Verumtamen
2734 1634 2871 1688 Deus
2900 1634 3130 1688 liberabit
3155 1636 3378 1688 animam
3394 1649 3558 1687 meam

1972 1730 2037 1785 de
2059 1746 2216 1784 manu
2253 1729 2430 1800 inferi,
2461 1744 2576 1781 cum
2606 1728 2856 1795 acceperit
2885 1744 2979 1781 me.
3010 1727 3133 1782 Post
3154 1742 3364 1782 errores
3394 1741 3561 1795 expo-

269 1828 353 1874 est
382 1817 611 1885 alicujus
642 1818 717 1872 rei
748 1817 1073 1887 complexio,
1112 1828 1167 1873 ut
1197 1834 1303 1874 non
1335 1829 1537 1875 tantum
1569 1822 1662 1877 uni
1693 1822 1773 1877 rei
1799 1822 1866 1878 de
1897 1807 1944 1866 Β
1972 1822 2104 1876 sitos
2148 1830 2510 1891 peccatorum,
2556 1821 2747 1874 merito
2778 1818 3041 1873 sententia
3071 1819 3361 1873 Salvatoris
3390 1820 3554 1873 infero

270 1928 374 1983 qua
407 1912 645 1975 dicitur,
692 1910 787 1966 sed
837 1920 891 1966 et
937 1910 1060 1966 aliis
1086 1912 1342 1982 applicari
1394 1926 1552 1981 posse
1580 1914 1862 1982 videatur;

272 2006 418 2061 sicut
456 2015 512 2060 et
541 2005 593 2059 in
622 2004 897 2074 trigesimo
925 2005 1113 2074 quinto
1156 2005 1365 2076 psalmo
1384 2006 1495 2076 jam
1524 2007 1717 2063 lectum
1745 2018 1864 2065 est:

276 2095 534 2151 Homines
550 2104 595 2149 et
614 2100 855 2168 jumenta
879 2098 1045 2151 salvos
1070 2096 1248 2167 facies,
1271 2097 1485 2153 Domine
1513 2099 1683 2170 (Psal.
1704 2116 1864 2168 xxxv,

272 2188 368 2261 7);
402 2204 509 2245 non
542 2189 688 2243 enim
729 2188 985 2257 Dominus
1013 2190 1131 2245 haec
1155 2190 1287 2256 sola,
1317 2189 1413 2245 sed
1453 2198 1510 2247 et
1534 2191 1737 2262 re'iqua
1763 2192 1871 2247 sal-

270 2294 402 2335 vare
429 2278 731 2335 consuevit.

346 2370 505 2427 Vera.
544 2371 632 2428 l3.
664 2370 794 2426 Hice
820 2369 901 2425 via
943 2370 1152 2425 illorum
1176 2372 1477 2427 scandalum
1506 2374 1668 2442 ipsis;
1696 2383 1745 2429 et
1784 2392 1872 2447 po-

270 2474 383 2518 stea
430 2466 485 2518 in
529 2480 620 2518 ore
660 2479 755 2519 suo
799 2465 1110 2520 benedicent.
1159 2464 1255 2519 llic
1287 2464 1397 2534 jam
1440 2467 1872 2523 enumerationes

269 2558 546 2621 decursus,
574 2556 721 2612 velut
746 2556 986 2626 dispersa
992 2571 1174 2626 grana
1206 2555 1259 2610 in
1286 2572 1449 2612 unum
1474 2557 1746 2613 cumulum
1768 2559 1874 2613 col-

272 2648 544 2719 liguntur.
568 2648 701 2703 Nam
741 2659 862 2714 post
886 2648 974 2703 illa
1001 2664 1121 2719 qua:
1147 2647 1289 2704 dicta
1312 2659 1460 2717 sunt,
1482 2649 1872 2706 sententialiter

271 2742 597 2798 enuntiatur
619 2782 637 2807 ,
683 2740 816 2796 Hazc
838 2742 921 2796 via
944 2759 1143 2799 eorum.
1193 2743 1375 2810 Viam,
1407 2746 1569 2800 vitam
1610 2722 1873 2802 dabimus

268 2835 528 2903 accipere
552 2877 568 2901 ,
615 2831 670 2886 in
698 2847 802 2901 qua
849 2831 902 2887 in
948 2833 1050 2888 hoc
1079 2836 1279 2889 saeculo
1306 2845 1518 2892 actuum
1564 2846 1871 2891 nostrorum

267 2925 523 2994 vestigiis
545 2922 900 2979 ambulamus.
932 2924 1037 2981 Sed
1079 2926 1186 2980 hinc
1223 2927 1303 2980 uia
1332 2927 1460 2996 quid
1492 2927 1646 2982 malis
1674 2927 1832 2982 faciat
1854 2969 1869 2994 ,

271 3031 387 3069 non
417 3026 629 3069 tacetur
653 3031 667 3069 :
697 3015 996 3069 scandalum
1023 3016 1203 3086 utique
1226 3017 1534 3073 auctoribus
1554 3019 1686 3087 suis,
1718 3019 1772 3073 id
1793 3030 1875 3075 est

269 3106 562 3165 stimulum
592 3115 753 3176 atque
795 3106 1059 3162 dolorem.
1102 3108 1218 3162 Non
1246 3109 1387 3163 enim
1434 3108 1499 3163 ad
1528 3110 1871 3165 securitatem

272 3214 438 3253 suam
470 3198 628 3270 163
648 3198 934 3267 quidquam
960 3207 1207 3266 peccator
1227 3198 1411 3263 efﬁcit,
1433 3201 1517 3255 cui
1544 3200 1613 3256 de
1632 3216 1724 3256 sua
1749 3217 1867 3270 pro-
1898 3186 1944 3249 (ἶ

271 3292 430 3344 venit
453 3290 671 3343 actione
711 3290 966 3358 torqueri.
996 3289 1273 3360 Sequitur,
1301 3302 1350 3346 et
1375 3302 1549 3363 postea
1586 3294 1641 3345 in
1667 3309 1752 3347 ore
1779 3310 1872 3348 suo

271 3380 600 3434 benedicent.
646 3378 740 3434 llic
767 3379 1091 3435 describitur
1134 3383 1469 3438 consuetudo
1498 3385 1830 3453 peccantium
1856 3425 1873 3450 ,

271 3472 397 3541 qui,
422 3480 710 3541 postquam
750 3481 931 3527 votum
978 3473 1324 3542 nequissima:
1359 3475 1724 3546 dispositionis
1768 3478 1875 3531 im-

273 3562 577 3632 pleverim.
611 3577 733 3617 mox
766 3563 1035 3619 Divinitati
1077 3566 1278 3634 gratias
1317 3576 1500 3636 agunt,
1530 3570 1778 3643 quonipm
1808 3570 1874 3623 ad

274 3666 442 3707 suum
471 3653 614 3709 velle
642 3654 883 3722 perducti
907 3664 1031 3710 sunt
1059 3672 1072 3708 :
1105 3657 1425 3724 nescientes,
1454 3659 1739 3714 miserrimi
1784 3659 1878 3713 ho-

276 3743 520 3810 minum,
547 3743 673 3815 quia
702 3744 793 3799 illo
816 3754 1034 3802 auctore
1064 3755 1264 3801 tantum
1295 3748 1361 3802 ad
1401 3757 1585 3803 sancta
1612 3749 1877 3805 desideria

278 3836 622 3903 pervenitur.
666 3834 770 3891 Sed
816 3836 901 3890 isti
928 3836 981 3890 in
1011 3853 1118 3905 ore,
1164 3853 1268 3894 non
1296 3839 1346 3893 in
1374 3840 1540 3896 corde
1563 3841 1877 3910 benedicent,

279 3929 439 3983 unde
464 3929 704 3997 procedit
754 3930 1069 4001 plerumque
1114 3933 1360 3988 simulata
1408 3938 1711 4001 sententia;
1743 3937 1879 3992 sicut

278 4020 337 4077 Is
356 4023 461 4075 .ias
483 4022 615 4077 dicit
644 4040 657 4076 :
689 4022 925 4095 Populus
949 4024 1031 4077 hic
1056 4024 1207 4079 labiis
1231 4041 1311 4079 me
1332 4025 1572 4096 honorat,
1600 4042 1688 4081 cor
1712 4036 1882 4083 autem

270 4130 474 4170 eam
501 4115 652 4187 longe
675 4126 750 4171 est
774 4133 807 4170 a
833 4134 912 4171 me
939 4116 1073 4189 (lsa.
1100 4134 1249 4188 xxtx,
1278 4119 1389 4192 15).

363 4204 525 4261 Vera.
557 4208 645 4261 ll.
688 4206 839 4264 Sicut
865 4224 981 4263 oves
1009 4210 1063 4263 in
1087 4210 1289 4279 inferno
1316 4212 1472 4279 positi
1507 4223 1646 4281 sunt,
1675 4223 1723 4269 et
1746 4230 1883 4271 mors

274 4299 535 4365 deposcet
560 4313 681 4362 eos;
707 4305 755 4351 et
777 4298 1071 4354 obtinebunt
1096 4316 1181 4355 eos
1197 4303 1331 4374 justi
1354 4304 1410 4357 in
1434 4305 1702 4360 matutino.
1728 4303 1887 4362 Venit

274 4388 357 4442 ad
398 4386 613 4441 tertiam
656 4391 949 4444 sectionem
974 4429 989 4453 ,
1037 4390 1126 4445 ubi
1150 4390 1311 4460 justis
1349 4400 1403 4447 et
1428 4393 1607 4463 impiis
1650 4410 1748 4463 pro
1773 4398 1885 4452 suis

276 4476 515 4531 meritis
546 4476 677 4531 dicit
716 4492 839 4533 esse
882 4479 1237 4537 reddendum.
1286 4482 1600 4540 Peccatores
1639 4487 1781 4541 enim
1831 4488 1884 4540 in

1971 1924 2092 1979 tur;
2124 1922 2180 1967 ut
2211 1912 2351 1966 sicut
2384 1911 2609 1964 humana
2644 1909 2898 1979 fragilitas
2928 1919 3136 1964 terrore
3165 1920 3424 1978 prostrata
3454 1919 3556 1976 est,

1971 2004 2041 2058 ita
2069 2017 2165 2071 spe
2205 2001 2365 2055 futuri
2396 2001 2602 2070 prmmii
2635 2000 2910 2054 sublevata
2942 2009 3246 2068 consurgat.
3278 1999 3409 2053 Nam
3440 2004 3558 2055 sive

1972 2093 2076 2148 hoc
2102 2093 2358 2146 Dominus
2378 2091 2626 2145 Christus
2646 2091 2713 2145 de
2739 2106 2797 2145 se
2824 2091 2983 2155 dicat,
3013 2091 3129 2145 sive
3159 2105 3187 2143 a
3219 2098 3371 2159 parte
3391 2104 3561 2144 mem-

1971 2184 2188 2238 brorum
2231 2196 2474 2245 suorum,
2507 2190 2562 2233 ut
2602 2180 2820 2244 assolet,
2856 2180 3124 2247 loquatur,
3152 2178 3557 2233 accommodum

1970 2286 2075 2331 est.
2118 2276 2237 2344 ipse
2263 2274 2403 2329 enim
2434 2273 2769 2329 descendens
2797 2272 3023 2325 animam
3063 2286 3212 2326 suam
3253 2271 3321 2325 ab
3350 2269 3561 2325 inferno

1971 2367 2238 2433 liberavit;
2283 2366 2379 2421 sed
2421 2363 2580 2420 simul
2630 2373 2684 2418 et
2729 2363 2939 2417 illorum
2984 2362 3073 2431 qui
3116 2360 3401 2417 adventum
3445 2359 3563 2431 ejus

1971 2460 2239 2516 constanti
2267 2459 2446 2513 animo
2473 2455 2838 2511 crediderunt.
2884 2454 2961 2509 De
2985 2468 3142 2508 manu
3180 2462 3359 2508 autem
3385 2453 3559 2522 inferi,

1971 2550 2103 2606 dicit
2130 2551 2199 2607 de
2239 2557 2505 2619 potestate
2552 2547 2793 2613 diaboli,
2838 2544 2925 2617 qui
2957 2553 3082 2601 ante
3126 2544 3413 2600 adventura
3442 2543 3560 2616 ejus

1974 2642 2181 2697 animas
2215 2641 2432 2696 tenebat
2456 2640 2733 2693 obnoxias.

2053 2751 2203 2808 Vers.
2234 2750 2321 2805 i7.
2348 2748 2432 2803 Ne
2459 2748 2688 2802 timueris
2717 2763 2832 2800 cum
2860 2747 2997 2800 dives
3024 2746 3187 2814 factus
3216 2745 3370 2813 fuerit
3389 2743 3563 2809 homo,

1972 2852 2022 2899 et
2049 2857 2163 2896 cum
2194 2838 2535 2910 multiplicata
2582 2837 2735 2903 fuerit
2778 2834 2945 2906 gloria
2989 2835 3169 2888 domus
3194 2837 3327 2907 ejus.
3361 2833 3563 2898 Quarta

1975 2952 2104 3006 pars
2133 2931 2323 3004 psalmi
2364 2945 2435 2985 ex
2468 2943 2564 2983 ore
2591 2926 2834 2981 veritatis
2874 2925 3166 2995 egreditur,
3212 2934 3267 2978 ut
3296 2923 3448 2978 nobis
3476 2937 3564 2978 sa-

1976 3026 2267 3084 luberrima
2288 3020 2554 3077 medicina
2582 3025 2886 3088 praestetur.
2903 3015 3034 3071 Nam
3061 3016 3221 3070 totius
3248 3015 3429 3070 mundi
3450 3016 3564 3069 haec

1975 3134 2083 3175 una
2112 3115 2333 3188 querela
2364 3121 2446 3169 est
2470 3128 2485 3166 :
2509 3111 2683 3178 Quare
2706 3109 2757 3164 iu
2785 3110 2889 3164 hoc
2918 3108 3114 3163 saeculo
3141 3108 3364 3161 lloreant
3395 3107 3568 3163 homi-

1977 3226 2074 3267 nes
2099 3224 2235 3281 quos
2263 3222 2292 3262 a
2322 3206 2534 3261 cultura
2566 3203 2774 3257 Domini
2800 3201 3175 3270 cognoscimus
3199 3199 3422 3254 alienos.
3455 3198 3563 3254 Sed

1979 3299 2352 3375 peccatoribus
2374 3298 2475 3351 ista
2504 3296 2767 3365 promissa
2797 3301 2952 3358 sunt;
2986 3293 3210 3361 ideoque
3238 3290 3357 3360 pius
3377 3289 3568 3346 doctor

1977 3407 2135 3449 veros
2160 3390 2451 3460 alloquitur
2471 3387 2827 3451 Christianos,
2855 3399 2924 3439 ne
2951 3392 3210 3438 terrarum
3236 3381 3428 3436 divites
3451 3395 3571 3448 per-

1980 3486 2285 3550 timescant,
2321 3481 2572 3553 quoniam
2603 3480 2741 3534 bene
2781 3477 3100 3547 generaliter
3128 3473 3449 3545 pecuniosus
3478 3470 3571 3541 pa-

1977 3578 2237 3642 vescitur,
2268 3588 2391 3628 cum
2439 3571 2490 3627 ei
2520 3570 2765 3625 famulari
2810 3568 3086 3623 hominum
3128 3565 3393 3635 cupiditas
3420 3564 3568 3619 testi-

1980 3676 2177 3720 matur.
2206 3664 2360 3717 Dives
2400 3662 2541 3717 enim
2569 3661 2743 3715 dictus
2770 3667 2853 3715 est
2879 3674 2907 3712 a
2940 3657 3086 3722 divo,
3113 3656 3203 3724 qui
3246 3655 3397 3723 quasi
3430 3654 3572 3709 Deus

1982 3759 2116 3813 nihil
2155 3756 2392 3812 creditur
2423 3753 2682 3822 indigere.
2725 3749 2998 3804 Hominem
3029 3748 3116 3802 hic
3157 3747 3378 3816 impium
3407 3744 3571 3799 debe-

1981 3862 2101 3902 mus
2129 3846 2375 3913 accipere
2402 3884 2416 3907 ,
2466 3842 2555 3913 qui
2585 3856 2645 3896 se
2682 3838 2939 3907 subjectis
2969 3836 3357 3893 formidabilem
3401 3834 3532 3889 iacit
3554 3875 3572 3899 ,

1984 3941 2109 3995 dum
2138 3937 2403 4007 aequitatis
2424 3935 2549 4005 jura
2570 3931 2885 3989 contemnit.
2920 3929 3192 3999 Sequitur,
3219 3938 3268 3982 et
3292 3943 3408 3980 cum
3434 3927 3574 3978 mul—

1982 4029 2212 4101 tiplicata
2255 4027 2410 4097 fuerit
2436 4024 2605 4096 gloria
2635 4024 2817 4076 domus
2852 4023 2986 4088 eius.
3033 4019 3203 4089 longe
3230 4035 3294 4073 ne
3322 4019 3570 4070 timueris.

1984 4122 2114 4189 Qum
2154 4119 2321 4190 ﬁgura
2349 4116 2543 4173 dicitur
2569 4116 2671 4171 ἀπὸ
2704 4118 2865 4167 κοινοῦ
2889 4152 2906 4178 ,
2953 4110 3006 4165 id
3035 4121 3155 4174 est,
3194 4120 3227 4161 a
3260 4108 3529 4163 communi
3556 4147 3573 4173 ,

1984 4212 2200 4285 quando
2223 4211 2499 4280 superiora
2530 4206 2595 4262 ad
2623 4204 2877 4261 inferiora
2906 4201 3250 4272 respondent.
3283 4201 3346 4254 Et
3366 4200 3573 4268 respice

1988 4320 2092 4376 qua
2124 4301 2293 4372 gratia
2322 4308 2512 4355 cuncta
2547 4296 2841 4366 proﬁciant.
2872 4294 3045 4350 Minus
3073 4293 3217 4347 enim
3249 4290 3419 4347 fuerat
3445 4292 3576 4344 diui-

1988 4403 2087 4449 tem
2111 4394 2248 4461 lieri,
2274 4393 2398 4463 quia
2442 4391 2542 4444 hoc
2574 4388 2883 4458 frequenter
2923 4384 3129 4440 invenis
3157 4386 3206 4439 in
3235 4382 3576 4452 negotiatori-

1994 4485 2092 4539 bus
2119 4494 2173 4538 et
2202 4484 2254 4537 in
2297 4481 2604 4537 hominibus
2630 4479 2874 4548 abjectis.
2901 4475 3141 4543 Addidit,
3173 4485 3221 4529 et
3261 4490 3376 4537 cum
3406 4473 3577 4527 multi-

271 4568 509 4631 ialmo
533 4566 722 4633 positos
746 4584 883 4623 mors
921 4578 1121 4624 eterna
1151 4572 1400 4642 depascit.
1425 4573 1555 4629 Nam
1593 4575 1731 4630 sicut
1752 4590 1884 4633 oves
1913 4559 1967 4619 Ι)
1991 4578 2179 4646 plicata
2209 4576 2362 4645 fuerit
2403 4574 2569 4645 gloria
2598 4572 2781 4625 domus
2810 4574 2956 4642 ejus;
2988 4568 3038 4623 id
3068 4576 3171 4633 est,
3201 4582 3322 4622 cum
3363 4566 3575 4621 honori-

279 4655 445 4711 lassae
470 4670 583 4710 sua:
622 4657 909 4714 amissione
944 4659 1144 4730 iugiter
1167 4670 1532 4731 perseverant,
1563 4664 1640 4719 sic
1669 4665 1722 4720 in
1764 4665 1886 4723 illos

276 4760 525 4815 semper
568 4749 683 4805 sine
710 4749 1085 4808 imminutione
1131 4755 1442 4811 substantia!
1472 4760 1694 4826 invenit,
1743 4760 1885 4829 quod

280 4858 468 4914 pinna
495 4844 802 4903 discruciet.
832 4848 1081 4920 Depast'et
1105 4851 1247 4906 enim
1289 4865 1317 4905 a
1362 4853 1620 4918 iumentis
1660 4862 1885 4909 tractum

278 4946 411 4997 est.
436 4951 563 5006 qua
603 4936 797 4993 herbas
823 4954 932 4994 non
972 4942 1228 4996 radicitus
1254 4943 1507 5009 evellant,
1538 4944 1632 5000 sed
1679 4945 1891 4999 abscin-

279 5028 433 5083 dunt
460 5028 609 5095 ipsas
634 5028 811 5098 putius
834 5032 1191 5087 summitates.
1219 5031 1492 5102 Sequitur,
1520 5042 1569 5088 et
1595 5034 1887 5088 obtinebant

278 5119 549 5190 σοοίωὶ
572 5120 624 5173 in
664 5123 935 5177 matutino.
966 5123 1275 5178 Obtinebunt
1296 5165 1313 5191 ,
1348 5125 1483 5180 dixit
1521 5127 1846 5197 superabunt
1868 5166 1885 5193 ,

280 5214 447 5285 quod
477 5212 659 5282 utique
687 5214 739 5269 in
766 5215 855 5270 illa
885 5219 1275 5274 resurrectione
1302 5217 1532 5273 felicium
1560 5228 1662 5287 est,
1691 5228 1751 5275 ut
1779 5235 1891 5274 mu-

284 5307 371 5360 lis
398 5305 769 5373 pramiueant.
798 5306 896 5363 Hic
922 5309 1066 5364 enim
1098 5311 1268 5379 justas
1294 5310 1515 5365 obtinent
1542 5321 1887 5382 peccatores:

284 5400 358 5453 in
386 5398 483 5451 illo
513 5411 641 5452 vero
660 5397 860 5467 judicio
886 5401 1023 5467 justi
1048 5401 1295 5457 inlidelcs
1331 5403 1504 5457 modis
1528 5404 1775 5459 omnibus
1802 5405 1892 5459 ob-

284 5490 564 5542 sis-ebant.
594 5488 659 5543 In
686 5493 959 5557 matutino,
986 5506 1049 5548 ac
1077 5493 1122 5547 si
1150 5492 1369 5561 diceret,
1394 5493 1446 5550 in
1477 5495 1780 5552 albescente
1804 5496 1891 5552 die

282 5594 431 5635 eam
456 5578 629 5647 gloia
670 5582 1079 5636 resurrectionis
1107 5582 1359 5653 illuxerit,
1390 5585 1603 5655 quando
1625 5585 1736 5655 jam
1769 5587 1891 5642 bea-

280 5669 557 5724 titudinis
600 5670 817 5725 claritas
843 5672 1100 5741 aperitur.
1147 5683 1202 5729 et
1230 5673 1445 5732 inchoat
1494 5688 1615 5731 esse
1656 5676 1770 5731 dies
1801 5675 1891 5749 qui

287 5758 459 5817 ιυιιε
492 5770 651 5816 nocte
680 5760 877 5818 ίὶηὶιιιι.

1992 4669 2112 4734 bus,
2142 4681 2262 4722 cum
2297 4664 2750 4736 possessionibus,
2789 4678 2909 4716 cum
2943 4670 3051 4715 tota
3100 4662 3374 4713 hominum
3417 4657 3578 4712 fuerit

1995 4761 2152 4816 laude
2176 4758 2465 4825 celebrata,
2495 4766 2551 4811 ut
2577 4756 2707 4810 nihil
2737 4754 2838 4809 sibi
2879 4752 2978 4807 nisi
3005 4753 3177 4806 solum
3209 4751 3396 4805 deesse
3429 4755 3578 4817 putet

1993 4851 2299 4920 imperium.
2332 4850 2399 4903 Et
2425 4847 2545 4902 vide
2570 4846 2696 4916 quia
2723 4845 2904 4899 domus
2930 4845 3040 4912 ejus
3068 4841 3239 4906 dixit,
3272 4848 3330 4894 ut
3358 4852 3462 4893 non
3488 4853 3576 4892 so-

1995 4944 2103 4998 lum
2128 4945 2263 5011 ipse,
2286 4956 2469 4997 verum
2493 4939 2656 4995 etiam
2678 4952 2866 4993 omnes
2884 4939 2971 5007 qui
3000 4937 3065 4991 ad
3091 4937 3263 5006 ipsum
3290 4937 3573 5004 pertinent,

1995 5052 2185 5108 magna
2225 5051 2418 5108 pompa
2463 5034 2655 5089 ﬂorere
2682 5033 2982 5087 videantur.
3014 5030 3120 5086 Sed
3150 5043 3313 5100 quare
3350 5027 3438 5083 isti
3467 5042 3575 5083 non

1996 5130 2226 5185 debeant
2255 5126 2451 5193 timeri,
2480 5125 2700 5195 pulchre
2728 5124 3091 5194 subsequitur.

2071 5220 2224 5275 Vera.
2258 5220 2346 5274 18.
2369 5217 2622 5285 Quoniam
2639 5232 2754 5270 cum
2780 5217 3045 5280 morietur,
3076 5230 3177 5269 non
3204 5214 3413 5284 accipiet
3442 5210 3577 5285 [ed.,

1997 5310 2215 5385 perient]
2241 5311 2348 5366 hac
2375 5310 2568 5377 omnia,
2596 5326 2755 5379 neque
2774 5308 2930 5363 simul
2955 5308 3221 5363 descendet
3244 5323 3359 5361 cum
3386 5322 3444 5361 eo
3466 5306 3577 5377 glo-

1996 5403 2076 5455 ria
2100 5404 2279 5456 domus
2305 5402 2438 5471 ejus.
2471 5400 2611 5455 Ecce
2635 5399 2773 5454 ratio
2801 5398 3040 5453 redditur
3065 5411 3228 5467 quare
3257 5395 3431 5450 timeri
3472 5410 3578 5452 non

1996 5493 2187 5549 debeat
2213 5493 2396 5547 mundi
2419 5493 2702 5562 gloriosus.
2727 5492 2833 5547 Cur
2860 5491 3004 5546 enim
3037 5490 3315 5544 timeamus
3334 5488 3573 5556 divitem,

1997 5585 2089 5655 qui
2116 5583 2339 5638 moritur
2364 5583 2605 5654 pauper?
2640 5580 2957 5639 Scandalum
2980 5592 3221 5635 nosuum
3264 5594 3367 5635 non
3390 5589 3473 5635 est
3499 5578 3578 5635 illi

2000 5684 2332 5746 perpetuum,
2361 5691 2460 5731 nec
2488 5673 2628 5729 aliud
2661 5689 2842 5729 secum
2866 5674 3005 5728 valet
3034 5684 3265 5743 portare,
3297 5674 3399 5728 nisi
3442 5673 3582 5728 unde

2003 5765 2163 5837 possit
2185 5766 2393 5826 ardere.
2412 5764 2583 5836 Quam
2600 5763 2892 5824 deformem
2922 5764 2976 5824 in
3004 5766 3095 5825 illa
3116 5766 3283 5841 patria
3303 5766 3575 5837 respicies.
