3956 6178
429 87 462 124 Ι

439 231 541 338 ε.ιέ

1657 268 1730 323 Μ.
1778 262 2057 321 AUREUI
2095 258 2498 319 CASSIODOIU

3584 252 3685 306 διδ

437 410 595 462 quem
644 393 731 449 hic
778 388 1180 445 mundissimum
1230 384 1462 455 pretiosa
1492 388 1641 438 veste
1689 381 1921 435 miraris.
1954 379 2015 432 Et
2044 380 2093 437 Α
2121 390 2279 440 nam;
2316 374 2456 429 sicut
2481 386 2666 427 versus
2710 370 2797 425 ille
2827 368 3089 440 pollicitus
3137 372 3219 421 est
3252 383 3264 419 :
3297 365 3370 420 0s
3418 380 3584 419 meum
3613 366 3690 417 lo-

440 486 577 541 bene
592 484 723 538 dixit
741 480 1036 535 descendere
1048 486 1284 533 mortuos
1302 483 1613 545 peccatores
1630 474 1778 542 quasi
1797 474 1849 526 in
1869 472 2021 543 abys»

442 592 530 630 sos
557 574 710 640 altas,
743 571 891 640 quasi
933 570 985 622 in
1018 566 1479 637 profundissimam
1513 563 1756 628 foveam;
1784 562 1875 616 sed
1905 562 2020 617 sine

443 668 607 738 gloria
637 662 900 726 surculari,
933 660 1051 715 sine
1091 660 1242 713 tutba
1273 657 1583 723 satellitum,
1616 655 1731 709 sine
1762 669 2020 723 prtesum-

446 760 625 828 ptinne
655 770 923 824 gazarum.
958 751 1152 806 Domus
1193 751 1278 805 illa
1309 765 1465 819 quam
1506 747 1807 803 mirabaris.
1849 759 2024 800 rema-

444 856 534 901 net
579 854 681 899 tota
709 860 724 911 ;
758 843 850 899 sed
890 856 1055 897 onera
1076 882 1092 908 ,
1124 857 1241 912 qua:
1290 854 1393 894 non
1425 839 1642 894 videbas
1666 879 1683 904 ,
1714 836 2024 893 transmittit

445 935 697 1005 ingentia.

521 1025 672 1079 Vere.
701 1024 785 1079 19.
810 1022 943 1091 Quia
970 1023 1140 1074 anima
1169 1024 1280 1093 ejus
1307 1020 1358 1073 in
1374 1021 1472 1074 vita
1498 1018 1657 1089 ipsius
1675 1015 2026 1071 benedicetur:

447 1121 766 1191 conﬁtebitur
796 1118 906 1187 tibi,
953 1133 1067 1170 cum
1098 1113 1395 1183 benefaceris
1444 1112 1510 1166 ei.
1544 1110 1641 1167 llic
1685 1109 2025 1171 benedicetur,

450 1228 556 1268 non
587 1209 651 1265 ad
698 1207 1171 1265 sanetilieationem
1221 1203 1453 1272 pertinet
1493 1203 1899 1271 impetrandam.
1932 1199 2027 1257 sed

452 1304 515 1358 ad
542 1302 919 1357 luxuriantium
963 1296 1276 1353 favorabiles
1305 1311 1482 1350 voces.
1517 1293 1849 1348 Benedicetur
1888 1292 2027 1347 enim

453 1393 652 1449 dictum
684 1399 788 1455 est,
813 1398 1030 1459 prepter
1053 1389 1284 1459 linguam
1308 1386 1615 1450 satellitum,
1639 1387 1728 1455 qui
1754 1384 1892 1438 inter
1912 1398 2032 1453 gar-

455 1485 696 1538 rulitates
740 1491 795 1538 et
836 1482 1020 1550 epulas
1050 1479 1349 1550 pastoribus
1389 1478 1500 1533 suis
1528 1476 1664 1531 bene
1693 1489 1877 1545 optare
1906 1490 2033 1531 con-

456 1585 765 1641 sueverunt,
801 1589 1025 1643 quorum
1051 1572 1228 1627 anima
1260 1586 1363 1625 non
1396 1569 1462 1623 de
1488 1570 1630 1625 bono
1664 1579 1803 1627 actu.
1837 1567 1931 1622 sed
1959 1582 2029 1621 ex

461 1667 771 1721 deliciarum
804 1662 1187 1733 prmparatione
1226 1660 1488 1715 laudatur.
1519 1658 1789 1727 Sequitur,
1827 1658 2024 1726 conﬁte-

454 1758 587 1811 bitur
617 1757 724 1821 tibi,
754 1772 867 1809 cum
908 1753 1207 1823 benefeceris
1232 1752 1301 1807 ei.
1328 1752 1447 1806 Mali
1477 1761 1602 1805 tunc
1642 1749 1805 1804 Deum
1831 1749 2022 1803 benedi-
2065 1757 2114 1817 Β

460 1859 600 1914 cunt,
632 1847 843 1917 quando
873 1844 1180 1914 temporalia
1210 1843 1347 1897 bona
1380 1841 1671 1911 percipiunt
1703 1859 1716 1893 :
1748 1840 1920 1895 bonus
1948 1856 2040 1894 au-

463 1950 569 1996 tem
605 1940 783 1994 laudat
824 1937 1105 1991 Dominum
1151 1944 1205 1989 et
1240 1948 1359 1988 cum
1392 1934 1649 1988 malorum
1682 1930 1827 1986 fasce
1856 1931 2037 2000 depri-

462 2034 654 2095 mitur;
686 2036 823 2085 sicnt
865 2029 986 2083 fecit
1014 2027 1136 2092 .lob,
1165 2038 1217 2081 et
1246 2027 1424 2081 czeteri
1456 2025 1624 2079 sancti
1662 2023 1796 2091 ejus.
1840 2021 2043 2076 Dicitur

462 2138 585 2192 ergo
615 2120 752 2174 Patri
779 2135 794 2174 :
827 2118 931 2173 iste
956 2127 1202 2187 peccator
1228 2115 1550 2185 confitebitur
1576 2112 1699 2167 tibi:
1720 2111 1814 2167 sed
1832 2110 2043 2179 quando

463 2212 540 2265 illi
579 2209 915 2281 beneleceril;
946 2206 1070 2278 quid
1117 2205 1162 2258 si
1191 2205 1387 2273 aliquid
1432 2202 1757 2258 contrarium
1789 2202 2039 2271 patiatur,

466 2300 840 2370 blasphemare
891 2313 994 2352 non
1048 2295 1266 2350 desinit.
1302 2294 1368 2348 Et
1413 2293 1535 2348 ideo
1585 2288 1914 2347 consuetudo
1944 2290 2042 2344 ista

471 2390 682 2447 vitanda
712 2398 814 2453 ω,
847 2403 969 2458 qua:
998 2388 1049 2440 in
1093 2384 1368 2441 sceleratis
1398 2384 1592 2452 saepius
1622 2380 1909 2435 invenitur.
1938 2378 2046 2433 Nos

469 2488 642 2537 autem
686 2479 772 2550 pio
802 2477 962 2534 corde
1004 2477 1146 2530 omni
1198 2483 1435 2543 tempore
1464 2469 1828 2526 collaudemus
1865 2466 2049 2523 Domi-

473 2591 621 2639 num,
650 2572 737 2643 qui
769 2571 990 2626 salutem
1034 2576 1266 2624 nostram
1294 2576 1346 2621 et
1378 2565 1430 2619 in
1475 2564 1737 2631 adversis,
1766 2570 1821 2619 et
1848 2563 1897 2616 in
1926 2577 2047 2633 pro-

472 2668 644 2738 speris
671 2679 881 2733 semper
911 2669 1181 2731 operatur.

549 2758 697 2812 Vers.
727 2756 821 2811 20.
855 2752 1089 2807 Introibit
1118 2766 1276 2821 usque
1303 2749 1353 2802 in
1384 2745 1671 2818 progeniem
1708 2753 1909 2817 patrum
1935 2759 2053 2795 suo-

476 2866 593 2906 rum
622 2863 638 2902 :
668 2863 825 2915 usque
848 2847 901 2899 in
928 2854 1169 2899 a’ternum
1198 2858 1297 2895 non
1326 2840 1508 2894 videbit
1536 2840 1722 2892 lumen.
1751 2836 1847 2902 Qui
1875 2844 2051 2904 patres

478 2941 738 3015 pessimos
761 2937 1055 2999 imitantur,
1087 2947 1270 2987 eorum
1299 2931 1555 2985 societate
1584 2925 1869 2983 damnandi
1896 2932 2049 2990 sunt;

478 3042 533 3089 et
556 3032 675 3087 ideo
698 3036 1007 3099 peccatores
1034 3024 1164 3078 dicit
1193 3037 1348 3091 usque
1372 3020 1437 3074 ad
1462 3029 1661 3090 patrum
1695 3032 1903 3077 suorum
1931 3031 2052 3084 pro-

480 3124 649 3196 genies
675 3120 926 3173 introisse.
966 3115 1146 3169 Patres
1170 3112 1330 3167 enim
1356 3111 1591 3180 ipsorum
1624 3108 1909 3179 appellavit
1947 3122 2049 3161 non
2078 3130 2126 3192 ρ

482 3222 687 3269 tantum
713 3226 778 3265 ex
806 3207 1010 3265 semine
1034 3204 1230 3268 carnis,
1260 3211 1513 3272 quantum
1542 3215 1675 3269 quos
1704 3214 1913 3253 morum
1938 3196 2055 3251 imi-

486 3303 686 3357 tatione
712 3298 880 3354 secuti
909 3305 1063 3360 sunt;
1096 3294 1231 3348 sicut
1257 3291 1311 3347 in
1344 3290 1641 3362 Evangelio
1660 3289 1788 3345 dicit
1813 3286 2058 3343 incredu-

486 3376 553 3447 lis
577 3410 588 3445 :
618 3390 719 3444 Vos
746 3405 777 3442 a
805 3395 949 3459 patre
968 3384 1170 3438 diabolo
1197 3383 1314 3438 estis
1339 3379 1516 3453 (Joan.
1543 3396 1653 3446 vtn,
1679 3380 1796 3450 44).
1819 3379 2055 3448 Addidit,

485 3499 642 3554 usque
670 3482 723 3534 in
753 3488 997 3534 externum
1033 3492 1135 3530 non
1164 3475 1344 3529 ridebit
1378 3475 1548 3527 lumen
1579 3488 1598 3527 :
1627 3470 1747 3543 quia
1776 3471 1911 3527 sicut
1936 3486 2059 3542 pec-

490 3583 607 3630 cata
632 3575 911 3628 tenebrosa
934 3580 1078 3633 sunt,
1104 3567 1175 3621 ita
1200 3565 1565 3636 peccatoribus
1586 3564 1854 3633 sapientia:
1883 3564 2058 3619 lumen

487 3663 755 3720 auferunt.
780 3661 846 3715 Et
875 3659 995 3714 ideo
1016 3657 1166 3722 dixit,
1195 3658 1248 3710 in
1274 3664 1519 3711 teter-num
1543 3670 1642 3707 non
1664 3654 1847 3708 videbit
1868 3655 2059 3722 lumen,

490 3760 738 3827 quoniam
791 3749 948 3823 164
974 3765 1074 3806 nec
1115 3752 1167 3803 in
1200 3749 1302 3803 isto
1332 3747 1528 3802 mundo
1571 3746 1897 3801 illuminatus
1926 3746 2023 3801 fuit
2046 3789 2060 3811 ,

491 3845 642 3916 cujus
669 3859 761 3899 cor
792 3841 1007 3896 noxium
1036 3839 1206 3909 caligo
1235 3838 1432 3892 erroris
1461 3838 1687 3891 obsedit.
1713 3837 1880 3892 Simili
1909 3838 2064 3893 modo

492 3953 591 3993 nec
616 3938 667 3991 in
691 3948 930 3990 a'ternum
954 3932 1135 3987 videbit
1160 3932 1348 3995 lumen,
1377 3928 1515 3998 quod
1549 3929 1634 3983 hic
1660 3929 1787 3984 vitio
1815 3944 1922 3983 sua:
1946 3944 2067 3998 pra-

493 4030 670 4085 vitatis
699 4027 895 4081 habere
924 4040 1031 4079 non
1062 4022 1271 4077 meruit.
1303 4020 1496 4074 Lumen
1525 4020 1666 4073 enim
1708 4036 1898 4084 verum,
1930 4020 2066 4089 quod

490 4120 748 4174 illuminat
776 4132 974 4170 omnem
1003 4114 1256 4167 hominem
1281 4113 1557 4166 venientem
1584 4110 1637 4165 in
1666 4108 1800 4164 hunc
1824 4114 2067 4165 mundum

497 4211 677 4284 (Joan.
703 4226 740 4276 ι,
767 4205 844 4281 9),
871 4205 1117 4261 Christus
1138 4213 1219 4258 est
1251 4202 1527 4266 Dominus,
1556 4217 1711 4273 quem
1734 4202 2069 4257 solummodo

497 4302 548 4355 in
581 4300 784 4354 Deitate
809 4311 902 4351 sua
930 4296 1112 4349 videre
1142 4301 1443 4349 sanctorum
1470 4302 1569 4347 est.

564 4391 721 4445 Vers.
749 4390 842 4441 2|.
878 4387 941 4440 Et
969 4387 1119 4438 homo
1165 4400 1278 4437 cum
1304 4386 1357 4437 in
1386 4384 1577 4437 honore
1601 4392 1745 4448 esset,
1776 4399 1875 4437 non
1921 4384 2071 4437 intel-

498 4482 655 4546 lexit;
686 4486 1007 4547 comparatus
1045 4482 1119 4527 est
1139 4474 1387 4544 jumentis
1413 4473 1785 4541 insipientibus,
1817 4484 1862 4527 et
1888 4474 2069 4527 similis
2098 4491 2150 4553 ι)

500 4577 662 4645 factus
692 4580 765 4624 est
791 4569 915 4623 illis.
947 4566 1229 4634 Postquam
1257 4561 1433 4618 omnia
1461 4577 1580 4632 qua:
1606 4563 1811 4618 fuerant
1843 4564 2067 4620 dicenda

500 4661 839 4735 praemonuit,
873 4657 1285 4729 pulcherrimum
1328 4655 1588 4724 psalmum
1636 4656 1855 4723 repetita
1886 4670 2070 4711 versus

501 4753 769 4822 parilitate
792 4746 1087 4813 conclusit;
1119 4752 1176 4800 ut
1213 4759 1273 4799 se
1300 4752 1548 4812 peccator
1574 4760 1603 4799 a
1635 4744 1776 4798 malo
1803 4746 2070 4813 proposito

499 4850 821 4906 removeret,
849 4855 969 4894 cum
999 4846 1235 4893 notatam
1270 4836 1660 4893 deformitatem
1688 4851 1838 4893 suam
1882 4838 2070 4893 iterata

499 4934 864 5004 increpatione
890 4937 1256 5001 cognosceret.

1029 5089 1298 5147 Conclusio
1327 5091 1532 5162 psalstsi.

572 5232 852 5306 Legendus
898 5230 1093 5300 smpius
1120 5231 1377 5301 psalmus,
1426 5238 1480 5284 et
1512 5229 1565 5284 in
1598 5229 1927 5285 thesaurario
1955 5246 2072 5288 me-

502 5327 687 5384 moria:
730 5322 1085 5394 reponendus,
1116 5323 1327 5393 quando
1366 5323 1478 5391 ipse
1508 5321 1559 5375 in
1593 5320 1867 5392 principiis
1896 5322 2075 5378 admo-

504 5429 612 5485 net,
639 5429 698 5475 ut
723 5418 898 5474 cordis
917 5416 1133 5471 auribus
1160 5412 1420 5469 audiatur.
1445 5414 1559 5484 ipse
1588 5414 1728 5470 enim
1754 5424 1977 5469 testatus
1995 5422 2077 5470 est

504 5513 620 5582 ejus
648 5512 913 5577 meritum,
944 5508 1031 5579 qui
1061 5523 1182 5563 eum
1225 5508 1427 5562 monuit
1455 5508 1691 5563 studiose
1718 5509 1785 5563 ab
1817 5506 2077 5563 universis

507 5602 686 5657 mundi
712 5602 946 5670 partibus
969 5598 1310 5656 audiendum.
1334 5598 1524 5654 Totum
1553 5599 1711 5654 habet
1735 5598 1988 5670 quidquid
2011 5598 2078 5653 ad

503 5690 875 5764 inspectivam,
917 5692 1168 5764 quidquid
1197 5692 1261 5748 ad
1305 5692 1558 5748 moralem
1590 5693 1816 5763 pertinet
1846 5692 2080 5763 discipli-

2123 473 2307 533 quetur
2335 464 2658 532 sapientiam,
2684 471 2731 514 et
2753 460 3008 514 meditatio
3034 458 3200 512 cordis
3225 457 3321 510 mei
3348 457 3692 528 prudentiam.

2124 556 2428 626 ltesignavit
2450 554 2604 608 nobis
2632 563 2814 607 sancta
2846 551 3051 606 Veritas
3078 565 3198 619 qua:
3228 547 3469 615 promisit
3495 563 3510 599 :
3544 545 3697 600 iaciat

2123 663 2263 701 nunc
2310 645 2555 701 sensibus
2593 643 2790 698 nostris
2837 642 3182 706 dulcescere,
3227 648 3386 708 atque
3437 636 3699 693 inhaerere

2123 739 2262 811 quod
2294 737 2553 809 praecipit.

2386 848 2747 906 EXPOSITIO
2785 846 2851 902 IN
2890 843 3213 902 PSALMUM
3250 841 3437 899 XLIX.

2678 957 2919 1011 Psalmus
2948 956 3141 1027 Asaph.

2196 1068 2370 1141 Λεαρῆ
2414 1067 2512 1123 fuit
2542 1068 2680 1123 ﬁlius
2708 1066 3008 1132 Barachiel,
3046 1067 3135 1136 qui
3181 1066 3232 1120 in
3266 1063 3702 1132 Paralipomenon

2128 1162 2319 1231 legitur
2344 1161 2544 1216 electus
2579 1160 2720 1214 inter
2746 1171 2972 1229 quatuor
3009 1169 3287 1213 cantorum
3318 1158 3618 1228 magEStros,
3650 1162 3708 1209 ut

2129 1253 2497 1309 instrumentis
2538 1251 2758 1306 musicis
2790 1250 3020 1320 psalmos
3049 1248 3275 1303 Domino
3315 1256 3623 1316 personaret
3655 1242 3704 1313 (l

2134 1346 2262 1401 Par.
2289 1360 2364 1411 vr,
2387 1345 2501 1416 59).
2525 1345 2622 1399 llic
2646 1359 2743 1412 pro
2771 1342 2851 1397 sui
2880 1343 3110 1396 nominis
3132 1340 3511 1413 significatione
3534 1340 3584 1391 in
3611 1337 3711 1391 hoc

2138 1437 2292 1493 titulo
2315 1436 2511 1492 meruit
2537 1434 2797 1496 adhiberi,
2830 1449 2933 1486 non
2963 1442 3147 1486 auctor
3177 1431 3386 1499 psalmi,
3415 1430 3553 1483 sicut
3576 1438 3629 1481 et
3649 1427 3712 1480 de

2133 1528 2252 1583 aliis
2282 1526 2539 1593 scriptum
2570 1532 2689 1591 est;
2720 1522 2813 1578 sed
2863 1525 3096 1578 musicus
3141 1522 3405 1591 egregius,
3434 1520 3522 1589 qui
3565 1520 3714 1573 nobis

2138 1634 2233 1688 per
2269 1619 2584 1673 vocabulum
2618 1630 2770 1671 suum
2818 1614 3017 1685 aliquid
3048 1615 3325 1668 indicaret.
3375 1611 3542 1680 Hujus
3571 1612 3715 1666 enim

2137 1707 2367 1763 nominis
2414 1705 2747 1775 signiﬁcatio,
2797 1720 2916 1775 quae
2944 1702 3083 1771 apud
3116 1702 3369 1757 Hebrazos
3396 1717 3609 1772 semper
3638 1710 3720 1756 est

2142 1799 2298 1870 plena
2342 1795 2651 1867 mysteriis,
2697 1793 2899 1849 indicat
2939 1792 3312 1866 Synagogam,
3359 1808 3477 1862 quae
3521 1792 3574 1846 in
3619 1790 3721 1846 hoc

2142 1889 2347 1960 psalmo
2375 1888 2628 1956 loquitur.
2656 1885 2765 1941 Sed
2793 1884 2881 1939 hic
2905 1884 2993 1938 illa
3021 1883 3191 1940 lldelis
3214 1883 3419 1937 Domini
3444 1881 3721 1953 Synagoga

2144 1976 2482 2048 intelligenda
2524 1984 2607 2031 est
2635 1991 2753 2044 qua:
2781 1983 2834 2030 et
2861 1984 3138 2030 venturum
3179 1974 3445 2029 Christum
3477 1971 3720 2037 credidit,

2141 2078 2197 2126 et
2220 2069 2506 2124 adventum
2538 2066 2651 2136 ejus
2678 2066 2910 2137 gloriosa
2939 2065 3335 2134 exspectatione
3361 2063 3589 2132 suscepit
3625 2079 3637 2113 :
3672 2064 3724 2115 in

2144 2174 2248 2229 qua
2280 2158 2488 2214 luerunt
2520 2158 2836 2225 patriarchae
2858 2198 2873 2222 ,
2905 2155 3176 2226 prophetae
3200 2199 3217 2224 ,
3259 2152 3551 2208 Natlianael
3578 2194 3592 2219 ,
3625 2152 3728 2220 ipsi

2145 2263 2356 2318 quoque
2381 2248 2626 2315 aposmli,
2657 2256 2712 2301 et
2737 2247 2923 2315 reliqui
2954 2247 3161 2301 sincera
3188 2246 3472 2301 devotione
3499 2247 3731 2299 credan-

2148 2351 2246 2398 tes.
2292 2341 2578 2397 Sciendum
2614 2340 2770 2409 plane
2797 2338 2936 2409 quod
2985 2337 3071 2394 hic
3099 2339 3335 2407 psalmus
3380 2338 3608 2407 primum
3639 2336 3733 2389 ad-

2149 2442 2362 2487 ventum
2392 2429 2626 2494 Domini,
2648 2428 3047 2498 secundumque
3076 2430 3383 2498 prophetet;
3413 2427 3657 2497 quamvis
3682 2434 3735 2480 et

2151 2519 2526 2589 nonagesimus
2570 2518 2806 2588 quintus,
2841 2525 2895 2573 et
2925 2519 3298 2585 nonagesimus
3340 2518 3603 2581 septimus
3646 2530 3735 2569 ea-

2150 2610 2272 2665 dem
2300 2608 2593 2678 pmdicare
2619 2617 2937 2675 noscantur;
2958 2617 3222 2678 quatenus
3249 2607 3522 2663 excusatio
3537 2605 3736 2660 Iudaeis

2152 2718 2259 2756 non
2289 2701 2633 2755 credentibus
2662 2699 2898 2756 funditus
2929 2701 3225 2767 tolleretur,
3256 2697 3469 2770 quando
3509 2699 3597 2753 illa
3631 2712 3735 2752 non

2153 2790 2452 2859 suscipiunt
2472 2805 2592 2859 qua:
2617 2791 2727 2859 ipsa
2757 2803 2970 2859 quoque
2998 2788 3276 2859 Synagoga
3300 2796 3544 2842 testatur.
3576 2786 3734 2852 Quid,

2155 2900 2307 2955 rogo,
2324 2884 2529 2954 colunt,
2548 2884 2591 2937 si
2614 2884 2777 2938 etiam
2797 2883 2965 2952 ipsam
2985 2879 3171 2935 audire
3186 2886 3558 2945 contemnunt,
3578 2891 3737 2945 quam

2154 2992 2215 3033 se
2242 2976 2482 3032 venerari
2512 2974 2732 3030 dicunt?

2727 3086 2923 3142 Divisio
2951 3086 3155 3159 psalmi.

2232 3203 2286 3258 ln
2319 3203 2487 3274 prima
2519 3202 2761 3257 sectione
2803 3200 2973 3254 ﬁdi-lis
3015 3199 3293 3267 Synagoga
3322 3194 3578 3267 loquitur,
3622 3211 3743 3264 qua:

2161 3309 2303 3349 nunc
2330 3304 2411 3348 est
2435 3295 2486 3348 in
2530 3290 2740 3362 populis
2779 3290 3115 3353 Christianis,
3141 3288 3208 3344 de
3237 3289 3404 3359 primo
3430 3297 3481 3340 et
3506 3286 3745 3342 secundo

2162 3386 2393 3439 adventu
2422 3384 2631 3437 Domini
2650 3382 2869 3438 Christi.
2890 3381 3144 3451 Sequenti
3172 3396 3299 3435 vero
3324 3389 3472 3450 parte
3496 3380 3611 3446 ipse
3630 3378 3746 3433 Rex

2164 3476 2397 3544 loquitur
2436 3472 2700 3535 Christus,
2754 3486 3100 3526 commoneas
3144 3471 3365 3539 populos
3394 3480 3470 3535 ut,
3512 3469 3749 3523 victimis

2165 3568 2427 3637 pecudum
2478 3565 2769 3628 derelictis,
2803 3563 3120 3618 sacriﬁcium
3167 3561 3336 3616 laudis
3366 3560 3595 3615 debeant
3645 3561 3749 3613 im-

2166 3661 2388 3714 molare.
2417 3658 2593 3713 Tertia
2623 3657 2863 3712 sectione
2896 3655 3087 3710 iterum
3115 3654 3301 3709 devota
3330 3668 3486 3722 quam
3514 3652 3754 3706 diximus

2164 3752 2439 3822 Synagoga
2462 3748 2780 3820 reloquitur,
2800 3748 3068 3816 imputans
3084 3743 3453 3816 peccatoribus
3474 3740 3756 3811 nequitias

2163 3857 2310 3897 suas.

2699 3946 2970 4018 Expositio
2999 3946 3202 4017 psalmi.

2241 4060 2394 4115 Vcrs.
2425 4060 2476 4114 I.
2522 4058 2663 4112 Deus
2688 4057 2899 4111 deorum
2946 4056 3199 4109 Dominus
3225 4056 3423 4110 locutus
3451 4061 3549 4119 est,
3596 4064 3649 4108 et
3672 4070 3766 4109 eo-

2166 4152 2298 4206 cavit
2342 4159 2552 4213 terram,
2582 4165 2616 4202 a
2641 4148 2764 4201 solis
2793 4154 2911 4201 ortu
2942 4162 3098 4214 usque
3121 4147 3189 4198 ad
3232 4161 3481 4199 occasum.
3512 4143 3592 4199 Ne
3636 4146 3764 4214 quis

2169 4238 2594 4295 incarnationem
2625 4237 2837 4292 Domini
2855 4236 3111 4291 mediocri
3138 4235 3382 4290 crederet
3400 4237 3767 4289 aestimatioiie

2171 4329 2519 4399 pensaudam,
2559 4328 2796 4396 potentia
2822 4326 2989 4397 ipsius
3012 4337 3135 4381 ante
3160 4327 3485 4395 pmdicitnr,
3511 4333 3567 4379 ut
3592 4326 3765 4379 totius

2171 4420 2239 4475 in.
2260 4417 2558 4475 redulitatis
2595 4417 2829 4486 pravitas
2854 4414 3148 4470 auferatur.
3194 4415 3279 4468 Dii
3307 4415 3557 4468 dicuntur
3587 4415 3769 4469 homi-

2178 4525 2292 4575 nes,
2322 4509 2413 4580 qui
2432 4508 2586 4563 bonis
2611 4506 3105 4562 conversationibus
3129 4508 3352 4577 gratiam
3382 4520 3631 4575 supernae
3651 4506 3769 4559 Ma-

2165 4600 2378 4671 jestatis
2399 4598 2697 4667 accipiunt;
2725 4599 2863 4652 sicut
2885 4599 2936 4651 iu
2962 4598 3070 4652 alio
3099 4597 3305 4666 psalmo
3329 4596 3403 4651 ait
3432 4612 3447 4650 :
3480 4594 3597 4667 Ego
3621 4598 3767 4660 dixi,

2171 4691 2246 4744 dii
2259 4690 2399 4755 estis,
2424 4699 2469 4744 et
2492 4688 2587 4758 ﬁlii
2606 4687 2807 4743 Επεισὶ
2827 4704 3003 4742 omnes
3022 4686 3194 4758 (Psal.
3224 4703 3412 4753 unt,
3436 4686 3513 4757 6).
3532 4686 3608 4740 Ita
3626 4702 3773 4757 ergo

2176 4781 2269 4836 lilii
2297 4780 2564 4844 dicuntur,
2593 4779 2731 4834 sicut
2755 4789 2812 4853 et
2839 4779 2938 4843 dii,
2965 4780 3091 4847 quia
3115 4787 3402 4847 utrumque
3425 4779 3594 4847 gratia
3623 4793 3776 4846 prse-

2177 4881 2282 4926 stat
2307 4871 2511 4939 utique,
2539 4886 2643 4923 non
2674 4879 2881 4923 natura.
2913 4866 3051 4921 Deus
3076 4875 3254 4922 autem
3283 4869 3492 4921 deorum
3527 4876 3613 4921 est
3657 4867 3780 4920 Do-

2176 4962 2354 5017 minus
2383 4961 2657 5026 Christus;
2688 4960 2801 5027 ipse
2816 4957 2967 5014 enim
2995 4972 3116 5013 cum
3143 4955 3299 5012 Patre
3330 4967 3385 5012 et
3405 4957 3607 5026 Spiritu
3634 4973 3779 5011 san-

2176 5062 2265 5109 cto
2308 5068 2433 5107 vere
2461 5051 2656 5107 dicitur
2685 5048 2825 5119 Deus
2865 5048 3117 5113 deorum;
3145 5047 3288 5116 quod
3337 5057 3513 5103 tamen
3562 5062 3780 5101 nomen

2178 5160 2287 5201 non
2317 5142 2535 5198 omnino
2565 5139 2868 5195 Divinitatis
2896 5149 2977 5194 est
3025 5139 3294 5208 pr0prium
3319 5178 3336 5204 ,
3386 5138 3478 5192 sed
3528 5136 3779 5191 humana

2179 5235 2376 5304 lingua,
2400 5233 2537 5287 sicut
2561 5231 2668 5301 jam
2697 5229 2947 5294 diximus,
2975 5230 3334 5284 summitatem
3354 5227 3473 5298 ejus
3492 5226 3634 5281 ultra
3665 5227 3783 5281 hoc

2178 5340 2282 5380 non
2313 5332 2487 5393 potest
2509 5322 2766 5376 indicare.
2800 5319 2939 5375 Deus
2976 5319 3117 5375 enim
3145 5318 3329 5374 Graeca
3372 5319 3546 5388 lingua
3569 5318 3783 5373 dicitur

2181 5417 2374 5482 timor;
2406 5424 2461 5470 et
2488 5414 2739 5485 quoniam
2771 5412 2919 5467 solus
2946 5411 3063 5481 ipse
3092 5410 3358 5466 timendus
3385 5420 3487 5474 est,
3512 5409 3564 5463 in
3592 5410 3783 5464 vicem

2181 5509 2416 5564 nominis
2431 5507 2651 5562 verbum
2670 5504 2775 5560 tale
2799 5503 3062 5558 transivit.
3087 5501 3300 5572 Legitur
3313 5500 3451 5556 enim
3472 5502 3526 5555 in
3544 5500 3749 5557 Exodo
3767 5518 3786 5557 :

2184 5602 2386 5657 Nomen
2415 5616 2577 5653 meum
2605 5598 2805 5651 Adonai
2845 5612 2947 5649 non
2975 5595 3196 5649 indicari
3222 5595 3291 5648 eis
3320 5592 3516 5664 (Exod.
3560 5608 3639 5657 vt,
3670 5592 3738 5661 5)
3763 5607 3784 5657 ;

2185 5705 2240 5750 ut
2270 5693 2499 5749 sciamus
2523 5705 2714 5748 nomen
2744 5704 2862 5744 esse
2886 5698 3171 5752 secretum,
3194 5688 3334 5758 quod
3359 5700 3457 5742 nec
3475 5686 3668 5742 electis
3699 5686 3787 5741 ta-
