3956 6178
249 352 358 409 349

1171 346 1531 406 ΕΧΡΟδιΤιο
1570 348 1636 406 ΙΝ
1674 348 2132 412 PSALTERIUM.
2174 356 2368 417 PSAL.
2411 358 2593 415 XLIX.

3422 356 3525 415 350

246 472 412 526 mulis
436 469 1096 542 cognosciturindicatum.
1124 469 1344 525 Locutus
1361 480 1433 525 est
1457 486 1583 542 ergo
1602 486 1698 541 per
1717 486 1840 541 pro-
1868 476 1917 533 Α
1946 487 2123 533 autem
2142 496 2247 534 non
2269 481 2453 547 silebit,
2481 480 2694 552 quando
2725 479 3000 538 sceleratis
3028 480 3266 539 dicturus
3290 490 3372 538 est
3396 498 3409 535 :
3444 482 3525 538 Ite

248 566 447 634 phetas
469 605 485 630 ,
534 578 631 633 per
650 563 923 632 apostolos
947 604 962 629 ,
994 573 1048 619 et
1069 605 1085 632 ,
1117 566 1257 634 quod
1288 575 1368 619 at
1395 565 1663 632 potentius
1686 606 1701 630 ,
1744 578 1841 632 per

245 658 514 728 seipsum.
544 656 815 726 Sequitur,
845 666 893 711 et
918 657 1110 710 vocavit
1137 667 1344 711 terrant.
1376 656 1588 711 Terram
1631 656 1717 712 hic
1742 671 1840 726 ge-

248 766 354 804 nus
385 750 664 805 hominum
708 750 968 805 debemus
1006 750 1284 804 advertere
1310 792 1325 817 ,
1356 749 1497 818 quod
1530 764 1626 817 per
1671 759 1838 803 totum

248 841 439 896 orbem
478 850 745 896 terrarum
788 840 1001 895 videtur
1028 855 1150 899 esse
1177 840 1445 895 diliusum.
1492 840 1597 896 Sed
1628 850 1842 908 prapter

249 932 381 988 illud
396 934 543 1004 quod
575 932 800 999 habitat,
821 933 1050 1002 positum
1081 932 1316 1003 estquod
1348 932 1687 987 inbahitatur.
1709 932 1839 986 Nam

246 1025 524 1095 quomodo
570 1036 793 1080 vacuam
830 1026 973 1095 quod
1032 1025 1219 1081 audLre
1271 1040 1376 1080 non
1427 1026 1673 1094 poterat?
1730 1025 1843 1080 Hoc

246 1118 468 1170 scliema
492 1115 689 1171 dicitur
722 1118 1073 1187 metonymia,
1101 1118 1315 1187 quando
1342 1132 1436 1187 per
1463 1117 1515 1172 id
1546 1117 1685 1185 quod
1714 1132 1844 1172 con-

246 1210 406 1273 tinet,
441 1209 545 1264 hoc
572 1209 715 1279 quod
763 1211 1072 1265 continetur
1100 1210 1349 1267 edicitur.
1393 1210 1629 1278 Addidit,
1662 1226 1693 1264 ιι
1720 1213 1843 1265 solis

245 1310 363 1355 arta
391 1317 554 1369 usque
587 1302 659 1353 ad
685 1316 944 1356 occasum.
974 1300 1079 1357 Per
1117 1302 1242 1357 solis
1265 1316 1501 1367 cursum,
1535 1304 1841 1357 universum

244 1393 517 1461 signiﬁcat
562 1392 852 1458 mundum;
885 1395 1007 1463 quia
1057 1395 1202 1449 omni
1238 1403 1393 1449 terra:
1421 1395 1590 1449 oritur
1618 1403 1671 1449 et
1696 1396 1843 1450 occi-

240 1482 323 1537 dit
354 1483 579 1537 claritas
601 1485 739 1550 ejus.
768 1482 880 1538 Hoc
907 1484 1049 1538 enim
1078 1484 1207 1540 fecit
1230 1494 1433 1539 sancta:
1466 1487 1844 1540 incarnationis

242 1573 510 1627 adventus
530 1615 546 1637 ,
581 1586 635 1627 ut
668 1574 953 1628 universas
988 1581 1179 1644 gentes
1208 1574 1387 1644 pravis
1425 1576 1696 1631 erroribus
1724 1591 1847 1631 sau-

242 1666 418 1720 datas
445 1667 513 1719 ad
558 1666 892 1721 credulitatis
917 1680 1029 1722 sum
1063 1668 1298 1723 remedia
1342 1668 1460 1737 pius
1498 1668 1733 1725 ﬁedicus
1762 1671 1847 1725 in-

244 1758 481 1823 vitaret;
510 1759 651 1814 sicut
698 1760 814 1829 ipse
849 1759 1036 1813 dixit:
1076 1759 1261 1815 Venite
1300 1762 1370 1814 ad
1396 1777 1512 1827 me,
1547 1776 1721 1817 omnes
1758 1764 1846 1830 qui

1944 570 1996 623 in
2038 571 2203 640 ignem
2230 583 2509 638 wternum,
2549 573 2636 643 qui
2662 584 2871 644 paratus
2906 584 2977 627 est
3004 574 3205 628 diabolo
3248 584 3293 629 et
3328 578 3524 646 angelis

1942 662 2052 726 eius
2078 658 2291 729 (Matth.
2316 676 2440 727 xxv,
2464 661 2575 729 41).
2599 661 2722 717 Inde
2750 673 2802 717 et
2824 662 2950 717 alibi
2972 662 3099 717 dicit
3121 681 3133 715 :
3158 664 3335 731 Tacui,
3362 667 3519 733 tacui,

1942 750 2174 820 nunquid
2212 767 2408 822 semper
2435 754 2605 806 tacebo
2651 752 2827 822 (lsa.,
2880 770 3019 821 XLII,
3053 754 3178 825 lt)?
3203 754 3336 810 Nam
3378 757 3517 825 quod

1943 843 2203 912 sequitur,
2228 844 2358 914 ignis
2390 845 2441 897 in
2471 857 2743 913 conspectu
2769 849 2877 915 ejus
2900 847 3093 901 ardebit
3120 863 3136 900 :
3171 851 3340 917 magni
3372 851 3520 904 Judi-

1942 936 2038 997 cis,
2061 936 2199 988 sicut
2221 936 2418 989 dictum
2439 945 2543 1002 est,
2567 936 2853 1005 praclarus
2873 938 3129 994 adventus
3160 941 3376 1009 mystica
3404 943 3518 995 vir-

1945 1034 2057 1080 tute
2083 1024 2424 1080 describitur.
2451 1026 2590 1096 lgnis
2612 1030 2755 1081 enim
2786 1029 2975 1095 praeire
2996 1027 3215 1094 dicitur;
3248 1040 3300 1083 ut
3325 1033 3412 1099 qui
3437 1042 3519 1085 est

1945 1118 2133 1185 palea,
2176 1133 2237 1174 se
2267 1118 2511 1174 iormidet
2539 1134 2803 1173 arsurum.
2838 1119 3090 1185 Addidit,
3126 1132 3169 1175 et
3210 1123 3264 1175 in
3303 1124 3518 1176 circuitu

1942 1212 2051 1282 ejus
2068 1221 2336 1283 tempestas
2355 1214 2543 1267 valida.
2564 1211 2689 1268 Haec
2711 1223 2978 1282 tempestas
2999 1230 3103 1268 non
3123 1219 3297 1270 ventis
3319 1216 3515 1285 agitur,

1944 1314 2043 1356 nec
2084 1301 2331 1370 procellis
2361 1302 2701 1357 saevientibus
2739 1304 3026 1370 excitatur;
3067 1304 3158 1359 sed
3204 1305 3378 1359 divina
3426 1319 3515 1373 po-

1946 1392 2109 1446 tentia
2134 1392 2422 1448 vehemens
2449 1401 2735 1463 consurget
2761 1394 3012 1464 Spiritus,
3055 1403 3114 1449 ut
3157 1409 3279 1450 area
3309 1395 3519 1449 Domini

1943 1482 2209 1551 aequitatis
2245 1482 2365 1552 ejus
2406 1485 2672 1539 sententia
2718 1487 3035 1552 ventiletur;
3082 1494 3206 1541 tunc
3253 1486 3517 1541 frumenta

1945 1572 2302 1641 sequestrabit
2327 1586 2357 1626 a
2384 1573 2573 1641 paleis,
2604 1574 2706 1629 hoc
2730 1582 2815 1629 est
2840 1576 3010 1629 bonos
3036 1574 3305 1630 discernet
3331 1576 3398 1629 ab
3423 1576 3522 1630 im-

1946 1663 2068 1731 piis.
2090 1663 2217 1727 Qua:
2244 1662 2500 1730 judicatio
2523 1664 2715 1718 merito
2737 1675 3003 1736 tempestas
3025 1666 3241 1734 dicitur,
3271 1668 3519 1736 quoniam

1944 1762 2001 1809 et
2030 1754 2312 1823 improvisa
2343 1755 2542 1819 veniet,
2565 1764 2621 1810 et
2644 1757 2695 1809 in
2724 1756 3162 1823 disceptationem
3185 1771 3335 1811 suam
3360 1758 3523 1811 nimia

242 1850 494 1904 laboratis
536 1862 585 1904 et
624 1850 822 1905 onerati
860 1850 980 1906 estis
1000 1891 1016 1919 ,
1047 1859 1094 1905 et
1120 1867 1214 1921 ego
1240 1867 1328 1906 sos
1350 1852 1579 1922 reﬁciam
1608 1859 1625 1921 (
1652 1852 1837 1908 Matth.
1873 1852 1919 1913 Β
1946 1847 2217 1901 celeritate
2267 1846 2517 1915 raptabit.
2570 1845 2753 1899 Valida
2782 1862 2991 1915 quoque
3022 1846 3275 1902 decenter
3303 1849 3525 1917 adjunc-

246 1956 327 2009 ιι,
360 1939 481 2011 es).

313 2032 478 2088 Vera.
511 2032 569 2085 2.
612 2030 696 2086 Ea
727 2031 858 2089 Sion
883 2033 1076 2101 species
1112 2034 1309 2089 decoris
1336 2035 1471 2105 ejus.
1503 2033 1601 2089 llic
1627 2033 1844 2089 Jeroso—

242 2125 394 2194 ινα
421 2123 777 2194 signiﬁcatur,
802 2124 938 2179 intra
960 2140 1119 2195 quam
1149 2124 1420 2181 civitatem
1443 2139 1597 2180 mons
1624 2125 1730 2181 iste
1749 2141 1844 2194 pu-

242 2217 321 2269 ris
374 2213 652 2269 mentibus
681 2216 825 2270 velut
850 2231 1012 2271 aurea
1060 2231 1235 2271 massa
1282 2231 1386 2282 res;
1407 2216 1607 2272 tendet.
1641 2217 1715 2272 De
1746 2218 1844 2273 hac

241 2306 389 2359 enim
420 2305 561 2360 urbe
601 2314 861 2361 exeuntes
904 2308 1133 2376 apostoli
1161 2308 1379 2376 speciem
1419 2307 1615 2362 decoris
1644 2307 1843 2363 Christi

241 2396 706 2453 annuntiat-erunt
756 2399 810 2451 in
860 2407 972 2454 toto
1000 2399 1131 2453 orbe
1176 2408 1481 2464 terrarum;
1514 2399 1648 2454 sicut
1679 2398 1843 2453 Isaias

242 2490 377 2545 dicit
408 2507 424 2545 :
456 2486 546 2543 Ex
574 2488 705 2545 Sion
726 2490 883 2544 exibit
911 2491 1020 2557 lex,
1050 2499 1097 2545 et
1122 2492 1327 2545 verbum
1354 2490 1563 2544 Domini
1593 2490 1659 2544 de
1685 2488 1844 2543 Jeru-

238 2583 407 2635 salem
430 2579 573 2648 (Isa.
604 2595 666 2647 ιι,
696 2580 775 2650 5).
811 2580 1128 2637 Veneranda
1164 2582 1312 2648 urbs,
1339 2595 1582 2637 sanctum
1604 2583 1840 2648 culmen;

242 2682 299 2726 ut
339 2670 479 2725 illud
519 2668 680 2739 [tegis
707 2671 874 2725 nostri
904 2671 1113 2742 insigne
1142 2670 1491 2738 domicilium,
1518 2686 1696 2727 arcem
1730 2686 1844 2728 me-

240 2762 353 2815 rito
377 2761 628 2817 dicamus
649 2774 771 2816 esse
795 2769 1081 2816 terrarum.
1111 2762 1177 2815 Et
1200 2761 1409 2830 respice
1439 2776 1597 2831 quam
1622 2776 1844 2831 compe-

242 2863 425 2908 tenter
447 2852 766 2908 educentur.
791 2852 847 2907 ln
872 2852 1152 2923 superiore
1169 2868 1330 2907 versu
1351 2854 1559 2907 dixerat
1575 2851 1844 2908 Christum

244 2941 542 2995 Dominum
574 2940 852 2996 universas
878 2950 1066 3010 gentes
1093 2955 1351 3006 evocare,
1384 2955 1525 2996 nunc
1570 2940 1733 2995 etiam
1761 2941 1849 2997 de-

243 3032 430 3097 signat
449 3030 595 3086 unde
616 3029 856 3085 doctrina
880 3032 999 3098 ejus
1021 3043 1270 3101 tanquam
1287 3030 1356 3087 de
1382 3030 1667 3099 purissimo
1690 3041 1848 3101 atque

243 3121 669 3177 atlluentisaitno
692 3122 841 3177 fonte
877 3138 972 3192 per
999 3122 1168 3191 spatia
1194 3122 1357 3177 totius
1382 3121 1528 3176 orbis
1558 3121 1846 3177 efﬂuxerit.

1946 1944 2056 1991 tum
2084 1944 2195 2001 est;
2228 1951 2346 1990 nam
2368 1951 2526 2005 quam
2553 1937 2621 1991 sit
2650 1944 2839 2006 potens
2866 1938 2988 1992 hinc
3010 1937 3167 1993 datur
3197 1938 3439 2009 intelligi,
3464 1948 3525 1992 ut

1943 2042 2105 2081 omne
2132 2041 2301 2096 genus
2332 2027 2604 2081 hominum
2638 2042 2733 2096 pro
2773 2028 2885 2082 suis
2914 2029 3120 2083 meritis
3148 2037 3522 2082 momentanea

1943 2119 2217 2175 celeritate
2245 2119 2542 2184 discernat;
2585 2120 2725 2174 sicut
2765 2119 3052 2189 Apostolus
3094 2119 3263 2174 dicit:
3299 2119 3363 2173 In
3409 2136 3520 2171 mo-

1943 2221 2135 2281 mento,
2151 2215 2203 2267 in
2226 2216 2327 2267 ictu
2354 2214 2508 2279 oculi,
2528 2215 2582 2268 in
2605 2213 2873 2267 novissima
2892 2215 3041 2279 tuba;
3059 2222 3204 2266 canet
3226 2215 3357 2267 enim
3381 2215 3522 2278 tuba,

1944 2314 1992 2360 et
2028 2306 2214 2358 mortui
2238 2314 2502 2375 resurgeret
2544 2303 2607 2375 (I
2649 2305 2767 2358 Cor.
2800 2320 2889 2368 xv,
2921 2304 3049 2373 52).
3082 2301 3148 2357 In
3173 2305 3384 2358 circuitu
3414 2306 3527 2375 ejus

1945 2405 2211 2466 tempestas
2238 2394 2406 2448 valida
2436 2407 2541 2448 non
2566 2393 2994 2462 incompetenter
3024 2391 3340 2462 advertitur,
3394 2409 3527 2461 qun-

1946 2488 2088 2544 niam
2123 2503 2243 2543 cum
2285 2488 2399 2556 ipso
2437 2487 2567 2558 justi
2608 2486 2859 2542 sedentes
2884 2527 2898 2552 ,
2941 2485 3083 2541 sicut
3111 2486 3439 2557 promittitur
3470 2485 3523 2540 in
3571 2522 3577 2526 ι

1949 2580 2253 2650 Evangelia,
2283 2580 2619 2651 iudicabunt.

2019 2674 2173 2728 Vers.
2201 2671 2255 2725 4.
2286 2672 2561 2726 Advocabit
2587 2673 2769 2727 caelum
2795 2687 3015 2738 sursum,
3044 2678 3094 2726 et
3120 2680 3304 2725 terram
3336 2680 3389 2724 ut
3416 2671 3521 2725 di's-

1947 2776 2166 2823 cerneret
2192 2767 2436 2837 papulum
2464 2781 2633 2821 suum.
2668 2766 2778 2819 Hoc
2807 2774 2952 2820 certe
2980 2763 3215 2819 facturus
3239 2771 3323 2817 est
3353 2764 3402 2817 iu
3432 2763 3524 2818 illo

1945 2859 2163 2929 judicio.
2190 2857 2295 2914 Sed
2333 2865 2469 2911 terra
2497 2856 2885 2911 rationabiliter
2912 2856 3141 2909 fortasse
3170 2854 3367 2907 dicitur
3407 2870 3523 2907 sur-

1949 2968 2061 3008 sum
2084 2958 2295 3015 vocata,
2343 2963 2464 3017 quae
2494 2963 2633 3003 nunc
2665 2950 2717 3002 in
2760 2947 2869 3002 imo
2905 2947 3024 3000 loco
3063 2944 3303 3000 noscitur
3331 2945 3531 2999 consti-

1951 3052 2088 3099 tuta.
2118 3041 2311 3097 Caelum
2337 3048 2513 3096 autem
2542 3055 2664 3094 cum
2688 3041 2758 3093 sit
2784 3037 3029 3106 desuper,
3051 3036 3138 3091 ubi
3162 3036 3288 3091 illud
3314 3050 3526 3090 sursum

1955 3132 2199 3188 vocavit?
2220 3130 2325 3186 Sed
2354 3130 2531 3185 malum
2558 3128 2662 3196 hic,
2692 3143 2904 3183 omnem
2932 3128 3129 3195 justum
3155 3125 3411 3181 debemus
3432 3139 3525 3180 ac-

246 3215 347 3271 uis
395 3216 545 3270 enim
572 3214 733 3269 diem
780 3214 1087 3283 evangelica
1120 3213 1278 3269 verba
1323 3215 1651 3269 οοηθστάειηί
1679 3214 1843 3285 (ιαε-
1876 3224 1924 3291 C
1955 3228 2169 3297 cipere,
2218 3235 2404 3279 terram
2450 3231 2826 3294 peccatorem;
2861 3220 2981 3289 quia
3033 3219 3123 3274 ille
3164 3218 3425 3288 spirituali
3473 3231 3533 3272 se

247 3322 404 3373 sxiv,
447 3305 568 3376 47),
602 3320 698 3375 per
738 3320 933 3361 omnes
961 3316 1150 3375 gentes
1178 3304 1557 3374 incipientibus
1601 3307 1672 3360 ab
1696 3304 1848 3361 teru-

246 3398 451 3454 salem.
485 3396 619 3453 inde
666 3397 810 3452 enim
841 3398 1118 3466 praedicari
1161 3398 1327 3466 coepit
1367 3395 1650 3466 Christus,
1698 3397 1851 3467 cujus

246 3490 469 3559 species
485 3488 684 3543 decora
704 3487 1070 3557 cognoscitur,
1083 3496 1319 3543 testante
1332 3488 1438 3543 alio
1464 3488 1666 3558 psalmo
1686 3505 1702 3541 :
1720 3488 1850 3557 Spe-

247 3585 429 3634 cioeus
458 3581 630 3643 [arma
659 3595 766 3647 pne
794 3580 916 3646 ﬁliis
954 3579 1222 3633 hominum
1251 3578 1421 3651 (Psal.
1452 3594 1594 3643 xuv,
1636 3576 1728 3650 3);
1762 3580 1849 3633 ubi

249 3672 594 3728 sufﬁcienter
642 3672 944 3742 expositum
971 3682 1055 3728 est
1102 3688 1196 3727 cur
1224 3673 1500 3743 speciosus
1551 3671 1850 3741 specialiter

251 3763 495 3820 dicatur.

331 3854 496 3925 155
520 3853 672 3910 Vera.
701 3856 756 3910 3.
786 3851 926 3909 Deus
950 3853 1216 3924 manifeste
1242 3854 1423 3920 ueniet,
1444 3853 1582 3909 Deus
1606 3863 1774 3908 noster
1795 3860 1845 3906 et

249 3962 369 3999 uss
399 3946 601 4010 silebit;
634 3945 767 4015 ignis
803 3946 857 3999 in
888 3955 1158 4014 conspectu
1186 3946 1295 4015 ejus
1325 3944 1552 4009 ardebit,
1586 3953 1635 3998 et
1661 3944 1714 3997 in
1743 3944 1847 3997 cir-

251 4040 415 4089 cuitu
452 4039 566 4108 ejus
596 4046 867 4106 tempestas
899 4037 1091 4092 ualida.
1123 4037 1401 4108 Synagoga
1434 4037 1666 4091 ﬁdelium
1700 4046 1848 4106 post-

248 4140 430 4195 quam
458 4126 529 4181 de
562 4128 736 4195 primo
764 4128 929 4182 multa
957 4128 1121 4192 dixit,
1152 4128 1296 4183 venit
1321 4129 1388 4182 ad
1418 4129 1711 4182 secundum
1747 4128 1853 4182 Do.

1953 3318 2382 3381 conversatione,
2409 3315 2631 3368 Domino
2661 3320 2969 3382 prtestante,
3000 3310 3267 3381 puriﬁcat,
3293 3308 3395 3364 iste
3417 3316 3531 3364 ter-

1951 3422 2078 3464 rem
2110 3407 2357 3461 vitiorum
2382 3404 2638 3475 qualitate
2657 3402 2941 3459 sordescit.
2980 3402 3044 3456 Et
3066 3401 3184 3456 vide
3204 3402 3324 3470 quia
3348 3400 3397 3453 in
3424 3399 3532 3469 pri-

1952 3514 2041 3555 mo
2084 3498 2315 3553 adventu
2349 3510 2539 3552 omnes
2583 3496 2875 3551 indiscrete
2902 3503 3217 3560 vocaverat;
3249 3501 3307 3548 ut
3344 3493 3532 3547 admo-

1947 3590 2071 3656 niti,
2105 3591 2159 3643 in
2190 3588 2292 3643 hoc
2321 3587 2521 3643 mundo
2549 3602 2607 3642 se
2635 3587 2908 3656 corrigere
2937 3586 3278 3650 debuissent;
3311 3585 3448 3638 sicut
3476 3583 3540 3637 in‘

1951 3678 2243 3750 Evangello
2260 3679 2394 3734 dicit
2422 3696 2434 3730 :
2468 3678 2535 3731 Et
2555 3679 2787 3732 exierunt
2810 3678 2864 3730 in
2885 3678 3049 3732 exitus
3070 3677 3284 3739 viarum,
3314 3686 3361 3728 et
3385 3689 3533 3726 voca-

1949 3782 2127 3826 verunt
2156 3785 2483 3841 quoscunque
2511 3770 2809 3823 invenerunt
2849 3767 3004 3821 bonos
3038 3779 3084 3821 et
3118 3767 3279 3820 malos
3314 3764 3531 3836 (Matth.

1953 3876 2082 3927 sm,
2111 3862 2220 3930 10).
2246 3862 2301 3915 In
2331 3860 2438 3915 fine
2462 3867 2639 3914 autem
2669 3858 2848 3913 mundi
2878 3858 3059 3911 ca’lum
3084 3858 3330 3920 advocat;
3354 3865 3412 3909 ut
3424 3855 3532 3924 jam

1948 3950 2124 4022 justus
2162 3948 2431 4003 discernat
2472 3948 2540 4002 ab
2581 3947 2790 4016 impiis,
2830 3960 2899 4000 ne
2944 3946 3197 4010 ulterius,
3237 3944 3376 3998 sicut
3420 3945 3528 4011 hic,

1951 4039 2190 4095 confusis
2219 4037 2645 4093 habitationibus
2674 4038 3027 4091 misceantur.

2029 4131 2179 4185 Vera.
2212 4131 2267 4186 ὅ.
2298 4129 2610 4199 Congregate
2639 4127 2718 4180 illi
2756 4136 2956 4180 sanctos
2993 4125 3126 4196 ejus,
3168 4127 3256 4194 qui
3295 4125 3537 4178 ordinant

251 4215 405 4271 missi
432 4217 721 4272 Salvatoris
748 4218 1060 4284 adventum,
1089 4234 1247 4288 quem
1280 4233 1377 4286 per
1414 4218 1634 4288 ﬁguram
1665 4218 1845 4273 idenm
1955 4228 2302 4275 testamentum
2317 4214 3323 4288 ejussupcrsacriﬁcia.NuncSynagoga
3338 4214 3534 4270 Christi

248 4308 498 4362 diversis
516 4308 955 4364 similitudinibus
985 4309 1218 4363 mirabili
1246 4308 1628 4379 imaginatione
1651 4308 1854 4363 descri-
1954 4311 2117 4366 verba
2136 4308 2262 4363 facit
2274 4308 2341 4362 ad
2363 4305 2604 4375 angelos,
2622 4307 2711 4375 qui
2729 4305 3027 4359 ministerio
3046 4320 3143 4358 suo
3161 4306 3211 4358 in
3230 4306 3337 4359 line
3354 4306 3537 4359 saeculi

250 4400 381 4464 bit;
412 4406 468 4451 ut
487 4413 595 4452 non
616 4408 721 4453 tam
749 4398 958 4453 futurus
986 4414 1145 4467 quam
1173 4410 1416 4467 praesens
1439 4412 1560 4452 esse
1584 4396 1850 4451 videatur.
1955 4411 2160 4457 sanctos
2184 4402 2252 4455 de
2282 4401 2533 4454 universo
2570 4398 2790 4466 mundo,
2822 4398 2963 4451 sicut
3002 4396 3229 4467 legitur,
3260 4412 3538 4466 congrega-

250 4489 508 4545 οἰαωο
548 4490 721 4555 enim.
768 4489 1034 4559 manifeste
1059 4489 1253 4552 νεηίεε,
1294 4488 1563 4558 significat
1604 4487 1756 4541 illum
1800 4488 1852 4540 in
1958 4492 2099 4544 bunt.
2130 4488 2267 4543 Dicit
2299 4487 2442 4543 enim
2474 4487 2589 4556 ipse
2620 4487 2876 4540 Dominus
2919 4485 2971 4539 in
3006 4485 3333 4555 Evangelia:
3368 4485 3537 4540 Mittct

252 4582 445 4650 primo
491 4577 718 4633 adventu
747 4578 952 4634 cunctis
983 4594 1089 4632 non
1117 4577 1285 4632 fuisse
1313 4577 1655 4633 manifestum
1685 4593 1700 4642 ;
1731 4575 1853 4646 quia
1880 4594 1936 4657 ι)
1959 4581 2167 4650 angelos
2187 4593 2331 4643 suos,
2362 4586 2409 4631 et
2434 4578 2811 4659 congregabunt
2845 4583 2961 4628 ante
2988 4590 3104 4628 eum
3146 4590 3321 4628 omnes
3347 4585 3539 4645 gentes,

250 4671 531 4738 majestas
563 4668 679 4736 ejus
705 4684 898 4724 carnea
928 4669 1073 4724 nube
1099 4669 1273 4723 celata
1306 4677 1419 4732 est;
1448 4668 1587 4723 sicut
1610 4678 1666 4722 et
1706 4670 1852 4737 Apo—
1954 4682 2001 4727 et
2028 4670 2281 4741 separabit
2309 4686 2392 4724 eos
2426 4670 2487 4722 ab
2518 4670 2731 4723 inuicem
2750 4709 2764 4734 ,
2799 4669 2927 4722 sicut
2964 4678 3138 4737 pastor
3166 4677 3396 4738 segregat
3427 4682 3543 4722 oves

252 4762 447 4817 stolas
474 4758 543 4815 de
569 4760 872 4815 infidelibus
901 4760 1031 4814 dicit
1058 4775 1073 4812 :
1104 4759 1164 4815 Si
1193 4760 1560 4829 cognovissent,
1592 4772 1855 4828 nunquam
1957 4761 2019 4815 ab
2046 4762 2207 4815 [tardis
2232 4759 2447 4832 (Matth.
2476 4775 2600 4827 xxv,
2630 4759 2747 4825 32).
2774 4758 3049 4827 Sequitur,
3076 4758 3163 4827 qui
3200 4759 3438 4811 ordinant
3470 4769 3546 4810 te-

255 4852 558 4907 Dostsinstm
597 4850 776 4921 glorise
813 4851 1183 4918 cruciﬁxt'sscnl
1219 4849 1281 4919 (ι
1316 4848 1437 4903 Cor.
1471 4865 1544 4914 tt,
1570 4848 1655 4918 8).
1685 4848 1859 4903 Mani-

256 4948 397 5011 feste
423 4956 556 4996 vero
578 4951 702 4995 tunc
728 4942 913 5009 ueniet,
942 4942 1156 5011 quando
1179 4941 1286 5011 jam
1316 4955 1423 4995 non
1457 4940 1602 4995 cruci
1629 4939 1854 5010 affigen-

255 5035 400 5099 dus,
428 5031 532 5087 sed
551 5032 884 5101 iudicaturus
921 5041 1005 5088 est
1031 5031 1309 5090 mundum.
1340 5030 1564 5087 Tractus
1607 5045 1787 5086 sermo
1822 5045 1856 5084 a

255 5124 576 5190 sact'iticiis,
604 5124 748 5194 quod
778 5133 892 5181 toto
915 5125 1005 5180 die
1038 5124 1308 5180 festivitati
1342 5132 1640 5181 vacaretur.
1679 5122 1856 5178 Mani-

258 5223 397 5286 (este
419 5218 572 5272 enim
601 5216 817 5285 dicitur,
850 5218 999 5286 quasi
1021 5231 1051 5269 a
1083 5231 1242 5272 mane
1267 5214 1387 5270 dies
1429 5214 1616 5271 festus.
1647 5215 1859 5286 ltepetit

260 5310 417 5363 Deus
445 5316 648 5377 uoster,
680 5323 748 5363 ne
776 5307 880 5363 sibi
910 5308 1152 5363 inﬁdeles
1180 5315 1429 5377 putarent
1454 5321 1576 5363 esse
1612 5321 1856 5362 commu-

260 5413 423 5454 nem.
452 5395 597 5453 Deus
616 5398 760 5453 enim
774 5398 1197 5454 Christianorum
1221 5398 1335 5466 ipse
1354 5406 1437 5452 est
1458 5396 1596 5452 Deus
1616 5396 1859 5464 deorum,

258 5496 363 5565 qui
385 5503 447 5549 et
467 5492 729 5561 manifeste
757 5492 942 5559 ueniet,
964 5500 1011 5545 et
1037 5506 1140 5543 non
1158 5489 1343 5544 silebit.
1372 5487 1505 5544 Silet
1530 5488 1674 5543 enim
1701 5489 1863 5542 modo

262 5600 400 5641 cum
426 5581 660 5638 mundus
690 5582 794 5637 iste
834 5582 1104 5651 peragitur
1124 5621 1138 5647 ,
1167 5595 1288 5635 cum
1320 5579 1662 5648 blasphemas
1689 5590 1743 5635 et
1770 5594 1862 5635 sa-

262 5679 509 5747 crilegas
538 5688 697 5731 vi-ces
720 5672 1000 5730 sententis
1024 5672 1309 5728 severitate
1340 5687 1446 5726 non
1489 5671 1737 5736 damnat,
1764 5673 1863 5729 sed

268 5768 351 5823 ad
375 5765 742 5825 conversionis
760 5764 1080 5823 medicinam
1103 5765 1327 5823 sustinet
1348 5772 1681 5837 peccatores.
1712 5764 1864 5820 'l‘unc

1956 4861 2257 4907 stamentum
2272 4852 2387 4920 eius
2406 4866 2560 4919 super
2573 4850 2847 4917 sacriﬁcia.
2871 4848 3127 4903 Ordinare
3146 4848 3373 4903 dicimus
3388 4854 3549 4901 testa~

1961 4950 2184 4996 mentum
2218 4954 2314 4994 eos
2351 4940 2439 5007 qui
2476 4940 2688 4994 actibus
2731 4940 2883 4993 bonis
2931 4940 3218 4994 restituunt
3245 4952 3307 4992 ea
3338 4952 3455 5005 qtae
3487 4936 3542 4989 in

1964 5030 2269 5086 testamenti
2290 5032 2433 5085 serie
2466 5037 2849 5100 cognoverunt,
2882 5037 2940 5083 ut
2961 5029 3223 5095 hospitem
3246 5028 3543 5096 suscipere,

1963 5123 2358 5193 eleemosynam
2388 5119 2549 5190 dare,
2581 5120 2831 5175 charitati
2870 5121 3106 5175 studere.
3141 5120 3252 5175 Hoc
3282 5122 3423 5175 enim
3451 5135 3547 5174 su-

1966 5228 2059 5283 pra
2089 5214 2412 5269 sacrillcium
2454 5214 2716 5284 pecudum
2749 5214 2974 5268 Domino
3000 5221 3211 5269 constat
3239 5221 3544 5280 acceptum,

1966 5317 2022 5363 ut
2045 5317 2256 5363 actuum
2287 5308 2364 5363 illi
2397 5309 2564 5377 magis
2597 5306 2834 5376 probitas
2864 5305 3140 5361 offeratur.
3164 5306 3315 5373 Sive,
3348 5311 3404 5358 ut
3424 5304 3549 5373 qui-

1963 5397 2086 5454 dam
2126 5400 2443 5467 voluerunt,
2484 5405 2663 5468 potest
2705 5398 2805 5453 hoc
2831 5405 2886 5453 et
2912 5398 2981 5453 de
3010 5396 3209 5453 tudinis
3236 5396 3403 5464 accipi
3446 5411 3549 5467 per

1963 5490 2221 5555 ironiam,
2254 5491 2305 5544 id
2341 5498 2453 5558 est,
2499 5503 2594 5559 per
2620 5490 2942 5555 irrisionem,
2975 5489 3189 5559 quando
3235 5488 3391 5543 vilem
3428 5501 3554 5543 rem

1965 5581 2229 5636 laudando
2257 5583 2533 5652 suggillat;
2557 5597 2619 5637 ac
2650 5584 2693 5637 si
2732 5583 2934 5638 diceret
2968 5601 2979 5637 :
3027 5583 3130 5637 Eos
3161 5582 3391 5636 Domino
3422 5598 3548 5636 con-

1963 5684 2184 5746 gregate,
2204 5675 2291 5743 qui
2319 5674 2372 5729 in
2394 5675 2573 5731 officio
2598 5675 2897 5732 sanctitatis
2923 5684 3357 5733 commorantur:
3384 5688 3551 5729 econq

1968 5765 2135 5821 trario
2163 5779 2288 5822 vero
2313 5781 2434 5836 quae
2462 5766 2621 5837 impia
2647 5774 2772 5824 sunt
2796 5777 2995 5839 agunt;
3027 5777 3081 5827 et
3110 5768 3161 5826 in
3192 5781 3258 5825 eo
3287 5766 3429 5840 quod
3457 5782 3553 5822 sa-
