3982 6184
488 338 583 396 551

1679 336 1749 390 Μ.
1793 335 2067 391 AURELII
2107 329 2509 389 CASSIODORI

3635 321 3745 375 35?.

491 452 694 508 criftcia
717 450 825 506 Deo
840 455 1092 506 consueta
1112 448 1406 512 celebrant,
1432 447 1842 503 sanctiﬁcandos
1867 462 1925 503 se
1945 461 2066 502 esse
2093 453 2141 508 Λ
2172 452 2576 508 commemorat,
2605 457 2725 512 qua:
2753 442 3030 497 humiliafo
3057 439 3214 495 corde
3241 439 3339 507 piis
3374 437 3628 492 altaribus
3656 437 3745 489 of-

489 544 803 613 dijudicant.

562 635 709 688 Vers.
743 633 796 686 6.
829 631 893 684 Et
921 631 1294 685 annuntiabunl
1323 632 1433 685 caeli
1461 631 1714 701 justitiam
1747 633 1858 701 ejus
1891 645 1910 683 :
1936 646 2063 699 quo-

487 725 624 776 niam
658 723 790 774 Deus
803 721 968 788 judex
988 732 1082 776 est.
1115 722 1403 789 Superiora
1435 721 1651 786 excolit,
1685 735 1781 788 per
1807 720 1958 774 caelos
1987 721 2063 774 si-

487 813 742 882 gniﬁcans
772 813 920 868 viros
945 813 1143 882 justos,
1177 814 1369 882 quibus
1399 812 1549 866 verbi
1578 813 1815 868 coelestis
1847 813 2064 882 dispen-

486 905 622 958 satio
669 903 1022 958 condonatur.
1051 903 1288 970 Addidit,
1319 905 1560 971 quoniam
1585 903 1721 957 Deus
1756 903 1924 972 judea:
1951 912 2025 956 est
2043 919 2063 968 ;

485 1009 548 1049 ac
578 995 624 1050 si
652 995 877 1060 diceret,
907 997 995 1064 qui
1024 997 1193 1050 nescit
1237 995 1378 1059 falli;
1422 1004 1477 1050 et
1504 996 1642 1050 sicut
1672 995 1851 1049 omnia
1885 995 2063 1048 mani-

487 1086 622 1142 feste
654 1088 832 1152 novit,
866 1091 933 1142 ita
965 1097 1020 1142 et
1047 1087 1163 1143 sine
1195 1087 1610 1158 reprehensione
1636 1088 1918 1143 discernit.
1952 1088 2064 1142 Hoc

485 1178 628 1233 enim
658 1179 916 1232 veraciter
944 1193 1006 1233 ac
1037 1179 1250 1247 proprie
1282 1177 1348 1233 de
1379 1178 1490 1232 Deo
1530 1177 1758 1246 dicitur,
1802 1178 1886 1232 cui
1927 1177 2061 1231 nihil

473 1278 728 1341 negatur,
764 1269 891 1321 nihil
917 1270 1286 1336 supprimitur,
1311 1284 1471 1338 quem
1495 1283 1594 1324 nec
1615 1269 1810 1322 factum
1840 1267 2061 1338 aliquod

484 1358 639 1424 latet,
669 1359 755 1414 cui
784 1375 882 1415 nec
910 1361 1048 1428 quod
1072 1361 1348 1430 judicatur
1377 1363 1750 1417 absconditur.

560 1451 710 1507 Vers.
744 1454 796 1506 7.
827 1454 985 1518 Audi,
1017 1455 1232 1524 papulas
1262 1445 1432 1521 meus,
1463 1467 1509 1508 et
1539 1455 1750 1523 loquar;
1796 1455 1981 1522 Israel,
2013 1467 2062 1511 et

483 1542 790 1612 testificabor
809 1544 898 1595 tibi
921 1559 941 1597 :
967 1543 1100 1597 Deus
1129 1543 1266 1596 Deus
1289 1555 1407 1598 tuus
1431 1561 1525 1616 ego
1550 1562 1683 1598 sum.
1715 1546 1942 1600 Ventum
1974 1555 2062 1602 est

481 1633 548 1686 ad
577 1634 864 1688 secundam
894 1635 1187 1689 sectionem
1207 1674 1220 1697 ,
1253 1637 1308 1689 in
1334 1651 1437 1704 qua
1464 1635 1575 1705 jam
1605 1636 1815 1691 Veritas
1847 1640 1957 1705 ipsa
1989 1652 2057 1692 ex

482 1739 707 1794 persona
739 1726 948 1794 propria
979 1727 1235 1794 loquitur.
1271 1725 1411 1780 Deus
1442 1729 1583 1781 enim
1607 1768 1622 1792 ,
1653 1728 1740 1797 qui
1769 1728 1927 1783 verba
1960 1743 2056 1782 sua

2169 539 2429 590 teruntur.
2455 534 2774 588 Holocausta
2794 546 2970 589 autem
2994 534 3130 587 dicta
3154 541 3278 588 sunt
3301 530 3584 592 sacrilicia,
3601 543 3744 597 quze,

2167 636 2442 696 postquam
2477 626 2704 680 fuissent
2747 627 3017 680 immolata
3041 666 3053 687 ,
3088 625 3223 692 ignis
3263 623 3481 677 veniens
3511 621 3748 686 desuper

2167 718 2506 783 absumebat;
2536 732 2654 786 qua:
2701 717 2887 771 Latine
2918 726 3024 770 tota
3056 717 3269 769 incensa
3312 715 3582 767 dicuntur.
3619 711 3747 765 llaec

2164 809 2408 864 Christus
2437 809 2653 863 veniens
2680 811 2900 876 respuit,
2935 811 3054 877 quia
3088 810 3198 875 ipse
3227 821 3350 861 vera
3377 806 3586 859 victima
3621 803 3745 858 fuit.

2165 901 2323 954 Aliud
2354 912 2432 954 est
2462 901 2844 965 holocaustum,
2875 900 3012 969 quod
3047 898 3302 952 Dominus
3346 905 3469 950 ante
3515 909 3750 963 conspe-

2165 1001 2312 1046 ctum
2343 1007 2493 1045 suum
2526 1006 2736 1059 semper
2775 1006 2898 1046 esse
2924 991 3259 1060 pronuntiat;
3291 989 3497 1044 scilicet
3527 986 3749 1056 quando

2165 1098 2318 1138 mens
2346 1094 2525 1138 nostra
2557 1083 2736 1137 divino
2760 1097 2943 1136 amore
2969 1096 3244 1144 succensa,
3280 1088 3494 1149 peccata
3518 1093 3610 1132 sua
3643 1079 3748 1132 tri-

2163 1175 2432 1232 bulatione
2467 1177 2745 1244 decoquit,
2791 1187 2845 1232 et
2884 1177 2948 1230 ad
2988 1176 3130 1230 illius
3169 1174 3454 1228 holocausti
3493 1172 3752 1226 similitu-

2163 1266 2341 1323 dinem
2369 1268 2545 1322 omnia
2569 1268 2692 1322 vitia
2715 1281 2810 1322 sua
2838 1266 3077 1323 cruciatu
3106 1279 3367 1335 corporeo
3388 1277 3573 1319 exusta
3607 1277 3748 1318 con-

2163 1361 2347 1418 sumit.
3431 1369 3436 1375 ’
3768 1359 3775 1370 ’

2235 1454 2386 1510 Vers.
2417 1454 2470 1511 9.
2499 1454 2622 1510 Non
2653 1456 2905 1520 accipiam
2933 1454 2998 1508 de
3023 1453 3176 1507 domo
3206 1463 3293 1506 tua
3320 1452 3507 1506 vitulos
3528 1493 3542 1516 ,
3582 1466 3751 1521 neque

2162 1545 2226 1600 de
2245 1545 2478 1616 gregibus
2499 1547 2597 1600 tuis
2621 1547 2807 1600 hircos.
2838 1546 2939 1600 Per
2970 1547 3108 1599 hunc
3137 1559 3346 1598 versum
3369 1554 3422 1598 et
3444 1543 3578 1597 duos
3604 1541 3747 1595 alios

2128 1637 2249 1704 tqui
2278 1645 2600 1706 sequuntur,
2643 1637 2875 1690 breviter
2909 1644 3186 1690 enumerat
3225 1649 3345 1704 qua
3383 1648 3442 1688 se
3483 1646 3747 1702 respuere

2163 1731 2456 1799 proﬁtetur.
2487 1732 2608 1784 lltec
2636 1730 2800 1799 ﬁgura
2831 1729 3023 1783 dicitur
3044 1728 3405 1798 brachylogia,
3433 1725 3484 1780 id
3514 1735 3597 1781 est
3620 1726 3746 1780 bre’

480 1831 586 1872 non
615 1819 726 1871 vult
753 1817 1021 1871 incassum
1051 1818 1271 1887 suscipi,
1301 1833 1368 1872 ne
1398 1819 1478 1888 (ut
1508 1819 1724 1888 legitur)
1757 1821 1902 1887 porci
1936 1836 2056 1890 pre-
2088 1821 2136 1881 B
2162 1823 2240 1877 vis
2279 1823 2506 1888 locutio;
2538 1837 2658 1876 cum
2706 1822 2854 1891 plura
2887 1821 3068 1888 paucis
3109 1821 3500 1888 amplectimur.
3534 1818 3640 1873 Sed
3673 1834 3743 1873 ne

479 1907 611 1960 tiosa
653 1906 994 1976 dispergant,
1030 1907 1159 1961 dicit
1202 1907 1268 1960 ad
1300 1908 1598 1977 populum:
1636 1909 1800 1972 Audi,
1835 1909 1935 1963 hoc
1977 1921 2057 1964 est

477 1995 670 2051 devote
695 1998 926 2066 suscipe.
963 1998 1085 2053 Illos
1115 1999 1260 2054 enim
1303 2000 1488 2053 audire
1532 1998 1761 2053 dicimus
1799 2000 1887 2068 qui
1923 2015 2056 2066 pra:-

477 2096 630 2156 cepta
674 2089 1088 2155 compleverint;
1133 2099 1272 2144 Sicut
1311 2091 1542 2160 legitur:
1577 2092 1677 2158 Qui
1718 2093 1867 2146 habet
1908 2109 2055 2147 aures

476 2179 718 2231 audiendi
740 2181 920 2232 audiat
947 2181 1099 2251 (Luc.
1127 2197 1243 2247 vm,
1268 2182 1346 2252 8).
1374 2181 1609 2252 Populus
1637 2199 1776 2236 meus
1793 2184 2057 2253 signiﬁcat

482 2269 688 2338 plebem
713 2270 982 2324 devotam.
1013 2270 1076 2324 Et
1100 2271 1303 2339 loquar,
1329 2274 1552 2327 subaudi
1585 2273 1887 2341 profutura;
1917 2276 2055 2345 quod

477 2362 520 2412 si
553 2375 656 2412 non
684 2360 948 2427 audieris,
979 2365 1330 2432 consequitur
1355 2365 1419 2417 ad
1451 2364 1724 2418 interitum
1756 2378 1949 2429 tuum,
1977 2375 2055 2420 ta-

478 2465 648 2504 ceam.
677 2449 843 2505 Israel
869 2467 996 2507 vero
1025 2453 1333 2522 frequenter
1363 2455 1595 2509 diximus
1621 2455 1958 2523 interpretari
1985 2459 2055 2510 vis

479 2542 600 2592 dens
635 2540 816 2594 Deum.
863 2543 1005 2612 Ergo
1040 2543 1087 2598 si
1119 2559 1203 2598 me
1231 2545 1400 2609 vides,
1435 2546 1615 2599 audire
1645 2561 1747 2600 non
1779 2548 2050 2616 negligas;

477 2631 599 2700 quia
627 2634 1010 2701 contemplatio
1041 2650 1159 2689 mea
1189 2635 1548 2690 obedientiam
1581 2636 1768 2692 tribuit
1788 2639 2048 2692 audienti.

475 2720 761 2791 Τυδιίβεανί
787 2739 914 2779 vero
940 2735 1023 2780 est
1052 2727 1415 2781 testimonium
1453 2727 1664 2793 dicere;
1701 2728 1841 2795 quod
1874 2729 2054 2800 utique

475 2815 528 2870 in
554 2816 755 2887 judicio
787 2818 1025 2874 facturus
1052 2829 1134 2875 est
1166 2822 1301 2876 Deus
1323 2861 1338 2887 ,
1371 2823 1588 2891 quando
1635 2825 2053 2896 uniuscujusque

473 2909 609 2962 facta
632 2909 916 2966 discernet.
939 2911 1086 2968 Tunc
1116 2913 1257 2967 enim
1280 2913 1528 2968 ﬁdelibus
1551 2915 1662 2970 suis
1685 2918 2050 2973 testimonium

473 2998 642 3068 dabit,
667 3014 787 3054 cum
816 3002 1055 3057 dicturus
1076 3015 1158 3058 est
1182 3019 1198 3058 ι
1223 3004 1452 3072 Esurivi,
1481 3017 1530 3060 et
1555 3008 1738 3061 dedisti
1761 3011 1884 3063 mihi
1905 3029 2050 3065 man-

473 3090 660 3142 ducare
695 3090 916 3158 (Matth.
949 3109 1074 3160 xxv,
1108 3093 1241 3164 33),
1280 3096 1464 3164 eisque
1491 3095 1708 3151 similia.
1755 3098 2047 3168 Sequitur:

2160 1914 2341 1968 audito
2369 1913 2680 1967 holocausto
2700 1912 2765 1966 ad
2787 1913 3004 1982 antiqua
3034 1912 3263 1965 humana
3292 1926 3444 1966 mens
3473 1911 3737 1965 sacriﬁcia

2161 2017 2479 2074 tecm-reret,
2504 2017 2690 2076 aperte
2711 2009 2883 2061 renuit
2912 2006 3356 2061 consuetudinem
3385 2005 3611 2074 priorem
3631 2045 3648 2072 ,
3683 2013 3744 2060 ut

2159 2100 2504 2168 spiritualiter
2539 2099 2921 2168 intelligeretur
2949 2101 3090 2169 quod
3119 2104 3169 2154 in
3216 2100 3564 2154 similitudine
3591 2113 3738 2168 prte-

2159 2192 2320 2244 missa
2341 2191 2642 2260 gerebatur.
2673 2191 2775 2246 Sed
2804 2206 2924 2246 cum
2960 2191 3074 2245 inec
3102 2190 3209 2244 duo
3239 2190 3460 2257 respuit,
3487 2190 3741 2245 universa

2161 2281 2317 2350 primi
2347 2285 2598 2350 temporis
2627 2282 2888 2336 sacriﬁcia
2910 2282 3148 2350 designat
3173 2281 3346 2335 modis
3373 2280 3619 2335 omnibus
3640 2295 3738 2334 ex-

2159 2371 2438 2426 cludenda.
2468 2373 2807 2442 Signiﬁcatur
2835 2375 2975 2428 enim
3005 2388 3035 2426 a
3063 2382 3210 2440 parte
3235 2381 3425 2426 totum.

2232 2464 2380 2519 Vers.
2414 2466 2501 2520 10.
2536 2466 2788 2531 Quoniam
2820 2482 2946 2518 mete
2978 2478 3095 2518 sunt
3125 2481 3297 2519 omnes
3322 2471 3446 2537 ferte
3467 2467 3735 2533 silvarum,

2148 2559 2382 2625 jumenta
2402 2557 2455 2610 in
2476 2557 2731 2610 montibus
2750 2567 2799 2609 et
2821 2556 2988 2611 boves.
3018 2555 3248 2610 Causam
3279 2557 3452 2612 reddit
3479 2573 3643 2626 quare
3670 2560 3739 2613 ab

2157 2647 2271 2714 ipso
2308 2661 2410 2700 non
2441 2655 2710 2714 exapectat
2740 2647 3141 2716 quadrupedum
3185 2648 3607 2713 immolationes,
3653 2649 3740 2703 di-

2155 2749 2284 2789 cens
2309 2751 2326 2791 :
2352 2735 2483 2801 Quia
2514 2751 2542 2790 a
2575 2746 2625 2791 te
2654 2746 2836 2804 petere
2891 2738 3014 2791 nolo
3049 2737 3190 2807 quod
3235 2753 3410 2792 meum
3451 2753 3570 2794 esse
3609 2753 3737 2809 cog-

2156 2842 2351 2893 nosco;
2381 2827 2522 2896 quod
2553 2828 2689 2882 forte
2727 2843 2927 2896 pauper
2956 2843 3060 2882 non
3109 2829 3297 2895 habet,
3339 2829 3463 2883 dum
3503 2839 3594 2883 aut
3626 2846 3734 2884 non

2155 2917 2318 2973 valuit
2359 2933 2583 2987 capere,
2637 2927 2728 2971 aut
2771 2919 2945 2973 minus
2975 2919 3144 2987 potuit
3171 2922 3435 2986 enutrirc;
3467 2921 3560 2975 sed
3601 2922 3735 2990 petit

2155 3007 2312 3063 ﬁdem
2359 3019 2580 3075 rectam,
2609 3009 3103 3078 confessionemque
3129 3009 3400 3078 devotam,
3428 3027 3585 3080 quam
3617 3026 3708 3066 om

2155 3110 2249 3151 nes
2277 3097 2425 3166 dare,
2458 3099 2572 3166 ipso
2598 3099 2902 3164 miserante,
2940 3100 3250 3166 przevalent,
3281 3102 3441 3155 etiam
3473 3103 3560 3170 qui
3586 3102 3736 3158 nulla

474 3181 614 3236 Deus
642 3182 783 3237 Deus
812 3197 932 3239 tuus
961 3203 1051 3254 ego
1076 3203 1210 3240 sum.
1240 3188 1349 3242 Hoc
1375 3199 1488 3243 erat
1515 3191 1654 3260 quod
1685 3192 1932 3262 populum
1959 3211 2051 3248 au-
2078 3180 2122 3242 C
2158 3194 2365 3240 terrena
2393 3186 2731 3255 possessione
2753 3189 3106 3257 gratulantur.
3130 3189 3238 3245 Sub
3260 3190 3359 3244 hoc
3387 3192 3546 3260 igitur
3566 3207 3737 3247 sensu

471 3274 584 3326 dire
611 3274 711 3327 sub
737 3278 1128 3332 contestatione
1156 3281 1551 3347 praemonebat;
1584 3292 1643 3336 ut
1671 3282 1808 3338 Deus
1841 3286 1929 3340 ille
1956 3302 2050 3356 ge-

473 3363 666 3417 neralis
711 3372 764 3418 et
792 3367 1082 3420 volentium
1115 3375 1171 3422 et
1200 3371 1496 3427 nolentium
1543 3384 1687 3427 esset
1727 3373 1894 3443 ipsius
1923 3392 2050 3445 pro-

470 3455 586 3522 prie
616 3455 704 3523 qui
745 3470 866 3511 eum
909 3472 1038 3527 pura
1069 3471 1249 3515 mente
1287 3462 1551 3532 diligeret.
1583 3464 1715 3519 Nam
1740 3481 1866 3522 cum
1898 3469 2045 3536 dicit,

469 3555 609 3609 tuus,
635 3545 842 3602 ﬁdelem
889 3549 988 3603 sibi
1037 3564 1162 3604 eum
1207 3551 1369 3607 fuisse
1411 3555 1752 3609 monstravit.
1781 3555 2048 3625 Repetitio

471 3636 613 3690 enim
647 3636 746 3690 ista
771 3677 786 3702 ,
834 3637 974 3692 Deus
1017 3638 1191 3706 Deus,
1235 3653 1474 3698 mentem
1513 3644 1740 3711 solidat,
1786 3661 1855 3701 ne
1883 3647 2048 3703 semel

469 3728 611 3783 dicta
645 3732 971 3789 laberentur.
1003 3734 1134 3789 Illud
1163 3752 1290 3791 vero
1317 3755 1460 3804 sum,
1492 3741 1762 3810 proprium
1793 3742 2048 3800 Divinita-

469 3820 536 3872 tis
565 3828 648 3874 est
669 3821 906 3886 verbum,
933 3824 1072 3892 quod
1102 3833 1342 3894 tempore
1364 3845 1468 3883 non
1493 3840 1746 3899 mutatur,
1781 3834 1876 3888 sed
1899 3850 2045 3890 sem-

469 3923 564 3978 per
598 3909 779 3978 adest,
811 3925 970 3982 a:que
1015 3924 1274 3971 internum
1325 3928 1535 3985 manet;
1579 3923 1718 3977 sicut
1760 3923 1929 3994 Moysi
1962 3941 2049 3982 re-

468 4012 719 4068 sponsum
765 4011 879 4067 est,
911 4001 1025 4075 Ego
1070 4021 1184 4059 sum
1210 4009 1296 4074 qui
1334 4025 1446 4062 sum
1473 4009 1680 4076 (Exod.
1714 4028 1794 4078 ιιι,
1828 4015 1950 4084 M);
1992 4024 2046 4071 et

466 4105 704 4157 rursum,
727 4092 828 4160 Qui
852 4102 925 4148 est
949 4096 1086 4150 misit
1117 4114 1214 4153 me.
1243 4097 1345 4154 Sed
1365 4103 1809 4169 perscrutandum
1839 4114 1924 4160 est
1949 4120 2045 4162 cur

467 4181 612 4237 istud
637 4198 827 4238 nomen
852 4189 1102 4242 essentite
1134 4190 1278 4245 solus
1311 4190 1412 4246 sibi
1435 4192 1668 4248 vindicet
1697 4195 1869 4250 Deus?
1895 4195 2046 4254 Tunc

467 4275 610 4328 enim
647 4277 859 4344 quando
906 4278 1108 4334 dictum
1135 4291 1248 4350 est,
1277 4293 1431 4338 erant
1465 4287 1672 4355 angeli,
1705 4295 1859 4343 erant
1885 4290 2045 4345 ctele-

468 4366 600 4430 stia,
632 4373 785 4419 erant
813 4375 1028 4422 terrena
1055 4371 1234 4423 omnia
1259 4415 1275 4436 ,
1309 4372 1452 4428 sicut
1480 4389 1603 4430 esse
1631 4375 1847 4432 decreta
1893 4388 2040 4436 sunt.

466 4454 572 4509 Sed
602 4457 721 4523 quia
758 4457 845 4510 illa
885 4459 998 4512 sola
1029 4469 1109 4513 est
1136 4459 1324 4516 intacta
1367 4472 1422 4518 et
1450 4474 1652 4519 aeterna
1683 4475 1898 4533 natura,
1941 4485 2040 4527 nec

2153 3292 2247 3346 per
2275 3279 2708 3332 enumerationes
2754 3278 2986 3348 reliquas
3014 3282 3200 3336 currit.
3233 3281 3470 3348 Addidit,
3489 3285 3732 3354 jumenro

2149 3369 2202 3422 in
2233 3369 2478 3421 montibus
2505 3380 2549 3422 et
2579 3370 2757 3435 boves;
2805 3385 2871 3425 ne
2900 3373 3016 3441 quis
3058 3373 3126 3428 de
3173 3373 3422 3430 facultate
3465 3376 3732 3444 conﬁsus,

2151 3460 2325 3512 minus
2353 3460 2693 3514 conscientiae
2723 3476 2940 3529 operam
2981 3462 3167 3529 daret,
3214 3464 3338 3518 dum
3385 3479 3443 3520 se
3471 3466 3727 3522 crederet

2151 3551 2408 3617 pecudum
2437 3550 2888 3605 immolationibus
2915 3554 3150 3620 expiare,
3177 3554 3318 3623 quod
3342 3555 3520 3625 iniqua
3544 3569 3733 3613 mente

2149 3640 2479 3709 deliquisset.
2514 3641 2693 3695 Potest
2724 3653 2778 3696 et
2801 3643 2907 3696 alio
2940 3644 3098 3697 modo
3120 3645 3340 3716 intelligi
3375 3665 3388 3697 :
3419 3647 3542 3716 fere
3567 3648 3737 3702 silva-

2148 3747 2258 3785 rum
2284 3742 2464 3801 geutea
2503 3732 2834 3802 signiﬁcant,
2865 3749 2984 3803 qua:
3017 3737 3066 3789 in
3095 3737 3276 3791 saeculi
3308 3739 3459 3793 istius
3489 3741 3737 3795 nemori-

2150 3823 2249 3878 bus
2277 3823 2655 3892 superstitione
2701 3825 3027 3880 l'erocissima
3066 3829 3450 3894 versabantur;
3490 3833 3736 3901 jumenta

2150 3917 2205 3970 in
2249 3917 2542 3982 montibus,
2587 3926 2713 3970 sunt
2759 3917 3028 3986 simplices
3075 3919 3124 3973 in
3175 3920 3410 3975 Ecclesia
3461 3924 3732 3979 catholica

2150 4008 2446 4073 constituti,
2480 4008 2568 4078 qui
2599 4008 2652 4062 in
2681 4010 2958 4065 cacumine
2988 4009 3109 4065 ﬁdei
3141 4011 3380 4070 habitare
3402 4027 3728 4082 noscuntur;

2147 4097 2291 4151 boves
2340 4097 2575 4150 indicant
2617 4099 2889 4168 apostolos
2930 4110 2986 4155 et
3023 4105 3330 4172 prophetas,
3373 4110 3462 4177 qui
3509 4107 3562 4162 in
3593 4123 3738 4179 agro

2148 4186 2356 4241 Domini
2407 4188 2623 4243 assiduo
2654 4188 2836 4245 labore
2863 4194 3058 4246 versati
3089 4203 3232 4248 sunt.
3276 4197 3608 4267 QuaprOpter
3638 4201 3735 4255 his

2145 4279 2495 4334 allusionibus
2524 4289 2888 4349 competenter
2915 4286 3173 4353 appositis
3203 4294 3505 4357 praefigurat
3534 4291 3734 4346 Eccle-

2145 4370 2278 4424 siam
2317 4371 2632 4427 catholicam
2676 4374 2746 4429 de
2787 4374 3016 4433 diversis
3055 4380 3237 4434 mundi
3281 4381 3522 4451 partibus
3569 4386 3738 4440 colli-

2145 4462 2392 4531 gelidam.

468 4547 753 4615 aliquando
780 4550 944 4618 coepit
971 4566 1035 4605 ex
1068 4561 1334 4622 tempore,
1363 4564 1416 4608 et
1446 4554 1498 4608 in
1536 4558 1692 4627 166
1721 4559 1888 4615 tribus
1919 4577 2037 4630 per-
2063 4548 2115 4608 D
2215 4553 2365 4608 Vers.
2395 4555 2484 4610 H.
2522 4553 2743 4626 Cognovi
2785 4559 2956 4612 omnia
2995 4561 3224 4615 volatilia
3263 4562 3405 4630 caeli,
3448 4573 3495 4617 et
3531 4569 3737 4631 species

468 4641 613 4693 sonis
643 4637 825 4694 Deitas
868 4656 967 4695 una
998 4641 1267 4709 subsistit,
1309 4644 1499 4698 merito
1527 4647 1673 4701 solus
1701 4665 1806 4702 esse
1849 4650 2046 4707 dicitur

470 4729 646 4784 Deus:
673 4731 826 4801 quia,
857 4741 916 4787 ut
940 4734 1036 4797 sit,
1071 4733 1266 4788 nullius
1297 4735 1528 4804 indiget,
1561 4739 1654 4792 sed
1698 4754 1913 4809 semper
1945 4743 2048 4797 vir-

467 4823 593 4877 tutis
625 4826 852 4893 proprire
881 4825 1063 4894 vigore
1091 4828 1355 4882 consisﬁt.
1387 4829 1481 4882 Est
1509 4829 1579 4883 ibi
1609 4839 1663 4884 et
1691 4830 1834 4885 aliud
1863 4846 2042 4888 sacra-

465 4920 724 4978 mentum,
754 4913 894 4982 quod
922 4930 1024 4968 una
1053 4915 1258 4984 syllaba
1289 4917 1458 4972 tribus
1490 4919 1681 4974 litteris
1713 4923 2037 4995 continetur,

467 5011 523 5056 ut
551 5014 734 5057 sancta
765 5003 994 5058 Trinitas
1021 5021 1158 5060 unus
1185 5006 1327 5061 Deus
1354 5023 1472 5063 esse
1503 5009 1777 5066 doceatur.

537 5088 686 5146 Vers.
721 5092 773 5146 8.
807 5091 930 5146 Non
957 5109 1107 5161 super
1130 5095 1388 5164 sacriﬁcia
1417 5105 1505 5150 tua
1532 5114 1747 5168 arguam
1775 5109 1824 5154 te
1844 5116 1864 5154 :
1892 5100 2040 5157 holo-

462 5191 637 5236 cauata
664 5192 832 5235 autem
860 5191 949 5237 tua
973 5186 1025 5237 in
1051 5197 1318 5255 conspectu
1349 5203 1460 5241 meo
1489 5200 1606 5242 sunt
1633 5205 1852 5260 semper.
1900 5191 2030 5247 Glo-

463 5272 639 5326 riosus
677 5271 865 5327 doctor
904 5281 959 5328 et
999 5274 1412 5343 perfectissimus
1459 5277 1728 5333 institutor
1757 5279 2034 5338 Judaicum

463 5362 715 5434 populum
753 5364 937 5420 volens
965 5378 996 5417 a
1025 5365 1184 5420 rebus
1223 5367 1526 5422 carnalibus
1565 5383 1843 5436 amovere,
1887 5379 1943 5427 et
1967 5372 2036 5428 ad

462 5453 755 5519 spiritualia
779 5465 1109 5512 sacramenta
1138 5458 1452 5527 perducere,
1487 5461 1747 5528 pecudum
1775 5465 2035 5533 sacriﬁcia

457 5544 572 5616 jam
609 5559 714 5600 non
754 5545 882 5601 dicit
928 5547 1283 5617 exquirenda;
1326 5563 1425 5603 nec
1468 5565 1588 5604 eum
1636 5551 1836 5607 exinde
1887 5556 2037 5625 argui

462 5648 618 5700 posse
649 5644 890 5706 testatur,
914 5639 962 5692 si
991 5639 1209 5692 minime
1237 5639 1541 5694 animalium
1574 5641 1816 5696 victimas
1845 5642 2037 5698 immo-

463 5724 624 5783 laret:
647 5730 738 5784 scd
764 5729 1057 5786 holocausta
1078 5733 1163 5789 illa
1185 5733 1360 5806 potius
1375 5734 1428 5788 in
1455 5745 1722 5804 conspectu
1740 5751 1837 5792 suo
1862 5735 2034 5796 danda

2147 4647 2263 4717 agri
2285 4664 2477 4702 mecum
2496 4658 2586 4704 est.
2613 4648 2856 4721 Cognovi,
2883 4667 2986 4707 non
3011 4655 3076 4708 ad
3105 4656 3462 4712 inﬁrmitatem
3487 4671 3736 4718 nostram

2149 4736 2327 4791 trahas
2351 4778 2365 4800 ,
2401 4754 2521 4806 quae
2557 4753 2624 4794 ex
2668 4749 2905 4810 tempore
2934 4744 3131 4812 aliquid
3161 4747 3282 4800 data
3325 4749 3738 4817 opportunitate

2146 4832 2437 4901 cognoscit;
2479 4833 2572 4886 sed
2620 4834 2873 4889 Dominus
2913 4842 3146 4908 cognovit
3191 4853 3474 4911 antequam
3521 4845 3738 4904 faceret

2149 4922 2418 4989 universa,
2449 4923 2501 4977 in
2529 4924 2682 4992 cujus
2713 4928 2993 4995 praesentia
3022 4940 3136 4983 erat
3167 4946 3324 4986 omne
3351 4936 3488 5002 quod
3522 4938 3736 5004 potuis-

2145 5020 2228 5065 set
2259 5013 2508 5067 existere.
2540 5015 2667 5080 Quis
2707 5017 2847 5070 enim
2891 5021 3062 5072 omnia
3099 5021 3212 5074 mli
3251 5022 3477 5076 volatilia
3513 5033 3732 5094 potest,

2145 5101 2246 5157 nisi
2275 5102 2387 5157 sola
2419 5103 2666 5173 Majestas
2684 5147 2699 5173 ,
2730 5113 3066 5178 cognoscere?
3093 5112 3209 5177 Qun
3240 5115 3500 5170 versiculo
3526 5129 3731 5173 cuncta

2141 5194 2450 5264 complexus
2487 5207 2592 5262 est,
2622 5202 2869 5267 quoniam
2896 5211 2949 5255 et
2973 5203 3148 5256 omnia
3177 5205 3404 5258 volatilia
3426 5208 3536 5260 cali
3561 5207 3733 5262 dinu-

2142 5289 2395 5340 merativa
2423 5290 2716 5356 quantitate
2743 5291 3030 5360 cognoscit.
3057 5292 3291 5362 Speciem
3311 5297 3425 5368 agri
3449 5312 3630 5352 secum
3660 5316 3732 5357 se

2143 5372 2340 5430 habere
2379 5377 2650 5444 professus
2687 5387 2812 5433 est:
2860 5395 3051 5435 revera
3099 5397 3311 5450 secum,
3353 5391 3474 5453 quia
3517 5389 3726 5459 ubique

2143 5473 2286 5521 totus
2313 5476 2424 5532 est;
2451 5469 2589 5522 sicut
2611 5467 2679 5524 de
2709 5470 2800 5524 illo
2829 5471 3085 5539 propheta
3114 5475 3240 5529 dicit
3271 5492 3285 5524 :
3317 5477 3509 5532 οωιωη
3536 5490 3581 5533 et
3611 5491 3728 5535 ter-

2142 5575 2252 5612 ram
2268 5576 2358 5629 ego
2379 5561 2562 5630 impleo
2581 5562 2714 5632 (Jer.
2742 5579 2890 5631 xxnt,
2909 5565 3025 5632 24).
3051 5568 3155 5623 Sed
3181 5569 3434 5625 debemus
3461 5573 3726 5641 spiritua-

2143 5647 2262 5703 liter
2297 5653 2393 5703 ista
2426 5659 2689 5716 tractare;
2728 5655 2958 5708 volatilia
2997 5657 3110 5711 coeli
3141 5661 3404 5728 pertinent
3427 5665 3490 5716 ad
3519 5677 3722 5733 super-

2143 5753 2239 5793 nas
2259 5739 2632 5813 mirabilesquc
2652 5743 2891 5812 virtutes,
2913 5756 2968 5802 ut
2984 5759 3106 5804 sunt
3125 5752 3378 5822 angelicae
3395 5769 3427 5824 p
3452 5764 3720 5824 testatos.
