3956 6178
245 298 357 354 555

1170 298 1531 398 EXPOSlTlO
1572 298 1636 354 lN
1677 297 2128 358 PSALTERIUM.
2171 302 2368 361 PSAL.
2410 302 2598 359 XLIX.

3408 302 3512 359 554

215 401 366 480 quae
393 419 542 466 motu
571 411 733 469 celeri
758 420 942 468 saneta
971 412 1243 470 voluntate
1280 415 1627 483 spiritualiter
1655 417 1826 468 trans-
1853 422 1899 478 Α
1930 415 2141 484 quentia
2192 431 2297 470 non
2350 425 2524 486 potest
2567 416 2764 471 habere
2808 418 3126 473 communis.
3178 416 3313 473 Dicit
3359 417 3504 472 enim

239 503 515 558 feruntur.
547 503 750 574 Species
780 512 956 559 autem
994 507 1108 578 agri
1135 507 1353 574 respicit
1388 506 1451 558 ad
1490 512 1676 574 gentes
1715 519 1832 573 qua:

237 605 400 649 erant
421 595 633 650 Christo
656 596 881 650 Domino
906 597 1222 661 crediturae;
1251 611 1432 651 revera
1464 596 1674 664 species,
1700 609 1833 662 quo-

239 687 386 738 niam
425 700 519 754 per
555 686 824 742 hominem
868 686 1005 742 bene
1038 690 1296 757 acCipitur
1335 689 1499 743 decus
1534 703 1692 742 omne
1723 699 1828 744 ter-

241 792 447 830 rarum.

313 867 469 920 Vers.
504 867 592 919 12.
627 866 686 922 Si
711 868 1063 936 esuriero,non
1093 868 1260 922 dicam
1288 870 1377 923 tibi
1400 889 1418 923 :
1442 886 1580 922 meus
1599 878 1670 923 est
1697 871 1828 923 enim

239 959 374 1011 orbis
405 967 572 1022 term,
598 969 646 1010 et
685 959 944 1026 plenitudo
964 961 1097 1027 ejus.
1132 961 1270 1014 Detts
1298 962 1384 1014 ille
1411 961 1656 1028 deorum,
1690 959 1830 1015 sicut

241 1054 552 1119 frequenter
581 1049 850 1115 diximus,
889 1063 1106 1120 propter
1145 1053 1546 1122 intelligentiam
1591 1064 1828 1107 nostram

241 1141 374 1194 velle
403 1155 557 1193 suum
589 1156 684 1209 per
715 1141 976 1194 humanas
1004 1145 1413 1198 consuetudines
1441 1145 1688 1213 dignatur
1720 1160 1820 1200 ex-

238 1235 504 1300 primere;
538 1241 592 1284 ut
624 1247 682 1286 se
710 1233 850 1286 dicat
876 1235 1070 1287 esurire
1090 1276 1103 1299 ,
1134 1235 1223 1303 qui
1252 1250 1467 1290 carnem
1498 1237 1668 1305 pascit
1706 1237 1826 1288 uni-

239 1338 475 1384 versam,
501 1325 652 1391 cujus
669 1325 1050 1392 contemplatio
1071 1326 1384 1393 spiritalium
1411 1327 1828 1381 substantiarum

241 1413 597 1467 suavissimus
627 1413 778 1467 cibus
803 1423 904 1478 est,
939 1422 992 1466 et
1020 1415 1430 1484 contemplativa
1461 1416 1700 1470 refectio.
1734 1419 1832 1470 Se-

233 1505 586 1574 quitur,meus
614 1514 687 1556 est
713 1504 848 1557 enim
873 1504 1006 1556 orbis
1026 1515 1192 1572 terrm,
1216 1517 1260 1559 et
1292 1506 1552 1574 plenitudo
1573 1509 1704 1576 ejus.
1737 1507 1830 1560 Hic

235 1596 608 1649 curiositatem
632 1593 952 1662 superﬂuam
985 1596 1188 1650 reddita
1205 1597 1411 1652 ratione
1439 1599 1726 1664 convincit,
1751 1597 1832 1652 di-

232 1687 412 1742 cendo
439 1704 453 1745 :
482 1686 593 1740 Cur
612 1701 643 1738 a
668 1696 718 1740 te
741 1695 915 1754 petam
939 1687 1196 1741 sacriﬁcia
1227 1689 1509 1756 pecudum,
1539 1704 1657 1743 cum
1685 1698 1827 1743 totus

1937 503 2076 558 Deus
2101 521 2114 558 :
2149 504 2208 560 Si
2230 508 2474 575 esuriem,
2508 523 2609 561 non
2633 507 2799 560 dicam
2828 507 2955 574 tibi;
2983 516 3037 562 et
3061 509 3220 576 paulo
3250 517 3369 579 post
3397 524 3503 563 non

1933 602 2132 648 mutata
2165 610 2392 663 persona.
2422 598 2558 652 idem
2595 601 2707 666 ipse
2751 598 2880 654 dicit
2907 617 2918 652 :
2948 599 3169 654 lmmola
3199 600 3305 655 Deo
3342 602 3509 656 sacri-

1931 683 2104 750 ﬁcium
2131 686 2333 751 laudis;
2371 687 2423 740 in
2451 689 2799 756 subsequenti
2825 705 2954 745 vero
2982 691 3279 759 subjunxit,
3314 689 3508 744 Pecca-

1932 773 2030 825 lori
2061 783 2229 826 autem
2257 775 2383 828 dixit
2414 775 2571 830 Deus.
2601 776 2805 831 Nosme
2844 789 3018 832 autem
3050 779 3182 834 ordo
3224 780 3506 835 locutionis

1933 865 2181 932 poscebat
2206 874 2262 918 ut
2292 865 2493 920 diceret
2519 885 2532 917 :
2563 866 2624 921 Si
2653 869 3012 932 esuriero,non
3036 870 3203 923 dicam
3230 871 3337 936 tibi,
3370 882 3498 937 etc.,

1931 960 2004 1018 et,
2029 952 2237 1006 imntola
2265 955 2394 1007 mihi
2417 956 2728 1024 sacriﬁcium
2753 957 2951 1020 laudis;
2975 971 3050 1023 et,
3070 961 3320 1027 peccatori
3343 963 3473 1015 dixit
3489 978 3507 1014 :

1934 1044 2104 1106 Quare
2133 1053 2184 1096 tu
2210 1048 2661 1116 enarrasjustitias
2700 1049 2880 1100 meas?
2912 1048 3063 1103 Unde
3093 1051 3148 1104 ﬁt
3181 1061 3238 1104 ut
3264 1067 3397 1106 unus
3427 1062 3508 1105 at-

1930 1149 2031 1202 que
2057 1134 2196 1187 idem
2239 1135 2304 1188 de
2331 1151 2390 1189 se
2417 1137 2659 1205 loquens,
2694 1138 2838 1193 velut
2863 1141 3081 1196 alterius
3111 1156 3391 1210 perseuam
3425 1145 3503 1197 vi-

1930 1225 2120 1279 deatur
2148 1228 2455 1293 innectere;
2505 1231 2646 1298 quod
2678 1229 2816 1284 inter
2858 1233 3069 1301 propria
3111 1233 3400 1302 Scriptura:
3425 1235 3507 1288 di-

1931 1315 2067 1370 vince
2096 1327 2239 1371 recte
2267 1329 2598 1373 numeratur.

2001 1409 2156 1462 Vers.
2193 1410 2278 1463 15.
2314 1408 2380 1463 Ει
2420 1412 2594 1466 invoca
2624 1431 2699 1468 me
2725 1416 2777 1468 iit
2808 1415 2890 1468 die
2920 1416 3261 1472 tribulationis
3288 1427 3417 1482 tute;
3457 1429 3508 1472 et

1931 1502 2143 1569 eripiam
2173 1510 2240 1567 te,
2271 1510 2318 1556 et
2351 1504 2698 1572 magniﬁcabis
2726 1522 2822 1559 nte.
2867 1507 3150 1576 Postquam
3194 1507 3328 1561 dixit
3358 1509 3500 1577 quali

1931 1591 2194 1645 sacriﬁcio
2220 1593 2539 1660 placaretur,
2564 1610 2705 1649 nunc
2734 1597 3018 1651 oblationis
3041 1599 3205 1667 ipsius
3230 1600 3506 1667 prmmium

1933 1682 2232 1750 pollicetur.
2267 1684 2517 1753 Praecipit
2547 1686 2713 1751 enim,
2743 1685 2933 1740 Invoco
2972 1705 3066 1754 me,
3102 1704 3168 1743 ne
3196 1691 3316 1757 quis
3357 1703 3505 1756 spem

232 1779 373 1832 orbi;
413 1793 555 1830 mea;
590 1792 698 1830 esse
737 1778 1022 1832 noscatur?
1069 1777 1338 1832 Plenitudo
1364 1783 1507 1845 eius,
1549 1781 1828 1834 diversiia-
1857 1783 1905 1842 Β
1934 1769 2151 1827 haberet
2179 1773 2234 1826 in
2264 1783 2476 1828 terreno
2506 1775 2721 1842 solatio,
2745 1775 2832 1828 ubi
2856 1777 3054 1830 caduca
3083 1791 3205 1832 sunt
3235 1778 3504 1847 universa,

232 1877 341 1922 tem
391 1866 663 1936 signiﬁcat
703 1875 1090 1922 creaturarum.
1140 1866 1328 1924 Cesset
1376 1883 1504 1939 ergo
1549 1869 1826 1925 hominum

246 1958 560 2013 sollicitudo
602 1957 874 2027 superﬂua
912 1958 980 2013 de
1008 1960 1265 2028 pecudum
1298 1960 1657 2016 immolatione
1690 1962 1828 2031 cogi-

228 2059 386 2115 tare;
433 2065 531 2105 cor
556 2050 702 2105 enim
747 2060 952 2105 rectum
981 2066 1077 2106 nos
1103 2051 1204 2106 sibi
1234 2051 1494 2107 Divinitas
1526 2055 1729 2108 mavult
1756 2055 1831 2109 of-

233 2140 400 2202 ferre,
433 2139 576 2194 unde
604 2147 660 2194 et
685 2139 1023 2210 cognoscitur
1053 2139 1371 2208 deliquisse;
1395 2152 1659 2211 quatenus
1685 2144 1827 2213 quod

232 2238 358 2283 ante
392 2229 492 2282 fuit
525 2228 754 2296 peccatis
790 2229 1222 2298 delinquentibus
1263 2230 1573 2297 horridum,
1604 2233 1828 2288 salutari

234 2321 326 2374 ﬁat
354 2321 741 2376 emundatione
772 2322 1140 2390 purissimum.
1175 2323 1240 2377 Et
1269 2333 1535 2379 memento
1557 2324 1698 2395 quod
1730 2340 1826 2394 per

232 2410 328 2466 bs
357 2411 658 2466 allusiones
686 2410 1184 2480 prtcdestinatorum
1214 2429 1494 2469 numerum
1538 2416 1825 2486 signiﬁcat,

232 2516 341 2556 non
390 2501 460 2557 de
505 2502 621 2556 sola
660 2501 938 2572 Synagoga
981 2502 1285 2560 Judaeorum
1312 2546 1328 2574 ,
1381 2505 1476 2561 sed
1515 2507 1584 2563 de
1622 2509 1829 2564 cunctis

229 2595 487 2664 gentibus
514 2608 636 2649 esse
663 2595 1063 2664 complendum.

313 2687 475 2741 Vers.
531 2687 620 2740 i3.
666 2685 914 2756 Nunquid
961 2688 1278 2742 manducabo
1328 2706 1506 2745 carnes
1541 2699 1828 2759 taurorum,

225 2787 319 2830 aut
351 2778 665 2845 sanguinem
703 2780 963 2831 hircorum
1002 2779 1205 2848 potabo.
1237 2781 1403 2848 Quam
1451 2781 1629 2836 multis
1658 2782 1831 2837 modis

228 2867 536 2922 voluntatis
569 2883 681 2922 suae
713 2867 964 2938 dignatur
988 2870 1214 2925 reddere
1237 2872 1522 2926 rationem.
1553 2874 1831 2939 Quomodo

223 2970 388 3029 grata
435 2968 595 3014 erunt
622 2974 738 3029 qua:
765 2976 870 3015 non
897 2971 1019 3015 sunt
1042 2964 1380 3017 necessaria?
1412 2964 1663 3029 Nunquid
1688 2965 1829 3019 Deus

224 3060 510 3102 taurorum
543 3051 774 3104 carnibus
806 3052 1059 3118 pascitur,
1089 3062 1178 3105 aut
1206 3055 1455 3122 sanguine
1483 3062 1692 3122 potatur
1716 3055 1826 3108 Ιιὶνο

1932 1870 1986 1915 et
2013 1863 2128 1930 plus
2159 1862 2367 1918 inﬁrma
2401 1864 2610 1919 solatia.
2638 1864 2704 1918 In
2729 1867 2810 1919 die
2840 1867 3176 1920 tribulationis
3198 1877 3312 1932 tuae,
3347 1869 3396 1921 id
3425 1877 3509 1923 est

1930 1954 2141 2022 quando
2191 1962 2239 2008 te
2273 1956 2410 2009 alter
2438 1956 2642 2025 afﬂigit,
2670 1973 2774 2012 non
2804 1973 2924 2011 cum
2969 1957 3239 2012 inimicum
3272 1956 3507 2013 evasisse

1932 2043 2212 2098 morderis.
2243 2044 2436 2099 Nostra
2467 2048 2609 2100 enim
2632 2048 2892 2101 tribulatio
2919 2047 3007 2103 illa
3029 2058 3110 2103 est
3135 2061 3251 2118 qua:
3283 2051 3508 2118 propriae

1929 2133 2119 2188 salutis
2148 2133 2432 2190 formidine
2461 2150 2768 2206 generatur,
2801 2152 2904 2193 non
2935 2154 3053 2208 quae
3083 2139 3376 2193 carnalium
3418 2154 3506 2192 re-

1930 2242 2048 2282 rum
2078 2229 2271 2283 timore
2301 2229 2635 2296 c0ncutitur;
2665 2231 2806 2285 sicut
2847 2231 2976 2285 dicit
3015 2231 3302 2301 Apostolus
3339 2248 3351 2283 :
3389 2230 3507 2283 Tri-

1930 2321 2069 2374 stitia
2099 2321 2230 2373 enim
2274 2336 2385 2390 quia
2414 2323 2694 2375 secundum
2728 2318 2895 2374 Deum
2935 2330 3030 2384 est,
3075 2323 3415 2391 pmnilcnliam
3457 2323 3509 2373 in

1930 2410 2147 2465 salutem
2169 2412 2402 2465 stabilem
2432 2422 2701 2482 aperatur;
2730 2413 2905 2466 surculi
2943 2423 3111 2466 autent
3144 2414 3348 2466 tristitia
3375 2428 3508 2466 utor-

1932 2513 2028 2558 tem
2060 2512 2302 2570 operatur
2328 2502 2414 2573 (II
2441 2505 2562 2561 Cor.
2587 2520 2678 2570 vn,
2714 2505 2826 2574 10).
2860 2504 3093 2574 Eripiam
3126 2517 3191 2571 te,
3221 2508 3367 2574 quasi
3398 2506 3504 2559 cir-

1932 2593 2237 2648 cumdatum
2270 2609 2299 2646 a
2325 2594 2641 2648 sotellitibus
2672 2594 2869 2649 diaboli
2901 2611 3107 2649 summa
3134 2595 3407 2650 celeritate
3447 2596 3510 2649 li-

1933 2684 2154 2738 berabo.
2184 2683 2251 2737 Et
2279 2684 2629 2755 magniﬁcabis
2657 2702 2771 2752 me;
2797 2701 3042 2756 maguum
3070 2702 3154 2741 me
3180 2688 3229 2740 iu
3250 2695 3506 2741 aeternum

1931 2789 2051 2828 esse
2084 2775 2419 2842 pronunties,
2450 2791 2608 2844 quem
2640 2786 2693 2829 et
2722 2791 2749 2827 a
2775 2791 2931 2844 paena
2962 2777 3152 2843 libero,
3186 2787 3240 2832 et
3270 2778 3320 2830 in
3355 2779 3506 2831 beata

1931 2870 2116 2938 requie
2147 2868 2444 2922 collocabo.
2495 2868 2645 2922 Hunc
2686 2880 2862 2923 autem
2896 2884 3109 2923 versum
3143 2869 3342 2937 ingenti
3386 2884 3507 2938 pro-

1932 2957 2189 3012 missione
2217 2958 2560 3021 ditissimum,
2590 2957 2803 3026 quidam
2835 2957 3018 3011 volunt
3045 2958 3109 3012 ad
3159 2958 3357 3013 ultimae
3387 2960 3507 3012 vita:

1933 3057 2127 3102 nostra:
2159 3057 2367 3116 tempus
2389 3057 2592 3117 aptare,
2611 3062 2731 3102 cum
2759 3048 2930 3102 anima
2958 3048 3026 3102 de
3056 3048 3154 3103 hac
3185 3050 3299 3104 luce
3325 3058 3507 3104 trans-

225 3143 456 3194 W?
484 3141 588 3195 sed
638 3151 854 3209 possunt
899 3143 1052 3197 nobis
1084 3144 1199 3199 haec
1230 3137 1824 3215 repudiataproﬁcere,
1858 3142 1901 3202 ρ
1933 3137 2049 3191 iens
2102 3138 2381 3207 spirituum
2422 3138 2814 3193 immundorum
2859 3141 3203 3195 contentione
3225 3142 3504 3207 turbatur;

222 3249 353 3286 cum
385 3233 504 3285 hac
529 3233 830 3302 acceperint
855 3233 1172 3303 indigentes,
1205 3251 1326 3290 cum
1356 3240 1826 3307 esuriens'pasca-

224 3336 350 3391 tor,
408 3325 597 3378 sitiens
629 3335 871 3392 potetur;
903 3337 956 3381 et
997 3328 1049 3380 in
1080 3330 1407 3397 pauperibus
1441 3330 1580 3384 Deus
1610 3331 1825 3400 accipit,

222 3430 352 3483 qua:
386 3414 490 3467 sibi
524 3415 576 3467 in
608 3415 886 3470 sacriﬁciis
916 3431 1020 3471 non
1055 3420 1313 3487 permittit
1343 3419 1541 3475 oﬂ'erri.

298 3506 471 3561 Vera.
507 3505 591 3559 Η.
627 3504 847 3560 Immola
879 3507 985 3561 Deo
1016 3510 1330 3573 sacriﬁcium
1360 3511 1562 3578 laudis,
1599 3522 1647 3567 et
1674 3515 1829 3568 redde

227 3597 505 3650 Altissimo
525 3605 638 3649 vota
670 3605 780 3649 tua.
810 3597 1076 3652 Hactenus
1103 3599 1236 3653 dixit
1260 3616 1378 3671 quae
1410 3604 1613 3672 respuit
1638 3645 1653 3668 ,
1687 3620 1829 3660 nunc

221 3687 365 3740 dicit
404 3686 493 3738 illa
521 3702 637 3755 qua!
667 3687 859 3756 poscit.
893 3688 1131 3758 Angusta
1163 3691 1380 3759 quidem
1413 3693 1465 3746 in
1498 3693 1674 3748 verbis
1706 3709 1829 3749 sen-

227 3777 411 3832 tentia
435 3817 449 3838 ,
496 3776 589 3831 sed
629 3791 792 3831 sensu
826 3778 1050 3833 multum
1096 3780 1348 3848 probatur
1387 3797 1508 3836 esse
1541 3783 1824 3838 latissima.

225 3868 372 3923 Nam
411 3867 528 3934 quis
554 3869 784 3922 immolat
817 3870 1129 3935 sacriﬁcium
1167 3873 1337 3928 laudis
1359 3915 1373 3938 ,
1404 3874 1504 3928 nisi
1533 3875 1680 3944 quia
1714 3886 1826 3931 ter-

225 3960 393 4013 renis
426 3957 565 4012 vitiis
603 3957 767 4013 fuerit
810 3972 1152 4030 segregatus;
1198 3964 1288 4032 qui
1333 3965 1562 4020 moritur
1603 3969 1825 4038 mundo,

223 4058 288 4104 ut
337 4049 524 4105 hostia
555 4049 643 4105 ﬁat
668 4050 921 4106 Christo?
965 4053 1078 4108 Non
1107 4058 1249 4110 enim
1281 4056 1454 4125 placet
1485 4059 1710 4114 Domino
1735 4103 1748 4128 ,
1780 4061 1826 4115 si

222 4140 438 4196 laudes
462 4139 574 4208 ejus
603 4143 770 4210 turpis
792 4157 1023 4210 persona
1055 4146 1332 4213 decantet;
1369 4161 1545 4204 actum
1579 4150 1830 4207 videlicet

217 4233 438 4303 quaerit
467 4234 822 4300 probabilem,
853 4251 960 4291 non
1003 4237 1341 4296 dulcisonam
1375 4258 1586 4298 vocem.
1616 4244 1829 4301 Sacriﬁ-

213 4336 431 4382 eemns
459 4339 584 4394 ergo
614 4325 868 4392 Domino,
899 4328 1168 4387 laudando
1198 4348 1299 4403 qua
1329 4336 1588 4404 sapientia
1635 4347 1826 4393 cuncta

214 4418 528 4484 disponat,
560 4432 658 4486 qua
688 4420 883 4486 pietate
912 4424 1284 4491 peccatoribus
1319 4437 1502 4495 parcat
1523 4471 1538 4496 ,
1571 4443 1673 4498 qua
1718 4431 1822 4483 for-

1933 3229 2075 3283 sicut
2121 3229 2314 3283 animas
2349 3228 2500 3299 [Ed.,
2534 3227 2749 3299 corpus]
2793 3229 2957 3299 Moysi
2989 3230 3178 3299 legitur
3218 3231 3505 3285 obviatum.

1933 3319 2070 3374 Ecce
2093 3334 2251 3389 quam
2283 3334 2442 3389 parva
2466 3323 2644 3390 petita
2670 3320 2820 3376 nobis
2850 3321 3124 3386 Dominus,
3146 3329 3253 3377 tam
3276 3322 3508 3392 ingentia

1933 3419 2298 3480 praestaturus.

2003 3510 2154 3564 Vers.
2191 3511 2276 3564 16.
2311 3509 2577 3565 Peccatori
2617 3521 2784 3565 autem
2827 3513 2954 3566 dixit
3000 3513 3135 3568 Deus
3173 3529 3191 3567 :
3242 3513 3414 3580 Quare
3454 3523 3509 3567 tu

1928 3619 2140 3656 enarras
2176 3603 2407 3672 justitias
2436 3618 2595 3667 meas,
2629 3613 2677 3657 et
2705 3607 2920 3657 assumis
2961 3614 3313 3658 testamentum
3343 3622 3511 3660 meum

1931 3711 2022 3759 per
2051 3709 2106 3746 os
2141 3693 2324 3746 luunt?
2357 3693 2580 3747 Ventum
2610 3706 2692 3748 est
2729 3694 2793 3747 ad
2823 3695 3029 3748 tertiam
3062 3698 3376 3762 setztionem,
3421 3695 3509 3749 tibi

1935 3784 2123 3837 iterum
2156 3784 2356 3852 Asaph,
2384 3782 2434 3836 id
2460 3794 2540 3837 est
2562 3784 2748 3837 devota
2779 3783 3052 3854 Synagom
3084 3785 3399 3854 reloquitur.
3445 3785 3514 3841 Et

1931 3874 2052 3942 quia
2084 3874 2330 3941 superius
2373 3872 2582 3927 dixerat
2611 3873 2867 3928 Dominus
2918 3874 3102 3928 laudes
3133 3876 3408 3928 hominum
3455 3875 3508 3928 in

1929 3963 2100 4018 vicem
2150 3963 2537 4017 sacriﬁciorum
2583 3977 2642 4017 se
2696 3979 2854 4032 posse
2897 3967 3209 4033 suscipere,
3261 3981 3326 4020 ne
3373 3966 3511 4022 forte

1931 4063 2240 4125 peccatores
2288 4055 2388 4110 hac
2439 4055 2792 4123 promissione
2841 4058 3026 4111 eonﬁsi
3074 4057 3509 4113 dicerent:Sols

1935 4149 2049 4202 laus
2079 4155 2134 4203 et
2160 4162 2266 4201 non
2303 4145 2595 4216 probabilis
2625 4147 2778 4201 nobis
2808 4148 2948 4201 actio
2973 4149 3312 4218 cognoscitur
3347 4150 3510 4217 impe-

1931 4247 2080 4304 rata;
2111 4237 2212 4292 hoc
2237 4239 2537 4292 necessaria
2565 4240 2772 4292 ratione
2798 4237 3051 4301 declarat,
3081 4239 3411 4308 prohibendo
3445 4257 3511 4296 ne

1929 4332 2106 4399 lingua
2140 4344 2325 4384 eorum
2359 4338 2705 4398 prazsunieret
2736 4315 2842 4384 Deo
2869 4330 3050 4384 laudes
3071 4345 3284 4397 canere,
3317 4332 3512 4402 quibus

1929 4420 2104 4488 turpis
2128 4421 2452 4475 conscientia
2484 4428 2695 4490 poterat
2719 4420 2958 4476 obviare.
2999 4420 3129 4488 Qua:
3173 4423 3339 4492 figura
3380 4424 3511 4478 dici-

214 4509 471 4562 situdine
491 4506 756 4564 diabolum
779 4511 977 4567 vincat.
1007 4513 1120 4568 Non
1150 4516 1290 4570 enim
1317 4517 1486 4572 solum
1511 4521 1821 4587 sacri/icium
1852 4499 1905 4559 Ῑ)
1933 4522 2018 4568 llll'
2047 4514 2434 4582 PercuﬂClnliO,
2469 4513 2519 4567 id
2564 4522 2649 4568 est
2690 4529 2807 4582 (illa?
2853 4513 3071 4568 amarius
3114 4529 3357 4583 Persona!
3403 4532 3510 4572 ηιιῐι

213 4596 532 4654 dicendum
559 4609 660 4667 est,
695 4602 834 4668 quod
867 4605 1097 4672 pecudes
1128 4616 1368 4672 mactat;
1402 4610 1495 4664 sed
1538 4624 1698 4667 omne
1735 4627 1823 4666 sa-

215 4711 398 4750 crum
426 4693 619 4747 factum
647 4695 788 4764 quod
817 4711 914 4751 nos
943 4698 1025 4766 pia
1056 4699 1259 4754 oblatio
1290 4704 1649 4758 commendat.
1691 4704 1822 4759 Vota

213 4799 456 4853 quoque
479 4785 647 4838 reddit
678 4785 956 4853 Altissimo,
988 4791 1074 4860 qui
1099 4791 1145 4845 ei
1179 4791 1303 4847 talia
1335 4792 1659 4848 immolando
1685 4811 1820 4865 prte-

215 4886 396 4948 parat
425 4877 599 4946 qualia
633 4881 893 4948 pr0pitius
931 4883 1045 4951 ipse
1076 4885 1334 4954 prmcipit.
1370 4887 1584 4941 Addidit
1617 4897 1730 4952 tua,
1767 4899 1823 4943 ut

218 4988 338 5026 non
365 4985 637 5040 qurereres
661 4971 902 5026 fortassis
917 4985 1193 5040 extranea,
1213 4986 1301 5030 aut
1321 4976 1525 5032 hircum
1547 4978 1817 5049 pinguem,

215 5075 322 5118 aut
354 5062 650 5116 vitulorum
690 5065 1001 5134 sanguinem
1023 5105 1036 5130 ,
1081 5075 1134 5120 et
1163 5077 1354 5122 caetera
1394 5083 1514 5137 qua:
1543 5079 1694 5124 extra
1726 5086 1823 5127 nos

221 5158 397 5229 167
456 5170 580 5210 esse
625 5157 1003 5213 intellectualis
1048 5159 1185 5213 ratio
1233 5163 1658 5230 comprehcndit.
1709 5163 1822 5218 Tua

217 5263 366 5301 vero
407 5246 596 5300 retulit
625 5246 688 5300 ad
719 5248 896 5302 cordis
923 5263 1207 5315 arcanum,
1250 5251 1390 5319 quod
1423 5252 1474 5305 in
1506 5255 1695 5309 anima?
1727 5271 1821 5324 pe-

215 5340 539 5394 netralibus
563 5338 726 5406 jacet,
753 5340 893 5407 quod
923 5353 1074 5394 extra
1101 5356 1204 5395 neu
1231 5342 1507 5410 quaeritur,
1529 5345 1669 5414 quod
1699 5361 1827 5415 pau-

216 5446 328 5498 per
360 5440 414 5482 et
446 5429 597 5482 dives
625 5430 901 5497 aequaliter
931 5431 1129 5486 habent
1155 5449 1168 5485 :
1201 5432 1288 5486 ubi
1319 5433 1488 5503 magis
1516 5435 1679 5490 ditior
1708 5451 1825 5505 ege-

215 5537 332 5574 nos
362 5530 477 5580 est;
505 5520 589 5572 ubi
615 5521 707 5575 ille
740 5521 908 5574 multo
930 5522 1122 5576 celsior
1151 5532 1253 5587 est,
1281 5525 1367 5594 qui
1399 5525 1560 5580 corde
1585 5527 1825 5582 noscitur

215 5611 554 5667 inclinatus.
578 5609 681 5664 Sed
704 5611 1103 5666 consideremus
1125 5613 1408 5679 subtiliter,
1434 5624 1487 5670 et
1516 5614 1824 5672 invenimus

217 5703 320 5755 his.
358 5715 574 5769 quoque
605 5701 834 5770 propria
863 5700 1145 5757 locutionis
1171 5717 1293 5761 esse
1318 5719 1512 5777 genus,
1545 5704 1686 5775 quod
1717 5705 1824 5762 elo-

1925 4607 2124 4673 patitur
2152 4612 2467 4674 exspectare
2497 4619 2832 4674 responsum.
2864 4603 3200 4659 luterdicitur
3229 4608 3368 4661 enim
3392 4621 3508 4662 seet-

1926 4698 2108 4752 leratis
2138 4712 2205 4752 ne
2233 4711 2292 4751 se
2322 4705 2645 4766 pra'sumunt
2681 4697 3018 4751 sermOuibus
3048 4699 3269 4752 miscere
3291 4699 3502 4754 divinis.

1924 4787 2028 4843 Sed
2057 4788 2218 4841 altius
2244 4787 2486 4852 intende,
2509 4788 2630 4856 quia
2658 4788 2725 4841 de
2756 4787 2858 4842 illis
2890 4789 3258 4855 peccatoribus
3296 4788 3395 4842 hoc
3423 4789 3496 4842 dir

1929 4879 2067 4932 citur
2096 4878 2182 4943 qui
2213 4878 2433 4932 interius
2463 4879 2859 4943 describuntur,
2889 4878 2955 4933 de
2987 4879 3176 4948 quibus
3202 4882 3275 4932 ait
3301 4897 3314 4932 :
3350 4879 3507 4934 lntel«

1928 4970 2069 5040 ligite
2100 4971 2225 5033 Ιιωε,
2251 4984 2419 5022 omnes
2438 4969 2524 5037 qui
2546 4968 2897 5023 obliuiscimini
2919 4969 3216 5023 Dominum.
3240 4971 3505 5025 Caeterum

1933 5065 2209 5120 conversis
2259 5079 2320 5118 ac
2363 5063 2742 5133 paenitentibus
2785 5063 2966 5117 laudes
2997 5081 3098 5117 non
3133 5065 3399 5118 interdicit
3428 5065 3507 5117 di-

1928 5157 2048 5210 vina
2081 5155 2387 5210 clementia.
2429 5153 2493 5209 lli
2522 5155 2662 5209 enim
2692 5155 2777 5223 qui
2806 5156 2966 5209 conte
2994 5155 3170 5209 durati
3199 5165 3340 5218 sunt.
3367 5158 3506 5211 etab

1929 5248 2188 5303 scelerum
2214 5261 2428 5300 suorum
2454 5246 2713 5316 pravitate
2739 5260 2843 5299 non
2866 5245 3137 5312 desinunt,
3156 5248 3505 5316 prohibentur

1932 5340 2142 5394 Domini
2166 5355 2382 5394 narrare
2403 5339 2659 5407 justitias,
2688 5337 2738 5391 id
2762 5346 2845 5391 est
2868 5339 2944 5392 vel
2969 5341 3232 5392 communi
3255 5353 3505 5393 sermone

1928 5431 2126 5500 aliquid
2160 5431 2226 5484 de
2257 5431 2342 5483 illa
2367 5429 2640 5498 Majestate
2670 5430 2942 5498 proferre;
2969 5430 3089 5497 quia
3118 5446 3176 5484 os
3203 5429 3362 5483 debet
3383 5444 3503 5483 esse

1922 5521 2130 5592 justum
2160 5521 2299 5590 quod
2329 5521 2562 5587 justitias
2587 5521 2797 5574 Domini
2816 5536 3067 5575 enarrare
3097 5520 3387 5589 praesumit.
3413 5521 3503 5575 Se-

1927 5611 2124 5682 quitur,
2143 5621 2200 5665 ut
2223 5625 2317 5664 nec
2335 5609 2706 5663 Testamentum
2731 5609 2895 5677 ipsius
2921 5608 3135 5676 indigna
3161 5611 3501 5678 praesumptio

1926 5712 2244 5774 contrectet,
2288 5717 2354 5758 ne
2385 5718 2478 5773 per
2501 5717 2560 5758 os
2591 5703 2904 5758 sceleratum
2934 5711 3092 5773 atque
3133 5702 3500 5774 blasphetnutn
