3956 6178
255 291 366 345 ὖὸἸ

1244 298 1608 356 EXI’OSITIO
1649 301 1709 356 IN
1754 299 2205 359 ινδλιυτεῐιιυδι.
2248 302 2444 361 PSAL.
2487 305 2548 360 ι.

3411 313 3519 369 558

245 403 588 460 obliviscitur
616 405 920 464 Dominum.
951 409 1018 464 Et
1050 409 1171 464 ideo
1198 411 1265 466 de
1294 413 1484 480 quibus
1511 411 1612 466 hoc
1634 411 1832 466 dictum
1865 419 1908 473 Α
1939 420 2115 466 stante
2155 412 2408 482 Domino,
2461 429 2784 484 cognoscere
2826 431 3152 472 mereamur.
3205 418 3270 476 Et
3294 421 3414 490 quia
3455 439 3517 478 se

248 497 345 565 sit,
379 497 529 552 brevi
575 501 946 566 complexione
991 505 1328 556 monstravit.
1367 503 1689 558 Immensum
1729 505 1837 557 cri-

250 602 398 652 men,
436 589 758 659 negligentia
788 608 892 644 non
918 593 1129 647 ferenda
1157 595 1380 648 oblivisci
1414 595 1707 658 Dominum,
1748 597 1835 664 qui

250 683 492 735 animam
523 683 688 747 dedit,
723 699 939 738 carnem
971 687 1160 755 pascit,
1189 700 1238 742 et
1275 690 1458 744 fideles
1486 690 1552 742 ab
1581 691 1721 742 omni
1747 690 1838 742 ad-

255 777 523 830 versitate
553 776 812 831 defendit.
845 779 1088 832 Amcutia
1121 790 1202 834 est
1227 793 1371 835 certe
1397 782 1543 834 illum
1581 782 1837 835 memoria

253 879 467 932 carere,
522 882 680 934 quent
732 879 1045 936 prmsentem
1096 886 1306 940 semper
1345 883 1547 926 constat
1578 873 1835 926 eximere.

253 955 359 1008 Sed
407 957 496 1021 qui
545 957 911 1011 obliviscuntur
966 961 1260 1028 Dominum,
1307 963 1406 1017 nisi
1437 965 1524 1033 qni
1573 974 1836 1034 praecepta

255 1050 426 1113 ipsius
450 1049 627 1116 iniqua
673 1054 1090 1122 prmsutnplione
1127 1056 1517 1108 contemnunt?
1541 1057 1795 1124 Sequitur
1821 1074 1832 1109 :

252 1139 549 1207 Nequando
581 1142 770 1207 rapiat,
811 1152 857 1194 et
885 1159 985 1196 non
1016 1143 1080 1196 sit
1111 1145 1198 1212 qui
1227 1146 1426 1215 eripiat.
1461 1146 1684 1212 Quando
1720 1145 1836 1198 dia-

251 1229 409 1282 bolus
441 1230 604 1297 rapit,
642 1243 720 1284 est
742 1233 829 1300 qni
862 1233 1053 1301 eripiat
1077 1235 1140 1286 ad
1173 1235 1398 1288 salutem
1432 1252 1447 1289 :
1497 1235 1709 1304 quando
1736 1236 1838 1288 Do-

250 1322 429 1375 minus
459 1321 526 1374 ad
560 1323 848 1378 vindictam
879 1325 1060 1389 trahit,
1094 1341 1196 1379 non
1224 1337 1304 1381 est
1336 1329 1423 1396 qui
1453 1328 1682 1381 liberare
1712 1342 1840 1395 pos-

249 1412 315 1463 sit
344 1412 653 1474 addictum;
687 1417 882 1480 quippe
920 1431 1038 1467 cum
1087 1426 1139 1470 et
1173 1419 1288 1486 ipse
1332 1429 1518 1471 auctor
1545 1418 1835 1471 criminum

249 1509 380 1552 a-tcr
403 1514 449 1551 ta
473 1501 804 1555 cruciatione
833 1505 1135 1558 damnetur.

322 1588 480 1643 Vers.
519 1590 609 1642 25.
658 1589 984 1658 Sacriﬁcium
1030 1593 1200 1645 laudis
1245 1593 1598 1661 honoriﬁcabit
1634 1613 1712 1650 me
1743 1611 1758 1648 :
1789 1605 1837 1649 et

248 1677 353 1728 illic
382 1678 482 1729 iter
527 1684 619 1742 est,
647 1679 700 1730 in
728 1694 829 1746 quo
868 1680 1130 1732 ostendam
1174 1681 1252 1733 illi
1295 1681 1519 1734 salutare
1549 1682 1664 1736 Dei.
1722 1683 1834 1737 Hoc

1941 514 2033 554 rex
2077 509 2134 554 et
2179 502 2459 570 praphcta,
2507 508 2643 558 sicut
2672 505 2876 574 Regum
2911 515 3136 561 testatur
3177 507 3400 565 historia
3425 510 3510 579 (ll

1939 592 2066 661 Reg.
2099 606 2195 656 ut,
2231 594 2342 662 15),
2385 595 2568 648 humili
2607 598 2966 650 satisfactione
3010 599 3164 669 139
3205 603 3515 668 prostravit.

1937 695 1993 739 et
2029 693 2307 752 peccatum
2359 700 2514 739 suum
2554 689 2884 752 increpatus,
2917 688 3127 756 publice
3169 705 3276 744 non
3305 693 3518 748 erubuit

1939 777 2210 840 conliteri;
2239 777 2430 829 merito
2452 791 2571 830 eum
2594 777 2916 831 sanctissimi
2941 779 3124 833 Patres
3144 780 3512 836 honorandum

1943 868 2263 935 ﬁguratione
2309 866 2668 920 sacratissima
2699 878 3037 922 oensuerunt.
3079 870 3220 925 inter
3261 870 3396 926 alios
3439 873 3515 926 si-

1939 958 2152 1025 quidem
2183 957 2368 1010 bcatus
2400 957 2752 1028 Hieronymus
2785 959 3048 1014 Bersabee
3075 960 3292 1028 figuram
3329 962 3512 1016 Eccle-

1940 1051 2056 1115 sim,
2113 1049 2198 1102 vel
2246 1050 2494 1103 humanm
2525 1051 2702 1104 carnis
2747 1051 2996 1105 habuisse
3047 1051 3378 1105 demonstrat
3420 1050 3512 1122 (In

1940 1139 2093 1190 Amos
2133 1153 2250 1208 cap.
2292 1153 2406 1202 vni,
2437 1155 2568 1192 vers.
2604 1140 2691 1206 14)
2727 1157 2739 1192 :
2777 1140 2937 1192 David
2970 1155 3121 1204 vero,
3154 1140 3292 1194 sicut
3334 1141 3515 1195 multis

1941 1227 2072 1279 locis
2101 1237 2310 1280 constat
2340 1238 2610 1296 aptatum,
2655 1230 2860 1282 Domini
2891 1228 3086 1283 Christi
3121 1240 3362 1296 portasse
3384 1230 3518 1284 dicit

1940 1315 2245 1384 imaginem.
2275 1317 2339 1370 Et
2365 1319 2496 1371 sicut
2524 1318 2639 1382 illa,
2672 1319 2794 1371 dum
2822 1320 2873 1371 in
2905 1318 3049 1373 fonte
3078 1321 3285 1374 Cedrun
3314 1322 3516 1376 lavare-

1941 1415 2044 1470 tur,
2077 1417 2233 1460 exuta
2267 1409 2505 1462 vestibus.
2561 1409 2725 1462 David
2777 1410 2993 1478 placuit,
3037 1421 3088 1465 ct
3117 1413 3181 1466 ad
3212 1416 3387 1482 regios
3434 1426 3516 1470 est

1941 1500 2213 1565 Compulsa
2245 1500 2428 1552 venire
2455 1501 2788 1566 complexus,
2820 1503 3145 1570 maritusque
3170 1506 3287 1572 ejus
3315 1506 3514 1572 princi-

1941 1590 2040 1656 pali
2065 1587 2302 1656 jussione
2345 1589 2635 1643 trucidatus
2659 1602 2740 1644 est
2767 1601 2792 1627 ι
2820 1609 2834 1657 ;
2875 1594 2942 1646 ita
2972 1603 3025 1647 et
3068 1594 3327 1654 Ecclesia.
3355 1597 3404 1649 id
3433 1605 3518 1651 est

1939 1683 2275 1751 congregatio
2306 1682 2536 1736 ﬁdelium
2569 1698 2662 1753 per
2706 1685 2969 1738 lavacrum
2999 1686 3135 1739 sacri
3175 1687 3508 1755 baptismatis

247 1775 435 1820 contra
486 1767 610 1820 illos
643 1770 873 1834 ponitur,
907 1770 996 1837 qui
1039 1770 1236 1839 indigni
1272 1770 1454 1825 laudes
1489 1773 1696 1826 Domini
1737 1789 1798 1827 ca
1865 1786 1908 1844 Β
1941 1772 2209 1826 mundatis
2239 1774 2486 1827 sordibus
2525 1783 2863 1841 peccatorum
2893 1774 3107 1828 Christo
3151 1776 3378 1830 Domino
3415 1793 3510 1830 no-

248 1871 379 1909 nere
433 1859 846 1924 pnsumebant.
895 1858 1221 1929 Sacrificium
1259 1862 1426 1916 laudis
1471 1862 1828 1932 honoriﬁcabit

249 1971 358 2017 rae;
389 1970 495 2008 non
534 1956 690 2023 quale
713 1957 958 2010 scelerati
990 1967 1204 2021 canunt,
1232 1957 1324 2012 sed
1350 1959 1504 2026 quale
1527 1973 1656 2028 pura
1686 1975 1835 2014 mens

249 2048 535 2101 consuevit
564 2047 777 2102 oﬂ‘erre.
812 2049 987 2118 Ipsum
1025 2051 1168 2104 enim
1195 2051 1504 2120 sacrificium
1546 2054 1714 2106 laudis
1740 2054 1836 2107 ho-

250 2147 410 2190 norat
460 2137 770 2205 Dominum,
813 2140 952 2208 quod
997 2141 1224 2209 puritate
1269 2141 1413 2206 ﬁdei,
1465 2152 1518 2196 et
1567 2146 1834 2198 actionum

250 2228 522 2295 probitate
551 2228 708 2283 fuerit
732 2231 1083 2285 immolatum.
1113 2231 1367 2302 Sequitur
1395 2248 1627 2302 quoque,
1654 2245 1701 2288 et
1730 2235 1838 2288 illic

248 2316 344 2368 iter
376 2327 476 2370 est.
513 2317 621 2371 lter
649 2319 878 2387 appellat
921 2320 1277 2375 beatissimam
1308 2323 1680 2391 psalmodiam.
1732 2326 1836 2380 Sed

249 2407 363 2460 hac
393 2409 478 2460 via
512 2409 599 2462 ubi
622 2409 782 2464 ducat
805 2413 1046 2480 exponit,
1085 2430 1184 2482 quo
1214 2413 1476 2468 ostendam
1503 2415 1584 2468 illi
1611 2417 1840 2471 salutare

250 2497 366 2553 Dei.
405 2498 658 2555 Gloriosa
699 2503 908 2568 semita,
953 2519 1072 2573 quae
1111 2504 1255 2560 ducit
1304 2506 1370 2559 ad
1417 2507 1542 2561 (τίεΙί
1577 2517 1841 2578 terraeque

247 2589 588 2646 Creatorem.
619 2593 811 2648 Verum
845 2594 983 2649 istud
1015 2595 1133 2660 iter,
1173 2596 1315 2664 quod
1357 2597 1558 2652 dictum
1600 2610 1700 2664 est,
1736 2616 1841 2655 non

249 2683 502 2752 pedibus,
557 2686 652 2740 sed
692 2687 894 2739 sanctis
940 2687 1209 2742 mentibus
1239 2687 1562 2743 ambulatur.
1605 2689 1757 2756 Quod
1796 2691 1842 2744 si

252 2791 388 2846 puro
414 2779 585 2831 corde
611 2778 936 2847 gradiantur.
970 2794 1067 2833 nos
1087 2780 1236 2835 ducit
1256 2779 1322 2834 ad
1344 2765 1612 2835 Christum
1633 2821 1648 2844 ,
1682 2781 1845 2849 ﬁtque

249 2869 403 2922 nobis
438 2870 527 2923 illa
568 2872 712 2925 scala
743 2871 910 2924 Jacob
961 2887 1078 2941 qua:
1121 2872 1476 2928 ascendentes
1518 2873 1847 2942 perducebat

247 2962 311 3014 ad
343 2962 516 3017 celos
546 2960 698 3032 (Gott.
727 2979 916 3028 xxvttt,
951 2964 1062 3033 12).

790 3075 1062 3128 Conclusio
1102 3073 1310 3146 psalmi.

318 3187 604 3244 Proﬁcuus
624 3191 843 3244 omnino
874 3190 1135 3260 psalmus,
1177 3193 1219 3244 si
1245 3205 1364 3244 eum
1392 3191 1554 3246 vellet
1588 3189 1842 3258 improbi.
1870 3160 1917 3224 c

250 3289 328 3334 tas
356 3295 694 3345 c0gnoscere
713 3280 1042 3335 Judtcornm.
1088 3279 1141 3334 ln
1173 3281 1444 3350 principiis
1467 3283 1608 3336 enim
1635 3282 1705 3337 de
1739 3283 1841 3334 Do-

250 3373 376 3425 mini
414 3372 795 3426 incarnatione
819 3373 1027 3427 Iocutus
1051 3381 1151 3428 cst.
1194 3374 1311 3442 Ipse
1350 3389 1563 3444 quoque
1601 3373 1845 3429 Salvator

249 3459 531 3524 admonet,
569 3469 626 3514 ut
652 3461 893 3516 victimas
916 3461 1176 3531 pecudum
1207 3463 1540 3525 deserentes.
1562 3465 1739 3520 cordis
1766 3480 1842 3518 sa-

250 3549 454 3603 criticis
491 3550 721 3619 populus
748 3551 976 3606 devotus
1017 3552 1276 3606 exsolvat.
1312 3553 1650 3609 Pcccatorem
1693 3570 1840 3621 vero,

251 3640 337 3709 qui
376 3639 608 3694 Christo
637 3656 740 3694 non
773 3642 1018 3707 credidit,
1064 3658 1094 3695 a
1139 3643 1513 3713 praedicatione
1546 3645 1842 3700 Divinitatis

253 3731 505 3787 exclusit.
539 3731 745 3788 Deinde
785 3738 941 3803 quale
967 3735 1289 3791 sacriﬁcium
1337 3737 1508 3792 laudis
1540 3738 1844 3794 immoletur

253 3825 514 3879 ostendit.
561 3824 897 3882 Postremum
932 3828 1380 3897 quemadmodum
1410 3841 1660 3900 peccator
1701 3831 1842 3901 judi-

251 3926 400 3970 cetnr
429 3917 663 3984 aperuit.
694 3916 829 3984 Quid
857 3917 1047 3985 adhuc,
1082 3918 1270 3982 Judaei.
1305 3920 1588 3990 desipitis?
1618 3922 1726 3976 Cur
1752 3938 1844 3976 ve-

252 4014 418 4059 strum
454 4007 732 4060 interitum
775 4025 879 4064 non
912 4010 1147 4064 timetis?
1187 4009 1379 4066 Audite
1412 4014 1744 4082 Synagogam
1775 4013 1842 4068 de

253 4095 628 4152 incarnatione
660 4099 872 4154 Domini
897 4111 952 4155 et
993 4101 1058 4157 de
1089 4104 1266 4156 futuro
1302 4103 1504 4173 judicio
1549 4119 1842 4173 personan-

253 4198 377 4242 tetn.
421 4191 611 4244 Visum
637 4192 747 4259 jam
779 4193 1003 4258 credite,
1026 4195 1117 4264 qui
1148 4195 1430 4266 praedictus
1456 4205 1539 4252 est
1565 4197 1836 4254 advenire.

250 4276 360 4331 Non
395 4289 529 4333 sunt
578 4280 734 4351 longe
782 4284 1015 4338 remedia
1061 4300 1179 4354 qua:
1222 4287 1436 4353 petatis,
1467 4302 1696 4358 sequens
1745 4305 1841 4346 vos

252 4370 494 4435 psalmus
512 4372 764 4438 absolvit,
787 4373 830 4426 si
853 4373 914 4428 ad
940 4376 1264 4444 put-nitentia:
1286 4378 1539 4432 beneficia
1559 4380 1836 4436 festinetis.

249 4461 383 4526 Quid
415 4476 516 4513 vos
547 4477 573 4511 a
612 4465 851 4532 generali
892 4465 1096 4521 medela
1126 4468 1397 4522 dividitisl
1431 4469 1604 4538 Ipsum
1648 4482 1700 4524 ct
1744 4488 1839 4527 vos

248 4553 414 4602 salvat
445 4551 596 4623 [ntss.
624 4552 924 4621 A..ll.,F.,
951 4557 1166 4630 solvat],
1191 4561 1328 4628 quod
1352 4568 1404 4613 ct
1426 4575 1522 4614 nos
1549 4562 1753 4615 liberat.
1781 4563 1836 4617 In

247 4655 539 4698 Commune
567 4645 805 4700 dicamus
849 4665 863 4701 :
914 4646 1157 4703 Miserere
1203 4652 1317 4712 mei,
1363 4648 1523 4718 Deus,
1562 4655 1839 4708 secundum

254 4749 499 4802 magnum
551 4736 950 4790 misericordiam
1001 4749 1163 4791 luant.
1213 4739 1539 4808 Baptismum
1589 4745 1836 4811 qumrile,

247 4837 468 4877 carnem
499 4841 659 4891 quam
686 4827 1030 4883 cruciﬁxistis
1048 4832 1325 4894 assumite,
1348 4832 1654 4900 sanguinem
1678 4851 1836 4903 quem

251 4914 465 4966 fudistis
489 4915 712 4970 ebibite.
753 4918 838 4971 l’ia
870 4919 1138 4973 confessio
1179 4930 1347 4989 potest
1372 4922 1675 4992 absolvere,
1701 4925 1841 4994 quod

252 5019 370 5061 vota
396 5017 610 5063 constat
635 5011 793 5079 impia
821 5015 1176 5069 commisisse.

589 5123 945 5179 EXI’OSI'I‘IO
986 5127 1048 5179 IN
1093 5126 1415 5183 PSALMUM
1461 5129 1519 5184 L.

249 5226 315 5284 Ia
341 5233 517 5299 ﬁnem,
569 5235 795 5300 psalmus
844 5235 1026 5299 Dauid,
1059 5252 1174 5289 eum
1221 5239 1354 5290 venit
1384 5240 1453 5290 ad
1478 5256 1594 5293 eum
1625 5239 1837 5297 Nathan

517 5306 782 5373 propheta,
806 5321 925 5359 cum
955 5309 1164 5361 intravit
1195 5309 1261 5361 ad
1295 5309 1560 5363 Bersabee.

322 5416 516 5482 Opera
537 5419 764 5486 pretium
793 5428 878 5472 est
900 5420 1039 5474 hunc
1063 5420 1324 5487 psalmum
1349 5422 1504 5489 paulo
1524 5422 1836 5493 diligentius

252 5508 613 5572 perscrutari;
641 5517 695 5561 ut
725 5510 933 5565 virtutis
963 5510 1079 5580 ejus
1103 5512 1360 5579 profunda
1393 5513 1667 5582 mysteria,
1700 5531 1836 5584 pra:-

1939 1867 2107 1916 scitur
2155 1878 2274 1917 esse
2331 1864 2551 1917 sociata.
2596 1864 2898 1932 Congruum
2949 1865 3211 1935 siquidem
3261 1868 3356 1921 fuit
3407 1867 3514 1920 illis

1940 1954 2286 2021 temporibus,
2337 1962 2396 2007 ut
2444 1969 2538 2022 per
2591 1961 2764 2008 actum
2816 1955 3114 2024 hujusmodi
3153 1957 3514 2011 iudicarentur

1941 2046 2149 2099 Domini
2183 2045 2358 2100 futura
2386 2047 2671 2117 mysteria;
2713 2057 2766 2101 et
2795 2047 3140 2116 spiritualiter
3169 2049 3233 2103 ad
3266 2065 3515 2119 magnum

1941 2148 2332 2192 sacramentum
2367 2139 2684 2208 probaretur
2707 2139 2914 2206 referri,
2939 2140 3078 2211 quod
3109 2142 3247 2196 inter
3274 2143 3519 2199 homines

1941 2228 2280 2296 cnlpabiliter
2304 2229 2580 2282 videbatur
2601 2229 2826 2284 admitti.
2855 2229 2986 2283 Nam
3009 2239 3062 2285 et
3087 2230 3222 2286 Osee
3247 2237 3519 2300 pr0phetze

1936 2316 2096 2386 jussit
2129 2317 2267 2371 Deus
2303 2334 2522 2372 uxorem
2549 2319 2651 2372 sibi
2681 2321 2922 2388 accipere
2944 2322 3280 2377 meretricem
3306 2322 3451 2391 (Ose.
3478 2339 3515 2392 ι,

1941 2410 2031 2478 2);
2065 2420 2120 2464 ut
2155 2410 2550 2481 signiﬁcaretur
2594 2411 2831 2466 Ecclcsia
2864 2415 3097 2482 gentium
3132 2416 3363 2484 peccatis
3408 2417 3520 2470 suis

1944 2498 2186 2565 sordida,
2235 2499 2610 2568 conjunctione
2641 2500 2846 2554 Domini
2881 2517 3001 2557 esse
3040 2505 3360 2558 mundanda.
3411 2505 3520 2560 Hoc

1944 2589 2101 2643 etiam
2135 2589 2184 2642 in
2211 2590 2343 2644 Juda
2373 2600 2428 2644 et
2449 2589 2682 2643 Thamar
2710 2607 2842 2644 nuru
2872 2593 3012 2660 ejus,
3058 2592 3143 2647 vel
3174 2593 3291 2647 aliis
3329 2594 3521 2648 simili-

1946 2677 2044 2731 bus
2074 2690 2279 2750 gestum
2312 2694 2431 2733 esse
2463 2678 2752 2749 figuraliter
2773 2682 3103 2748 invenimus;
3129 2683 3262 2738 sicut
3291 2687 3521 2753 Aposto-

1948 2773 2032 2828 lus
2064 2776 2191 2830 dicit
2224 2791 2238 2827 :
2288 2774 2472 2828 Omnia
2502 2777 2554 2828 in
2585 2776 2752 2844 figura
2787 2777 3140 2847 contingebant
3179 2779 3281 2832 illis
3319 2779 3370 2848 (1
3396 2779 3516 2834 Cor.

1948 2885 2002 2934 ι,
2038 2869 2152 2937 ll).
2195 2869 2270 2922 De
2301 2868 2400 2922 hac
2425 2870 2584 2922 etiam
2616 2869 2778 2937 figura
2813 2870 2974 2922 David
3007 2880 3058 2924 et
3107 2871 3370 2926 Bersabee
3396 2889 3520 2926 san-

1949 2967 2066 3010 ctus
2108 2957 2431 3024 Augustinus
2472 2959 2522 3010 in
2569 2958 2713 3012 libris
2752 2971 2888 3026 quos
2933 2958 3216 3014 adversum
3266 2959 3516 3016 Faustum

1951 3048 2300 3102 lanichmum
2330 3051 2541 3118 scripsit
2564 3050 2680 3118 (lib.
2710 3065 2840 3112 ιλιι,
2871 3067 2987 3116 cap.
3011 3051 3122 3121 87),
3155 3054 3290 3106 ittter
3315 3055 3414 3108 alia
3436 3055 3518 3109 div

1950 3139 2298 3209 ligentissime
2343 3140 2654 3209 disputavit.
2722 3140 2873 3195 Unde
2912 3141 3026 3196 sive
3056 3142 3156 3196 ista
3201 3144 3516 3208 similitudo,

1948 3231 2062 3285 sive
2105 3231 2207 3284 alia
2258 3228 2438 3296 fuerit,
2477 3233 2632 3286 valde
2669 3232 2867 3285 mundo
2910 3233 3128 3301 profuit,
3161 3237 3299 3303 quod
3343 3236 3520 3290 taliter

1945 3322 2320 3377 satisfacturos
2344 3323 2579 3387 erravit;
2615 3333 2670 3377 ut
2706 3324 2772 3378 de
2803 3326 2960 3378 unius
2988 3329 3268 3395 temporali
3300 3329 3520 3384 vulnere

1945 3417 2270 3484 generalitas
2298 3425 2554 3471 aeternam
2579 3427 2815 3472 sumeret
2834 3419 3163 3487 sospitatem.

2013 3509 2241 3575 Quanta,
2273 3523 2423 3578 rogo,
2449 3509 2606 3564 beato
2640 3511 2754 3563 viro
2795 3511 2846 3564 in
2895 3513 3163 3580 agnitione
3207 3515 3376 3582 culpa:
3405 3530 3518 3571 sua

1946 3596 2044 3652 fuit
2075 3597 2370 3663 humilitas,
2399 3600 2483 3652 ctti
2519 3609 2662 3652 tanta
2697 3609 2779 3654 est
2824 3610 2944 3669 post
2991 3603 3197 3656 veniam
3226 3605 3278 3657 in
3309 3605 3521 3659 satisfa-

1943 3688 2124 3743 ctione
2182 3689 2523 3743 constantial
2580 3689 2922 3759 Peregrinum
2985 3700 3040 3746 et
3089 3693 3357 3747 insolitum
3412 3695 3522 3750 illic

1944 3781 2189 3835 adulterii
2223 3781 2387 3836 fuisse
2427 3781 2627 3835 crimen
2658 3783 2976 3849 ostenditur,
3008 3784 3149 3854 qttod
3183 3794 3324 3839 tanta
3369 3801 3519 3840 men-

1945 3873 2013 3926 tis
2043 3874 2336 3928 intentione
2375 3873 2620 3928 defletur.
2671 3874 2918 3929 Latronis
2943 3878 3158 3945 quidem
3192 3893 3289 3933 nos
3332 3880 3520 3935 invitat

1943 3965 2216 4030 repentina
2269 3963 2563 4028 confessio,
2612 3965 2750 4020 Petri
2797 3967 3057 4038 lacrymas
3109 3971 3285 4024 subito
3321 3973 3516 4041 gaude-

1943 4070 2060 4107 mus
2099 4055 2258 4108 fuisse
2305 4063 2598 4122 respectas,
2653 4056 2918 4110 blanditur
2949 4059 3100 4112 nobis
3145 4071 3516 4116 momentanea

1943 4142 2216 4196 humilitas
2243 4145 2536 4212 publicani;
2565 4145 2732 4198 David
2763 4155 2964 4211 autem,
3011 4149 3138 4201 dum
3164 4163 3260 4203 sua
3302 4163 3516 4218 peccata

1942 4234 2133 4287 nititur
2157 4235 2414 4302 prolixius
2453 4234 2750 4304 detergere,
2779 4237 2926 4290 dedit
2959 4239 3098 4292 unde
3123 4255 3182 4293 se
3199 4243 3517 4309 generalitas

1941 4328 2105 4397 possit
2135 4327 2456 4391 absolvere;
2485 4328 2716 4398 fecitque
2743 4340 2798 4382 ut
2829 4330 3078 4401 lacrymze
3105 4346 3235 4396 suae,
3266 4335 3391 4387 dum
3423 4350 3516 4404 per

1943 4417 2299 4485 posteriorum
2349 4431 2442 4471 ora
2472 4417 2781 4483 decurrunt,
2825 4420 2970 4473 nulla
3004 4425 3258 4490 temporis
3298 4425 3517 4492 prolixi-

1869 4537 1918 4597 D
1944 4515 2055 4560 tate
2081 4506 2370 4560 siccentur.
2403 4506 2814 4562 Consideremus
2839 4509 2997 4562 etiam
3025 4526 3141 4579 qua:
3163 4512 3321 4567 fuerit
3344 4513 3517 4570 bnmi-

1941 4597 2138 4652 litasin
2181 4599 2460 4667 propheta.
2508 4596 2615 4652 Cor
2665 4600 2918 4667 principis
2971 4615 3071 4656 vos
3118 4607 3267 4672 quasi
3313 4607 3516 4674 privata

1940 4691 2258 4756 conterruit,
2291 4697 2344 4742 et
2371 4689 2536 4742 iratus
2567 4698 2648 4742 est
2689 4691 2864 4758 potius
2906 4692 3029 4758 sibi,
3060 4694 3150 4762 qui
3184 4709 3244 4749 se
3269 4698 3518 4766 cognovit

1937 4779 2078 4849 justa
2118 4779 2486 4850 objurgatione
2527 4781 2747 4850 culpari.
2801 4783 2930 4836 Tam
2973 4784 3264 4853 ingentium
3296 4788 3516 4854 p0pnlo-

1940 4885 2062 4925 rum
2087 4881 2264 4925 rector
2283 4872 2381 4925 sibi
2412 4881 2528 4926 erat
2548 4871 3047 4929 vehementissimus
3075 4884 3264 4943 tortor,
3294 4880 3514 4948 exigens

1943 4979 1973 5017 a
1998 4980 2056 5019 se
2081 4980 2265 5034 pinnas
2293 4980 2424 5034 quas
2466 4967 2707 5034 jussione
2749 4969 2835 5021 vix
2889 4969 3028 5023 ferre
3075 4979 3278 5034 poterat
3314 4973 3510 5027 aliena.

1948 5055 2118 5126 Vulgo
2148 5071 2264 5109 mos
2292 5065 2372 5110 est
2400 5065 2612 5124 peccata
2643 5071 2736 5112 sua
2765 5059 2971 5114 callidis
2991 5061 3394 5130 allegationibus
3424 5079 3516 5117 ex-

1941 5161 2132 5200 cusare
2149 5163 2162 5209 ;
2177 5162 2272 5201 rex
2296 5155 2470 5200 autem
2492 5148 2891 5216 potentissimus
2907 5151 2956 5203 in
2969 5161 3256 5220 conspectu
3273 5155 3514 5209 omnium

1940 5253 2002 5293 se
2030 5239 2204 5308 potius
2233 5240 2393 5308 elegit
2417 5240 2664 5294 addicere
2689 5259 2701 5293 :
2731 5241 3059 5296 constituens
3085 5258 3146 5298 se
3169 5258 3338 5308 reum,
3361 5245 3516 5314 cujus

1942 5341 2292 5385 consueverat
2321 5331 2544 5398 populus
2569 5331 2859 5388 formidare
2879 5332 3156 5402 judicium.
3176 5337 3514 5408 Quapropter

1945 5423 2064 5476 ideo
2089 5436 2117 5474 a
2141 5421 2366 5478 Domino
2395 5421 2601 5478 absolvi
2631 5425 2846 5490 meruit,
2871 5426 2994 5493 quia
3015 5441 3108 5479 sua
3131 5428 3258 5481 vitia
3289 5444 3394 5482 non
3417 5430 3514 5485 de-

1946 5512 2131 5568 fendit.
2163 5513 2208 5567 0
2251 5523 2463 5582 peccata
2499 5513 2553 5570 in
2583 5515 2744 5572 rebus
2771 5514 3059 5572 laetissimis
3097 5517 3216 5588 plus
3253 5522 3510 5578 cavenda.

327 5675 353 5700 ⁸
397 5664 517 5731 Εὐ..
543 5667 596 5719 in
619 5668 726 5720 loco
753 5685 851 5734 quo
873 5670 933 5722 ab
968 5670 1188 5723 hostibus
1220 5672 1554 5738 perimeretur
1583 5673 1892 5726 constitutus
1919 5683 2015 5726 est.
