3982 6184
407 291 512 348 359

1595 275 1667 329 Μ.
1707 269 1986 328 AURELII
2023 264 2427 324 CASSIODORI

3561 245 3666 302 560

410 412 466 467 ln
497 406 670 465 Saulis
697 401 1069 476 persecutione
1109 406 1424 451 numerosas
1455 391 1678 446 virtutes
1721 387 1983 450 exercuit,
2010 387 2058 445 Α
2087 393 2208 440 ctus
2229 383 2309 437 vir
2333 378 2602 447 explicare
2632 390 2735 430 non
2773 378 3020 444 poterat;
3045 365 3140 424 sed
3166 364 3316 420 facile
3341 377 3435 434 per
3456 375 3575 416 eam
3605 374 3668 414 se

407 505 496 574 qui
545 501 747 571 positus
789 496 841 550 in
885 491 1036 560 regni
1067 487 1356 544 securitate
1398 482 1654 552 peccavit.
1702 479 1818 548 Quo
1848 476 1988 531 facto

411 597 666 652 docemur
694 588 1003 643 felicitatem
1054 579 1237 636 mundi
1279 578 1431 632 istius
1457 590 1564 630 non
1591 579 1839 641 Oportere
1869 583 1989 637 per-

417 687 578 758 quiri,
627 680 840 751 quando
885 675 1053 743 magis
1097 674 1148 729 in
1181 669 1477 724 afflictione
1526 664 1820 734 proficitur.
1843 669 1899 714 et
1937 660 1991 712 in

418 751 775 848 prosperitate
805 778 1074 839 peccatur.
1105 763 1410 819 Meminisse
1438 767 1614 812 autem
1652 755 1910 810 debemus
1937 751 1992 806 in

417 872 517 924 hoc
543 866 748 937 psalmo
775 872 973 917 statum
997 872 1136 922 esse,
1171 854 1262 924 qui
1289 854 1485 908 dicitur
1512 848 1812 905 concessio;
1853 843 1996 898 Con-

412 964 584 1020 cessio
611 968 694 1015 est
723 958 891 1021 enim,
919 968 1039 1006 cum
1068 965 1191 1005 reus
1222 963 1328 1002 non
1374 946 1424 1001 id
1469 942 1612 1014 quod
1651 939 1778 995 fecit
1821 937 1994 1006 aliqua

413 1051 809 1110 concertatione
830 1043 1090 1110 defendit,
1115 1039 1210 1096 scd
1241 1047 1301 1093 ut
1325 1039 1629 1107 ignoscatur
1655 1029 1883 1100 postulat
1911 1026 1998 1082 ab-

415 1146 608 1199 solute.
641 1137 793 1206 and
831 1131 1157 1204 generaliter
1204 1129 1257 1181 in
1294 1123 1544 1180 omnibus
1575 1118 1794 1190 psalmis
1828 1114 2001 1186 paeni-

420 1236 640 1291 tentium
668 1227 892 1297 reperiri
920 1239 1080 1294 posse
1110 1235 1214 1274 non
1243 1218 1468 1272 dubium
1495 1223 1598 1268 est.

988 1336 1183 1393 Divisio
1221 1332 1427 1405 psalmi.

496 1465 741 1532 Quinque
791 1455 1043 1513 membris
1082 1452 1225 1505 hunc
1267 1446 1528 1517 psalmum
1569 1451 1802 1509 congrua
1846 1433 2003 1490 nimis

423 1555 742 1626 respicimus
769 1546 1120 1617 dispositione
1151 1541 1434 1594 {armatum
1457 1552 1471 1598 ;
1497 1541 1575 1597 ut,
1599 1531 1732 1584 sicut
1761 1525 2005 1596 quinario

424 1617 581 1704 sensu
607 1652 886 1716 peccatum
917 1650 1074 1690 omne
1100 1631 1389 1700 colligitur,
1415 1627 1493 1680 sic
1515 1623 1732 1678 totidem
1766 1617 2004 1689 partibus

2089 475 2342 532 credebat
2368 471 2592 533 absolvi,
2609 483 2702 538 per
2723 481 2880 535 quam
2909 464 3200 517 humanum
3223 470 3389 526 genus
3411 453 3519 521 jam
3542 461 3670 504 tunc

2089 565 2446 634 cognoscebat
2468 575 2624 631 pose
2652 556 2888 613 liberari.
2920 553 3070 622 Quod
3102 561 3275 604 autem
3300 545 3436 601 dixit
3464 562 3478 598 :
3513 543 3672 598 Mise-

2091 673 2201 711 rere
2221 657 2342 722 mei,
2361 655 2516 717 Deus,
2535 650 2810 706 secundum
2827 660 3068 716 magnam
3084 639 3483 695 misericordiam
3500 645 3672 697 tuam;

2098 755 2469 817 argumentum
2501 751 2584 797 est
2604 743 2647 796 A
2678 737 3014 808 conjugatis:
3046 730 3273 787 misereri
3302 729 3467 789 enim,
3506 739 3536 778 a
3573 724 3673 778 mi-

2096 815 2402 894 sericordiae
2453 835 2598 887 fonte
2639 827 2938 885 descendit.
2988 824 3259 891 Sequitur,
3309 827 3355 872 et
3396 815 3678 870 secundum

2095 927 2477 982 multitudinem
2521 922 2902 976 miserationum
2948 926 3153 968 tuarum
3202 909 3313 963 dele
3359 906 3678 976 iniquitatem

2097 1035 2282 1073 meam.
2310 1017 2447 1084 Quid
2481 1031 2584 1068 non
2618 1019 2830 1082 pcterat
2857 1009 3008 1073 dare,
3055 1002 3263 1074 quando
3293 997 3586 1055 secundum
3617 1009 3678 1049 se

2099 1110 2357 1164 Dominus
2387 1105 2672 1174 rogabatur
2699 1097 3012 1170 ignoscere?
3047 1093 3202 1166 170
3230 1087 3509 1147 Multitudo
3535 1090 3679 1140 enim

2102 1199 2450 1270 indulgentiae
2469 1196 2686 1264 divinat,
2701 1188 3118 1262 magnitudinem
3139 1192 3472 1253 peccatorum
3495 1192 3684 1246 quam—

2104 1294 2236 1348 libet
2274 1298 2598 1358 exsuperat;
2655 1299 2754 1340 nec
2801 1281 3015 1337 valebat
3064 1277 3315 1332 delictum
3367 1272 3679 1342 percellere,

2105 1391 2291 1438 contra
2313 1379 2454 1449 quod
2496 1377 2774 1447 petebatur
2812 1383 2960 1426 tanta
2985 1366 3350 1425 misericordia
3374 1363 3682 1418 subvenire.

2108 1471 2260 1540 Quod
2304 1477 2676 1539 argumentum
2721 1465 2919 1519 dicitur
2961 1463 3005 1516 Α
3062 1468 3211 1529 parte
3261 1455 3470 1527 majori.
3522 1455 3687 1508 Multo

2107 1564 2248 1619 enim
2283 1561 2456 1632 major
2504 1568 2587 1614 est
2615 1554 2966 1611 misericordia
3005 1550 3236 1616 Domini,
3269 1547 3512 1618 quamvis
3557 1559 3686 1614 pec-

2109 1664 2224 1708 cata
2275 1662 2455 1708 nostra
2510 1650 2793 1705 videantur
2849 1645 3105 1716 ingentia.
3155 1642 3409 1698 Precatur
3456 1653 3584 1709 ergo
3633 1636 3687 1692 in

425 1745 703 1794 commota
747 1730 1000 1799 iniquuas
1048 1724 1314 1793 “piem”
1367 1719 1544 1773 Prima
1589 1723 1695 1811 esi
1716 1712 2005 1811 δωξδῖπιξο
2034 1751 2081 1811 Β
2109 1745 2362 1801 omnibus
2382 1742 2592 1798 delictis
2619 1742 2730 1797 suis
2753 1712 2965 1809 pietatis
2990 1734 3384 1792 multitudinem
3408 1751 3423 1799 ;
3447 1733 3569 1801 quia
3595 1746 3693 1799 per

426 1827 823 1900 perfectissimze
857 1819 1188 1875 humilitatis.
1241 1811 1486 1869 Secunda
1522 1806 1846 1864 confidentia
1889 1804 1999 1858 mi-

426 1895 730 1974 sericordiae
763 1911 990 1974 Domini,
1022 1922 1178 1975 quam
1212 1903 1397 1958 fideles
1422 1914 1634 1968 semper
1663 1895 1858 1950 habere
1885 1908 2006 1962 pro-

429 2014 621 2066 licunm
647 2018 750 2062 est.
791 2005 972 2059 Tertia
1014 2001 1232 2070 petitur,
1263 2005 1321 2051 ut
1365 2010 1394 2049 a
1436 1991 1668 2063 peccatis
1698 1989 1816 2058 ejus
1853 2001 2008 2042 suum

433 2103 688 2157 Dominus
710 2104 915 2152 avertat
940 2102 1238 2162 aspectum,
1283 2087 1375 2142 sed
1413 2087 1586 2155 ipsum
1616 2081 1790 2150 potius
1828 2086 2010 2133 sancta

432 2195 671 2249 Trinitas
701 2190 948 2243 miserata
978 2181 1242 2250 respiciat.
1287 2179 1484 2244 Quarta
1516 2171 1788 2242 subjungit
1826 2181 2013 2223 omnes

439 2286 746 2351 peccatores
766 2274 830 2328 ad
857 2271 1182 2328 desiderium
1207 2262 1605 2335 supplicationis
1628 2261 1795 2328 magis
1814 2273 1875 2311 ac
1897 2272 2012 2310 ma-

435 2347 516 2440 gis
530 2365 867 2429 animandos,
881 2363 924 2416 si
943 2360 1257 2427 tamjngens
1273 2355 1351 2408 illi
1368 2351 1730 2408 remitteretur
1743 2347 2011 2415 iniquitas.

435 2439 624 2527 Quinta
657 2465 808 2526 parte
854 2466 1014 2507 causa
1070 2452 1396 2503 memoratur
1443 2439 1718 2504 Ecclesiae,
1759 2452 1878 2506 quae
1921 2449 2016 2502 per

435 2550 553 2621 ejus
593 2556 704 2602 erat
736 2559 919 2599 semen
959 2540 1188 2595 adventu
1239 2533 1449 2589 Domini
1488 2528 1885 2586 construenda:
1929 2523 2016 2579 ubi

436 2617 543 2715 jam
585 2643 736 2696 latus
772 2638 931 2690 altari
979 2635 1097 2703 ejus
1137 2627 1437 2685 offerendos
1475 2623 1668 2677 vitulos
1716 2617 2016 2689 pollicetur.

442 2733 531 2790 Sic
557 2743 611 2787 et
641 2728 954 2799 supplicatio
995 2725 1186 2779 devota
1216 2715 1572 2782 concluditur,
1602 2723 1656 2768 et
1679 2717 1914 2766 ventura:
1934 2720 2020 2762 sa-

439 2825 564 2879 lutis
585 2820 772 2892 gaudia
802 2815 1132 2872 nuntiantur.

975 2923 1244 2996 Expositio
1273 2917 1485 2992 psalmi.

514 3046 669 3101 Vers.
699 3042 751 3096 l.
799 3039 1040 3094 Miserere
1093 3034 1209 3102 mei,
1255 3030 1418 3092 Deus,
1463 3024 1740 3082 secundum
1784 3034 2026 3091 magnam

447 3134 854 3192 misericordiam
880 3140 1040 3184 tuam.

521 3228 675 3282 Vers.
705 3225 760 3278 ἓ.
801 3222 865 3276 Et
905 3218 1181 3274 secundum
1228 3210 1604 3268 multitudinem
1649 3203 2028 3260 miserationum

453 3332 658 3374 tuarum
682 3315 794 3368 dele
818 3312 1132 3381 iniquitatem
1151 3321 1336 3359 meam.
1359 3301 1470 3356 Rex
1495 3299 1586 3353 ille
1606 3293 2027 3368 potentissimus,

451 3421 505 3466 et
529 3407 814 3464 multarum
844 3401 1080 3472 gentium
1108 3397 1279 3451 victor
1313 3391 1582 3462 egregius,
1604 3400 1724 3441 cum
1763 3398 1823 3438 se
1851 3381 2032 3435 audis-

453 3511 537 3557 set
566 3517 593 3552 a
626 3497 848 3551 Natham
880 3491 1132 3561 propheta
1157 3482 1424 3552 redargui,
1448 3486 1721 3549 peccatum
1747 3486 1902 3528 suum
1924 3484 2030 3523 non

455 3588 669 3644 erubuit
697 3560 903 3651 publice
939 3576 1201 3632 conﬁteri.
1231 3586 1331 3627 nec
1354 3571 1419 3623 ad
1450 3567 1642 3622 noxias
1668 3560 2036 3619 excusationes

455 3675 708 3740 cucurrit,
738 3673 803 3727 ad
832 3684 965 3740 quas
1003 3666 1235 3722 maxime
1277 3659 1556 3730 impudens
1595 3655 1811 3712 festinat
1844 3651 2032 3706 buma-

457 3774 632 3833 nitas;
681 3766 778 3822 sed
825 3772 1046 3834 repente
1090 3755 1311 3813 salutari
1365 3752 1666 3808 humilitate
1711 3753 2036 3818 prostratus,

456 3865 637 3933 ipsum
663 3875 720 3913 se
758 3855 991 3911 oﬂ‘erens
1021 3851 1154 3914 Deo,
1189 3853 1508 3916 purpuratus
1538 3841 1804 3912 ptenitens
1835 3836 1935 3906 piis
1962 3834 2039 3889 la-

461 3925 657 4024 crymis
687 3944 1026 4016 supplicavit.
1063 3939 1263 3996 Fidelis
1290 3937 1432 3993 enim
1459 3947 1647 3989 servus
1671 3945 1777 3986 non
1816 3925 2042 3983 assumit

466 4020 694 4098 callosas
723 4037 952 4102 inficias,
975 4034 1070 4089 sed
1092 4033 1200 4088 cito
1230 4029 1479 4098 intelligit
1516 4027 1802 4082 commissa
1825 4020 2041 4076 delicta.

462 4135 704 4192 Mirabile
736 4130 976 4187 initium!
1010 4125 1245 4183 Dicendo
1265 4124 1410 4179 enim
1439 4120 1610 4176 iudici
1630 4136 1642 4170 :
1663 4116 1903 4170 Miserere
1923 4112 2042 4179 mei,

470 4231 645 4284 locum
675 4225 905 4279 examini
935 4220 1279 4289 cognoscitur
1319 4214 1624 4269 abstulisse.
1665 4210 1781 4265 Vox
1810 4208 1910 4262 ista
1938 4220 2045 4260 non

468 4318 770 4380 discutitur,
792 4315 884 4368 sed
899 4313 998 4367 sub
1011 4309 1396 4378 tranquillitate
1411 4318 1622 4372 semper
1644 4300 1891 4362 auditur;
1912 4296 2048 4352 sola-

468 4425 574 4481 que
605 4424 690 4464 res
718 4415 802 4463 est
831 4421 925 4475 per
953 4417 1114 4473 quam
1153 4401 1416 4470 possimus
1446 4397 1525 4451 rei
1565 4397 1682 4450 sine
1710 4393 1886 4461 aliqua
1913 4404 2045 4445 con-

2112 1836 2424 1907 prophetam
2462 1833 2737 1905 praesentis
2785 1831 3031 1902 nequitia:
3060 1836 3372 1899 susceperat
3405 1823 3690 1880 remisdo-

2115 1944 2272 1994 nem;
2327 1936 2387 1982 ut
2428 1937 2485 1982 et
2531 1926 2622 1980 illa
2675 1932 2974 1979 mereretur
3023 1920 3267 1984 evadere,
3298 1931 3416 1986 qua:
3465 1913 3698 1969 diversis

2115 2022 2439 2093 temporibus
2466 2037 2526 2076 se
2548 2020 2865 2076 meminerat
2890 2025 3245 2087 perpetrasse.
3271 2010 3695 2068 Prudentissime

2115 2126 2292 2171 autem
2317 2114 2527 2170 delictis
2558 2113 2761 2168 nullum
2792 2111 3005 2166 volebat
3047 2122 3328 2165 remanere
3357 2105 3640 2174 vestigium
3673 2120 3691 2156 :

2116 2206 2365 2275 quoniam
2410 2205 2500 2260 ille
2537 2204 2684 2258 solus
2712 2203 2765 2257 in
2796 2203 2936 2257 libro
2961 2203 3083 2256 vita:
3127 2197 3502 2261 conscribitur,
3543 2195 3698 2264 cujus

2118 2297 2294 2350 omnia
2321 2304 2536 2364 peccata
2561 2294 2826 2348 delentur.

2189 2387 2344 2442 Vers.
2381 2388 2436 2442 5.
2483 2387 2850 2456 Usquequaque
2893 2383 3006 2437 lava
3047 2399 3126 2436 me
3151 2381 3213 2434 ab
3249 2381 3502 2454 injustitia
3537 2379 3698 2452 [mss.

2121 2479 2192 2546 Δ,
2224 2479 2283 2546 Β,
2316 2478 2379 2533 F.
2408 2475 2693 2548 iniquitate]
2722 2493 2865 2540 mea;
2894 2483 2942 2529 et
2973 2491 3006 2528 α
3036 2475 3220 2528 delicto
3248 2489 3354 2527 meo
3379 2473 3569 2526 munda
3595 2487 3698 2524 me.

2123 2569 2375 2626 Studiose
2403 2568 2561 2623 debet
2605 2567 2761 2633 dilui,
2793 2566 2882 2636 qui
2927 2565 3205 2620 criminum
3236 2578 3438 2617 veneno
3465 2561 3704 2616 fuscatus

2126 2671 2210 2717 est
2238 2677 2254 2726 ;
2284 2661 2409 2731 quia
2451 2660 2719 2715 incuriose
2749 2674 2853 2713 non
2903 2657 3157 2722 abluitur,
3189 2656 3277 2724 qui
3309 2655 3587 2710 tenebrosa
3619 2653 3708 2707 in-

2127 2755 2362 2810 fectione
2391 2752 2705 2806 maculatur.
2747 2749 3135 2818 Usquequaque,
3171 2747 3423 2815 undique,
3454 2745 3522 2798 ab
3554 2744 3709 2798 omni

2126 2853 2314 2914 parte,
2358 2852 2416 2897 ut
2443 2852 2498 2898 et
2523 2843 2613 2896 illa
2643 2839 2800 2895 simul
2829 2841 3148 2909 ignosceret,
3177 2851 3296 2906 qua:
3333 2836 3478 2904 prius
3510 2850 3568 2888 se
3605 2851 3709 2888 no-

2126 2947 2276 2992 verat
2330 2934 2632 2990 admisisse.
2679 2933 2860 2986 Potest
2902 2930 3042 2985 enim
3091 2928 3284 2997 aliquis
3313 2927 3388 2980 sic
3417 2925 3604 2990 lavari,
3650 2934 3713 2979 ut

2131 3037 2310 3083 tamen
2335 3042 2437 3080 non
2461 3025 2529 3078 sit
2543 3023 2763 3078 omnino
2790 3019 3127 3090 purissimus.
3147 3015 3250 3072 Sed
3267 3015 3490 3081 addidit,
3512 3015 3714 3066 munda

2055 3132 2102 3195 α
2133 3135 2231 3186 me,
2249 3125 2506 3186 quatenus
2531 3111 2584 3166 in
2606 3125 2670 3166 eo
2696 3110 2825 3165 nihil
2849 3123 3124 3164 remanere
3147 3114 3324 3174 posset
3353 3103 3713 3158 immundum.

2131 3211 2234 3266 Sed
2267 3209 2407 3264 istud
2442 3208 2732 3270 lavacrum,
2765 3202 2905 3273 quod
2935 3202 3011 3256 sic
3051 3200 3216 3255 abluit
3253 3197 3484 3252 maculas
3515 3211 3715 3266 pecca-

2134 3313 2326 3365 torum,
2362 3309 2421 3355 ut
2468 3313 2625 3368 supra
2667 3298 2846 3350 nivem
2890 3293 3054 3364 possit
3086 3291 3332 3346 dealbare
3363 3288 3502 3357 quod
3533 3286 3719 3341 sordi-

2133 3393 2261 3448 dum
2303 3401 2404 3456 est,
2435 3388 2697 3444 salutiferi
2729 3384 3064 3456 baptismatis
3104 3380 3439 3452 cognoscitur
3480 3379 3723 3433 indicare

2135 3483 2417 3554 puritatem
2455 3499 2470 3535 :
2513 3482 2601 3535 ubi
2650 3481 2730 3535 sic
2767 3479 2944 3534 omnia
2973 3484 3026 3531 et
3069 3474 3346 3546 originalia
3390 3472 3608 3537 delicta,
3659 3480 3726 3525 et.

2136 3575 2350 3646 prepria
2379 3573 2613 3628 admissa
2650 3570 2992 3635 mandantur,
3024 3577 3081 3621 ut
3109 3567 3184 3620 illi
3215 3579 3312 3619 nos
3343 3564 3585 3619 restituat
3620 3577 3728 3630 pu-

2139 3668 2281 3724 ritati
2313 3668 2365 3721 in
2397 3682 2497 3737 qua
2549 3665 2753 3735 primus
2781 3662 2947 3717 Adam
2975 3661 3210 3715 noscitur
3238 3672 3357 3713 esse
3386 3664 3726 3727 procreatus.

2142 3759 2249 3816 Sed
2277 3760 2478 3813 utinam
2498 3769 2937 3811 conservaremus
2959 3753 3088 3806 tanti
3121 3750 3356 3806 muneris
3379 3749 3726 3818 dignitatem,

2143 3866 2211 3905 ne
2241 3865 2339 3904 nos
2384 3849 2574 3905 iterum
2631 3843 2942 3917 pullulantia
2987 3852 3198 3913 peccata
3249 3841 3535 3895 fuscarent.
3581 3837 3731 3892 Petit

2144 3955 2273 4010 ergo
2320 3937 2578 4009 propheta
2625 3937 2676 3990 itt
2724 3935 3152 4004 prreliguratione
3199 3930 3339 3986 sacri
3389 3927 3731 3998 baptismatis

2146 4031 2383 4086 mandari
2411 4029 2474 4082 ab
2501 4027 2752 4102 injustitia
2776 4043 2892 4093 sua,
2923 4040 3012 4091 ne,
3047 4024 3101 4079 in
3130 4021 3413 4078 securitate
3444 4019 3728 4081 remissus,

2147 4123 2421 4192 negligens
2451 4119 2721 4174 videretur
2750 4131 2874 4172 esse
2911 4125 3031 4185 post
3070 4115 3300 4169 veniam.
3334 4113 3464 4167 Nam
3493 4110 3734 4165 maxime

2148 4213 2311 4269 debet
2337 4212 2514 4267 caveri
2549 4227 2615 4266 ne
2647 4210 2864 4264 finitima
2905 4218 3084 4263 nostra
3127 4206 3416 4260 reddantur
3453 4204 3730 4268 obnoxia;

2148 4304 2286 4359 sicut
2316 4303 2565 4358 Salomon
2594 4301 2726 4355 dicit
2753 4316 2768 4354 :
2796 4296 2862 4353 In
2888 4299 2988 4369 [ine
3018 4313 3112 4351 suo
3140 4296 3431 4350 laudabitur
3456 4293 3618 4347 omnis
3650 4295 3733 4346 vir

2153 4393 2340 4464 (Eccli.
2371 4409 2444 4459 XI,
2471 4393 2584 4460 50).

469 4503 747 4557 trarietate
799 4495 1036 4552 defendi.
1085 4492 1306 4547 Petebat
1352 4489 1567 4558 quidem
1612 4483 2013 4540 misericordiam

2224 4486 2377 4542 Vers.
2401 4485 2454 4539 4.
2483 4485 2734 4551 Quoniam
2756 4484 3068 4554 iniquitatem
3091 4500 3252 4537 meam
3275 4498 3370 4554 ego
3408 4495 3652 4553 agnosco.
3678 4489 3733 4533 et

469 4609 628 4664 quam
658 4590 882 4646 delinire
913 4603 1016 4642 non
1040 4591 1285 4655 poterat;
1332 4580 1429 4636 sed
1469 4588 1642 4633 tamen
1665 4574 1899 4647 peccatis
1936 4573 2050 4628 suis

472 4700 592 4740 eam
618 4679 955 4752 grandiorem
992 4671 1314 4731 omnimodis
1339 4668 1623 4725 sentiebat.
1671 4666 1876 4730 Quanta
1902 4664 2049 4718 enim

474 4778 566 4842 sit,
591 4787 648 4830 ut
669 4775 920 4829 dixerunt
949 4777 1100 4824 sanct
1123 4765 1270 4820 ssimi
1301 4762 1507 4824 Patres,
1526 4758 1643 4828 quis
1665 4769 1916 4812 enarrare
1939 4753 2050 4808 suf-

478 4869 659 4932 ticiat;
692 4874 751 4918 ut
785 4861 966 4917 mundi
1009 4861 1319 4915 Creatorem
1363 4854 1429 4908 de
1468 4851 1605 4906 ctelo
1644 4848 1969 4917 deposuerit,
1999 4856 2054 4900 et

481 4971 695 5014 terreno
743 4969 970 5023 corpore
1016 4949 1246 5006 induerit
1289 4945 1654 5007 Conditorem,
1706 4954 1936 5009 eumque
1964 4938 2054 5007 qui

482 5051 783 5106 aeternitate
813 5047 954 5101 Patri
986 5051 1166 5098 manet
1193 5039 1431 5110 mqualis,
1472 5032 1784 5090 mortalitati
1814 5044 2058 5098 coaequa-

481 5143 643 5207 verit,
666 5151 720 5195 et
749 5155 845 5210 pro
869 5137 1024 5192 nobis
1056 5135 1277 5188 formam
1307 5130 1448 5186 servi
1477 5128 1657 5182 mundi
1702 5124 1929 5180 Domino
1959 5125 2058 5175 im-

481 5235 758 5306 posuerit;
801 5240 857 5285 ut
903 5231 1016 5298 ipse
1047 5229 1197 5295 panis
1227 5225 1474 5288 esuriret,
1522 5223 1639 5275 fons
1689 5220 1810 5273 vitae
1863 5219 2055 5279 sitiret,

483 5329 651 5380 virtus
682 5325 1058 5384 intirmaretur,
1090 5319 1427 5384 omnipotens
1446 5314 1549 5364 vita
1573 5309 1903 5363 moreretur?
1926 5306 2056 5373 Qua:

483 5417 716 5484 denique
745 5413 912 5481 major
935 5407 1322 5470 misericordia,
1349 5419 1504 5472 quam
1530 5410 1746 5470 propter
1768 5413 1867 5452 nos
1886 5394 2057 5452 creari

486 5511 816 5569 Creatorem,
848 5499 1500 5562 servireDominatorem.
1531 5491 1684 5545 vendi
1735 5489 2060 5556 Redempto-

489 5616 624 5662 retn,
675 5598 935 5650 humiliari
989 5593 1372 5651 Exaltatorem,
1406 5585 1575 5640 occidi
1624 5581 2062 5636 Vivificatoretn?

492 5695 615 5749 llaec
645 5703 758 5748 erat
789 5692 874 5745 illa
903 5705 1088 5760 magna
1121 5685 1462 5741 misericordia
1497 5682 1726 5746 Domini,
1761 5692 1914 5747 quam
1938 5691 2061 5729 san-

2153 4588 2410 4651 peccatum
2436 4593 2600 4631 meum
2627 4585 2804 4629 contra
2823 4593 2900 4630 me
2921 4585 2994 4630 est
3021 4590 3234 4645 semper.
3264 4573 3446 4630 Sciens
3469 4571 3732 4641 prOpIteta

2153 4672 2232 4725 sic
2265 4669 2546 4730 Dominum
2576 4670 2743 4738 pium,
2773 4677 2832 4722 ut
2861 4678 3034 4723 tamen
3059 4677 3111 4722 et
3136 4667 3310 4738 justus
3339 4679 3456 4719 esse
3489 4679 3592 4717 non
3632 4662 3734 4714 de-

2157 4766 2317 4832 sinat,
2364 4766 2666 4833 :rquitatem
2716 4763 2826 4816 suis
2873 4759 3343 4829 supplicationibus
3379 4765 3736 4825 congruenter

2161 4856 2470 4919 admiscuit;
2503 4863 2562 4908 ut
2587 4853 2794 4909 facilius
2822 4851 3239 4920 audiatur,qnod
3265 4850 3463 4918 justitia
3497 4848 3735 4902 interve-

2165 4948 2342 5001 nicnte
2370 4946 2702 5013 depascitur.
2733 4943 3061 4998 Punicndum
3090 4943 3301 5012 quidem
3331 4941 3430 4994 scit
3459 4953 3577 4993 esse
3607 4953 3736 5007 pec-

2160 5049 2369 5105 catum;
2405 5039 2498 5094 sed
2540 5037 2659 5093 ideo
2697 5053 2729 5092 a
2781 5038 3006 5092 Domino
3053 5037 3180 5090 dicit
3223 5049 3341 5089 esse
3384 5032 3732 5102 parcendum,

2163 5135 2412 5198 quoniam
2445 5143 2474 5182 a
2501 5143 2558 5183 se
2586 5128 2866 5182 confirmat
2903 5142 3024 5181 csse
3049 5125 3389 5186 danmatum;
3420 5123 3556 5176 sicut
3585 5122 3739 5176 Salo-

2165 5237 2286 5275 mon
2327 5221 2455 5275 dicit
2483 5239 2495 5273 :
2527 5220 2709 5273 Justus
2737 5221 2789 5273 in
2825 5220 3076 5290 principio
3105 5217 3348 5272 sermonis
3375 5225 3641 5267 accusator
3667 5226 3741 5266 est

2165 5313 2246 5364 sui
2276 5309 2454 5380 (Prov.
2486 5327 2634 5374 xvm,
2667 5312 2779 5380 17).
2828 5311 3165 5364 intendamus
3208 5325 3335 5378 ergo
3380 5307 3518 5376 quod
3559 5305 3690 5358 dicit
3722 5324 3736 5357 :

2165 5403 2277 5473 Ego
2300 5418 2539 5472 agnosco.
2557 5403 2772 5456 Peccata
2788 5403 2930 5457 enim
2948 5403 3032 5455 illa
3046 5413 3168 5454 sunt
3186 5399 3422 5462 fortiora,
3435 5413 3554 5465 quae
3573 5409 3743 5464 agno-

2164 5504 2374 5547 scentes
2421 5492 2777 5558 admittimus;
2821 5509 2924 5546 non
2964 5504 3138 5547 autem
3182 5492 3267 5546 illa
3297 5505 3414 5561 qum
3457 5504 3550 5558 per
3587 5490 3741 5558 igno-

2168 5583 2390 5636 rantiam
2424 5593 2806 5651 perpetramus.
2841 5584 2965 5638 Sive
2993 5583 3116 5637 illud
3161 5583 3288 5637 dicit
3319 5600 3332 5634 :
3362 5581 3511 5635 Scire
3552 5595 3742 5634 omnes

2170 5679 2390 5742 possunt
2412 5683 2627 5742 peccata
2656 5686 2750 5727 sua
2767 5690 2778 5739 ;
2798 5672 2890 5728 scd
2915 5675 3010 5728 soli
3037 5673 3106 5728 illi
3136 5674 3422 5742 probantur
3441 5685 3741 5741 agnoscere,
