3956 6178
194 359 244 380 '.'I'

195 361 244 380 ΠΙ.

195 361 274 409 ἧι),

1117 352 1476 407 ΕΧΡΟΞΙΤΙΟ
1519 352 1579 404 l.\'
1625 351 2078 408 PSALTER'I‘UM.
2126 348 2314 402 ινδιιη
2359 346 2418 397 L.

3341 337 3446 389 76⁵2

191 473 260 535 qui
293 483 358 522 ea
400 467 641 520 videntur
678 465 887 535 propria
924 466 1293 518 exsecratione
1329 464 1602 517 damnare.
1627 465 1754 517 l‘er—
1789 468 1836 521 Α
1863 471 2044 527 aptant
2074 472 2118 511 et
2163 461 2224 510 ad
2258 459 2462 511 Domini
2517 460 2836 522 passionem,
2874 470 2994 508 cum
3043 453 3331 521 judicatus,
3380 467 3435 511 et

191 565 310 614 lecta
362 560 504 612 enim
557 559 866 625 pmuitentia
915 569 993 609 est
1057 555 1230 610 futura
1275 571 1463 610 cavere
1516 567 1751 624 peccata,

191 664 231 707 et
259 654 443 720 lugere
476 650 762 718 pra-terita.
796 649 972 701 Primo
996 651 1135 701 enim
1166 659 1284 716 post
1309 647 1481 716 ipsum
1512 647 1608 700 fuit
1639 661 1757 700 sce-

193 745 280 802 lus,
313 741 528 808 quando
560 740 813 808 prapheta
847 741 1205 807 interrogante
1238 739 1511 801 respondit
1539 737 1755 805 dignum

195 850 296 887 esse
349 842 520 886 morte
551 832 640 903 qui
683 832 910 894 alienam
952 845 1105 882 ovem
1158 831 1404 898 pauperis
1454 827 1760 895 concupivit

199 926 267 997 (ll
310 927 436 994 (leg.
471 940 567 987 xu,
597 929 676 991 ti),
714 935 838 976 tunc
880 921 1092 990 quando
1129 931 1402 990 peccaturo
1451 936 1604 976 suum
1653 934 1760 974 non

196 1017 430 1071 credebat
459 1030 580 1068 esse
612 1013 914 1066 dellendnm
948 1031 960 1064 :
990 1013 1339 1065 modoautetn
1363 1027 1482 1065 eum
1517 1013 1758 1079 ptenitet,

197 1125 298 1159 (Ulll
337 1115 636 1173 prostratus
667 1103 935 1156 humiliter
976 1103 1298 1170 ingemiscit,
1325 1112 1506 1155 contra
1539 1117 1596 1155 se
1623 1110 1765 1154 stare

197 1200 303 1251 dicit
357 1198 574 1260 delicta,
626 1195 775 1263 quasi
809 1195 1091 1261 quamdatn
1127 1195 1400 1262 figuratam
1457 1192 1761 1261 imaginem.

199 1290 400 1356 Semper
429 1287 646 1355 adjecit,
674 1286 771 1338 hoc
801 1295 880 1339 est
902 1286 1041 1354 quo]
1085 1285 1284 1353 iugiter
1316 1284 1525 1351 aspicit,
1555 1291 1608 1336 et
1645 1297 1764 1336 cum

200 1381 370 1430 DCIIlOS
396 1376 620 1428 claudit.
652 1374 760 1428 Sed
798 1383 1072 1442 respectus
1127 1375 1229 1427 iste
1267 1374 1550 1426 continuus
1581 1385 1768 1439 pecca-

202 1484 361 1522 torum
409 1465 866 1536 perseverantiam
910 1465 1008 1533 piae
1056 1463 1457 1533 supplicationis
1495 1461 1766 1524 ostendit;

201 1577 304 1613 nam
335 1559 546 1627 quoties
573 1557 696 1610 talia
718 1556 881 1609 corde
912 1555 1250 1623 respicimus,
1294 1555 1450 1607 toties
1481 1551 1767 1606 commissa

202 1652 551 1717 deploramus.
573 1648 711 1699 Dixit
734 1646 874 1699 enim
899 1644 1214 1698 Dominusin
1241 1643 1504 1712 superiori
1532 1644 1767 1710 psalmo:

203 1742 414 1809 Arguam
445 1749 510 1803 te,
540 1749 586 1791 et
615 1747 833 1791 statuant
866 1735 1010 1789 illaut
1039 1745 1211 1788 contra
1232 1735 1414 1804 [aciem
1444 1733 1767 1803 tuainil’snl.

1859 553 2110 604 mundum
2134 551 2412 602 damnatus
2442 548 2688 602 absolvit.

1933 640 2084 693 Vers.
2112 639 2163 692 6.
2189 638 2318 691 Ecce
2347 639 2480 691 enim
2502 639 2550 690 in
2574 637 2922 706 iniquitatibus
2943 645 3210 708 conceptus
3229 631 3362 704 sunt,
3391 649 3439 694 et

1859 733 1909 784 in
1938 730 2134 782 delictis
2161 733 2348 798 peperit
2371 744 2448 781 me
2491 739 2648 780 mater
2675 743 2804 780 mea.
2859 727 2955 780 llic
2996 729 3188 782 invidia
3231 731 3436 796 peccati

1863 822 2140 886 minuitur,
2170 819 2382 888 quando
2413 819 2682 887 proprium
2722 818 2925 871 crimen
2967 818 3178 873 delictis
3205 833 3435 886 genera-

1867 913 2004 967 libus
2026 920 2394 978 comparatur;
2430 917 2487 962 ut
2511 909 2619 976 ipsa
2642 908 2925 963 multitudo
2951 919 3004 962 et
3030 909 3295 964 confessio
3317 925 3439 979 pec-

1873 1016 2112 1058 catorum
2137 1003 2530 1056 miserationem
2549 1001 2672 1054 boni
2687 1001 2881 1070 judicis
2901 1014 3276 1080 commoveret.
3302 1005 3440 1073 Ergo

1867 1098 1968 1151 iste
1997 1109 2186 1147 sensus
2216 1103 2296 1146 est
2344 1111 2356 1144 :
2397 1093 2531 1157 Quid
2569 1093 2741 1146 dicam
2785 1108 2870 1146 me
2904 1093 3061 1147 modo
3099 1094 3286 1151 fecisse
3321 1113 3441 1166 quas

1868 1201 2080 1254 arguor,
2116 1186 2204 1253 qui
2229 1185 2338 1252 jam
2365 1200 2427 1238 ex
2471 1186 2716 1251 originali
2743 1194 2959 1252 peccato
2991 1186 3042 1239 in
3081 1187 3444 1255 iniquitatibus

1872 1278 2068 1346 probor
2096 1290 2217 1329 esse
2245 1286 2536 1344 conceptus
2569 1293 2580 1325 ε
2612 1284 2668 1328 ιιι
2696 1283 2819 1329 ante
2851 1285 3064 1343 peccata
3087 1278 3443 1333 contraxerim

1847 1383 2027 1436 quam
2059 1367 2181 1419 vitae
2212 1368 2472 1435 principia
2501 1367 2852 1434 reperissem?
2893 1366 3041 1433 Quod
3076 1379 3445 1437 argumentum

1873 1461 2066 1514 dicitur
2095 1460 2178 1514 Ab
2217 1460 2676 1514 antecedentibus.
2729 1462 2909 1528 Neque
2949 1463 3090 1515 enim
3129 1477 3322 1517 novum
3365 1473 3451 1520 est

1877 1553 2027 1606 illum
2059 1567 2304 1620 peccare,
2333 1552 2421 1620 qui
2447 1553 2500 1605 in
2521 1553 2868 1620 iniquitatibus
2895 1565 3165 1621 conceptus
3196 1567 3241 1609 et
3267 1557 3319 1608 in
3361 1558 3452 1609 de.

1876 1645 2008 1697 lictis
2053 1651 2126 1696 est
2167 1646 2400 1713 genitus.
2453 1643 2587 1708 Quid
2644 1645 2922 1712 humilius,
2975 1647 3100 1715 quid
3153 1649 3450 1718 simplicius

1877 1752 2033 1804 quam
2069 1739 2136 1790 de
2167 1751 2271 1790 uno
2297 1747 2516 1805 peccato
2545 1737 2810 1806 redargui,
2843 1748 2897 1791 et
2919 1739 3074 1792 simul
3107 1743 3280 1795 omnia
3323 1760 3453 1797 cnn-

203 1849 334 1895 ιω,
362 1831 484 1897 2t);
507 1831 646 1899 quod
680 1829 763 1882 hic
790 1828 892 1883 sibi
920 1829 1000 1882 vir
1037 1827 1406 1904 sanctissimus
1450 1828 1562 1894 ipse
1605 1828 1766 1880 l'acie-
1802 1827 1842 1883 Β
1875 1828 2052 1881 literi?
2077 1828 2260 1880 Merito
2283 1842 2409 1895 ergo
2438 1829 2519 1879 ἰκιὶ
2551 1827 2630 1882 sic
2650 1826 2803 1881 facile
2828 1828 3033 1883 videtur
3053 1831 3333 1899 indultum,
3359 1838 3447 1904 qni

202 1924 293 1987 hat,
337 1939 461 1977 eum
514 1923 678 1975 dicit:
709 1919 776 1972 Et
819 1930 1081 1989 peccatum
1117 1935 1283 1973 meum
1337 1929 1517 1971 contra
1567 1936 1644 1971 me
1694 1928 1768 1972 est

201 2035 406 2085 srutper.
433 2015 586 2069 Juste
614 2029 742 2084 ergo
778 2028 849 2089 [se
899 2012 1112 2079 petebat
1150 2010 1371 2075 absolvi,
1402 2011 1492 2079 qni
1529 2010 1640 2077 jam
1689 2009 1774 2062 hic

204 2108 416 2164 latinam
450 2109 593 2162 illam
623 2108 770 2160 visus
796 2114 876 2158 est
899 2104 998 2158 sibi
1024 2102 1211 2158 fecisse
1241 2100 1399 2156 futuri
1418 2100 1622 2169 judicii.
1651 2100 1775 2153 Πιεε

205 2205 355 2266 ligura
413 2199 611 2260 dicitur
663 2194 1083 2266 praeutalepsis,
1132 2194 1185 2247 id
1233 2203 1316 2248 est
1362 2192 1772 2262 praeoccupatio.

205 2293 285 2344 ll.c
329 2293 473 2343 enim
521 2289 671 2358 quasi
716 2288 825 2356 jam
881 2289 933 2339 in
985 2293 1210 2340 venturo
1264 2283 1467 2352 judicio
1516 2285 1775 2336 constituo

205 2394 289 2444 tus,
339 2381 664 2435 delictorum
711 2393 930 2434 suorum
979 2385 1226 2445 aspectus
1277 2374 1577 2430 teterrimos
1619 2371 1779 2442 perti—

207 2476 401 2526 Iuescil.

269 2567 417 2618 γει-ε.
555 2561 666 2613 Tibi
697 2560 794 2614 soli
823 2561 1042 2628 peccavi,
1073 2569 1118 2610 et
1153 2558 1353 2609 malum.
1379 2570 1550 2608 coram
1571 2565 1626 2607 te
1648 2553 1778 2621 feci:

209 2655 578 2724 Iitjusti/iceris
608 2654 659 2704 in
683 2652 996 2703 sermonibus
1018 2650 1137 2714 tuis,
1169 2656 1214 2701 et
1247 2649 1412 2700 vincas
1438 2661 1552 2698 cum
1574 2645 1782 2715 judica-

205 2765 285 2799 ns.
319 2746 417 2800 llic
449 2745 642 2798 iterum
673 2741 1155 2811 enthymematicua
1181 2739 1781 2808 syll0gismus~apparet,

206 2854 352 2905 quem
403 2837 461 2890 in
507 2835 768 2905 vigesimo
801 2834 1002 2902 psalmo
1029 2833 1139 2901 jam
1189 2833 1442 2898 diximus.
1475 2829 1636 2896 Cujus
1663 2842 1782 2896 pro-

211 2928 397 2993 posito
426 2936 511 2979 est
538 2943 550 2976 :
585 2924 838 2978 Dominus
863 2921 1181 2991 justtlicatur
1211 2922 1260 2973 in
1291 2918 1628 2974 sermonibus
1653 2916 1785 2980 suis,

206 3033 255 3072 ct
287 3021 448 3075 vincit
478 3035 599 3072 cum
626 3017 921 3086 iudicatur.
954 3015 1084 3069 lluic
1112 3013 1450 3083 subjungivur
1473 3011 1526 3064 in
1568 3011 1786 3066 conclu-

207 3115 348 3164 sione
383 3109 663 3178 prmmissa
706 3107 1012 3160 sententia:
1045 3106 1164 3158 Tibi
1208 3107 1362 3174 igitur
1403 3103 1503 3157 soli
1552 3101 1784 3170 peccavi,

1877 1929 1995 1988 post
2043 1920 2391 1974 absolutionis
2444 1921 2638 1972 donum
2699 1920 2876 1973 multis
2931 1922 3101 1976 modis
3153 1939 3214 1979 se
3266 1925 3451 1980 nititur

1882 2015 1979 2085 17
1993 2019 2033 2085 ι
2045 2015 2330 2066 ostendere
2360 2014 2722 2068 criminosum.
2743 2013 2971 2067 Audiam
2993 2015 3278 2085 Pelagiani,
3296 2012 3360 2072 ρι’
3371 2019 3451 2074 ire

1875 2113 2056 2157 contra
2076 2102 2409 2156 manifestam
2433 2105 2711 2157 veritatem
2743 2104 3078 2159 erubescant.
3104 2109 3458 2172 Quemadmo-

1853 2193 2002 2247 -dum
2029 2197 2168 2247 enim
2195 2203 2369 2263 potest
2388 2193 2497 2247 lieri
2526 2203 2581 2246 nt
2603 2193 2657 2246 in
2686 2195 2923 2262 qualibet
2944 2206 3098 2251 astate
3121 2200 3452 2265 parvulanon

1879 2299 2128 2353 egeamus
2155 2285 2380 2348 absolvi,
2411 2285 2498 2351 qui
2530 2284 2669 2338 hunc
2699 2286 2954 2339 mundum
2987 2287 3201 2342 delictis
3231 2306 3456 2358 gravano

1881 2379 2020 2431 tibus
2060 2378 2389 2444 ingredimur
2443 2377 2688 2431 onerati?
2735 2377 2834 2431 Job
2881 2395 3090 2450 quoque
3137 2381 3294 2437 simili
3325 2399 3462 2440 voce

1880 2469 2161 2537 profitetur
2195 2486 2208 2522 :
2244 2467 2407 2520 Nemo
2435 2467 2658 2520 mundus
2683 2478 2797 2521 ante
2825 2479 2890 2534 le,
2913 2487 3003 2523 nec
3023 2472 3194 2537 infans
3223 2476 3369 2544 cujus
3386 2485 3459 2527 est

1883 2559 2034 2610 unius
2077 2559 2177 2611 diei
2213 2559 2312 2610 vita
2339 2575 2493 2626 super
2518 2568 2701 2612 terram
2731 2561 2849 2627 (Job
2880 2577 2986 2624 λιν,
3018 2561 3094 2632 lt).
3149 2563 3250 2618 Vas
3297 2567 3455 2620 etiam

1883 2650 2160 2703 electionis
2187 2649 2380 2703 Paulus
2411 2651 2684 2718 apostolus
2712 2653 2850 2704 inter
2883 2653 3044 2706 multa
3075 2669 3457 2711 commemorat

1885 2740 2069 2794 dicens
2101 2758 2113 2790 :
2145 2738 2363 2794 Fuimus
2383 2752 2430 2794 et
2459 2759 2550 2794 nos
2572 2743 2847 2812 aliquando
2868 2757 3053 2798 natura
3073 2745 3170 2813 ﬁlii
3197 2748 3308 2813 ἔγω,
3331 2751 3459 2803 sicut

1886 2843 1933 2888 et
1961 2835 2130 2886 ueteri
2157 2832 2374 2904 (Ephcs.
2403 2849 2462 2899 II,
2493 2833 2585 2903 5);
2617 2835 2740 2888 item
2777 2837 2886 2903 ipse
2914 2837 3107 2891 Paulus
3138 2842 3410 2907 apostolus
3441 2861 3456 2897 :

1890 2923 1992 2976 Per
2014 2938 2169 2976 unum
2211 2924 2460 2976 hominem
2483 2932 2746 2992 peccatum
2774 2925 2978 2978 intravit
3005 2927 3058 2978 in
3100 2931 3368 2997 mundum,
3415 2945 3464 2986 et

1890 3035 1978 3085 per
2005 3027 2262 3086 peccatum
2289 3033 2420 3069 mors
2452 3033 2470 3070 :
2494 3027 2538 3069 et
2560 3018 2629 3069 itu
2654 3019 2705 3071 in
2727 3035 2897 3071 omnes
2927 3019 3152 3073 licin'nes
3183 3037 3316 3076 mors
3349 3041 3463 3092 per-

1891 3111 2113 3175 transiit,
2143 3110 2194 3162 in
2217 3126 2315 3177 quo
2346 3125 2517 3163 omnes
2544 3119 2870 3179 peccaverunt
2911 3111 3083 3178 (Rom.
3116 3127 3169 3177 ν,
3199 3113 3309 3182 12).
3343 3116 3460 3184 ipsa

206 3220 250 3258 et
286 3208 490 3258 malum
523 3220 702 3258 coram
723 3212 775 3257 te
799 3202 918 3256 feci.
948 3203 1056 3255 lloc
1087 3201 1138 3254 in
1157 3197 1443 3254 reddendis
1467 3197 1788 3268 syllogismis
1816 3189 1859 3252 C
1891 3205 2051 3261 etiam
2081 3203 2292 3257 Veritas
2315 3204 2364 3256 in
2393 3203 2678 3272 Evangelia
2709 3206 3222 3260 testatnrdelinitiva
3249 3219 3466 3264 senten-

211 3299 319 3350 sine
350 3299 508 3364 culpa
544 3294 682 3361 lieri,
709 3309 859 3349 more
886 3303 1122 3348 veterum
1167 3300 1379 3346 constat
1419 3305 1538 3345 esse
1568 3289 1790 3359 permis-

207 3404 336 3444 sum.
391 3389 547 3441 Nunc
590 3387 655 3439 ad
708 3385 1019 3454 exponenda
1050 3382 1211 3438 verba
1251 3383 1549 3437 redeamus.
1586 3382 1662 3435 De
1694 3395 1790 3448 po-

208 3483 322 3545 pulo
355 3484 398 3533 si
432 3481 555 3550 quis
603 3481 884 3544 erraverit,
934 3488 987 3532 et
1015 3478 1121 3531 Deo
1151 3486 1354 3545 peccat,
1394 3485 1450 3530 et
1477 3475 1610 3545 regi.
1658 3473 1790 3526 Nam

207 3576 420 3639 quando
444 3590 538 3627 rex
577 3572 861 3640 delinquit,
895 3572 991 3624 soli
1045 3571 1152 3623 Deo
1186 3583 1308 3622 rens
1334 3577 1434 3632 est,
1465 3566 1586 3635 quia
1619 3564 1792 3622 homi-

212 3683 323 3719 mm
357 3685 462 3720 non
492 3666 652 3718 habet
679 3665 765 3731 qui
797 3663 910 3732 ejus
945 3661 1082 3718 facta
1111 3660 1385 3736 dijudicct.
1439 3658 1626 3713 Merito
1663 3670 1792 3726 ergo

211 3775 292 3811 rex
328 3760 437 3813 Deo
468 3770 675 3811 tantum
707 3771 765 3826 se
796 3756 921 3809 dicit
947 3769 1196 3823 peccasse,
1231 3752 1351 3822 quia
1383 3752 1529 3806 solus
1551 3759 1669 3805 erat
1698 3750 1791 3818 qui

212 3850 320 3918 ejus
351 3852 616 3918 potuisset
645 3849 874 3901 admissa
903 3846 1189 3900 discutere.
1235 3843 1303 3896 Et
1331 3843 1451 3912 quia
1483 3841 1630 3896 illum
1669 3840 1792 3896 ubi-

209 3958 308 4008 que
337 3959 460 3997 esse
492 3951 737 4006 noverat,
773 3941 894 4008 jure
935 3954 1116 3993 coram
1148 3940 1264 4006 ipso
1294 3937 1484 3990 malum
1525 3951 1582 3990 se
1617 3936 1796 4006 fecisse

211 4034 546 4099 deplorabat,
603 4046 832 4100 arguens
861 4031 1181 4085 dementiam
1223 4045 1397 4094 suam,
1430 4029 1516 4096 qui
1552 4042 1661 4082 non
1698 4042 1793 4082 ex-

210 4131 351 4193 pavit
384 4139 533 4181 tanto
554 4125 732 4196 judice
767 4107 1027 4193 prasente
1047 4138 1284 4191 peccare.
1317 4123 1585 4177 Sermones
1615 4129 1792 4174 autem

211 4220 425 4273 Dentini
458 4221 650 4272 merito
671 4217 945 4289 justiﬁcati
966 4216 1239 4279 dicuntur,
1269 4213 1519 4282 quaniam
1550 4214 1667 4267 sine
1691 4212 1793 4266 du-

208 4315 296 4364 bio
327 4328 547 4379 semper
566 4312 681 4379 ejus
712 4310 849 4363 dicta
895 4309 1229 4378 complentur
1249 4350 1264 4373 ,
1308 4308 1446 4361 sicut
1477 4306 1592 4373 ipse
1620 4305 1749 4359 dicit
1781 4323 1793 4357 :

209 4403 405 4454 Curium
438 4415 487 4456 et
521 4415 655 4454 terra
682 4399 986 4462 transibunt,
1023 4398 1168 4455 verba
1189 4407 1360 4448 autem
1389 4412 1498 4447 mea
1526 4411 1627 4449 non
1668 4410 1798 4458 pra:-

205 4498 433 4546 taribuut
478 4493 695 4563 (Jlattlt.
743 4506 884 4554 xxtv,
941 4489 1051 4558 '53).
1082 4487 1348 4557 Sequitur,
1396 4495 1440 4539 et
1485 4487 1798 4538 cineas-cum

1897 3297 1964 3347 tia
1997 3313 2008 3346 :
2043 3294 2222 3358 Amen,
2252 3310 2420 3359 amen,
2451 3294 2564 3348 dico
2588 3294 2747 3360 vobis,
2780 3297 2824 3348 si
2847 3296 2959 3362 quis
2991 3313 3088 3349 non
3116 3309 3320 3353 renatus
3347 3305 3464 3370 [ue-

1893 3392 1959 3440 rit
1985 3405 2046 3441 ea:
2075 3403 2206 3456 aqua
2233 3399 2279 3442 et
2305 3389 2500 3459 Spiritu
2528 3397 2721 3451 saneto,
2753 3405 2854 3441 non
2887 3400 3047 3457 potest
3070 3392 3233 3445 ridere
3257 3411 3467 3465 regnum

1895 3477 1990 3532 Dei
2021 3478 2198 3548 (Joan.
2232 3495 2309 3548 ιιι,
2343 3482 2417 3546 5).
2452 3479 2788 3548 Quapropter
2813 3479 3083 3550 interrogo
3107 3498 3199 3535 cur
3232 3483 3464 3541 infantes

1895 3586 1924 3622 a
1951 3586 2115 3639 regno
2168 3571 2262 3625 Dei
2307 3570 2599 3624 redduntur
2629 3571 2808 3636 alieni,
2841 3571 2930 3639 qui
2962 3573 3027 3626 de
3057 3575 3339 3630 commissa
3372 3593 3470 3633 ne-

1895 3671 2096 3732 queunt
2148 3665 2411 3732 pravitate
2455 3664 2697 3731 culpari?
2727 3663 2916 3717 Restat
2962 3680 3091 3736 ergo
3140 3675 3196 3721 ut
3224 3669 3470 3738 originali

1896 3764 2114 3826 peccato
2164 3756 2395 3810 infantes
2425 3764 2708 3810 teneantur
2753 3757 2998 3820 obnoxii;
3042 3761 3290 3828 quoniam
3324 3773 3474 3819 ante-

1896 3862 2053 3916 quam
2078 3848 2287 3915 pr0pria
2308 3847 2522 3910 faciant,
2549 3849 2702 3916 primi
2727 3849 2958 3902 hominis
2981 3865 3160 3904 secum
3185 3853 3475 3921 probantur

1895 3950 2108 4008 gestare
2140 3949 2379 4008 pet-cata.
2409 3940 2543 3993 Sunt
2563 3940 2749 3994 etalize
2777 3940 3067 3996 verissima:
3088 3944 3430 4011 probat'ones
3457 3963 3470 4010 ;

1900 4030 2126 4099 ideoque
2149 4031 2250 4084 sibi
2281 4031 2509 4083 humana
2546 4035 2812 4098 protervia
2838 4033 3122 4101 sacrilegos
3147 4049 3249 4086 non
3285 4036 3473 4104 exqui-

1899 4131 1984 4176 rat
2009 4137 2243 4177 errores.
2278 4122 2536 4190 Superest
2562 4137 2748 4176 eorum
2799 4125 3031 4177 secunda
3060 4125 3314 4194 nequitia,
3343 4143 3478 4196 quo-

1903 4217 2041 4268 niam
2077 4214 2299 4268 liberum
2350 4214 2626 4267 arbitrium
2657 4214 2737 4268 sic
2769 4215 2819 4267 in
2859 4211 3105 4270 humanis
3145 4216 3347 4271 viribus
3375 4234 3474 4287 po-

1901 4316 2056 4371 nunt,
2077 4314 2134 4359 ut
2150 4309 2347 4375 absque
2364 4306 2455 4360 Dei
2475 4307 2640 4375 gratia
2673 4307 2916 4360 homines
2943 4315 3129 4376 putent
3149 4323 3243 4377 per
3271 4311 3479 4372 seipsos

1904 4398 2098 4450 bonum
2123 4398 2338 4466 aliquod
2367 4411 2523 4466 posse
2544 4397 2828 4465 concipere
2857 4398 2935 4450 vel
2968 4413 3147 4467 agere.
3165 4399 3315 4464 Quod
3343 4401 3387 4455 si
3411 4403 3482 4456 ita

1905 4498 2070 4552 esset,
2099 4504 2194 4541 cur
2227 4489 2483 4557 propheta
2507 4488 2710 4542 d3ceret
2743 4506 2754 4540 :
2791 4487 2927 4541 Deus
2949 4506 3108 4551 meus,
3138 4493 3486 4546 misericordia

199 4587 486 4654 judicaris.
518 4587 657 4639 Deus
687 4582 1082 4650 tanttejustitiat
1112 4589 1214 4644 est,
1244 4587 1303 4633 ut
1333 4578 1458 4632 velit
1478 4592 1535 4632 se
1555 4591 1674 4632 eum
1706 4577 1799 4628 ho-
1831 4558 1878 4615 Ῑ)
1903 4582 2016 4648 ejus
2072 4580 2340 4647 pra'vcniet
2389 4595 2467 4631 me
2498 4577 2670 4648 (Psal.
2721 4596 2865 4644 LVIII,
2917 4581 3038 4648 ll)?
3069 4583 3199 4636 Cum
3235 4593 3286 4636 te
3332 4589 3485 4640 audis

207 4679 454 4732 minibus
481 4676 744 4745 judicari;
773 4676 882 4742 ipse
908 4673 1050 4727 enim
1081 4670 1210 4724 dicit
1239 4686 1252 4721 :
1283 4667 1522 4721 Judicate
1561 4668 1693 4719 inter
1722 4683 1802 4719 me

207 4779 250 4820 ct
301 4772 512 4820 vineam
559 4783 721 4818 meam
767 4764 923 4834 (Isai.
951 4779 1002 4828 v,
1037 4761 1122 4830 5);
1152 4770 1206 4813 ct
1232 4759 1356 4811 alibi
1397 4758 1526 4811 dicit
1557 4775 1567 4808 :
1599 4755 1801 4823 Popule

204 4881 374 4922 meus,
404 4863 524 4930 quid
551 4861 647 4929 feci
669 4860 780 4925 tibi,
802 4867 890 4910 aut
929 4856 1051 4924 quid
1095 4851 1389 4906 contristavi
1429 4852 1513 4904 te?
1553 4851 1801 4918 responde

205 4956 333 5006 milli
367 4953 560 5024 (.lliclt.
596 4967 670 5014 Vl,
700 4951 772 5016 5).
832 4948 981 5004 Unde
1024 4960 1164 4999 nunc
1215 4943 1469 5011 propheta
1516 4943 1802 4994 conlitetnt‘

204 5055 376 5098 Ltltflll
412 5055 595 5096 contra
629 5058 685 5095 se
719 5042 998 5094 Dominum
1029 5037 1224 5091 habere
1245 5035 1525 5104 justitiam,
1560 5043 1616 5086 ut
1647 5036 1802 5085 abso-

205 5140 320 5189 lute
362 5145 606 5203 superet,
651 5149 771 5187 cum
810 5131 969 5186 fuerit
1008 5130 1318 5198 iudicatum.
1363 5125 1456 5180 Sic
1500 5135 1556 5179 et
1596 5125 1801 5178 Barncii

201 5241 274 5278 at
315 5247 325 5277 :
371 5226 569 5278 Dicetis
611 5225 830 5277 Domino
865 5223 971 5276 Deo
1000 5231 1170 5274 nostro
1199 5234 1216 5271 :
1246 5216 1358 5270 Tibi
1389 5217 1616 5287 justitia,
1664 5217 1804 5268 nobis

201 5337 386 5371 ilulr‘iﬂ
443 5320 678 5386 confusio
724 5319 891 5370 vultus
945 5316 1103 5369 nostri
1155 5312 1381 5385 (Burttclt
1424 5328 1460 5377 I,
1514 5311 1625 5377 15).
1678 5310 1806 5364 Erat

203 5415 426 5479 quipp:-
457 5411 504 5461 in
533 5413 711 5462 animo
738 5408 854 5477 ejus
882 5409 1018 5476 quod
1051 5422 1117 5460 ex
1159 5416 1367 5473 pastore
1397 5418 1484 5457 rex
1515 5402 1700 5454 fuisset
1730 5401 1809 5454 ef-

203 5517 232 5554 t-
257 5529 266 5554 ε
293 5518 419 5566 tus,
453 5503 587 5570 quod
618 5501 879 5569 regendos
908 5501 1129 5568 populos
1160 5507 1458 5566 acceperat,
1487 5503 1538 5548 et
1559 5495 1675 5547 sine
1707 5494 1805 5545 ho-

205 5598 368 5646 Imrts
421 5592 502 5644 sui
551 5592 977 5645 emisideratione
1037 5590 1349 5658 deliquerat.
1391 5589 1622 5642 Necesse
1665 5577 1806 5653 ergo

200 5698 324 5736 erat
365 5692 436 5734 ut
484 5684 534 5736 in
566 5683 965 5750 alieaojudicio
1012 5684 1263 5750 propheta
1302 5686 1669 5751 superaretur,
1716 5679 1806 5745 qui

199 5777 314 5840 jun
347 5777 530 5824 virtu»:
557 5777 604 5824 in
631 5777 840 5839 proprio
865 5774 1105 5825 examine
1135 5775 1471 5830 noscebatur.
1495 5771 1669 5840 Aliqui
1702 5770 1803 5825 hoc

523 5869 783 5924 l‘aTtttiI.
823 5869 1018 5928 LXX.

1907 4672 2268 4724 misericordia
2295 4671 2505 4724 Domini
2538 4679 2888 4738 pratventum,
2920 4671 3053 4726 nihil
3084 4683 3230 4727 tuum
3259 4689 3484 4743 princes-

1905 4766 2042 4817 sisse
2069 4765 2226 4817 datur
2257 4764 2500 4829 intelligi.
2549 4763 2603 4816 In
2644 4764 2748 4816 alio
2796 4779 3008 4832 quoque
3058 4767 3267 4834 psalmo
3313 4767 3478 4822 dicit:

1910 4856 2026 4909 Nisi
2061 4855 2310 4909 Dominus
2335 4855 2658 4920 redi/iraverit
2691 4859 2920 4919 domum,
2951 4857 3002 4907 in
3028 4872 3209 4909 vanum
3255 4858 3487 4912 ln'orant

1911 4949 1993 5012 qui
2019 4945 2274 5011 wdiﬁrant
2297 4961 2408 4998 eam
2438 4944 2609 5014 (Psal.
2638 4961 2818 5009 cum,
2849 4945 2922 5013 l).
2957 4946 3101 4999 Idem
3125 4947 3288 5001 dicit:
3316 4935 3357 5000 Α
3389 4949 3490 5001 Do-

1913 5039 2049 5087 mino
2099 5052 2300 5106 gressus
2329 5035 2546 5087 hominis
2595 5036 2906 5103 diriguntur,
2935 5048 2978 5088 et
3011 5038 3141 5090 riam
3189 5041 3300 5108 rjus
3324 5045 3489 5108 cuth

1914 5126 2061 5176 nimis
2092 5124 2263 5193 (l’sal.
2295 5141 2476 5186 xuvt,
2511 5124 2625 5192 25).
2665 5127 2779 5177 Alio
2817 5141 3026 5194 quoque
3059 5129 3177 5181 loco
3211 5129 3485 5182 l’salmist.

1915 5225 2137 5269 testatur
2171 5234 2180 5267 :
2216 5216 2466 5269 Dominus
2495 5217 2637 5284 rrigit
2665 5215 2812 5268 elisos
2839 5232 2856 5276 ,'
2893 5216 3136 5270 Dominus
3177 5219 3325 5271 soluit
3352 5236 3460 5271 eum
3485 5255 3489 5259 ι

1912 5311 2151 5378 pedites;
2205 5307 2454 5360 Dominus
2504 5309 2757 5359 illuminat
2809 5325 2966 5361 τέρεος
3016 5308 3188 5376 (Psal.
3218 5327 3378 5373 CXLV,
3413 5315 3488 5370 Si.

1910 5406 2040 5458 Cum
2083 5406 2312 5457 audiatis
2340 5405 2654 5471 praevenire,
2694 5403 2976 5462 aediﬁcare,
3021 5404 3274 5470 dir-igere,
3310 5414 3362 5457 et
3389 5423 3492 5457 ett-

1911 5511 2039 5566 gere
2072 5495 2376 5560 Dominum,
2401 5494 2705 5555 absolvere,
2745 5504 2799 5546 et
2830 5493 3134 5547 illuminare
3167 5495 3276 5545 nnll
3306 5510 3330 5544 s
3361 5513 3490 5562 prir-

1911 5587 2222 5643 cedentibus
2271 5587 2496 5649 meritis,
2557 5584 2681 5651 quid
2717 5585 2786 5636 ibi
2831 5587 3099 5652 proiiriutn
3133 5587 3362 5652 cmpisse
3410 5603 3494 5637 cn-

1911 5677 2187 5745 gnosiritis,
2211 5675 2308 5727 nisi
2335 5675 2458 5725 illud
2487 5682 2713 5737 tantum,
2741 5674 2882 5724 unde
2912 5690 3006 5738 pro
3036 5686 3211 5730 vestra
3244 5681 3488 5743 superbia

1906 5767 2047 5835 justi:
2103 5762 2462 5816 damnemini?
2500 5761 2599 5813 Sed
2659 5762 2833 5812 dicitis
2892 5763 3110 5818 forsitan
3173 5785 3368 5832 [ηις-τιν·

2951 5857 3024 5917 1:2
