3956 6178
174 6050 383 6131 ΔΧ

490 285 596 340 8'53
1722 267 1790 319 Μ.
1833 262 2086 320 AUllELI

2200 260 2575 317 asswoonp
3638 245 3737 297 3M

493 398 680 451 “aiam
711 394 790 449 sic
817 388 1091 446 arbitrium
1114 383 1338 437 liberum
1377 377 1727 447 comprobare
1756 393 1768 427 :
1802 376 1861 428 Si
1891 374 2057 427 volue-
2094 377 2144 433 Α
2171 372 2292 427 inde
2322 382 2379 427 ut
2409 371 2577 440 ipsum
2602 379 2779 424 nosset
2808 382 2873 421 ex
2909 381 3004 418 suo
3033 362 3236 418 semine
3258 360 3309 413 in
3332 358 3505 413 carnis
3537 374 3736 411 μεςιιιιι-

626 449 670 543 et
688 480 1040 541 obaudieritis,
1071 477 1201 529 bona
1228 484 1373 527 terra:
1400 469 1666 526 comedetis
1694 466 1847 538 (Isai.
1884 482 1920 531 I,
1950 463 2058 534 19).
2166 464 2346 532 ptione
2374 472 2684 525 venturum;
2720 470 2778 512 ut
2806 455 3067 527 passionis
3090 468 3298 523 quoque
3344 451 3518 502 futura
3552 449 3740 515 praedi-

495 582 560 634 Et
587 581 776 633 iterum
806 538 1049 627 Ezechiel
1083 584 1095 619 τ
1132 563 1307 617 Facite
1333 563 1470 616 vobis
1498 575 1585 613 cor
1614 574 1820 621 novum,
1853 565 1899 609 et
1922 555 2065 624 spiri-
2162 562 2330 619 ceret,
2377 562 2431 607 et
2484 549 2890 607 resurrectionis
2918 546 3141 615 gloriam
3185 542 3485 603 nuntiaret;
3522 548 3573 591 et
3617 538 3740 590 inde

495 680 597 724 tum
636 681 818 721 novum
845 658 1060 733 (lfzech.
1087 671 1239 722 xvnt,
1272 650 1384 725 5|).
1437 651 1507 705 Et
1547 651 1739 705 iterum
1774 664 1787 700 :
1821 645 1996 700 Hodie
2020 647 2065 699 si

490 772 659 811 vocem
705 755 812 822 ejus
861 747 1145 811 audieritis,
1196 744 1350 798 nolite
1404 741 1658 796 obdurare
1702 737 1860 792 corda
1904 746 2066 794 vestra

495 846 663 919 (Psal.
692 859 834 909 xmv,
868 841 944 907 8).
987 837 1092 893 Sed
1125 837 1237 891 haec
1274 843 1330 889 et
1377 834 1459 887 his
1505 830 1697 887 similia
1731 829 1958 900 pessima
1986 829 2067 882 in-

495 940 738 994 tentione
766 935 1008 999 sentitis;
1047 938 1120 984 .ut
1146 928 1378 984 credatis
1416 926 1660 981 homines
1686 939 1718 977 a
1766 922 2068 990 semetipsis

499 1044 647 1085 both
680 1026 965 1083 voluntatis
996 1022 1204 1077 initium
1232 1034 1462 1083 sumere,
1485 1025 1541 1074 et
1570 1023 1712 1087 post,
1743 1012 2069 1084 adiutorium

501 1120 799 1176 D.vinitatis
831 1116 1101 1184 accipere;
1135 1120 1195 1165 ut
1222 1111 1381 1183 (quod
1406 1109 1509 1165 dici
1541 1107 1691 1162 nefas
1731 1108 1836 1169 est)
1870 1121 1967 1160 nos
1995 1104 2070 1159 si-

492 1228 613 1265 mus
636 1224 795 1262 causa
824 1206 940 1275 ejus
962 1202 1228 1265 beneﬁcii,
1260 1216 1365 1255 non
1389 1200 1503 1267 ipse
1530 1198 1631 1252 sui.
1658 1196 1773 1251 Jam
1804 1194 2070 1263 quomodo

501 1317 683 1359 verum
712 1304 816 1352 erit
844 1295 985 1366 quod
1004 1293 1237 1348 Joannes
1258 1292 1331 1345 ait
1354 1309 1368 1343 :
1401 1289 1478 1344 De
1501 1288 1815 1360 plenitudine
1841 1287 1952 1353 eius
1979 1301 2069 1338 nos

497 1405 665 1444 onum
691 1387 993 1455 accepimus,
1025 1392 1070 1437 et
1093 1381 1308 1454 gratiam
1330 1395 1423 1450 pro
1462 1378 1628 1449 gratia
1657 1374 1836 1448 (loan.
1868 1391 1906 1442 ι,
1954 1372 2066 1443 ili).

506 1482 596 1535 Vel
623 1476 1072 1550 quemadmodum
1117 1472 1230 1542 ipsa
1259 1473 1427 1543 gratia
1448 1469 1553 1524 dici
1593 1469 1794 1539 poterit
1818 1465 2068 1536 gratuita,

503 1573 546 1627 si
594 1585 710 1625 eam
758 1568 1013 1636 anticipet
1058 1563 1282 1632 alicujus
1307 1561 1432 1617 boni
1463 1561 1737 1631 praemissa
1776 1556 2072 1612 celeritas?

504 1662 692 1716 Audite
721 1657 1057 1727 Apostolum,
1105 1655 1192 1723 qui
1219 1654 1409 1723 dogma
1460 1660 1699 1707 vestrum
1729 1649 2069 1704 falsissimum

2166 660 2272 700 non
2309 659 2366 699 se
2394 642 2522 697 dicit
2564 641 2811 696 debuisse
2855 653 3097 708 peccare,
3129 650 3248 690 cum
3293 634 3415 686 talia
3464 631 3747 684 meruisset

2167 750 2476 806 agnoscere.
2519 733 2561 787 Ο
2591 740 2772 787 sancta
2820 728 3165 798 simplicitas!
3222 724 3340 794 quis
3377 731 3575 776 tantum
3634 736 3743 774 sum

2166 827 2459 884 defensioni
2509 825 2722 880 studere
2772 823 2959 893 potuit,
2994 828 3247 887 quantum
3282 819 3383 870 iste
3430 816 3484 867 in
3530 813 3744 882 propria

2168 918 2608 977 condemnatione
2643 912 2937 969 laboravit?
2966 910 3117 978 Quod
3146 914 3519 978 argumentum
3551 904 3748 957 dicitur

2168 1011 2211 1065 Δ
2242 1009 2438 1065 causis.
2473 1006 2611 1063 Dicit
2654 1006 2792 1060 enim
2838 1012 2957 1073 post
3006 1009 3085 1057 tot
3112 1000 3300 1055 collata
3347 995 3626 1060 beneﬁcia,
3681 994 3747 1047 ad

2169 1102 2291 1157 talia
2320 1116 2379 1156 se
2407 1116 2513 1155 non
2535 1098 2781 1153 debuisse
2811 1095 3088 1165 pervenire
3114 1102 3349 1162 peccata.

2240 1190 2396 1245 Vers.
2430 1190 2485 1245 8.
2513 1190 2760 1259 Asperges
2784 1202 2859 1239 me
2876 1184 3115 1254 hyssOpo,
3140 1190 3187 1234 ct
3211 1180 3529 1243 mundabor;
3557 1178 3750 1231 tavabis

2172 1296 2270 1346 me,
2295 1288 2340 1333 et
2368 1294 2519 1346 super
2544 1278 2709 1332 nivem
2735 1274 3027 1329 dealbabor.
3054 1272 3330 1342 Superiori
3362 1270 3753 1339 supplicatione

2172 1381 2490 1441 prostratus,
2519 1369 2572 1423 in
2604 1367 2895 1423 secundam
2928 1374 3132 1435 partem
3153 1363 3514 1418 misericordia
3542 1360 3755 1415 Domini

2172 1464 2402 1520 conﬁsus
2429 1464 2671 1533 erigitur,
2702 1478 2787 1527 ne,
2820 1461 2964 1531 quod
2992 1459 3242 1513 omnibus
3273 1457 3508 1524 peccatis,
3527 1464 3610 1508 est
3629 1469 3757 1524 gra-

2175 1555 2309 1621 vius,
2343 1555 2411 1610 de
2438 1554 2721 1609 clementia
2771 1551 3150 1621 omnipotentis
3189 1548 3399 1604 Domini
3438 1548 3757 1617 desperasse

2174 1647 2465 1703 videretur.
2516 1646 2789 1718 Hyssopus
2818 1645 3058 1716 quamvis
3106 1644 3175 1699 sit
3203 1642 3367 1698 herba
3412 1642 3753 1711 parvissima,

506 1765 623 1804 vera
656 1745 1031 1817 praedicatione
1049 1740 1340 1805 θοηνίιιείι,
1368 1739 1554 1795 dicens
1577 1755 1591 1790 ε
1618 1737 1745 1804 Quis
1768 1736 1910 1806 prior
1933 1734 2072 1787 dedit
2100 1731 2149 1792 B
2176 1740 2443 1796 radicibus
2464 1741 2575 1795 suis
2605 1753 2861 1794 saxorum
2886 1738 3055 1793 fertur
3067 1737 3271 1792 viscera
3293 1744 3598 1805 penetrare.
3629 1733 3758 1787 Haec

504 1840 569 1905 ei,
589 1847 637 1890 et
658 1836 954 1891 retribuetur
980 1831 1108 1885 illi?
1140 1830 1394 1897 Quoniam
1422 1844 1483 1882 ea:
1516 1828 1649 1896 ipso,
1683 1834 1731 1880 et
1771 1840 1858 1893 per
1883 1824 2072 1893 ipsum,

504 1941 549 1985 et
570 1931 619 1983 in
642 1929 749 2000 ipso
769 1936 885 1981 sunt
916 1923 1085 1979 omnia
1115 1922 1290 1991 (Rom.
1318 1935 1391 1988 ιι,
1418 1920 1528 1991 55).
1575 1919 1707 1975 ltem
1746 1915 2033 1986 Apostolus
2060 1932 2075 1971 :

506 2026 545 2077 Α
596 2029 693 2092 quo
743 2029 815 2075 est
865 2027 912 2073 et
955 2015 1079 2072 velle
1125 2024 1170 2069 et
1216 2014 1475 2084 perﬁcere,
1531 2026 1623 2082 pro
1653 2010 1784 2062 bona
1820 2005 2075 2059 voluntate

507 2112 729 2183 (Philip.
758 2124 817 2176 ιι,
847 2107 956 2178 15).
1006 2108 1072 2161 Ει
1096 2105 1327 2161 Jacobus
1356 2101 1681 2173 Apostolus:
1718 2097 1879 2151 Omne
1899 2096 2078 2149 datum

507 2202 753 2273 optimum
787 2208 832 2252 et
861 2213 1007 2251 omne
1036 2196 1225 2249 donum
1253 2194 1528 2265 perfectum
1555 2192 1824 2246 desursum
1861 2196 1957 2253 est,
1988 2189 2076 2242 de-

508 2292 749 2348 scendens
774 2307 806 2343 a
835 2288 989 2342 Patre
1016 2287 1263 2340 luminum
1296 2282 1434 2354 (Jac.
1468 2300 1506 2349 ι,
1540 2282 1651 2353 17).
1686 2283 1938 2351 Sequitur
1985 2295 2081 2337 vos

510 2382 612 2435 alia
636 2380 802 2434 multo
832 2375 979 2446 pejor
1014 2372 1331 2428 absurditas.
1365 2371 1423 2427 Si
1468 2385 1498 2423 a
1546 2370 1699 2424 nobis
1738 2378 1884 2424 esset
1928 2369 2082 2424 bona

512 2467 796 2523 voluntatis
825 2465 1052 2530 initium,
1091 2478 1186 2516 IIOS
1214 2462 1380 2530 magis
1424 2474 1744 2530 poneremus
1768 2457 2081 2512 fundamen-

514 2572 649 2623 tum,
681 2560 768 2615 ubi
800 2557 1088 2634 aediﬁcaret
1124 2553 1417 2621 Dominus;
1470 2552 1610 2623 quod
1640 2560 1786 2607 certe
1810 2548 1953 2603 nulla
1997 2562 2082 2618 po-

514 2663 617 2708 test
644 2652 840 2707 mentis
868 2649 1066 2704 sanitas
1114 2650 1429 2720 approbare.
1489 2647 1827 2714 Quapropter
1857 2644 2085 2699 desinite

516 2759 755 2800 asserere
795 2759 912 2812 quas
962 2758 1064 2796 non
1113 2740 1333 2809 potestis
1382 2741 1623 2808 implere.
1657 2739 1736 2793 llli
1774 2738 2086 2793 obedienter

516 2835 758 2892 audiunt,
792 2846 925 2901 quos
953 2834 1064 2901 ipse
1093 2831 1217 2885 facit
1244 2830 1463 2896 audire;
1489 2831 1560 2884 illi
1590 2832 1819 2899 proﬁcue
1840 2831 2081 2897 cupiunt,

488 2940 491 2945 '
518 2926 608 2994 qui
639 2939 829 2979 munus
860 2924 1159 2978 Divinitatis
1189 2924 1475 2992 accipiunt.
1508 2923 1639 2978 Nam
1684 2931 1805 2992 post
1846 2923 2084 2976 vitiatam

520 3016 735 3079 humani
762 3017 972 3086 generis
1020 3023 1284 3082 naturam,
1328 3014 1479 3069 liberi
1510 3014 1715 3069 arbitrii
1761 3013 2085 3069 salutiferam

519 3124 724 3183 partem
746 3123 797 3168 et
829 3112 1083 3167 Dominus
1102 3112 1303 3179 tribuit,
1328 3121 1382 3166 et
1411 3114 1774 3180 operationem
1800 3114 1966 3182 ipsius
1992 3126 2085 3167 sua
2115 3094 2160 3155 (ἶ

524 3203 717 3273 pietate
745 3201 1009 3257 concedit.
1033 3199 1159 3255 Haec
1185 3201 1397 3270 quidem
1429 3202 1586 3256 latius
1617 3204 1806 3258 beatus
1842 3205 2091 3273 Augusti-

526 3312 661 3363 nus,
713 3296 826 3351 htec
874 3295 1213 3350 doctissimus
1265 3297 1646 3368 Hieronymus,
1701 3302 1817 3355 haec
1864 3301 2092 3370 Prosper

523 3400 788 3442 consensu
817 3386 1180 3455 generalitatis
1206 3384 1388 3440 divino
1412 3403 1632 3444 munere
1651 3388 1966 3445 docuerunt.
1986 3392 2092 3446 Sed

523 3492 621 3534 nos
662 3491 723 3530 ea
752 3474 1058 3544 contingere
1085 3474 1209 3529 fecit
1230 3474 1450 3531 haeresis
1474 3478 1821 3547 exsecranda,
1850 3495 1967 3549 quae
2013 3480 2094 3535 ni-

523 3566 627 3623 mis
652 3566 812 3622 saluti
838 3577 1035 3620 nostra!
1067 3566 1323 3636 probatur
1353 3582 1473 3623 esse
1498 3570 1788 3623 contraria.

592 3656 748 3712 Vers.
781 3657 834 3709 7.
887 3656 1016 3711 Ecce
1064 3659 1203 3713 enim
1230 3660 1490 3714 veritatem
1535 3662 1794 3725 dilexisti;
1834 3664 2024 3716 incerta
2047 3675 2094 3718 et

522 3748 721 3803 occulta
746 3748 1009 3831 sapientia:
1025 3757 1127 3802 tua:
1146 3749 1478 3821 manifestasti
1499 3751 1644 3805 mihi.
1662 3752 1811 3807 Sicut
1832 3754 2094 3822 superiori

529 3856 682 3897 versu
716 3858 808 3910 per
835 3854 1121 3895 commune
1149 3840 1400 3897 delictum
1424 3844 1759 3913 approbavit,
1790 3846 1911 3914 quia
1936 3861 2095 3900 nemo

526 3948 554 3985 a
581 3931 811 4000 peccatis
846 3930 1159 3986 redderetur
1190 3943 1469 4002 exceptus,
1502 3934 1581 3988 sic
1608 3935 1798 3989 iterum
1822 3949 1918 4005 per
1942 3952 2092 3991 suam

524 4022 913 4077 confessionem
962 4020 1064 4076 sibi
1103 4022 1367 4091 supplicat
1416 4023 1706 4092 subveniri,
1763 4025 2010 4092 quoniam
2044 4028 2095 4082 in

523 4113 825 4170 conﬁtendo
858 4124 1074 4181 peccato
1124 4113 1402 4169 veritatem
1433 4114 1586 4182 dixit,
1643 4130 1800 4185 quam
1842 4118 2097 4173 Dominus

527 4206 665 4262 Deus
693 4219 850 4274 supra
895 4205 1159 4259 sacriﬁcia
1204 4205 1322 4275 plus
1347 4205 1590 4276 requirit.
1637 4207 1750 4262 Non
1781 4209 1924 4263 enim
1958 4210 2097 4264 Deus

524 4299 815 4353 delectatur
858 4297 1027 4362 pcenis
1081 4297 1301 4360 ﬂOall‘iS,
1346 4296 1439 4351 sed
1486 4297 1876 4352 confessionem
1907 4300 2098 4368 quaerit

528 4390 744 4451 erroris,
776 4385 910 4437 sicut
942 4386 1197 4453 scriptum
1228 4394 1346 4439 est:
1380 4385 1519 4449 Nolo
1549 4398 1759 4441 mortem
1795 4392 2093 4459 peccatoris,

525 4481 611 4534 sed
639 4490 690 4531 ut
720 4486 1040 4531 convertatur
1077 4486 1124 4530 et
1148 4478 1278 4529 vivat
1309 4476 1521 4546 (Ezech.
1561 4495 1706 4545 xvm,
1746 4482 1860 4549 5‘2).
1895 4479 2099 4535 Incerta

529 4582 651 4627 sunt
679 4586 794 4637 qua:
819 4570 1033 4622 omnino
1057 4568 1287 4622 discerni
1310 4582 1414 4623 non
1443 4579 1688 4637 possunt,
1712 4572 1804 4626 sed
1835 4573 2099 4643 aliquibus

530 4659 957 4730 ambiguitatibus
1001 4658 1345 4727 colliguntur.
1400 4659 1613 4713 Occulta
1657 4675 1786 4714 vero
1814 4670 1939 4715 sunt
1979 4678 2099 4732 quae

530 4771 626 4810 nec
666 4753 852 4809 oculus
893 4750 1173 4821 con5picit,
1224 4766 1323 4804 nec
1366 4764 1518 4805 mens
1565 4751 1794 4807 humana
1823 4753 2095 4822 diiudicat.

530 4850 654 4904 llaec
676 4848 781 4901 duo
809 4862 911 4902 non
929 4846 1099 4900 solum
1126 4845 1228 4900 sibi
1253 4844 1483 4899 revelata
1502 4843 1650 4908 dicit,
1679 4847 1770 4901 sed
1800 4850 2098 4917 manifesta-

528 4953 579 4996 ta
625 4940 927 5011 proﬁtetur;
960 4946 1019 4993 ut
1045 4937 1182 5008 quod
1226 4937 1398 4991 fuerat
1429 4937 1508 4993 vel
1538 4939 1799 5007 suSpicari
1849 4939 2094 5009 arduum,

529 5028 836 5095 provenerit
863 5028 937 5081 illi
969 5027 1019 5080 in
1068 5027 1426 5082 declaratione
1470 5026 1829 5082 manifestum.
1866 5029 1929 5082 Et
1975 5039 2097 5085 nota

527 5117 663 5185 quod
696 5118 885 5171 collata
933 5115 1032 5170 sibi
1083 5129 1299 5170 munera
1342 5115 1564 5184 pulchra
1594 5116 1904 5173 deﬁnitione
1950 5134 2096 5174 com-

530 5208 790 5274 plectitur.
827 5204 1059 5259 Dicendo
1094 5205 1258 5264 enim,
1289 5204 1485 5256 incerta
1525 5212 1570 5257 et
1610 5207 1807 5257 occulta
1839 5208 2099 5271 sapientia

526 5307 628 5349 tum
666 5295 999 5362 manifestasti
1042 5294 1189 5353 mibi,
1236 5292 1507 5361 prophetia
1554 5293 1679 5361 quid
1730 5294 1797 5346 sit
1827 5296 2099 5350 ostendit?

527 5390 670 5439 Onus
700 5385 838 5438 aliud
870 5383 1013 5436 addit
1042 5383 1209 5437 reatui
1241 5398 1356 5445 suo,
1391 5393 1445 5434 ut
1476 5399 1595 5436 cum
1625 5383 1878 5439 beneﬁcia
1914 5380 2097 5442 nume-

528 5488 630 5540 rat,
682 5479 830 5543 culpa
865 5492 1073 5542 semper
1103 5486 1385 5527 accrescat.
1441 5475 1642 5529 Incerta
1670 5493 1795 5545 ergo
1826 5489 1873 5531 et
1902 5486 2098 5535 occulta

529 5577 649 5619 sunt
676 5584 791 5635 qua:
827 5570 964 5619 Deus
990 5566 1059 5617 illi
1091 5567 1138 5617 in
1174 5564 1288 5618 Filii
1321 5567 1399 5618 sui
1440 5568 1865 5623 manifestatione
1890 5574 2095 5627 revela-

528 5657 619 5709 vit.
653 5655 880 5706 l‘ritnum
921 5664 975 5705 ut
1006 5665 1312 5722 agnoSt'eret
1346 5670 1465 5707 eum
1501 5658 1692 5712 habere
1744 5659 1949 5725 Filium,
1984 5664 2095 5718 ’.ιυ-

2173 1842 2229 1887 et
2256 1832 2481 1888 internis
2514 1830 2790 1886 hominum
2820 1829 3068 1885 sauciatis
3101 1828 3355 1898 probatur
3384 1823 3753 1880 accommoda.

2176 1926 2245 1981 Et
2290 1926 2341 1979 in
2391 1923 2527 1978 libro
2558 1923 2814 1987 Levitico,
2863 1921 3137 1976 immolato
3184 1918 3445 1989 sanguine
3496 1917 3744 1979 intincta,

2175 2028 2333 2084 supra
2355 2013 2551 2082 leprosi
2579 2027 2774 2082 corpus
2795 2010 2995 2082 septies
3016 2009 3225 2065 solebat
3240 2008 3446 2078 aspergi
3465 2007 3608 2079 (ch.
3635 2022 3753 2071 xtv,

2179 2105 2230 2171 6,
2261 2105 2317 2175 7)
2343 2123 2355 2157 :
2389 2103 2696 2174 signiﬁcans
2727 2103 2962 2173 pretioso
2985 2103 3243 2172 sanguine
3282 2102 3489 2157 Domini
3515 2100 3760 2155 Salvato-

2177 2196 2252 2252 ris
2280 2194 2514 2251 maculas
2556 2203 2896 2264 peccatorum
2947 2193 3236 2250 efﬁcaciter
3283 2207 3403 2248 esse
3452 2191 3755 2247 diluendas.

2182 2288 2290 2343 liae
2338 2287 2689 2343 similitudine
2729 2286 2993 2357 supplicat
3038 2300 3098 2341 se
3129 2285 3385 2356 prapheta
3429 2285 3673 2350 liberari;
3703 2294 3763 2339 ut

2182 2378 2377 2434 Christi
2408 2379 2667 2449 sanguine
2700 2380 2943 2447 salutari,
2997 2394 3156 2449 quem
3197 2380 3286 2449 pio
3314 2378 3477 2433 corde
3506 2377 3763 2432 credebat

2181 2483 2301 2524 esse
2330 2478 2631 2537 venturum,
2664 2469 3014 2525 absolutionis
3043 2483 3265 2525 munera
3292 2459 3610 2524 mereretur.
3656 2468 3762 2524 Per

2184 2561 2457 2630 hyssopum
2486 2559 2627 2613 enim
2671 2560 2936 2630 signiﬁcat
2972 2570 3304 2616 sacramenta
3335 2575 3454 2631 qua:
3503 2560 3763 2626 diximus,

2184 2672 2303 2726 qua:
2353 2666 2457 2713 non
2490 2660 2664 2713 solum
2694 2659 3092 2728 inquinamenta
3141 2659 3447 2728 detergunt,
3472 2658 3570 2714 sed
3598 2658 3762 2714 etiam

2187 2763 2338 2818 super
2386 2750 2547 2801 nivem
2579 2750 2860 2819 puritatem
2901 2750 3092 2805 anima
3139 2751 3426 2807 relucentis
3453 2752 3765 2806 ostendunt.

2189 2840 2355 2912 Super
2403 2842 2565 2895 nivem
2595 2852 2771 2897 autem
2803 2843 2979 2896 album
3031 2844 3082 2896 in
3123 2844 3434 2913 corporibus
3480 2845 3554 2899 nil
3589 2857 3768 2914 potest

2190 2931 2457 2998 inveniri;
2489 2933 2583 2987 sed
2606 2932 2724 2987 ideo
2754 2949 2905 3003 super
2934 2934 3095 2985 niuem
3123 2934 3277 2999 dixit,
3325 2936 3445 3003 quia
3474 2936 3768 3005 spiritualis

2195 3025 2347 3093 1'72
2378 3025 2559 3077 anima
2606 3023 2761 3091 longe
2789 3039 2948 3091 supra
2975 3037 3196 3091 corpora
3223 3025 3476 3078 mundata
3514 3026 3764 3096 reSplen-

2190 3114 2299 3169 det.
2319 3115 2447 3181 Qua:
2464 3113 2625 3183 ﬁgura
2656 3113 2847 3167 dicitur
2873 3113 3225 3182 hypertltesis,
3252 3113 3304 3167 id
3321 3126 3404 3168 eSt
3431 3115 3726 3183 superlatio
3752 3132 3768 3180 ;

2193 3221 2311 3261 cum
2341 3207 2572 3274 aliquam
2601 3220 2713 3260 rem
2750 3205 2996 3275 opinione
3027 3204 3259 3259 omnium
3291 3216 3470 3260 notam
3496 3210 3770 3262 sententia

2194 3310 2371 3354 nostra
2424 3312 2747 3366 exsuperare
2777 3298 3167 3351 contendimus.
3218 3295 3343 3351 Tale
3388 3307 3468 3352 est
3510 3308 3565 3351 et
3610 3298 3773 3360 illud,

2192 3394 2327 3448 sicut
2348 3391 2457 3462 jam
2490 3394 2542 3446 in
2574 3393 2802 3459 septimo
2842 3391 3054 3445 decimo
3086 3392 3289 3460 psalmo
3316 3390 3513 3444 dictum
3545 3401 3667 3446 est:
3704 3390 3775 3443 Et

2195 3482 2397 3549 volavit,
2420 3482 2601 3535 volavit
2620 3496 2775 3548 super
2799 3498 2988 3551 pennas
3014 3490 3276 3535 ventorum
3301 3480 3470 3549 (Psal.
3498 3498 3626 3548 xvu,
3658 3485 3776 3551 Η).

2270 3575 2419 3630 Vers.
2453 3575 2506 3629 9.
2538 3573 2749 3627 Λιιάὲιηὶ
2779 3589 2888 3627 meo
2926 3564 3072 3627 dabis
3094 3575 3339 3644 gaudium
3364 3584 3411 3628 et
3452 3574 3704 3639 lwtitiam,
3731 3586 3782 3630 et

2194 3662 2519 3717 exsultabant
2569 3679 2684 3717 ossa
2734 3664 3020 3717 Immiliata.
3072 3664 3171 3718 llic
3196 3665 3306 3734 jam
3339 3666 3422 3733 pia
3449 3667 3780 3721 conﬁdentia

2199 3755 2497 3809 Divinitatis
2536 3754 2863 3820 ostenditur;
2914 3766 2971 3810 ut
2997 3756 3122 3811 talia
3167 3772 3227 3811 se
3268 3759 3571 3813 auditurum
3603 3761 3780 3825 dicat,

2198 3861 2314 3913 quae
2362 3844 2613 3915 gaudium
2668 3844 3012 3915 laetitiamque
3057 3847 3454 3917 congeminant.
3511 3846 3787 3904 Caudium

2200 3938 2428 4004 pertinet
2447 3936 2513 3990 ad
2540 3935 2953 4001 absolutionem,
2977 3935 3157 3990 latitia
3182 3938 3249 3991 ad
3279 3949 3528 4008 perpetua
3554 3943 3787 4010 praemia

2200 4024 2540 4091 possidenda.
2574 4022 2687 4079 Hoc
2712 4034 2797 4079 est
2839 4032 3017 4078 autem
3063 4024 3247 4079 audire
3290 4026 3533 4096 gaudium
3564 4037 3611 4081 et
3639 4030 3787 4083 laeti-

2201 4117 2347 4181 tiam,
2394 4114 2535 4185 quod
2582 4116 2906 4184 promittitur
2935 4115 3191 4170 absolutis
3226 4135 3238 4168 :
3282 4115 3481 4184 Venite,
3527 4118 3790 4174 benedicti

2202 4205 2377 4260 Patris
2405 4207 2521 4272 mei,
2556 4207 2799 4275 percipite
2825 4222 3037 4277 regnum
3082 4207 3217 4275 quod
3260 4209 3395 4262 vobis
3426 4219 3665 4277 paratum
3710 4228 3795 4269 est

2200 4296 2261 4349 ab
2292 4297 2436 4349 initio
2461 4297 2639 4350 mundi
2660 4295 2870 4366 (Matth.
2904 4313 3033 4363 xxv,
3074 4297 3186 4368 54).
3222 4296 3489 4369 Sequitur,
3531 4311 3576 4353 et
3606 4304 3795 4356 exsul.

2206 4385 2380 4438 tabunt
2409 4401 2522 4438 ossa
2546 4384 2813 4438 humiliata
2836 4401 2855 4439 :
2877 4386 3077 4441 scilicet
3098 4387 3274 4441 audita
3303 4404 3431 4443 voce
3453 4405 3609 4456 quam
3643 4388 3794 4445 dixi-

2125 4457 2178 4518 Ῑ)
2206 4489 2345 4528 mus.
2389 4472 2540 4541 Quod
2588 4486 2955 4544 argumentum
2995 4476 3190 4531 dicitur
3226 4478 3271 4531 A
3300 4481 3790 4548 consequentibus.

2207 4564 2435 4621 Necesse
2454 4574 2535 4620 est
2555 4565 2695 4620 enim
2720 4577 2774 4619 ut
2793 4568 3004 4636 quando
3026 4566 3137 4622 hazc
3159 4568 3334 4623 audita
3353 4568 3564 4635 fuerint,
3596 4574 3796 4629 lwtitia

2206 4665 2581 4727 consequatur.
2612 4657 2713 4712 Per
2730 4674 2847 4712 ossa
2869 4674 2997 4713 vero
3020 4660 3383 4731 signiﬁcantur
3408 4664 3566 4718 animi
3598 4667 3793 4721 ﬁrma-

2207 4757 2407 4814 menta,
2437 4761 2557 4816 quae
2584 4762 2803 4802 necesse
2830 4748 3003 4803 fuerat
3028 4752 3247 4806 omnino
3289 4753 3575 4820 humiliari,
3604 4774 3793 4825 quan-

2205 4838 2296 4893 diu
2328 4841 2590 4909 paenitens
2638 4842 2737 4895 iste
2762 4843 3017 4911 potuisset
3042 4844 3265 4899 absolvi.
3298 4846 3587 4902 Humit’iata
3634 4855 3793 4907 enim

2207 4929 2360 4999 dixit,
2393 4940 2609 5002 propter
2632 4934 2833 4988 erroris
2855 4934 2935 4988 sui
2962 4937 3364 5006 conscientiam,
3393 4957 3509 5011 qum
3542 4950 3795 5011 proﬁcue

2205 5036 2417 5092 semper
2439 5024 2664 5080 humiles
2694 5026 2835 5079 facit.

2278 5114 2430 5169 Vers.
2483 5116 2568 5170 l0.
2601 5116 2782 5171 Averte
2809 5120 2987 5188 faciem
3026 5130 3162 5174 tuam
3205 5140 3237 5175 (ι
3283 5128 3499 5192 peccatis
3520 5132 3672 5197 meis,
3742 5144 3796 5187 et

2208 5224 2376 5262 omnes
2402 5208 2692 5277 iniquitates
2722 5226 2858 5263 meas
2879 5212 3007 5266 dele.
3038 5213 3191 5269 Venit
3219 5216 3283 5270 ad
3315 5220 3519 5273 tertiam
3546 5235 3795 5290 partem,

2202 5316 2393 5370 rogans
2418 5300 2651 5369 iudicem
2689 5303 2831 5371 pium
2864 5320 2931 5359 ne
2955 5308 3243 5373 γεεμίεετθι
3266 5323 3499 5378 peccata,
3533 5330 3660 5383 quae
3687 5320 3797 5387 ipxi

2200 5406 2411 5460 quoque
2432 5391 2745 5446 videbantur
2774 5392 3058 5448 horrenda.
3091 5396 3381 5453 Considera
3402 5416 3527 5457 vero
3555 5420 3619 5457 ex
3650 5422 3799 5461 con-

2204 5480 2377 5533 trariis
2407 5479 2764 5548 pulcherrime
2797 5484 3005 5550 regulas
3049 5483 3219 5540 datas.
3263 5486 3318 5542 Si
3363 5505 3457 5543 nos
3486 5496 3804 5552 avertimus

2202 5572 2364 5628 facies
2394 5588 2421 5626 a
2452 5575 2683 5641 peccatis
2716 5575 2931 5639 nostris,
2969 5577 3181 5631 noxium
3210 5590 3319 5644 est;
3350 5583 3470 5651 quia
3505 5584 3801 5643 oblivisci~

2201 5679 2317 5719 mur
2345 5672 2394 5719 et
2424 5664 2751 5734 negligenter
2771 5670 2995 5737 agimus,
3019 5682 3137 5737 quas
3160 5666 3412 5727 continuo
3442 5674 3568 5728 ﬁetu
3597 5678 3813 5736 ablue-
