3956 6178
212 305 313 361 565

1154 290 1509 347 EXl‘OSlTlO
1550 290 1611 343 IN
1658 280 2112 343 FSALTERlUM.
2158 277 2348 334 PSAL.
2392 277 2459 330 L-

3363 267 3466 324 566

212 436 268 476 re
319 418 641 472 deberemus
676 415 756 466 :si
791 413 1043 466 Dominus
1093 425 1193 462 non
1240 409 1438 471 avertit,
1483 406 1787 471 exstinguit,
1825 404 1867 461 Α
1898 413 2012 449 mus
2035 404 2086 450 et
2116 409 2394 449 renovare.
2428 392 2632 445 Dictum
2663 400 2743 444 est
2781 391 2922 445 enim
2963 398 3015 445 et
3044 390 3094 444 in
3124 390 3230 444 alio
3258 390 3373 444 loco
3401 391 3469 443 de

214 495 588 578 quiavjutlieat
618 505 807 559 delicta
838 518 953 573 qua:
988 502 1221 567 reSpicit.
1260 500 1349 552 Sic
1378 507 1495 549 orat
1533 504 1586 548 et
1615 495 1739 546 alibi
1775 509 1789 545 :

218 599 293 652 Ne
320 607 519 651 avertas
550 597 731 665 [aciem
764 604 900 647 luant
923 610 952 644 a
976 608 1073 657 me,
1101 600 1146 643 et
1174 606 1257 642 ero
1281 589 1460 641 similis
1492 588 1797 639 descenden-

218 693 347 743 tibus
398 690 449 741 in
480 691 646 741 lacum
676 686 847 757 (Psal.
881 700 1053 749 CXLII,
1100 685 1178 752 7).
1212 682 1420 753 Merito,
1464 680 1713 748 quoniam
1755 679 1796 731 si

224 794 317 831 uos
349 778 685 845 respicimur,
717 774 1081 828 misericordia
1116 770 1406 825 Salvatoris
1433 769 1794 831 absolvimur;

223 870 356 923 sicut
383 868 447 922 de
480 867 639 921 Petro
670 867 722 918 in
757 864 1042 933 Evangelio
1071 864 1264 917 dicitur
1296 880 1309 914 :
1339 860 1407 913 Et
1449 862 1661 931 respexit
1696 860 1800 913 Do-

223 962 391 1011 minus
443 956 674 1015 Petrum,
709 965 755 1008 et
802 971 1028 1024 egressus
1082 957 1243 1021 foras,
1290 952 1425 1021 ﬂevit
1453 968 1624 1004 amare
1650 949 1800 1018 (Luc.

227 1066 356 1115 un,
390 1048 481 1112 61,
510 1046 622 1117 (52).
648 1045 983 1111 Sequitur,et
1006 1058 1176 1095 omnes
1200 1041 1492 1110 iniquitates
1514 1055 1649 1092 meas
1670 1038 1799 1091 dele.

225 1142 295 1195 De
344 1140 555 1192 duobus
584 1136 897 1191 criminibus
925 1143 1143 1188 vocatus
1184 1134 1250 1186 ad
1288 1133 1519 1200 culpam,
1562 1146 1656 1199 pro
1686 1130 1804 1183 uni-

224 1232 394 1283 versis
423 1230 633 1283 delictis
663 1225 1104 1295 prudentissimus
1148 1232 1391 1292 precator
1422 1230 1627 1276 exorat.
1657 1219 1805 1274 Scie-

229 1320 316 1372 bat
339 1321 483 1371 enim
511 1332 570 1372 se
597 1317 786 1370 feci-se
819 1316 1067 1383 plurima,
1097 1327 1252 1381 quam
1284 1326 1401 1379 qum
1444 1310 1644 1378 justitia
1672 1324 1809 1378 prte-

226 1414 392 1464 sentis
439 1408 699 1477 temporis
750 1408 1056 1475 arguebat:
1100 1405 1171 1458 ita
1224 1403 1440 1457 salutari
1489 1401 1807 1469 compendio

228 1501 487 1568 quidquid
544 1498 785 1553 accusari
837 1504 1063 1565 poterat,
1116 1493 1316 1549 remitti
1352 1493 1453 1547 sibi
1501 1508 1605 1547 uua
1654 1493 1806 1547 venia

228 1589 555 1658 postulabat.
590 1587 716 1642 Dele
750 1595 925 1641 autem
952 1586 1077 1639 dum
1106 1585 1319 1650 dicitur,
1370 1583 1577 1638 dimitte
1603 1582 1805 1652 signiﬁ-

225 1689 376 1732 catur
394 1694 410 1742 ;
428 1677 552 1745 quia
571 1690 729 1730 omne
750 1683 985 1729 nostrum
1010 1674 1301 1727 admissum
1320 1673 1470 1741 quasi
1493 1673 1806 1741 quibusdam

230 1769 421 1822 tabulis
441 1767 717 1831 scribitur,
741 1780 860 1819 cum
891 1764 1068 1818 divina
1106 1764 1293 1817 notitia
1315 1763 1635 1817 continetur.

299 1860 457 1915 Yers.
486 1860 573 1912 il.
599 1858 698 1911 Cor
719 1858 965 1911 mundum
981 1874 1093 1912 crea
1119 1858 1290 1924 inme,
1318 1856 1487 1923 Deus;
1507 1868 1552 1911 et
1573 1858 1806 1925 spiritum

228 1960 417 2003 rectum
442 1951 631 2002 innova
652 1948 704 2001 in
728 1947 1002 2001 visceribus
1032 1948 1175 2001 meis.
1197 1946 1474 2001 Subtiliter
1501 1947 1598 2000 hos
1622 1946 1809 2000 versu’s

228 2056 324 2109 per
346 2040 509 2095 verba
533 2040 736 2108 singula
759 2038 1011 2093 debemus
1033 2037 1331 2107 exquirere,
1359 2046 1415 2091 ut
1442 2036 1596 2092 nobis
1619 2050 1808 2090 sensus

233 2133 395 2202 possit
425 2131 725 2185 evidentius
754 2130 982 2184 elucere.
1005 2128 1189 2182 Creare
1212 2127 1457 2193 dicimus,
1491 2142 1687 2181 novum
1711 2128 1807 2181 ali-

232 2223 353 2292 quid
394 2222 674 2275 instituere
699 2260 713 2283 ,
766 2228 822 2273 ut
853 2218 979 2273 illud
1007 2218 1147 2289 quod
1177 2233 1281 2273 non
1309 2219 1405 2272 luit
1433 2217 1675 2273 videatur
1699 2218 1814 2271 exi-

234 2328 391 2369 stere.
428 2315 495 2369 Et
525 2312 792 2382 quomodo
824 2312 1064 2367 dicamus
1094 2324 1218 2367 ante
1253 2322 1526 2381 peccatum
1552 2329 1638 2366 cor
1664 2329 1815 2366 mun-

235 2408 353 2458 dum
383 2420 489 2458 non
522 2404 771 2457 habuisse
793 2401 980 2467 David,
1012 2401 1078 2456 de
1099 2416 1204 2472 quo
1236 2401 1487 2455 Dominus
1514 2401 1647 2454 dixit
1675 2416 1691 2453 :
1724 2399 1816 2454 In-

236 2497 343 2547 veni
372 2493 544 2546 David
594 2493 757 2560 ﬁlium
786 2491 947 2556 Jesse,
982 2493 1149 2544 virum
1188 2491 1463 2544 secundum
1492 2507 1580 2544 cor
1626 2507 1813 2559 meum,

237 2590 319 2654 qui
346 2586 505 2655 faciat
534 2601 708 2638 omnes
751 2586 1034 2637 voluntates
1064 2600 1201 2637 mi'as
1232 2582 1401 2653 (Psal.
1437 2599 1690 2653 Lxxxvtvt,
1725 2584 1815 2647 ‘29.,

240 2687 285 2731 et
310 2678 423 2730 Act.
458 2690 575 2741 sit,
602 2676 730 2743 2‘2)?
762 2675 863 2730 Sed
897 2692 1010 2728 crca
1041 2674 1147 2741 hic,
1178 2682 1416 2729 restaura
1441 2676 1582 2729 unde
1602 2676 1816 2740 decidit,

239 2770 397 2822 debet
446 2768 695 2836 intelligi.
722 2767 857 2821 Petit
887 2782 1014 2836 ergo
1045 2767 1298 2834 prOpbeta
1332 2767 1435 2820 tale
1466 2768 1709 2819 mundum
1736 2784 1821 2820 cor

239 2857 339 2909 sibi
365 2857 557 2921 creari,
588 2855 726 2925 quod
752 2856 860 2925 jam
896 2856 1127 2925 peccatis
1168 2856 1564 2925 impellentibus
1586 2872 1821 2911 commo-

242 2948 353 3000 veri
384 2947 612 3000 minime
655 2946 910 3014 potuisset
931 2945 997 2999 ad
1019 2946 1257 3014 culpam;
1300 2946 1390 3000 sed
1422 2947 1707 3001 stabiitate
1733 2948 1823 3002 ἀρ.-

244 3036 430 3101 ﬁxum,
483 3037 679 3089 bonum
712 3050 816 3090 non
866 3037 1033 3103 possit
1062 3045 1267 3090 mutare
1317 3039 1665 3104 propositum.
1716 3037 1823 3090 lloc

1902 486 2144 541 tidelibus
2172 482 2254 549 (ll
2291 484 2408 537 Cor.
2443 499 2495 547 v,
2531 483 2615 552 l7)
2655 502 2667 537 :
2701 483 2840 537 Ecce
2864 498 3001 536 nunc
3023 497 3156 537 nova
3183 492 3425 536 creatura
3454 498 3471 546 ;

1898 597 2003 636 non
2051 580 2200 649 quasi
2232 578 2299 633 de
2329 580 2495 632 altera
2541 578 2657 643 qtne
2687 592 2791 630 non
2840 586 2984 641 erat;
3038 577 3131 630 sed
3159 577 3297 645 quod
3330 577 3381 629 in
3412 592 3471 628 ea

1897 688 2014 741 qua:
2035 671 2139 738 jam
2165 669 2462 731 constabat,
2492 668 2812 721 illuminatio
2843 682 2977 722 nova
3007 676 3362 735 processerat.

1973 760 2123 813 Vers.
2156 757 2244 811 12.
2290 758 2635 827 Ne‘projicias
2658 773 2736 810 me
2766 774 2796 808 a
2820 759 2947 827 facie
2982 768 3091 825 tua,
3131 766 3176 809 et
3220 757 3473 825 Spiritum

1901 862 2128 905 sanctum
2153 861 2298 903 tuum
2340 866 2401 902 ne
2430 850 2635 919 auferas
2666 866 2697 901 a
2720 865 2814 902 me.
2866 848 3144 921 Projicitur
3164 866 3194 901 a
3222 850 3352 915 facie
3382 848 3473 916 qui

1902 941 2077 996 curari
2108 939 2485 993 contemnitur.
2522 940 2587 991 Et
2615 938 2737 1005 quid
2767 948 2999 1006 aegrotus
3028 938 3205 1002 faciat,
3235 939 3277 991 si
3310 938 3475 992 medi-

1902 1035 2019 1086 cina
2048 1047 2105 1085 se
2128 1030 2443 1085 subtrahat?
2483 1029 2694 1083 Sciebat
2723 1029 2865 1082 enim
2908 1031 2973 1081 ab
3002 1029 3143 1083 illius
3174 1029 3304 1084 facie
3335 1031 3477 1082 sani-

1907 1132 2067 1177 tatem
2097 1123 2308 1185 mentis,
2335 1129 2388 1174 ct
2416 1121 2593 1173 lumen
2618 1120 2798 1174 venire
2820 1121 3121 1185 sapientiae;
3145 1130 3197 1173 et
3226 1120 3475 1174 credebat

1905 1228 1964 1267 se
1993 1212 2206 1265 inimico
2246 1210 2406 1273 tradi,
2430 1210 2472 1262 si
2497 1226 2527 1263 a
2548 1210 2693 1262 vultu
2718 1210 2926 1263 Domini
2947 1210 3279 1278 judicaretur
3301 1211 3484 1278 expel-

1908 1304 1967 1360 li.
1998 1304 2092 1358 llic
2113 1306 2254 1357 enim
2285 1317 2345 1355 se
2372 1310 2573 1354 tantum
2606 1301 2717 1353 vult
2741 1301 2955 1369 respici,
2988 1302 3107 1370 quia
3144 1310 3358 1369 peccata
3387 1315 3477 1354 su-

1909 1395 2087 1465 perius
2135 1407 2241 1446 non
2287 1392 2484 1446 debere
2530 1391 2766 1461 conspici
2816 1392 3180 1445 succlamavit.
3232 1392 3276 1446 0
3328 1406 3478 1445 τηετις

1911 1483 2202 1553 prophetae,
2234 1490 2289 1537 et
2334 1490 2451 1549 post
2495 1480 2756 1535 humanos
2791 1495 3005 1536 errores
3027 1480 3218 1535 exittiia
3246 1480 3357 1534 tDe
3386 1496 3482 1547 pe-

1911 1582 2100 1629 testate
2145 1572 2331 1638 tacuit,
2361 1578 2415 1625 et
2458 1570 2525 1624 de
2555 1569 2833 1645 allectibus
2879 1570 3099 1625 minime
3142 1570 3478 1639 supplicavit.

1911 1663 2093 1720 Solum
2143 1662 2377 1732 spiritum
2417 1657 2714 1729 prophetiae
2763 1659 2863 1714 sibi
2907 1674 3014 1713 non
3064 1659 3262 1713 auferri
3311 1661 3482 1728 petiit,

1837 1755 1883 1813 B
1912 1771 2067 1826 quem
2098 1753 2389 1824 pretiosum
2411 1765 2572 1819 supra
2596 1760 2786 1806 cuncta
2807 1765 2901 1806 rex
2923 1750 3128 1806 habuit.
3153 1751 3241 1806 Sic
3269 1752 3412 1805 enim
3432 1763 3485 1806 et

1910 1848 2176 1903 Jeremias
2206 1845 2461 1914 propheta
2493 1844 2557 1899 de
2607 1843 2773 1913 ipsius
2797 1844 2995 1901 virtute
3025 1850 3248 1899 testatus
3294 1855 3377 1898 est
3402 1846 3485 1899 di-

1912 1954 2066 1994 cens:
2095 1938 2335 1991 Extendit
2358 1934 2605 1989 Dominus
2631 1951 2835 1989 manum
2856 1922 3003 1989 suam
3028 1938 3094 1990 ad
3119 1953 3226 2003 me;
3252 1949 3297 1989 et
3326 1940 3488 2009 tetigit

1912 2048 1968 2087 os
1990 2048 2176 2093 meum,
2191 2041 2235 2083 et
2249 2029 2377 2082 dixit
2392 2029 2461 2081 ad
2476 2043 2584 2081 me:
2600 2025 2730 2081 Ecce
2749 2028 2866 2082 dedi
2884 2027 3031 2082 verba
3048 2044 3157 2081 mea
3172 2029 3221 2081 in
3236 2044 3291 2082 os
3309 2039 3488 2085 tuum:

1914 2140 2024 2178 ecce
2043 2124 2195 2178 statui
2217 2132 2262 2176 te
2280 2139 2430 2192 super
2450 2132 2619 2193 gentes
2651 2134 2697 2177 et
2719 2139 2897 2194 regna,
2928 2124 3210 2187 eradicare,
3235 2132 3282 2176 et
3311 2124 3486 2176 demo-

1915 2215 2027 2281 lire,
2052 2225 2099 2268 et
2127 2215 2354 2285 perdere,
2385 2225 2433 2269 et
2453 2216 2806 2283 exterminare,
2842 2226 2888 2270 et
2924 2216 3203 2284 aediﬁcare,
3230 2232 3276 2269 et
3298 2217 3487 2269 circum

1915 2310 2147 2377 plantare
2172 2305 2305 2377 (Jer.
2331 2322 2368 2374 ι,
2384 2308 2459 2378 9).
2482 2309 2670 2362 Merito
2686 2323 2813 2378 ergo
2835 2309 3255 2378 conservandum
3280 2309 3381 2364 sibi
3407 2325 3439 2377 p
3472 2339 3491 2350 -

1916 2397 2020 2460 tiit,
2050 2398 2187 2467 quod
2212 2412 2370 2467 supra
2401 2412 2588 2453 omnes
2617 2397 2829 2452 divitias
2861 2399 3283 2468 magnificentius
3311 2415 3369 2455 se
3398 2401 3492 2454 ha-

1919 2487 2098 2542 buisse
2125 2490 2393 2557 cognovit.
2431 2488 2490 2542 Et
2526 2490 2734 2543 intuere
2768 2489 2889 2554 quia
2922 2506 3027 2544 non
3058 2491 3211 2555 divit,
3249 2492 3312 2545 da
3344 2492 3493 2557 mihi,

1923 2593 2167 2651 tanquam
2200 2599 2303 2635 non
2336 2583 2593 2648 haberet;
2626 2583 2718 2638 sed
2747 2599 2807 2637 ne
2831 2586 3035 2654 auferas
3061 2585 3270 2653 posuit;
3291 2587 3495 2640 scilicet

1922 2678 2046 2740 quia
2104 2673 2224 2725 talis
2270 2687 2332 2725 ac
2380 2680 2521 2725 tanta
2570 2674 2907 2741 supplicatio,
2956 2674 3056 2728 nisi
3098 2688 3195 2743 per
3243 2676 3495 2743 Spiritum

1923 2771 2163 2815 sanetum
2195 2778 2300 2817 non
2334 2772 2539 2830 poterat
2568 2765 2802 2819 evenire.

1999 2853 2150 2907 Vers.
2182 2853 2267 2907 15.
2302 2828 2477 2908 Iledde
2515 2856 2636 2907 mihi
2664 2856 2893 2909 laztitiam
2935 2828 3172 2911 salu-turis
3200 2859 3290 2923 tui,
3323 2870 3368 2913 et
3394 2862 3499 2929 cpi--

1924 2946 2029 2998 ritu
2078 2946 2349 3016 principali
2397 2948 2644 3015 conﬁrma
2694 2964 2793 3002 me.
2843 2949 2998 3002 Redit
3026 2948 3090 3002 ad
3139 2950 3331 3003 Filium
3380 2951 3495 3013 Dei,

1929 3054 2083 3107 quem
2129 3046 2187 3092 ut
2229 3039 2534 3094 ostenderet
2568 3038 2861 3103 Christum,
2894 3042 3047 3105 dixit,
3102 3041 3362 3095 Saiutaris
3400 3044 3493 3101 tui.

244 3128 426 3194 utique
458 3127 661 3179 sanctis
688 3136 803 3195 post
836 3126 1283 3181 resurrectionem
1313 3128 1539 3183 dabitur.
1568 3128 1672 3182 Sed
1708 3143 1820 3196 pce-
1848 3114 1894 3177 C
1925 3130 2075 3198 cujus
2107 3130 2379 3183 nativi'ate
2426 3131 2570 3183 salus
2616 3131 2863 3197 gentibus
2895 3130 3066 3195 venit;
3100 3141 3154 3185 et
3182 3131 3323 3200 quod
3372 3143 3496 3186 ante

247 3222 423 3272 nitens
472 3218 572 3271 iste
604 3218 864 3271 bonorum
896 3219 1102 3285 avidus,
1135 3219 1341 3273 venturi
1392 3220 1597 3287 pritmii
1643 3234 1827 3274 amore

245 3328 558 3375 Succensus,
591 3315 727 3381 quod
774 3313 825 3365 in
861 3311 1036 3367 futuro
1066 3314 1280 3367 evenire
1332 3323 1559 3380 poterat,
1596 3314 1695 3367 hoc
1721 3313 1826 3366 sibi

248 3406 467 3460 concedi
502 3404 753 3472 praesenti
799 3413 1038 3471 tempore
1070 3404 1385 3471 postulabat.
1443 3404 1651 3457 Rectum
1681 3405 1831 3473 spiri-

251 3508 354 3548 tum
382 3496 536 3559 dicit,
576 3494 762 3548 Filium
789 3494 877 3549 Dei
916 3495 1165 3560 Verbum,
1205 3496 1270 3549 de
1294 3510 1397 3564 quo
1424 3496 1473 3547 in
1502 3495 1606 3548 alio
1629 3497 1832 3564 psalmo

252 3593 726 3640 commemoratum
761 3596 839 3639 est
874 3604 886 3636 :
926 3584 1084 3656 Virga
1108 3595 1241 3638 recta
1283 3595 1373 3650 est,
1414 3586 1555 3656 virga
1594 3586 1736 3656 regni
1762 3588 1833 3638 :ui

257 3675 423 3745 (Psat.
448 3677 693 3741 suv,7).
724 3674 887 3741 Quem
916 3676 1102 3728 merito
1131 3691 1195 3729 ex
1220 3686 1401 3728 natura
1434 3674 1653 3729 Deitatis
1682 3676 1833 3741 spiri-

259 3780 359 3821 tum
385 3768 697 3838 appellavit,
721 3767 844 3836 quia
873 3768 1065 3835 legitur
1097 3784 1108 3820 :
1152 3766 1285 3819 Deus
1309 3767 1518 3834 spiritus
1550 3775 1620 3820 est
1651 3765 1832 3835 (Joan.

261 3877 334 3927 iv,
360 3862 478 3930 Ἡ).
510 3860 713 3913 Ιηηουα
741 3874 834 3927 per
860 3858 1171 3931 hypallagen
1203 3859 1420 3928 ﬁguram
1451 3859 1676 3926 positum
1708 3867 1790 3912 est
1818 3875 1832 3921 ;

263 3966 367 4004 non
394 3950 539 4021 quod
563 3962 706 4003 esset
733 3949 847 4017 ipse
879 3949 1044 4001 Filius
1072 3947 1423 4011 innovandus,
1449 3946 1541 4001 sed
1563 3948 1649 4014 qui
1677 3946 1836 3999 David

262 4040 491 4109 peccatis
523 4047 759 4092 veterem
787 4038 981 4091 factum
1011 4037 1173 4106 possit
1199 4039 1452 4091 innovare
1477 4051 1569 4104 per
1590 4036 1836 4106 gratiam.

268 4129 363 4183 Ille
385 4132 528 4184 enim
562 4144 660 4183 nos
684 4132 910 4193 innovat,
939 4130 1050 4198 qui,
1089 4129 1291 4199 antiqui
1321 4128 1552 4183 hominis
1584 4138 1842 4185 vetustate

266 4220 533 4285 deposita,
566 4220 617 4272 in
641 4233 773 4272 nova
796 4218 1212 4287 regenerationis
1236 4232 1347 4271 sua:
1369 4218 1507 4271 dona
1529 4227 1838 4272 commutat.

265 4309 399 4362 Nam
421 4311 565 4363 sicut
591 4323 687 4377 per
714 4309 880 4363 Adam
909 4316 1117 4363 veteres
1146 4307 1363 4373 fuimus,
1398 4308 1467 4360 ita
1514 4307 1711 4361 Christi
1741 4308 1845 4361 Do-

267 4403 398 4455 mini
426 4400 695 4456 benet'iciis
715 4402 1015 4454 innovamur
1046 4398 1265 4469 (Ephes.
1296 4414 1371 4463 tv,
1394 4399 1519 4468 22);
1550 4400 1684 4452 sicut
1706 4400 1846 4467 Apo-

1928 3229 2044 3278 crat
2072 3221 2253 3290 paucis
2284 3234 2377 3288 per
2406 3220 2656 3293 eximiam
2691 3219 2847 3274 tidem
2873 3221 3164 3288 cognitum,
3192 3220 3385 3273 factum
3414 3234 3498 3275 est

1931 3313 2176 3367 universo
2224 3313 2338 3365 orbi
2372 3312 2725 3366 notissimum.
2777 3312 3113 3380 Quapropter
3159 3326 3278 3366 cum
3329 3313 3494 3366 dicit:

1931 3404 2107 3457 Redde
2128 3402 2251 3456 mihi
2274 3403 2505 3456 laetitiam
2525 3402 2768 3457 salutaris
2791 3404 2885 3468 tui,
2904 3403 3177 3455 Christum
3201 3402 3463 3472 signiﬁcat
3486 3420 3500 3456 :

1930 3495 2082 3564 cujus
2129 3496 2580 3563 contemplatione
2636 3495 2774 3548 inter
2804 3495 2945 3564 ipsas
2974 3509 3185 3564 quoque
3241 3496 3505 3565 lacrymas

1932 3585 2085 3640 laetus
2112 3595 2244 3651 erat,
2276 3598 2329 3639 et
2355 3586 2649 3656 prophetia:
2686 3600 2797 3640 sua:
2825 3601 3047 3640 munere
3074 3586 3214 3639 inter
3242 3586 3503 3653 pmniten-

1936 3679 2019 3733 tite
2047 3693 2156 3733 sure
2199 3678 2391 3747 jejunia
2425 3679 2761 3748 pascebatur.
2818 3678 3012 3743 Redde,
3040 3679 3194 3740 dixit,
3252 3679 3373 3746 quia
3405 3678 3507 3732 sibi

1935 3770 2114 3823 nescio
2161 3769 2286 3838 quid
2333 3771 2518 3837 gratia:
2557 3777 2799 3823 senserat
2851 3770 3181 3821 imminutum
3217 3768 3504 3837 :quoniam

1938 3861 2004 3913 ab
2035 3860 2120 3914 illa
2149 3862 2314 3928 gratia
2362 3862 2579 3915 salutari
2622 3869 2824 3915 tantum
2856 3862 2975 3929 quis
3004 3862 3224 3923 recedit,
3252 3856 3506 3928 quantum

1939 3963 1997 4003 se
2052 3951 2206 4020 173
2262 3950 2668 4019 reprehensibili
2725 3951 3132 4005 conversatione
3182 3952 3508 4006 tractaverit.

1940 4039 2071 4094 Nam
2115 4054 2232 4094 cum
2273 4040 2439 4093 dicit:
2475 4040 2647 4093 Redde
2690 4040 2813 4093 mihi
2856 4042 3087 4093 la’titiam
3130 4040 3373 4093 salutaris
3416 4041 3510 4103 tui,

1942 4130 2164 4198 yatiam
2196 4144 2254 4183 se
2276 4129 2509 4193 Spiritus
2536 4131 2705 4183 sancti
2730 4129 2843 4181 sine
2864 4129 3027 4182 dubio
3046 4129 3290 4182 amisisse
3310 4144 3511 4199 cogno-

1944 4228 2116 4282 verat,
2140 4233 2297 4288 quam
2324 4218 2580 4287 fragilitas
2610 4219 2837 4272 humana
2856 4234 2961 4272 non
2986 4228 3158 4287 potest
3182 4220 3376 4274 habere
3392 4235 3511 4276 cum

1946 4318 2149 4377 peccat.
2179 4307 2448 4377 Sequitur,
2481 4318 2529 4360 et
2572 4310 2758 4372 spiritu
2811 4308 3083 4376 principali
3123 4311 3367 4377 conﬁrma
3413 4327 3510 4365 me.
3574 4376 3577 4379 _

1951 4403 2061 4455 ltex
2092 4402 2180 4455 ille
2201 4400 2591 4465 sanctissimus,
2617 4409 2670 4456 et
2702 4401 2954 4470 prOpheta
2988 4400 3264 4466 mirabilis,
3291 4418 3391 4455 non
3414 4418 3514 4471 pu-

266 4494 442 4547 stolus
463 4493 594 4547 dicit
619 4511 631 4543 :
658 4492 981 4560 Deponentcs
1007 4502 1220 4544 veterem
1242 4491 1493 4543 hominem
1515 4507 1628 4543 cum
1654 4491 1846 4544 actibus
1876 4492 1922 4551 D
1949 4492 2096 4544 tabat
2125 4493 2447 4559 prtecipuum
2474 4507 2665 4548 munus
2694 4508 2836 4559 esse,
2872 4493 3127 4562 subjeCtis
3145 4495 3262 4561 jura
3290 4496 3514 4562 dictare,
3572 4491 3582 4559 Ϊ

272 4585 401 4645 suis,
434 4584 634 4634 induite
676 4600 880 4647 novum,
912 4588 997 4648 qui
1032 4583 1309 4636 secundum
1337 4581 1499 4635 Deum
1541 4591 1735 4635 creatus
1778 4593 1848 4635 est

272 4669 473 4737 (Calas.
509 4686 585 4735 ιιι,
622 4670 678 4734 9,
724 4672 832 4739 10).
864 4671 1101 4737 Addidit,
1140 4673 1193 4724 in
1223 4671 1493 4724 visceribus
1538 4671 1680 4738 meis,
1712 4671 1851 4727 unde

274 4774 502 4819 noverat
526 4764 774 4820 adulterii
796 4764 1113 4820 detestabile
1134 4766 1335 4819 crimen
1357 4766 1570 4819 exiisse.
1601 4765 1853 4833 Utrisque

276 4859 423 4911 enim
459 4857 696 4919 partibus
720 4856 1015 4911 remedium
1064 4856 1295 4925 petebat,
1341 4856 1585 4924 quoniam
1612 4856 1679 4910 de
1706 4864 1855 4910 utro-

276 4961 386 5014 que
410 4954 741 5014 peccaverat.
775 4946 841 4998 Et
868 4946 1075 5000 intuere
1105 4954 1299 5012 quanta
1331 4945 1608 4999 vivacitate
1629 4960 1686 4999 se
1714 4945 1855 4998 desi-

279 5040 437 5092 deret
466 5038 664 5105 expiari
693 5080 707 5101 ,
744 5044 802 5091 ut
826 5037 1086 5105 intelligas
1113 5052 1232 5091 eum
1266 5036 1465 5090 nullum
1498 5036 1599 5090 tale
1632 5036 1854 5090 ulterius

282 5130 622 5183 committere
656 5128 885 5182 voluisse
914 5128 1187 5182 delictum.
1222 5128 1350 5181 Nam
1383 5128 1518 5180 sicut
1558 5128 1608 5181 in
1639 5141 1857 5194 compa-

285 5220 463 5287 gincm
496 5219 723 5287 priorem
762 5218 903 5273 coire
932 5234 1037 5271 non
1069 5229 1291 5286 possunt
1332 5216 1560 5270 abscissa
1594 5217 1852 5279 membra,

286 5312 357 5364 ita
379 5312 446 5363 ad
475 5325 657 5363 verum
686 5308 1027 5375 pmtiitentem
1062 5316 1331 5375 nequeunt
1368 5307 1629 5373 prteterita
1678 5306 1857 5359 redire

286 5410 521 5470 peccata.
554 5399 621 5453 Ut
645 5399 953 5468 quihusdam
982 5414 1110 5453 vero
1141 5399 1331 5466 placet,
1355 5407 1407 5450 et
1436 5398 1588 5450 aliter
1611 5397 1861 5463 probatur

286 5491 501 5560 esponi.
522 5491 656 5545 Petit
682 5492 938 5559 propheta
956 5508 1042 5543 cor
1064 5490 1307 5542 mundum
1332 5505 1504 5541 creare
1520 5489 1570 5541 in
1595 5504 1651 5543 se
1680 5486 1859 5552 Deum,

290 5599 397 5635 non
428 5581 564 5634 aliud
596 5596 820 5648 poscens
859 5581 999 5649 quod
1029 5596 1133 5632 non
1166 5580 1420 5643 habebat;
1453 5579 1545 5633 sed
1578 5579 1715 5647 quod
1754 5580 1861 5641 jam

293 5679 431 5733 erat,
464 5668 715 5722 mundum
774 5667 890 5722 ﬁeri
927 5668 1243 5740 postulabat.
1273 5669 1461 5725 Creare
1510 5668 1701 5737 quippe
1729 5667 1861 5722 dici-

1950 4583 2191 4637 nationes
2220 4592 2429 4638 exteras
2456 4584 2601 4638 bello
2628 4585 2904 4654 subigere;
2938 4586 3029 4640 sed
3055 4597 3162 4640 tota
3190 4590 3514 4656 contempla-
3574 4566 3585 4575 ’

1949 4678 2093 4733 tione
2141 4678 2451 4745 translatus,
2502 4679 2764 4733 curiosius
2809 4678 3094 4743 expetebat
3142 4680 3194 4732 in
3244 4680 3517 4748 principali

1954 4768 2226 4823 intellectu
2272 4770 2455 4833 statui,
2507 4756 2663 4835 quam
2704 4769 2757 4822 in
2788 4771 2935 4838 regni
2963 4770 3195 4824 culmine
3238 4772 3518 4824 contineri.

1956 4857 2214 4925 Con/inita
2244 4869 2343 4923 nte,
2366 4859 2518 4921 dixit,
2542 4874 2607 4913 ne
2638 4860 2828 4913 iterum
2855 4874 3092 4926 peccem,
3114 4875 3181 4913 ne
3198 4876 3228 4912 a
3259 4869 3311 4911 te
3334 4863 3522 4913 animm

1958 4949 2307 5004 mutabilitate
2334 4948 2622 5003 discedam.
2657 4949 2765 5002 Nec
2794 4950 3057 5003 incassum
3090 4958 3356 5017 putemus,
3384 4952 3524 5017 quod

1958 5039 2040 5091 vir
2088 5046 2305 5091 sanctus
2353 5046 2407 5091 et
2435 5038 2613 5090 cordis
2658 5038 3041 5092 illuminatione
3084 5038 3335 5099 radiatus,
3372 5043 3526 5092 tertia

1959 5130 2197 5195 spiritum
2250 5129 2561 5191 nominavit,
2625 5129 2722 5181 nisi
2780 5130 2900 5196 quia
2952 5128 3234 5181 individum
3284 5128 3526 5181 Triuitnti

1961 5219 2203 5281 devotus,
2238 5217 2455 5272 concedi
2481 5218 2577 5271 sibi
2601 5218 2667 5270 ah
2690 5232 2749 5270 ea
2778 5219 2983 5271 Veniam
3018 5219 3324 5285 postulavit.
3365 5218 3528 5283 Spiri-

1965 5319 2044 5361 tus
2068 5310 2206 5361 enim
2240 5318 2493 5378 quantum
2538 5309 2599 5359 ad
2629 5310 2917 5361 essentiam
2950 5310 3247 5362 Divinitatis
3279 5321 3329 5363 et
3354 5310 3530 5372 Pater,

1965 5407 2020 5451 et
2074 5397 2259 5459 Filius,
2293 5407 2346 5451 et
2403 5398 2630 5467 Spiritus
2678 5408 2917 5465 sanctus,
2972 5409 3118 5453 recte
3168 5400 3358 5452 dicitur
3398 5418 3531 5455 unus

1965 5486 2105 5539 Deus
2132 5503 2145 5548 ;
2176 5485 2263 5537 sed
2293 5500 2388 5552 pro
2410 5486 2747 5540 distinctione
2782 5500 3130 5553 personarum
3155 5495 3237 5540 est
3263 5491 3531 5557 [imprium

1968 5577 2130 5637 Patri,
2160 5576 2299 5643 quod
2330 5577 2647 5628 naturaliter
2668 5578 2779 5630 sine
2802 5576 2953 5628 initio
2982 5587 3104 5630 ante
3135 5578 3322 5631 srrcula
3354 5586 3533 5647 genuit

1970 5668 2159 5722 Filium
2187 5685 2198 5723 :
2238 5668 2507 5735 proprium
2540 5678 2617 5720 est
2644 5669 2800 5735 Filio,
2830 5670 2964 5737 quod
2989 5672 3303 5727 naturaliter
3326 5690 3352 5727 a
3382 5676 3535 5732 l’atre
