3956 6178
431 209 531 234 fﬁ-

432 209 531 260 357
1677 211 1741 262 Μ.
1788 209 1992 263 AL'REl

2105 206 2496 261 αιδξριυυυιιι

3580 207 3679 257 διίξὲ

433 335 716 391 generatus
745 335 865 389 est;
902 325 1169 394 proprium
1198 321 1518 390 estSpiritui
1557 329 1765 384 saneto,
1800 322 1941 388 qttol
1973 336 1998 372 τι
2033 326 2075 379 Α
2108 331 2186 373 est
2220 319 2358 370 enim
2387 337 2397 370 :
2433 320 2564 384 Quia
2600 337 2684 388 qut
2718 325 2938 374 converti
2968 323 3135 390 fecerit
3169 331 3480 387 peccatorem
3510 319 3569 370 ab
3603 339 3680 372 er-

437 414 592 468 l'atre
613 427 663 470 et
687 413 820 469 Filio
843 413 1114 484 procedit;
1139 427 1257 480 qua:
1281 411 1530 465 ineffabili
1559 413 1821 466 charitate
1852 423 2010 480 atque

435 507 813 574 cooperatione
841 517 1026 558 eorum
1050 503 1518 558 consubstantialis
1545 504 1818 558 mternitas
1841 513 1893 557 et
1922 518 2013 572 p0-

436 606 597 649 testas
635 594 811 648 omnia
854 593 976 648 facit
1005 609 1123 662 qua:
1154 595 1263 647 vult
1288 595 1338 646 iu
1364 593 1499 648 caelo
1529 602 1582 648 et
1614 593 1668 647 in
1698 605 1858 648 terra.
1904 593 2009 648 Sed

434 685 674 752 quamvis
693 683 805 737 haec
827 682 1384 751 incomprehensibi‘ia
1406 691 1565 752 atque
1595 683 2005 752 inexplicabilia,

436 776 505 828 ita
536 784 590 827 ut
613 782 758 838 sunt,
785 775 938 827 nobis
969 788 1108 828 nunc
1129 788 1247 828 esse
1274 783 1592 834 noscantur;
1628 781 1800 827 tamen
1822 790 1851 828 a
1880 790 2010 828 non-

435 865 594 918 nullis
619 863 863 918 Patribus
892 864 1245 933 corporalium
1277 874 1329 918 et
1359 863 1515 917 simul
1555 864 1895 918 existentinm
1925 881 2011 920 re-

434 969 550 1006 rum
585 953 703 1006 talis
729 954 1028 1008 similitudo
1074 953 1404 1021 proponitur.
1439 954 1742 1007 Invenimus
1779 958 1922 1009 enim
1956 958 2006 1010 in

435 1047 547 1100 soie
571 1053 678 1099 tres
702 1046 831 1099 istas
861 1047 1214 1116 proprietates
1239 1063 1252 1099 :
1277 1047 1447 1115 prima
1473 1048 1583 1116 ipsa
1615 1057 1696 1102 est
1716 1049 2008 1103 substantia

439 1136 752 1204 corporalis,
777 1139 918 1205 quod
949 1139 1166 1203 sol‘est;
1199 1139 1391 1193 deinde
1428 1139 1681 1208 Splendor
1701 1140 1818 1210 ejus
1845 1141 1931 1210 qtti
1957 1143 2006 1195 in

443 1225 556 1292 ipso
599 1235 915 1292 permanet;
970 1226 1124 1279 tertia
1172 1227 1318 1280 eal0r
1353 1227 1443 1294 qui
1486 1242 1515 1279 a
1563 1228 1846 1296 Splendora
1893 1229 2008 1299 ejus

439 1333 608 1388 usque
653 1319 718 1373 ad
769 1330 864 1374 nos
904 1321 1162 1387 pervenit.
1205 1319 1334 1387 Qua:
1364 1321 1464 1374 hoc
1514 1321 1671 1376 modo
1715 1323 1782 1384 (si
1833 1329 2006 1376 tamen

439 1419 594 1464 tanta:
646 1411 720 1465 rei
755 1421 928 1480 potest
969 1409 1262 1464 similitudo
1291 1409 1465 1479 aliqua
1497 1411 1747 1480 reperiri)
1779 1411 2010 1465 arbitror

435 1499 762 1578 τιιειίιιιιιρόιι,
799 1509 852 1554 ιιι
882 1500 1022 1569 quod
1053 1509 1129 1552 est
1155 1502 1204 1554 in
1228 1499 1340 1552 sole
1361 1499 1658 1553 substantia
1686 1501 2003 1569 corporalis,

436 1591 504 1644 ita
535 1591 858 1660 intelligatur
878 1591 929 1643 in
959 1590 1220 1644 Triuitate
1245 1588 1634 1659 quodammodo
1658 1605 1882 1660 persona
1909 1591 2007 1644 Pa—

2114 428 2226 463 rere
2253 413 2343 463 vim
2365 429 2488 473 sum,
2513 413 2726 464 salrabit
2748 415 2967 466 animum
2998 417 3107 483 ejus
3137 431 3166 465 a
3191 424 3368 477 morte,
3393 422 3439 464 ct
3466 414 3683 481 cooperit

2113 502 2492 553 nmlzitudincm
2524 514 2838 568 peccatorum
2866 503 3000 573 (Jac.
3029 521 3078 566 v,
3113 504 3222 571 ιλιι).
3257 501 3368 554 Duo
3396 503 3679 556 suntenitu

2112 606 2300 658 genera
2327 591 2623 655 doctorum,
2647 610 2804 647 unum
2825 596 2962 662 quod
2989 593 3215 646 instituit
3235 593 3514 660 exemplis,
3541 593 3680 645 aliud

2111 680 2248 746 quod
2299 681 2471 733 verbis
2514 691 2716 734 tantum
2765 683 3000 735 noscitur
3050 684 3337 735 admonere
3370 692 3681 748 peccantes;

2111 771 2248 840 quod
2283 772 2366 826 hic
2395 783 2673 842 utrumque
2713 774 3128 839 deprehenditur
3157 773 3516 828 sentiendum.
3547 773 3690 827 Dicit

2111 862 2286 930 itaque
2317 879 2329 914 :
2356 864 2612 927 Quoniam
2644 864 2686 916 si
2721 865 2990 932 propltette
3022 877 3285 933 parcatur,
3318 863 3692 932 delinquenti-

2111 950 2210 1004 bus
2239 966 2357 1018 spes
2383 952 2712 1006 remissionis
2755 953 2979 1006 maxima
3009 953 3348 1007 concedatur.
3381 955 3508 1018 Quis
3539 955 3688 1008 enim

2109 1042 2175 1095 ad
2206 1044 2604 1096 conversionem
2639 1059 2742 1098 non
2773 1043 2924 1098 daret
2949 1045 3205 1111 animum,
3238 1045 3324 1098 ubi
3358 1061 3449 1098 rex
3481 1055 3531 1099 et
3557 1062 3686 1112 pro-

2110 1133 2266 1202 pheta
2289 1147 2555 1188 concessa:
2574 1135 2672 1188 sibi
2698 1135 2868 1188 venite
2898 1135 3180 1203 praestabat
3205 1136 3540 1204 esetuplum?
3563 1137 3694 1194 Sive

2111 1225 2237 1279 illud
2292 1225 2584 1280 secundum
2636 1226 2853 1295 intelligi
2913 1235 3114 1296 potest,
3165 1229 3286 1294 quia
3343 1228 3598 1282 liberatus
3654 1245 3685 1282 a

2110 1331 2303 1384 magno
2333 1317 2496 1369 exitio
2537 1317 2823 1385 prtedicare
2862 1317 3030 1386 potuit
3059 1318 3302 1387 gentibus
3333 1317 3535 1372 diversa
3566 1336 3687 1373 ma-

2109 1407 2286 1476 gnalia
2337 1406 2566 1473 Domini,
2621 1424 2737 1477 qua:
2767 1409 3100 1478 sequentium
3146 1411 3468 1477 psalmorum
3510 1421 3687 1464 textus

2109 1500 2358 1556 ostendit.
2394 1501 2672 1555 Pollicetur
2700 1503 2857 1556 etiam
2886 1501 3254 1570 compendium
3283 1514 3643 1573 quatstuosum
3667 1523 3682 1566 ;

2109 1597 2168 1644 ut
2192 1592 2314 1659 quia
2347 1592 2620 1660 ignoverat
2667 1593 2779 1652 uni,
2808 1590 2954 1644 tnulti
2986 1606 3078 1659 per
3120 1591 3288 1659 ipsum
3317 1593 3463 1661 impii
3493 1593 3693 1660 proba-

437 1681 531 1735 tris
556 1697 570 1746 ;
619 1690 672 1736 et
715 1680 857 1751 quod
886 1691 965 1735 est
995 1680 1046 1733 in
1099 1681 1213 1734 sole
1259 1679 1510 1750 splendor
1538 1679 1676 1750 ejus.
1707 1681 1807 1734 hoc
1837 1680 1905 1734 sit
1953 1679 2004 1733 in
2042 1701 2085 1760 Β
2113 1691 2298 1736 rentur
2327 1682 2544 1750 acquiri.
2572 1683 2722 1747 Quod
2749 1697 2851 1736 non
2881 1682 3124 1736 elationis
3152 1697 3313 1736 causa
3341 1683 3553 1746 dicitur,
3587 1684 3683 1737 sed

434 1771 696 1825 Triuitate
729 1785 947 1837 persona
974 1769 1116 1835 Filii,
1150 1770 1595 1838 sicutApostolus
1617 1770 1746 1829 dicit
1773 1787 1786 1822 :
1822 1769 2006 1839 Splen-

433 1866 528 1917 dor
559 1863 734 1933 gloria!
764 1865 871 1934 ejus
903 1860 1088 1931 (Hebr.
1119 1876 1156 1925 ι,
1184 1860 1274 1930 3);
1305 1861 1442 1929 quod
1473 1870 1648 1914 autem
1689 1869 1769 1914 est
1810 1860 1863 1914 in
1894 1859 2007 1913 sole

434 1956 597 2018 calor,
647 1953 748 2008 hoc
777 1957 844 2008 sit
892 1953 943 2006 in
975 1952 1238 2007 Trinitate
1266 1965 1493 2020 persona
1523 1951 1754 2020 Spiritus
1807 1952 2003 2015 sancti,

434 2047 568 2100 sicut
600 2047 789 2116 legitur
820 2063 834 2099 :
868 2045 995 2110 Quis
1035 2059 1087 2098 se
1131 2045 1392 2098 abscondit
1419 2061 1449 2097 a
1479 2046 1647 2098 calore
1673 2047 1784 2115 ejus
1831 2041 1999 2113 (Psat.

437 2153 583 2202 xvut,
617 2137 710 2203 7)?

509 2227 667 2279 Datur
687 2225 844 2279 etiam
875 2222 1015 2279 aliud
1036 2223 1336 2294 exemplum
1359 2224 1777 2292 incorporalium
1803 2239 2003 2289 rerum,

437 2321 534 2371 hoc
559 2324 644 2370 est
667 2317 732 2370 de
759 2315 956 2381 anima,
983 2330 1098 2383 qua:
1120 2313 1186 2368 ad
1213 2314 1493 2384 imaginem
1528 2311 1618 2370 Dei
1653 2313 1786 2368 facta
1811 2329 2007 2382 cogno-

434 2409 617 2461 scitur.
652 2408 844 2461 Anima
876 2407 1035 2476 igitur
1079 2415 1159 2460 est
1187 2407 1297 2475 ipsa
1343 2406 1637 2460 substantia
1668 2407 2000 2475 incorporea,

436 2500 726 2563 rationalis,
754 2499 807 2552 in
837 2514 943 2569 qua
976 2499 1114 2552 inest
1143 2498 1442 2552 intellectus
1469 2509 1523 2553 et
1560 2498 1663 2553 vita
1691 2499 1823 2567 ejus.
1855 2499 2005 2566 Quod

433 2606 558 2660 ergo
585 2600 667 2646 est
697 2592 746 2644 in
776 2589 948 2644 anima
973 2589 1286 2652 substantia,
1322 2588 1421 2642 hoc
1453 2589 1778 2658 intelligatur
1803 2590 1868 2657 (si
1899 2589 2005 2643 dici

435 2683 508 2736 t’as
535 2682 639 2752 est)
670 2683 721 2735 in
751 2680 1010 2736 Trinitate
1041 2694 1267 2750 persona
1311 2679 1481 2734 Patris
1506 2697 1519 2744 ;
1556 2680 1696 2748 quod
1726 2689 1900 2734 autem
1924 2690 2006 2734 est

437 2775 486 2827 in
515 2773 686 2827 anima
717 2771 882 2826 virtus
908 2781 961 2825 et
990 2771 1232 2836 scientia,
1264 2769 1365 2825 hoc
1387 2770 1713 2838 intelligatur
1743 2770 1795 2822 itt
1826 2767 2000 2822 Trini-

437 2874 544 2919 tate
574 2863 757 2929 Filius,
791 2861 880 2932 qui
932 2874 1011 2918 (εει
1042 2861 1134 2917 Dei
1188 2861 1352 2915 virtus
1392 2870 1445 2915 et
1488 2854 1578 2914 Dei
1626 2859 1920 2928 sapientia:
1954 2866 2007 2913 et

435 2957 574 3028 quod
601 2967 680 3012 cst
707 2958 758 3010 in
785 2956 960 3010 anima
1002 2952 1302 3010 viviﬁcandi
1350 2951 1667 3022 preprietas,
1714 2948 1816 3004 hoc
1861 2957 1915 3004 et
1954 2949 2003 3002 in

2120 1773 2466 1842 providentiae
2491 1773 2681 1826 virtute
2710 1773 3070 1841 prophetatnr.
3091 1772 3281 1840 Quanti
3305 1775 3445 1828 enim
3478 1789 3570 1843 per
3589 1775 3690 1828 ista

2108 1865 2269 1918 verba
2300 1863 2522 1916 Domino
2561 1864 2913 1931 supplicantes
2939 1880 3004 1918 ex
3044 1867 3146 1918 rcis
3177 1864 3467 1919 redduntur
3500 1866 3680 1933 liberi,

2108 1970 2170 2008 ex
2203 1953 2449 2024 obligatis
2479 1953 2702 2008 feliciter
2723 1953 2988 2008 abSoluti?

2181 2066 2331 2121 Vers.
2358 2065 2441 2119 15.
2472 2063 2653 2119 Libera
2675 2081 2750 2118 me
2772 2065 2834 2119 de
2862 2067 3215 2136 sanguinibus,
3249 2067 3404 2132 Deus,
3440 2068 3574 2123 Deus
3596 2088 3686 2123 sa-

2109 2156 2227 2209 lutis
2270 2172 2428 2220 mete,
2463 2166 2505 2210 et
2545 2154 2818 2210 exsultabit
2857 2157 3032 2226 lingua
3074 2174 3184 2210 mea
3215 2158 3472 2229 justiziant
3518 2169 3684 2213 tuam.

2109 2249 2474 2319 Sanguinibus,
2507 2257 2690 2303 contra
2723 2249 2961 2304 Latinam
2990 2249 3198 2322 quidem
3227 2250 3457 2318 linguam
3485 2267 3686 2306 nume-

2107 2353 2198 2393 rus
2231 2339 2446 2407 pluralis
2467 2337 2678 2393 videtur
2696 2348 3032 2409 assumptus;
3065 2339 3159 2394 sed
3178 2339 3294 2409 quia
3319 2339 3417 2393 huc
3444 2340 3497 2393 iu
3531 2339 3684 2393 Grat-

2105 2433 2184 2512 cis
2213 2432 2602 2499 exemplaribus
2648 2434 2972 2502 continetur,
3008 2435 3290 2489 translator
3326 2436 3541 2488 omnino
3572 2435 3688 2486 lau-

2107 2522 2314 2579 dandus
2341 2534 2420 2578 est
2447 2540 2460 2589 ;
2491 2525 2650 2595 elegit
2671 2527 2814 2582 enim
2841 2527 3038 2594 aliquid
3061 2539 3242 2582 contra
3267 2537 3434 2581 artem
3462 2528 3689 2580 saecula-

2107 2615 2244 2670 rium
2277 2631 2668 2688 ponere,quam
2695 2633 2723 2671 a
2760 2619 2978 2673 veritate
3009 2619 3177 2686 posita
3194 2619 3515 2687 discrepare.
3551 2618 3687 2670 Nam

2107 2707 2151 2760 si
2176 2706 2406 2771 diceret,
2435 2723 2463 2761 a
2487 2709 2764 2779 sanguine,
2797 2725 2957 2762 unum
2989 2711 3204 2763 forsitan
3237 2718 3503 2774 peccatum
3530 2709 3685 2761 vide—

2109 2806 2256 2850 retur
2279 2797 2560 2852 ostendere
2587 2813 2602 2862 ;
2635 2799 2724 2852 sed
2751 2813 2870 2852 cum
2911 2800 3166 2868 pluralem
3195 2815 3474 2853 numerum
3507 2800 3684 2866 ponit,

2111 2887 2270 2940 multa
2301 2903 2419 2945 esse
2445 2890 2559 2944 sine
2601 2888 2760 2943 dubio
2790 2890 3073 2944 conﬁtetur
3099 2910 3110 2944 :
3135 2891 3276 2960 quod
3305 2892 3495 2950 idiama
3534 2891 3685 2943 Scri-

2108 2984 2277 3044 ptura:
2303 2977 2495 3031 divina:
2528 2993 2808 3048 posuimus
2835 2996 3159 3049 nuncupare.
3202 2982 3322 3035 [late
3350 2982 3506 3050 tigura
3545 2981 3686 3032 dici-

437 3047 696 3101 Trinitate
735 3045 1064 3114 intelligatur
1097 3043 1327 3113 Spiritus
1360 3051 1599 3105 sanctus,
1627 3056 1721 3110 per
1749 3055 1907 3110 quem
1932 3039 2001 3092 vi-

2110 3074 2194 3122 tur
2225 3068 2482 3138 exallage,
2516 3069 2566 3122 id
2609 3079 2689 3124 est
2719 3071 3035 3136 immutatio,
3087 3073 3292 3141 quoties
3320 3081 3501 3125 contra
3548 3085 3686 3125 eun-

436 3134 681 3189 vilicandi
705 3149 838 3204 opus
860 3133 1038 3188 multis
1068 3132 1201 3186 locis
1223 3131 1541 3202 przedicatur
1570 3131 1818 3200 impleri;
1868 3131 2006 3184 sicut

435 3229 508 3282 ait
551 3228 739 3282 Petrus
779 3225 1048 3296 apostolus
1094 3225 1147 3279 in
1197 3225 1429 3293 Epistula
1475 3238 1568 3276 sua
1611 3241 1625 3275 :
1668 3222 2007 3289 Morti/ianus

435 3335 604 3388 carne,
634 3318 915 3386 uiviﬁcatus
957 3328 1124 3371 autem
1151 3317 1332 3382 spiritu
1376 3308 1427 3386 (Ι
1453 3313 1594 3369 Petr.
1623 3330 1698 3380 ιιι,
1726 3315 1847 3385 i8);
1875 3316 2002 3369 item

435 3411 718 3480 Aposmlus
765 3426 780 3465 :
823 3409 1016 3464 Littera
1053 3409 1266 3473 accidit,
1314 3408 1538 3478 Spiritus
1584 3418 1750 3462 autent
1786 3409 2003 3475 vivi/icat

434 3503 518 3574 (il
545 3501 664 3557 Cor.
694 3518 776 3567 tu,
800 3503 888 3571 6);
914 3508 970 3554 et
997 3501 1049 3554 in
1078 3497 1364 3568 Evangelio
1385 3497 1642 3552 Dominus
1672 3497 1746 3551 ait
1777 3515 1790 3550 :
1825 3496 1999 3567 Spiri-

436 3605 515 3647 tus
544 3602 616 3647 est
644 3593 730 3662 qui
758 3590 995 3658 vivi/icat,
1028 3604 1144 3641 nam
1176 3602 1294 3640 caro
1337 3603 1439 3640 non
1469 3586 1672 3658 prodest
1726 3586 2000 3656 quidquam

435 3681 611 3754 (Joan.
644 3697 718 3748 vt,
741 3680 854 3749 6'5).
886 3679 1010 3734 Haec
1039 3685 1213 3731 autem
1244 3689 1361 3746 qua:
1382 3675 1615 3729 diximus
1643 3675 1744 3728 tria
1770 3674 2001 3744 singula-

435 3776 566 3830 riter
611 3779 940 3844 sequestrata
992 3770 1290 3825 nullatenus
1340 3767 1712 3831 inveniuntur,
1758 3766 2000 3835 quamvis

435 3864 736 3920 intellectus
763 3870 945 3917 noster
971 3875 1035 3916 ea
1065 3860 1308 3914 distincta
1339 3859 1504 3928 possit
1545 3857 1852 3921 advertere;
1904 3856 1997 3910 sed

433 3959 502 4010 ita
539 3955 850 4010 naturaliter
877 3961 1000 4008 sunt
1039 3951 1202 4018 unita,
1247 3959 1305 4006 ut
1350 3951 1476 4004 dum
1517 3965 1678 4004 unum
1723 3950 1910 4004 borum
1940 3963 1998 4002 se

430 4047 706 4111 obtulerit,
763 4044 915 4100 simul
963 4044 1060 4098 tria
1091 4057 1302 4111 semper
1329 4051 1629 4096 occurrant.
1659 4040 1748 4096 Sic
1780 4057 1874 4108 per
1902 4039 1997 4094 bas

429 4138 807 4196 similitudines
847 4145 1005 4191 tantae
1033 4136 1108 4190 rei
1138 4134 1311 4204 aliqua
1344 4135 1496 4188 nobis
1523 4133 1827 4202 imaginatio
1857 4134 1996 4188 veri-

430 4230 550 4283 tatis
580 4228 834 4299 aperitur.
872 4226 1007 4282 Sunt
1034 4232 1089 4281 et
1119 4223 1201 4280 bis
1224 4225 1342 4278 alia:
1368 4223 1582 4281 Patrum
1614 4223 1995 4293 disputationes

428 4319 732 4384 simillimm,
764 4317 856 4372 sed
893 4331 1024 4386 quas
1050 4330 1193 4371 nunc
1228 4315 1403 4371 carnis
1432 4314 1712 4370 infirmitas
1741 4313 1806 4368 ad
1837 4313 1992 4384 liqui-

2107 3157 2438 3214 suettnlinem
2463 3168 2555 3213 aut
2573 3175 2738 3230 genus
2759 3170 3112 3215 eotnmutatur
3131 3173 3221 3215 aut
3247 3177 3417 3216 Casus.
3447 3160 3682 3213 Liberori

2105 3260 2232 3315 ergo
2262 3260 2320 3302 se
2350 3246 2600 3315 propheta
2630 3249 2758 3317 petit
2789 3249 2855 3302 de
2883 3250 3180 3303 carnalibus
3208 3247 3437 3314 delictis,
3473 3259 3527 3303 ut
3559 3249 3680 3316 jam

2104 3338 2372 3393 desineret
2408 3339 2461 3392 in
2502 3339 2600 3392 iSta
2643 3339 2921 3408 fragilitate
2961 3355 3203 3410 peccare.
3251 3340 3477 3410 Sanguis
3527 3341 3678 3394 enim

2105 3442 2200 3497 pro
2228 3443 2452 3497 corpore
2481 3431 2710 3482 humani
2737 3430 2966 3498 ponitur,
2999 3430 3120 3498 quia
3149 3430 3284 3484 inter
3324 3440 3546 3484 exteros
3571 3429 3645 3482 bu
3671 3459 3684 3468 -

2103 3533 2279 3574 mores
2323 3523 2435 3588 ejus
2463 3521 2574 3589 ipse
2603 3523 2775 3590 potior
2824 3520 2950 3593 [ed.,
2987 3520 3148 3592 prior]
3182 3521 3384 3575 videtur
3412 3519 3676 3576 existere.

2101 3607 2230 3662 Nam
2257 3609 2382 3662 etin
2418 3611 2700 3679 Evangelio
2726 3610 2878 3665 Petro
2905 3610 3098 3663 dicitur
3130 3629 3142 3662 :
3176 3609 3296 3662 Non
3327 3609 3415 3662 tibi
3437 3612 3678 3664 revelat-it

2100 3714 2219 3751 caro
2241 3709 2286 3752 et
2315 3701 2518 3771 sanguis
2547 3700 2756 3770 (Matth.
2791 3715 2898 3766 xvt,
2934 3701 3040 3771 17),
3081 3701 3217 3754 Deus
3242 3699 3421 3754 salutis
3449 3717 3571 3754 mea:
3599 3704 3680 3756 si-

2099 3789 2311 3859 gniﬁcat
2363 3791 2640 3844 Dominum
2689 3792 3043 3855 Salvatoretn,
3075 3807 3169 3861 per
3198 3809 3353 3860 quem
3397 3794 3542 3846 salus
3584 3794 3676 3859 pie

2098 3881 2437 3936 credentibus
2453 3882 2625 3936 datur.
2651 3883 2865 3937 Addidit
2886 3883 3348 3947 etiam,extu!tabit
3366 3884 3537 3954 lingua
3560 3901 3676 3938 mea

2088 3971 2344 4042 justitiam
2373 3981 2546 4038 luant;
2579 3972 2628 4026 id
2651 3982 2751 4036 est,
2775 3973 2819 4026 si
2843 3989 2920 4026 me
2942 3973 3225 4026 liberaverit
3256 3975 3318 4027 de
3338 3975 3676 4042 sanguinibus

2097 4059 2259 4131 (quttd
2319 4064 2624 4132 intelligitur
2650 4063 2716 4119 de
2764 4066 3036 4133 peccatis),
3071 4063 3278 4118 laudem
3322 4074 3463 4117 tuam
3495 4064 3677 4134 lingua

2096 4170 2205 4207 mea
2241 4155 2384 4224 juste
2412 4157 2688 4226 loquetur;
2743 4169 2958 4224 propter
2987 4157 3112 4210 illud
3138 4157 3278 4226 quod
3320 4158 3370 4209 in
3399 4158 3676 4224 praeterito

2095 4244 2299 4313 psalmo
2330 4244 2524 4299 dictum
2545 4255 2626 4299 est
2648 4264 2660 4300 :
2686 4244 2948 4300 Peccatori
2970 4258 3134 4300 autem
3164 4247 3293 4299 dixit
3319 4245 3494 4300 Deus:
3523 4250 3675 4312 Qua-

2096 4351 2151 4390 re
2167 4344 2220 4387 tu
2241 4351 2449 4390 enat-ras
2463 4338 2692 4404 justitias
2715 4354 2848 4391 mea:
2869 4337 3035 4409 (Paul.
3058 4353 3196 4404 xm,
3225 4339 3348 4405 ιδῃ
3383 4339 3676 4395 Absolutus

427 4415 551 4467 dum
581 4421 724 4466 vetat
755 4411 977 4482 intelligi
1010 4431 1023 4466 :
1055 4421 1181 4468 tunc
1205 4413 1371 4468 multo
1392 4414 1724 4482 prmstantius
1748 4421 1996 4481 poterunt

2105 4427 2240 4482 enim
2275 4439 2418 4484 recte
2447 4429 2589 4498 loqui
2623 4433 2810 4500 potuit,
2843 4431 2984 4485 unde
3014 4441 3344 4499 peccatorent
3377 4431 3461 4486 lex
3483 4431 3672 4484 divina

425 4501 827 4571 comprehendi,
859 4503 1070 4571 quando
1113 4503 1165 4558 in
1208 4503 1489 4572 majestate
1515 4517 1607 4556 sua
1659 4501 1993 4557 Divinitatem

428 4592 678 4659 viderint,
721 4593 1023 4663 quicunque
1063 4594 1200 4649 beati
1239 4601 1382 4648 Sunt.
1423 4593 1564 4664 Quas
1604 4594 1690 4661 qui
1727 4593 1995 4649 desiderat

430 4685 637 4756 plenius
662 4698 972 4756 agnoscere,
1006 4687 1176 4740 sancti
1206 4685 1409 4752 Hilarii,
1439 4687 1600 4738 sancti
1625 4683 1913 4754 Ambrosii,
1945 4694 1998 4739 et

424 4778 588 4831 sancti
612 4775 892 4846 Augustini
925 4777 1088 4831 libros
1117 4775 1392 4831 Trinitatis
1422 4791 1525 4831 non
1555 4777 1765 4832 desinat
1793 4778 1993 4832 lectita-

423 4883 497 4922 re.
533 4865 658 4922 Haec
685 4868 825 4923 enim
854 4884 938 4922 res
961 4870 1024 4922 ad
1053 4868 1428 4936 disputandum
1461 4883 1616 4935 quam
1647 4883 1859 4938 magna,
1885 4878 1988 4922 tam

423 4963 574 5031 longa
604 4973 706 5016 eat.
750 4961 883 5016 Nam
910 4971 961 5017 et
988 4962 1173 5016 beatus
1203 4963 1561 5034 Hieronymus
1601 4967 1854 5019 adversus
1886 4964 1992 5018 Ita:-

422 5055 615 5108 reticos
645 5053 696 5106 iu
744 5051 845 5109 hoc
870 5054 1077 5123 psalmo
1108 5055 1400 5108 luculenter
1428 5063 1483 5108 et
1507 5054 1741 5110 breviter
1767 5055 1831 5109 de
1872 5055 1993 5110 Tri-

422 5146 586 5197 nitate
616 5145 889 5199 disseruit.

492 5235 643 5288 V'crs.
676 5235 761 5289 Η.
793 5235 1017 5288 Doceam
1059 5236 1256 5304 iniquos
1294 5236 1399 5290 vias
1439 5245 1573 5303 tuas,
1623 5245 1666 5288 et
1691 5237 1834 5303 impii
1855 5238 1921 5289 ad
1947 5249 1992 5291 te

419 5336 787 5378 converten'ur.
841 5326 1092 5390 Quartam
1145 5335 1344 5393 partem
1382 5326 1781 5394 supplicationis
1823 5330 1995 5395 ingre-

416 5417 561 5468 ditur
593 5433 606 5469 :
638 5417 721 5468 ubi
753 5432 872 5470 cum
906 5415 1066 5473 fuerit
1088 5417 1318 5482 auditus,
1345 5433 1462 5484 qu:e
1487 5417 1643 5471 fuerit
1673 5419 1840 5487 gloria
1871 5436 1990 5488 par-

421 5509 590 5558 centis
619 5507 804 5562 osteud
831 5521 845 5561 t
869 5524 883 5572 ;
918 5517 972 5562 ιιι
999 5510 1110 5578 ipse
1140 5524 1350 5578 quoque
1378 5509 1782 5578 purgatiSsimus
1807 5511 1991 5578 aequi-

421 5606 587 5660 r-itur,
613 5612 731 5650 cum
755 5599 913 5652 alium
933 5599 996 5655 ab
1015 5599 1326 5655 inﬁdelitate
1349 5601 1700 5664 co:tverterit;
1733 5603 1989 5670 scriptum

2097 4521 2391 4588 suspendit.
2446 4519 2579 4574 Illud
2625 4530 2880 4589 praeterea
2916 4521 3128 4576 videtur
3167 4521 3357 4577 all‘erre
3396 4523 3674 4575 nonnullis

2099 4606 2325 4674 aliquam
2353 4609 2724 4677 quazstionem,
2757 4625 2918 4679 quare
2940 4620 3058 4679 post
3095 4611 3477 4664 absolutionem
3513 4611 3677 4682 174

2101 4695 2284 4752 delicti
2314 4697 2505 4752 dixerit
2539 4716 2553 4753 :
2587 4700 3106 4771 Laudabojustitiam
3137 4711 3308 4763 tuam;
3339 4711 3393 4755 et
3420 4715 3522 4753 non
3552 4717 3673 4754 tua-

2095 4788 2174 4857 gis
2194 4787 2334 4856 quod
2359 4798 2535 4857 aptum
2567 4800 2679 4842 erat
2701 4791 2876 4857 posuit
2900 4808 2911 4843 :
2934 4789 3181 4844 Laudabo
3212 4789 3459 4860 pietatem
3485 4792 3674 4842 tuam?

2096 4879 2278 4934 Pietati
2309 4879 2449 4934 enim
2471 4881 2666 4949 gratias
2696 4895 2852 4948 agere
2897 4881 3055 4936 debet
3088 4883 3175 4948 qui
3208 4891 3450 4950 precatus
3473 4891 3554 4935 Csl
3587 4882 3673 4934 in-

2093 4969 2374 5040 dulgenter
2421 4970 2645 5025 absolvi.
2695 4972 2800 5025 Sed
2831 4973 2873 5025 si
2914 4987 3126 5027 causam
3160 4972 3417 5040 profuit-la
3457 4972 3675 5028 ratione

2092 5059 2418 5125 consideres,
2454 5069 2505 5114 et
2540 5061 2757 5130 justitite
2782 5060 2976 5129 divina:
3023 5061 3138 5125 fuit,
3171 5070 3226 5114 ut
3267 5059 3477 5114 audiret
3516 5061 3580 5113 ad
3612 5077 3675 5114 se

2097 5149 2439 5211 clamantem,
2469 5160 2712 5219 parceret
2732 5151 3071 5219 supplicanti,
3106 5160 3160 5204 et
3183 5150 3474 5218 susciperet
3498 5153 3678 5204 conti-

2099 5249 2316 5294 tentem.
2350 5241 2475 5295 Sive
2528 5242 2644 5309 quia
2677 5242 2795 5294 dua:
2848 5258 2930 5295 res
2977 5242 3089 5294 ista:
3133 5242 3183 5294 iu
3227 5241 3426 5311 judicio
3456 5241 3676 5294 Domini

2101 5346 2312 5399 semper
2352 5332 2610 5399 adjunctac
2651 5343 2808 5394 sunt;
2861 5333 2997 5386 sicut
3036 5333 3087 5388 in
3138 5332 3428 5386 centesimo
3459 5333 3673 5398 [Isaltllo

2098 5422 2333 5474 dicturus
2365 5431 2444 5474 cst
2483 5437 2494 5472 :
2536 5421 2938 5474 Misericordia»:
2966 5432 3012 5475 et
3033 5423 3290 5491 judicium
3316 5421 3528 5474 cantabo
3557 5423 3672 5488 tibi,

2100 5513 2314 5566 Domine
2339 5513 2505 5580 (I’su'.
2539 5530 2587 5577 c,
2628 5517 2698 5584 1).
2735 5515 2878 5580 Quod
2907 5531 3000 5568 suo
3031 5515 3146 5569 loco
3171 5514 3465 5570 evidentius
3487 5515 3684 5584 expla-

2101 5603 2343 5655 nubimus
