3956 6178
207 439 307 494 3C9

1060 441 1068 449 ’
1154 445 1513 502 ΕΧΡΟΞΓΓΙΟ
1555 447 1616 501 ΙΝ
1661 448 1779 501 PSA

1886 451 2115 503 ElliUIti.
2158 451 2347 505 PSAL.
2393 451 2452 506 L.
3359 464 3460 520 :73

273 555 430 608 νοτε.
466 555 550 611 16.
585 556 820 622 Domine,
853 561 990 612 labia
1033 575 1140 612 mea
1180 563 1397 626 aperies,
1443 569 1489 613 et
1527 577 1583 614 os
1618 577 1780 612 meum
1813 563 1858 619 Α
1889 565 2006 616 dttrn
2039 583 2153 619 crca
2183 568 2236 620 in
2278 585 2354 621 me
2380 567 2534 634 Deus,
2577 580 2629 624 ut
2662 575 2865 626 cunczis
2913 565 3272 632 indubitanter
3298 594 3462 648 appa-

203 647 525 700 annstnttobit
555 649 758 704 laudem
789 661 951 702 tuam.
980 649 1135 704 Labia
1162 651 1434 720 propheta:
1461 665 1578 719 qua:
1600 651 1777 704 clausa

209 737 414 792 fuerant
435 739 741 795 conditione
765 742 986 809 peccati,
1007 741 1266 796 beneficio
1287 741 1639 796 absolutionis
1657 757 1782 809 ape-

209 829 388 884 rienda
419 832 750 898 pronuntiat.
786 831 838 885 In
862 842 1012 886 reatu
1041 835 1185 886 enim
1215 834 1395 900 positis
1417 849 1507 888 ora
1535 833 1779 888 damnata

208 930 352 983 sunt;
383 923 522 975 sicut
551 932 605 976 et
630 922 794 976 Isaias
816 923 946 978 dicit
979 942 990 975 :
1026 924 1069 976 0
1100 925 1248 978 miser
1275 941 1384 994 ego,
1419 925 1660 993 quoniam
1688 925 1783 976 im-

207 1015 421 1066 mundus
447 1031 582 1080 sum,
604 1017 693 1085 qui
717 1033 831 1068 cum
847 1018 942 1069 sim
968 1018 1140 1083 homo,
1168 1027 1214 1070 et
1243 1018 1506 1070 immunda
1527 1017 1660 1071 labia
1682 1017 1778 1068 ha-

209 1111 363 1173 beam,
390 1111 446 1162 in
473 1112 638 1162 medio
667 1127 862 1179 quoque
889 1112 1068 1179 populi
1107 1113 1368 1166 immunda
1390 1110 1528 1163 labia
1555 1110 1779 1164 habentis

206 1203 421 1255 habitem
445 1198 600 1269 (Isai.
635 1217 709 1268 vt,
741 1202 818 1271 5).
847 1201 920 1255 0s
947 1212 1120 1256 autem
1145 1201 1340 1256 dicitur
1358 1211 1409 1256 οι
1429 1201 1604 1255 cordis
1632 1217 1780 1256 arcas

209 1308 356 1356 num,
410 1293 556 1347 unde
585 1292 879 1348 efﬁcaciter
930 1294 1044 1348 laus
1093 1294 1264 1347 divina
1295 1305 1558 1347 cantatur.
1597 1295 1779 1348 Merito

208 1397 328 1452 ergo
352 1392 474 1451 post
493 1382 882 1438 absolutionem
907 1386 1129 1451 peccati,
1157 1393 1209 1436 et
1236 1383 1369 1435 labia
1393 1397 1483 1436 sua
1507 1384 1779 1452 aperienda

207 1488 314 1528 esse
343 1475 670 1542 pronuntiat,
713 1485 766 1528 et
793 1492 850 1527 os
877 1488 1028 1528 suum
1077 1473 1205 1528 dicit
1233 1474 1441 1528 Domini
1471 1476 1780 1527 annttntinre

208 1578 356 1630 posse
383 1563 669 1632 preconia.

274 1655 428 1711 νει-ε.
467 1657 555 1710 i7.
583 1656 894 1722 Quoniamsi
922 1657 1162 1710 voluisses
1194 1656 1505 1722 sacri/icium
1527 1656 1778 1710 dedissem

208 1746 416 1814 utique;
469 1746 780 1800 holocaustis
821 1756 992 1800 autem
1021 1763 1122 1798 non
1145 1745 1490 1800 delectaberis.
1524 1745 1692 1801 Reum
1721 1760 1779 1800 se

207 1837 356 1906 culpa
386 1837 778 1891 interveniente
806 1850 1132 1905 cognoscens
1159 1835 1372 1890 humilis
1399 1845 1662 1904 precator,
1693 1835 1776 1888 in-

1882 671 1998 715 ruat
2048 662 2118 715 ibi
2167 679 2287 717 esse
2326 665 2704 734 cogitationum
2738 678 3038 722 nostrarum
3069 671 3287 740 fantem,
3334 675 3460 728 inde

1885 753 2080 808 bonum
2104 757 2408 825 malumth
2426 759 2608 812 venire
2636 769 2941 816 tractatum.
2973 763 3099 816 Nam
3129 776 3176 816 et
3203 768 3458 832 particula-

1883 844 1994 911 ipsa
2036 848 2274 915 corporis
2325 851 2491 903 nostri
2523 853 2859 920 cogitationis
2889 854 3042 907 sedes
3063 866 3152 909 est
3183 857 3299 926 frus.
3335 858 3378 913 ϐ
3408 868 3456 911 et

1883 935 1990 999 ed.,
2040 937 2296 992 conoides
2347 939 2472 1007 est],
2503 955 2622 1008 quze
2671 941 2806 1008 ignis
2845 941 3003 996 habet
3050 943 3368 1012 imaginem;
3402 957 3454 1000 ut

1883 1027 2073 1081 merito
2106 1029 2193 1082 tali
2223 1030 2293 1081 sit
2323 1029 2584 1096 positione
2631 1031 2970 1100 plasmatum,
2999 1033 3140 1087 unde
3185 1035 3338 1090 nobis
3372 1050 3457 1102 po-

1883 1126 1983 1170 test
2011 1119 2192 1170 venire
2219 1120 2520 1173 consilium.

1958 1209 2108 1263 Vers.
2141 1211 2225 1265 19.
2261 1211 2485 1281 Benigne
2525 1212 2630 1280 fac,
2672 1211 2907 1276 Domine,
2949 1213 3000 1266 in
3038 1213 3170 1266 bona
3202 1215 3456 1270 voluntate

1883 1309 1969 1352 tua
2006 1301 2154 1366 Sion,
2185 1311 2238 1353 ut
2264 1302 2579 1370 aediﬁcentur
2601 1305 2735 1356 muri
2764 1301 3072 1357 Jerusalem.
3115 1304 3304 1370 Quinta
3333 1320 3455 1372 pars

1882 1407 2000 1460 qua:
2051 1401 2300 1459 superest
2354 1394 2622 1460 introitur,
2677 1394 2728 1448 in
2779 1409 2886 1463 qua
2929 1394 3064 1463 jam,
3094 1396 3451 1449 calamitatum

1881 1485 2145 1538 anxietate
2175 1484 2440 1552 deposita,
2467 1500 2672 1539 memor
2692 1487 3063 1554 promissionis
3082 1487 3272 1540 divina:
3300 1488 3453 1540 lzetus

1883 1576 2011 1637 petit
2045 1573 2158 1627 fieri
2203 1575 2342 1642 quod
2392 1576 2646 1629 Dominus
2694 1575 2941 1644 dignatus
2972 1575 3143 1632 fuerat
3191 1578 3449 1644 polliceri.

1880 1663 2152 1731 Supplicat
2196 1666 2373 1734 itaque
2403 1675 2478 1729 ut,
2535 1666 2782 1733 quoniam
2839 1668 3113 1738 Synagoga
3145 1670 3311 1736 posita
3352 1670 3451 1722 sub

1881 1754 2000 1824 lege
2035 1756 2290 1823 peccavit,
2349 1771 2441 1825 per
2469 1757 2692 1824 gratiam
2727 1756 2920 1811 Christi
2963 1759 3254 1812 succedens
3294 1759 3446 1822 Sion,

1881 1845 1982 1898 hoc
2012 1855 2094 1899 est.
2123 1845 2386 1899 catholica
2429 1845 2669 1899 firmetur
2697 1845 2953 1900 Ecclesia.
2994 1845 3195 1912 Dicitur
3225 1863 3371 1916 ergo,
3398 1849 3448 1900 in

204 1927 373 1980 sinuat
395 1928 632 1996 Potuisse
651 1927 845 1997 quippe
861 1942 1037 1992 regem
1064 1925 1217 1980 facile
1238 1927 1494 1984 sacriﬁcia
1518 1926 1775 1997 pecudum
1810 1929 1854 1988 Β
1883 1937 2012 1989 bona
2039 1935 2296 1990 voluntate
2323 1945 2410 1990 tua
2431 1941 2524 2010 fac
2550 1936 2698 2002 Sion,
2728 1937 2876 2006 quasi
2899 1937 2987 1992 ille
3012 1951 3163 1991 mons
3195 1946 3318 1991 tunc
3343 1953 3447 1990 non

205 2020 414 2083 oﬂerro,
470 2035 590 2090 qua;
637 2021 811 2074 adhuc
861 2020 954 2074 illo
1005 2031 1242 2089 tempore
1295 2035 1392 2089 pro
1439 2029 1774 2088 peccatorum

203 2112 591 2180 expiationibus
642 2112 1026 2180 pendebantur,
1068 2112 1114 2166 si
1162 2110 1476 2166 holocausta
1521 2111 1777 2164 Dominus

179 2203 426 2258 lbenter
443 2213 764 2258 assumeret.
787 2202 918 2256 Nam
941 2203 1080 2272 quod
1102 2202 1250 2266 dicit,
1276 2201 1585 2257 holocaustis
1606 2210 1777 2256 autem

205 2310 295 2346 non
338 2294 691 2359 delectaberis,
722 2293 984 2363 signiﬁcat
1011 2294 1143 2348 ritus
1171 2308 1442 2349 sacrorum
1473 2309 1569 2363 per
1589 2294 1777 2347 immo-

204 2387 424 2440 lationes
448 2387 730 2456 pecudum,
754 2387 841 2456 qui
864 2394 1018 2440 erant
1039 2386 1268 2440 adventu
1289 2386 1498 2440 Domini
1521 2398 1776 2454 respuen-

203 2481 266 2533 di.
326 2481 482 2537 Unde
521 2489 733 2536 constat
762 2479 1073 2549 prephetam
1117 2481 1192 2534 sic
1228 2479 1292 2532 ad
1337 2478 1620 2532 Dominum
1669 2488 1774 2533 tota

203 2581 374 2624 metite
400 2571 740 2638 translatum,
768 2579 826 2625 ut
846 2587 951 2625 non
981 2587 1041 2627 se
1071 2571 1350 2627 sacrificiis
1379 2586 1496 2639 quae
1524 2571 1614 2624 illo
1645 2580 1778 2625 tem-

207 2677 328 2727 pate
357 2663 678 2731 gerebantur
705 2661 958 2718 crederet
993 2662 1336 2732 expiandum,
1368 2661 1461 2718 sed
1496 2661 1584 2716 illa
1613 2664 1777 2733 magis

199 2756 472 2810 oblatione
495 2769 653 2826 quam
683 2755 807 2810 dicit
837 2755 1080 2811 inferius.

269 2847 421 2902 ἵετε.
458 2846 546 2901 18.
597 2847 925 2914 Sacriﬁcium
954 2846 1062 2901 Deo
1110 2849 1318 2918 spiritus
1365 2847 1733 2902 contribulatus
1758 2864 1777 2902 :

200 2960 278 2996 cor
307 2944 586 2997 contritum
616 2952 662 2998 et
686 2943 1011 2997 humiliatum
1040 2943 1180 3000 Deus
1223 2960 1323 2997 non
1359 2946 1572 3014 spernit.
1628 2945 1777 3000 Pest-

200 3050 355 3099 quam
384 3033 523 3088 dixit
574 3049 690 3103 qua:
717 3033 976 3089 sacriﬁcia
1019 3035 1161 3090 Deus
1208 3037 1429 3104 respuit,
1465 3050 1606 3090 nunc
1651 3035 1779 3090 dicit

202 3127 283 3178 illa
311 3139 435 3194 qua:
478 3125 668 3193 poscit.
708 3125 848 3180 istud
892 3128 1034 3180 enim
1064 3128 1253 3181 damus
1289 3127 1605 3196 sacriﬁcium
1647 3124 1771 3192 Deo,

201 3218 444 3284 spiritum
475 3216 736 3283 superbiae
758 3217 1112 3273 confessionis
1133 3217 1436 3273 humilitate
1463 3227 1771 3285 mactatum,

1879 2035 2021 2080 esset
2049 2027 2291 2082 effectus.
2333 2027 2437 2082 Sed
2473 2027 2748 2082 considera
2787 2027 2908 2097 quia
2938 2027 2990 2081 in
3032 2042 3098 2081 eo
3126 2028 3449 2096 significatur

1883 2117 2138 2183 Ecclesia,
2172 2133 2265 2189 per
2293 2135 2449 2189 quam
2480 2119 2925 2174 mundusscilicet
2952 2121 3208 2188 potuisset
3237 2121 3436 2173 ornari.

1879 2209 1924 2263 0
1970 2211 2118 2280 regio
2169 2212 2256 2266 illa
2289 2213 2524 2268 omnium
2582 2222 2802 2281 patrona
2854 2213 3150 2266 terrarum!
3185 2214 3228 2264 υ
3263 2213 3450 2266 civitas

1880 2304 2056 2374 magni
2086 2304 2263 2374 Regis,
2284 2321 2405 2375 quae
2426 2305 2656 2361 cmlcsﬁs
2674 2307 2859 2375 patriae
2879 2314 2932 2360 ct
2961 2306 3242 2376 imaginem
3270 2316 3448 2372 portas

1878 2403 1932 2446 et
1964 2410 2152 2448 nomen
2179 2397 2190 2450 ε
2224 2397 2356 2463 Quis
2375 2406 2425 2451 te
2454 2397 2643 2452 audeat
2673 2398 2893 2452 localem
2923 2395 3122 2466 dicere,
3145 2412 3264 2466 qua:
3289 2398 3448 2450 totius

1878 2485 2024 2540 orbis
2077 2489 2335 2544 terminos
2365 2491 2698 2545 sanctissima
2729 2492 2834 2546 fide
2875 2492 3114 2560 probaris
3157 2490 3450 2557 implesse?

1879 2577 2012 2631 Nam
2034 2580 2075 2631 si
2100 2579 2371 2638 historiam
2397 2583 2530 2636 velis
2555 2581 2852 2647 advertere,
2871 2582 3132 2651 significat
3157 2583 3290 2636 forte
3318 2591 3450 2635 tem-

1879 2680 2008 2733 pora
2033 2666 2338 2733 Theodosii,
2369 2670 2577 2737 quando
2608 2670 2842 2724 Eudoxia
2873 2671 3066 2742 iugalis
3096 2671 3212 2742 ejus
3239 2671 3450 2740 religio-

1881 2754 2091 2810 sissima
2115 2756 2453 2824 feminarum,
2470 2760 2848 2814 bcnemeritam
2867 2761 3132 2816 civitatem
3155 2761 3445 2829 ampliavit,

1879 2852 1934 2897 (ιι
1962 2845 2164 2899 meliori
2198 2861 2470 2900 murorum
2502 2848 2704 2902 circulo
2724 2848 3016 2902 coronavit.

1953 2936 2103 2991 Vers.
2133 2937 2221 2990 20.
2251 2937 2387 2991 Tum;
2417 2940 2698 3008 acceptabis
2727 2938 3281 3010 sacriﬁciumjustitite,
3307 2939 3447 2990 obla-

1879 3027 2038 3081 tiones
2066 3036 2112 3082 et
2142 3028 2471 3090 holocausta;
2504 3038 2623 3082 tunc
2652 3031 2907 3101 imponent
2934 3046 3084 3099 super
3113 3030 3276 3082 altare
3305 3039 3448 3082 tuum

1880 3121 2083 3173 vitulos.
2119 3119 2451 3188 Frequenter
2471 3122 2548 3176 sic
2570 3137 2596 3174 a
2624 3121 2970 3177 sanctissimis
2993 3123 3121 3176 viris
3146 3121 3342 3190 aliquid
3371 3123 3448 3176 al-

1882 3211 2107 3282 legatur,
2137 3224 2194 3266 ut
2243 3214 2590 3283 subiungatur
2635 3217 2793 3270 etiam
2837 3217 3008 3270 votiva
3039 3216 3360 3284 promissio;
3393 3225 3451 3268 ut

203 3311 334 3364 unde
361 3325 473 3363 noti
503 3307 720 3376 sanguis
747 3309 1040 3376 egreditur,
1072 3310 1164 3364 sed
1190 3310 1548 3378 lacrymarum
1579 3309 1773 3362 fluenta
1804 3296 1849 3358 C
1879 3311 1962 3358 est
1990 3302 2114 3357 illud
2142 3323 2154 3356 :
2183 3303 2319 3370 Quid
2340 3305 2613 3358 retribuam
2642 3305 2856 3359 Domino
2882 3321 2975 3375 pro
2997 3305 3073 3358 his
3093 3319 3206 3374 quae
3227 3306 3453 3358 retribuit

203 3400 508 3454 decurrunt.
555 3401 684 3454 Nam
725 3400 930 3467 spiritus
975 3400 1107 3464 iste,
1137 3401 1349 3469 quando
1373 3409 1457 3453 est
1479 3401 1652 3466 hctus,
1684 3415 1779 3457 nos

203 3493 440 3562 obligat;
481 3490 695 3559 quando
730 3501 815 3546 est
856 3489 1149 3544 secundum
1194 3489 1357 3544 Deum
1388 3490 1776 3560 contribulatus,

206 3583 453 3635 absolvit.
483 3581 618 3635 Dicit
643 3582 782 3634 enim
804 3596 896 3650 per
921 3579 1155 3649 quintam
1179 3580 1409 3648 speciem
1433 3579 1776 3646 deﬁnitionis,

208 3687 315 3736 qua:
341 3673 561 3738 (ἔπεσε,
590 3675 720 3726 κατά
742 3677 832 3731 τὴν
852 3674 1000 3736 λέξιν,
1028 3673 1212 3727 Latine
1241 3671 1304 3725 ad
1330 3672 1548 3727 verbum
1567 3671 1775 3736 dicitur,

209 3764 338 3830 quod
369 3766 448 3817 sit
477 3759 744 3830 acceptius
773 3763 1093 3816 sacrificium
1126 3763 1265 3832 quod
1306 3762 1524 3816 offertur
1556 3765 1682 3828 Deo,
1729 3763 1780 3817 id

209 3866 282 3906 e-t
317 3854 536 3922 spiritus
581 3853 965 3906 contribulatus.
1017 3852 1270 3920 Sequitur
1298 3852 1458 3906 etiam
1505 3853 1781 3907 sententia:

209 3944 360 4013 ιιιιῇιιε
407 3943 702 3997 indubitata
742 3943 1046 4010 promissio,
1077 3959 1168 4011 per
1195 3958 1351 4012 quam
1377 3943 1484 4010 jam
1531 3958 1635 3996 non
1679 3942 1784 3997 sibi

206 4038 351 4087 venia
377 4035 597 4099 petitur,
630 4033 722 4088 sed
754 4049 870 4087 eam
903 4033 1011 4088 Dco
1039 4048 1098 4088 se
1125 4034 1525 4086 bumiliantibus
1557 4033 1780 4101 pollice-

206 4125 402 4177 tnrzid
455 4134 556 4187 est,
611 4139 698 4176 car
739 4126 1010 4176 contritum
1037 4132 1082 4176 et
1128 4123 1448 4176 humiliatum
1497 4121 1634 4177 Deus
1683 4142 1784 4178 non

205 4217 418 4281 spernit.
444 4215 726 4267 Contritum
763 4213 891 4268 dicit
933 4215 1257 4282 ptenitentire
1312 4215 1582 4270 laboribus
1622 4218 1782 4270 vehe-

205 4317 417 4361 menter
448 4306 723 4358 af‘llictum.
756 4303 1120 4369 llumitiatum,
1154 4305 1263 4360 Deo
1295 4308 1531 4372 scilicet;
1563 4316 1619 4360 ut
1643 4308 1782 4375 quod

203 4405 328 4448 ante
351 4393 526 4448 fuerat
559 4394 785 4447 elatione
811 4395 1117 4463 superbum,
1153 4395 1300 4448 fleret
1334 4397 1414 4464 pia
1447 4397 1784 4452 confessione

203 4485 482 4539 devotum.
508 4484 574 4538 Et
591 4484 708 4538 vide
723 4469 1168 4553 quemadmddum
1196 4501 1379 4540 rerum.
1394 4487 1527 4540 ordo
1547 4498 1784 4541 <ervatus

202 4585 304 4628 est.
337 4574 460 4628 Non
480 4574 625 4628 enim
648 4591 732 4628 cor
760 4583 1002 4643 potuerat
1029 4575 1315 4640 humiliari,
1343 4577 1442 4630 υἰκί
1470 4576 1654 4632 fuisset
1685 4577 1785 4632 frc-

1883 3395 2054 3448 mihi?
2099 3394 2322 3452 Calicem
2365 3397 2602 3452 salutaris
2643 3398 2914 3466 accipiam,
2945 3405 2994 3450 et
3039 3413 3218 3450 nomen
3249 3396 3452 3448 Domini

1882 3484 2122 3538 invocabo
2155 3486 2322 3554 (Psal.
2371 3502 2493 3553 ειν,
2546 3486 2658 3552 12).
2720 3486 2789 3538 Ita
2819 3496 2871 3539 et
2911 3485 2994 3539 hic
3036 3484 3229 3538 dicitur
3261 3483 3397 3537 Patri
3433 3501 3445 3536 :

1887 3575 2026 3629 'l'unc
2077 3577 2361 3645 acceptabis
2409 3578 2716 3646 sacriﬁcium
2760 3578 2994 3647 justitiae,
3036 3577 3084 3629 id
3117 3587 3197 3630 est
3226 3573 3343 3628 Filii
3376 3577 3448 3628 tui

1881 3667 2314 3735 gloriosissimam
2341 3667 2659 3736 passionem,
2683 3668 2770 3737 qui
2802 3681 2860 3722 se
2881 3667 3184 3734 sacriﬁcium
3207 3681 3302 3734 pro
3331 3682 3443 3720 orn-

1883 3755 2041 3810 nibus
2071 3757 2296 3819 obtulit;
2329 3764 2387 3810 ut
2413 3758 2635 3811 salutem
2663 3757 2907 3822 mundus,
2939 3771 3095 3826 quam
3138 3758 3244 3811 suis
3268 3757 3444 3825 operi-

1883 3846 1983 3900 bus
2031 3861 2134 3900 non
2181 3847 2500 3913 merebatur,
2544 3847 2823 3916 acciperet.
2856 3847 3219 3901 Pulcherrima
3266 3857 3439 3900 autem

1884 3938 2154 3992 deﬁnitum
2178 3949 2259 3993 est
2299 3940 2422 4009 quid
2464 3938 2534 3993 sit
2580 3938 2752 4007 passio
2781 3939 2986 3992 Domini
3037 3939 3346 4003 reverenda,
3397 3939 3444 3992 id

1883 4039 1962 4084 est
1991 4029 2299 4097 sacriﬁcium
2320 4028 2549 4099 justitiw.
2598 4029 2866 4096 Sequitur,
2899 4027 3174 4099 oblationes
3215 4037 3261 4080 et
3294 4027 3444 4079 holo-

1884 4124 2080 4177 causta.
2110 4114 2248 4169 Istud
2272 4116 2380 4183 jam
2425 4115 2490 4168 ad
2516 4114 2698 4168 fideles
2728 4115 2955 4182 pertinet
2980 4114 3330 4179 Christianos,
3353 4116 3442 4182 qui

1883 4217 2033 4263 erant
2079 4216 2198 4276 post
2242 4208 2522 4260 adventum
2567 4204 2772 4259 Domini
2825 4204 3073 4258 creduturi
3106 4204 3444 4270 :signiﬁcaus

1884 4298 2201 4353 immolanda
2228 4297 2388 4352 corda
2434 4297 2704 4350 hominum
2733 4296 3044 4360 viventium,
3073 4311 3177 4348 non
3208 4297 3445 4350 membra

1886 4390 2143 4458 pecudum
2173 4400 2521 4445 mortuorum.
2555 4389 2646 4444 llla
2676 4390 2816 4445 enim
2846 4387 2982 4456 ignis
3023 4387 3451 4455 consumptibilis

1883 4483 2216 4550 absumebat,
2245 4484 2344 4537 ista
2373 4482 2670 4543 incendium
2699 4482 2856 4536 vitale
2883 4479 3166 4534 discruciat
3192 4496 3204 4542 ;
3251 4478 3338 4532 illa
3371 4494 3455 4532 re-

1883 4569 2201 4640 digebantur
2229 4576 2469 4639 protinus
2493 4575 2542 4626 in
2571 4571 2796 4640 favillas,
2829 4572 2928 4626 ista
2949 4569 3314 4639 temporaliter
3336 4570 3452 4621 ani-

204 4667 392 4728 uirenti
423 4664 762 4720 tribulatione
788 4665 1078 4719 contritum.
1107 4666 1234 4721 alam
1266 4667 1404 4735 quod
1435 4667 1566 4720 dixit
1598 4686 1608 4722 :
1643 4668 1781 4722 Deus
1809 4667 1858 4725 D
1887 4676 1997 4716 mas
2047 4665 2472 4720 tribulationibus
2517 4664 2808 4731 exurendo,
2862 4665 2926 4716 ad
2981 4665 3174 4718 ammui
3208 4663 3446 4732 paradisi

206 4776 306 4811 non
337 4758 556 4827 spernit,
597 4756 707 4825 jam
738 4767 933 4812 sanctae
965 4759 1328 4826 promissionis
1361 4762 1649 4814 auctoritas
1677 4771 1778 4824 est,

203 4865 323 4918 qua:
381 4848 704 4918 praedicatur
755 4851 923 4919 magis
985 4866 1143 4920 quam
1195 4853 1510 4918 postulatur.
1562 4851 1785 4906 Coostat

199 4944 352 4995 enim
399 4942 533 4995 tales
561 4941 858 4996 oblationes
902 4942 1065 4996 Deum
1094 4961 1192 4996 non
1239 4959 1493 5012 spernere,
1527 4946 1662 4998 sicut
1694 4947 1780 4999 illa

205 5033 550 5100 cognoscitur
573 5033 747 5101 priora
769 5032 1028 5086 sacriﬁcia
1055 5033 1341 5103 respuisse.
1365 5034 1780 5104 Perquirendnm

204 5137 338 5176 sane
388 5122 596 5177 videtur
646 5123 786 5192 quod
839 5123 1145 5192 frequenter
1180 5125 1232 5176 in
1275 5125 1561 5195 Scripturis
1589 5127 1782 5182 divinis

206 5231 306 5282 pro
329 5216 686 5287 intelligentia
717 5231 802 5269 cor
845 5227 1072 5284 ponatur
1097 5233 1110 5281 ;
1140 5217 1268 5270 dicit
1295 5219 1434 5270 enim
1467 5219 1517 5272 in
1545 5221 1784 5292 Evange—

205 5305 278 5357 lio
299 5323 312 5355 :
333 5303 416 5357 De
436 5306 584 5359 corde
600 5315 780 5359 exeruit
801 5307 1129 5375 cogitationes
1152 5308 1298 5360 mala’
1313 5306 1522 5378 (Matth.
1544 5325 1629 5376 xv,
1656 5312 1743 5382 19)
1766 5328 1779 5376 ;

203 5405 257 5448 et
285 5394 485 5448 Petrus
521 5396 790 5464 apostolus
826 5396 1030 5450 Simoni
1060 5399 1170 5452 ait:
1205 5397 1304 5451 Cor
1347 5400 1478 5452 enim
1509 5411 1649 5453 tuum
1680 5419 1782 5456 non

202 5495 277 5537 est
313 5493 510 5536 rectum
543 5501 714 5537 coram
747 5483 849 5538 Deo
885 5486 1022 5556 (Act.
1059 5502 1168 5553 vm,
1208 5486 1330 5557 9.1);
1365 5486 1525 5542 Isaias
1572 5505 1784 5558 qunque

205 5573 787 5626 testatnrzlnduratum
807 5585 873 5628 est
899 5591 985 5626 cor
1002 5577 1178 5645 populi
1204 5579 1356 5649 hujus
1374 5576 1523 5646 (Isai.
1555 5595 1626 5644 vx,
1657 5581 1738 5648 ly.)
1765 5598 1778 5643 ;

201 5674 254 5717 et
287 5665 346 5716 in
382 5674 570 5732 quarto
623 5664 823 5733 psalmo
856 5680 867 5722 :
905 5666 1172 5734 Quousque
1216 5669 1356 5736 gravi
1407 5669 1558 5720 corde
1610 5668 1778 5738 (l’sal.

205 5771 278 5814 Iv,
327 5756 428 5824 3)?
456 5757 578 5811 etin
609 5758 838 5825 septimo
865 5776 876 5810 :
914 5758 1162 5811 Scrutaris
1191 5762 1342 5814 corda
1379 5771 1423 5814 et
1465 5776 1604 5814 rencs
1633 5761 1782 5827 Deus

201 5847 390 5918 (Psal.
424 5864 513 5913 vn,
550 5847 664 5918 l0);
699 5848 779 5903 hic
812 5864 1021 5918 quitque
1054 5852 1287 5918 superius
1312 5852 1444 5907 dixit
1476 5870 1486 5904 :
1518 5849 1614 5902 Cor
1640 5870 1780 5904 mun.

1885 4753 2074 4823 gaudia
2113 4763 2311 4808 acterna
2352 4755 2664 4822 perducunt.
2708 4753 2977 4824 Sequitur.
3019 4765 3138 4808 tunc
3187 4755 3452 4821 imponent

1886 4863 2039 4914 super
2057 4849 2218 4900 altare
2245 4857 2386 4898 tuum
2413 4847 2629 4911 vitulos;
2653 4847 2958 4902 sacerdotes
2986 4847 3206 4909 scilicet,
3237 4847 3411 4915 quand
3423 4862 3449 4894 -.›

1892 4933 2126 4990 Ecclesia
2153 4935 2408 4988 catholica
2434 4935 2591 4990 fuerit
2615 4937 2819 4991 Domini
2849 4937 3096 5006 passione
3121 4946 3450 4992 constructa.

1887 5029 2019 5082 Nam
2049 5043 2165 5083 cum
2197 5029 2436 5098 superius
2465 5030 2677 5098 dixerit,
2709 5031 3013 5085 holocaustis
3040 5040 3208 5084 autem
3239 5048 3338 5085 non
3369 5033 3444 5082 de-

1886 5120 2169 5187 lectaberis,
2210 5123 2553 5192 qumrendum
2595 5134 2678 5178 est
2714 5139 2877 5194 quare
2911 5123 2998 5178 hic
3038 5124 3228 5177 iterum
3272 5127 3454 5176 vitulos

1887 5214 2238 5269 immolandos
2262 5230 2380 5270 esse
2403 5215 2748 5285 promiserit?
2780 5216 2983 5270 Dictum
3007 5225 3089 5270 est
3111 5231 3202 5283 per
3233 5215 3452 5282 ﬁguram

1887 5307 2213 5376 allegoriam,
2245 5326 2361 5376 qua:
2391 5309 2530 5364 aliud
2561 5310 2708 5374 dicit,
2748 5309 2887 5364 aliud
2923 5307 3201 5377 signiﬁcat.
3257 5305 3452 5359 Vitqu-

1886 5399 2082 5470 ηυίρρο
2114 5401 2304 5468 posuit,
2335 5410 2425 5454 aut
2454 5417 2548 5470 pro
2579 5402 2943 5456 innocentibus
2979 5400 3192 5465 adultis,
3224 5412 3450 5464 quorum

1888 5501 2016 5547 mtas
2039 5493 2202 5561 prima
2221 5501 2320 5557 est,
2343 5501 2395 5548 et
2421 5509 2448 5547 a
2465 5494 2590 5563 jugo
2620 5494 2818 5562 peccati
2848 5494 3024 5548 cervis
3049 5491 3299 5561 probatur
3321 5492 3451 5543 nlic-

1889 5597 1991 5645 na;
2027 5592 2078 5636 et
2107 5582 2226 5636 ideo
2271 5582 2321 5635 in
2351 5584 2438 5636 tali
2469 5583 2632 5637 verbo
2663 5583 2971 5652 permansit,
3001 5590 3059 5638 ut
3096 5592 3269 5634 actum
3307 5583 3452 5638 illum

1889 5672 2168 5742 praeterita
2199 5670 2328 5740 legis
2369 5671 2624 5726 indicaret
2651 5673 2812 5726 fuisse
2843 5687 3016 5726 rerum
3063 5673 3343 5744 imaginem
3381 5675 3457 5726 fu-

1891 5774 2147 5817 turarum.
2174 5761 2292 5818 Sive
2315 5761 2433 5815 illos
2465 5761 2833 5830 prtt‘dicaforz's
2869 5761 3141 5830 Evangelii
3173 5763 3452 5830 promittit,

1890 5869 2112 5922 quorum
2153 5855 2303 5921 1'75
2337 5854 2618 5922 imaginum
2646 5855 2692 5908 in
2727 5853 2872 5905 vituli
2909 5855 3072 5922 figura
3097 5853 3263 5907 Lucas
3291 5853 3460 5908 Evan-
