3956 6178
477 450 572 507 ὅτι

1666 446 1735 499 Μ.
1788 447 1875 502 AU
1888 444 2066 500 RELll
2104 439 2498 497 CASSIODORI

3617 438 3708 493 372

476 569 666 636 gelista
693 563 945 632 suscepit,
978 561 1067 630 qui
1096 575 1199 614 non
1228 560 1510 629 mugitibus
1532 575 1654 613 aera
1680 562 2045 624 verberarem,
2078 565 2123 616 Α
2152 554 2274 608 dum
2298 558 2570 626 conﬁgitur
2597 556 2742 627 spina
2772 555 2939 626 (Psal.
2970 570 3096 608 xxxt
3116 597 3129 621 ,
3167 554 3239 624 4).
3272 554 3382 609 Non
3415 554 3544 608 illud
3585 556 3710 624 quod

479 662 570 712 sed
620 659 805 712 orbem
857 665 1117 707 terrarum
1169 652 1452 707 dominica:
1495 651 1617 705 fidei
1674 653 2050 719 prardicatione

476 749 823 817 complerent.
854 745 978 800 Sive
1020 746 1139 799 illos
1170 745 1337 813 magis
1361 744 1543 796 vitulos
1572 743 1827 797 debemus
1861 745 2051 799 adver-

481 853 613 905 tere,
656 840 744 908 qui
767 840 970 892 animas
999 852 1121 892 suas
1151 837 1203 891 in
1235 837 1463 893 hostiam
1487 836 1761 890 suavitatis
1791 836 1956 891 sacris
1978 836 2053 889 al-

477 934 680 988 taribus
719 932 1045 985 obtulerunt.
1093 930 1222 983 Nam
1264 938 1318 982 et
1355 929 1513 982 Pater
1552 928 1902 997 Augustinus,
1934 942 2052 981 cum

478 1027 547 1080 de
570 1024 747 1094 figuris
773 1024 875 1077 illis
901 1022 1219 1091 evangelicis
1247 1033 1493 1090 ageretur
1524 1020 1715 1089 (Serm.
1751 1019 1816 1073 7O
1847 1028 1893 1071 et
1932 1018 2051 1087 120,

480 1118 543 1169 de
571 1116 800 1185 Temp.),
826 1117 1050 1185 quodam
1075 1116 1192 1169 loco
1222 1115 1393 1181 ipsum
1419 1112 1696 1167 Dominqu
1725 1111 1949 1167 vitulum
1972 1112 2055 1165 di-

481 1208 575 1272 cit,
622 1207 711 1275 qui
764 1223 823 1261 se
870 1207 1097 1261 hostiam
1138 1205 1329 1259 obtulit
1376 1219 1470 1273 pro
1503 1204 1672 1257 salute
1720 1210 2052 1256 cunctorum.

481 1300 819 1368 Quapropter
847 1297 961 1353 sive
994 1298 1061 1352 de
1084 1294 1533 1357 adolescentibus,
1566 1293 1677 1347 sive
1705 1293 1772 1347 de
1804 1292 2059 1361 praedica-

484 1396 711 1459 toribus,
760 1393 871 1447 sive
898 1392 966 1445 de
1017 1390 1342 1459 martyribus
1372 1387 1668 1441 sentiatur:
1704 1386 1835 1439 tales
1884 1394 2057 1438 tamen

484 1486 745 1554 propheta
771 1485 955 1537 vitulos
982 1482 1238 1535 altaribus
1284 1478 1487 1534 Domini
1529 1479 1701 1546 potuit
1729 1477 2055 1545 promittere,

488 1591 625 1645 quos
648 1575 960 1632 Christiana:
984 1572 1226 1641 re‘ig‘oui
1258 1579 1476 1626 noverat
1503 1571 1810 1627 convenire.

1034 1710 1301 1768 Conclusio
1324 1710 1527 1781 psalmi.

562 1836 912 1891 D..lcissimus
965 1834 1123 1891 nimis
1167 1831 1435 1885 emanavit
1483 1830 1715 1900 psalmus
1738 1872 1752 1897 ,
1783 1830 1849 1886 de
1877 1847 2060 1888 amaro

2155 647 2207 700 in
2254 648 2528 716 trigesimo
2557 648 2785 717 septimo
2825 648 3028 715 psalmo
3066 647 3177 699 ait:
3214 645 3638 713 Computruerunt
3675 656 3714 701 et

2155 738 2581 792 deterioraverunt
2626 739 2881 791 cicatrices
2920 753 3042 791 mea:
3066 754 3098 789 α
3139 737 3267 803 facie
3290 738 3719 816 insipientiazmetc

2160 827 2338 897 (Psal.
2367 845 2569 893 xxxvii,
2592 828 2669 897 6).
2695 829 2801 883 Nec
2830 826 2955 881 illud
2987 828 3125 894 quod
3153 828 3203 880 in
3234 827 3525 882 centesimo
3558 828 3720 897 primo

2156 920 2360 986 psalmo
2383 918 2536 972 dicit:
2573 918 2705 983 Quia
2736 919 2952 972 cinerem
2973 926 3216 987 tanquam
3239 934 3421 985 panem
3444 918 3721 970 manduca-

2157 1011 2293 1076 bam,
2320 1021 2364 1064 et
2385 1023 2560 1081 potum
2582 1028 2749 1065 meum
2785 1028 2900 1065 cum
2939 1014 3065 1081 ﬂetu
3106 1010 3439 1078 temperabunt
3465 1008 3630 1078 (Psal.
3652 1025 3723 1076 Cl,

2167 1099 2277 1171 10).
2302 1101 2416 1155 Νοιι
2442 1103 2566 1155 illud
2592 1103 2729 1171 quod
2754 1103 2804 1155 in
2825 1101 3114 1156 centesimo
3138 1100 3393 1169 vigesimo
3417 1116 3556 1153 nono
3572 1100 3723 1154 dicit:
3748 1164 3751 1169 ι

2158 1186 2236 1242 De
2265 1191 2534 1259 profundis
2562 1191 2779 1243 clamavi
2804 1190 2871 1242 ad
2894 1202 2970 1256 te,
3002 1189 3219 1242 Domine
3244 1188 3410 1255 (Psal.
3439 1204 3620 1257 cxxrx,
3654 1182 3751 1257 1).Ϊ

2158 1278 2267 1333 Nec
2290 1280 2414 1333 illud
2443 1281 2581 1348 quod
2618 1280 2669 1333 iu
2700 1280 2993 1334 centesimo
3022 1278 3435 1347 quadragesimo
3464 1278 3749 1334 secundo:

2163 1370 2293 1435 Quia
2319 1382 2607 1440 persecutus
2627 1380 2701 1423 est
2727 1370 2958 1422 inimicus
2984 1370 3209 1421 animum
3236 1385 3418 1435 meum,
3448 1366 3733 1421 humiliavit

2160 1462 2374 1514 interra
2402 1462 2557 1514 vitam
2596 1478 2774 1515 meam.
2806 1458 3084 1514 Collocav‘t
3128 1476 3204 1512 me
3252 1460 3306 1513 in
3350 1461 3563 1512 obscuro
3606 1462 3734 1513 sicut

2160 1561 2386 1604 mortuos
2416 1550 2613 1615 saeculi,
2662 1560 2707 1604 et
2755 1554 2994 1604 auximus
3040 1559 3111 1603 est
3157 1551 3209 1603 in
3255 1565 3333 1601 me
3360 1550 3567 1619 spiritus
3598 1567 3737 1603 meus

2166 1641 2343 1711 (Psal.
2368 1659 2505 1698 chn
2530 1687 2543 1709 ,
2572 1641 2648 1713 '5).
2693 1642 2797 1699 Sed
2828 1658 2857 1696 a
2889 1642 3147 1712 propheta
3189 1652 3494 1711 correptus,
3523 1653 3575 1697 et
3620 1658 3738 1712 pec-

2162 1745 2267 1798 cati
2293 1745 2372 1798 sui
2404 1744 2671 1814 agnitione
2714 1745 3058 1813 perterritus,
3101 1744 3230 1812 petit
3258 1758 3350 1798 rex
3374 1759 3403 1796 a
3435 1744 3741 1799 clementis-

2164 1839 2299 1891 sirno
2338 1837 2516 1906 judice
2565 1844 2621 1889 ut
2658 1850 2752 1905 per
2806 1834 3221 1889 misericordiam
3276 1834 3443 1903 ipsius
3490 1835 3738 1899 ablutus,

492 1929 916 1997 compunctionis
956 1928 1099 1981 fonte
1124 1922 1479 1979 descendens.
1512 1920 1618 1976 Sed
1648 1922 1770 1991 quid
1803 1924 2034 1994 lacryn.a
2094 1930 2140 1989 Β
2167 1927 2413 1983 sordibus
2443 1928 2679 1981 omnium
2707 1935 3043 1995 peccatorum
3075 1925 3324 1980 reddatur
3350 1926 3569 1978 omnino
3591 1942 3742 1979 mun-

491 2035 606 2072 rniu
635 2018 981 2073 lsraeliticum
1009 2016 1260 2086 populum
1292 2023 1415 2068 tunc
1433 2013 1729 2082 profudisse
1750 2017 2059 2082 credamus,

493 2113 576 2163 ubi
610 2118 752 2163 tanta
796 2110 1040 2177 princeps
1069 2107 1356 2162 afﬂictione
1393 2107 1710 2177 plangebat?
1748 2108 1876 2175 Quis
1922 2111 2065 2164 enim

493 2201 582 2253 illo
634 2201 793 2255 lieute
847 2214 952 2254 non
1004 2198 1188 2252 fleret?
1237 2199 1363 2265 Qui,
1406 2199 1621 2252 dolente
1662 2213 1765 2251 non
1803 2210 2065 2269 gemeret,

493 2293 704 2362 quando
729 2308 820 2357 pro
842 2300 1109 2361 gemmato
1132 2292 1431 2346 diademate
1455 2307 1545 2346 rex
1568 2295 1801 2346 cinerem
1825 2295 2069 2363 gestabat

497 2386 547 2437 iu
574 2385 764 2451 capite,
789 2398 955 2447 cauus
988 2385 1223 2451 pulvere,
1258 2398 1362 2436 non
1410 2383 1602 2439 artato?
1632 2380 1812 2436 Noluit
1840 2385 1981 2437 enim
2010 2399 2068 2438 se

493 2473 656 2528 videri
690 2472 920 2529 furiueec
958 2489 984 2527 s
1014 2483 1281 2541 ornatum,
1313 2474 1402 2541 qui
1433 2488 1489 2527 se
1521 2474 1666 2527 intus
1694 2483 1918 2529 noverat
1948 2491 2068 2531 esse

496 2568 881 2623 {dediSSilllllﬂli
917 2567 1186 2635 pulchrior
1215 2566 1465 2619 sordibus
1508 2566 1648 2631 suis,
1691 2566 1779 2635 qui
1824 2554 2067 2635 pompam

495 2657 673 2711 sreculi
706 2666 907 2725 restitit
958 2657 1008 2711 in
1060 2655 1288 2711 delictis.
1320 2654 1483 2707 Dolor
1534 2656 1690 2709 unius
1738 2655 1919 2710 cordis
1972 2656 2071 2710 fuit

497 2744 743 2800 nimirum
776 2746 1041 2801 correctio
1066 2745 1300 2798 civitatis
1323 2786 1335 2807 ,
1366 2744 1580 2813 quando
1614 2745 1835 2798 insaniae
1864 2745 2067 2801 crimen

498 2832 743 2900 incurrit,
774 2835 861 2903 qui
903 2843 1025 2889 tunc
1054 2835 1206 2888 ltetus
1237 2849 1355 2888 esse
1385 2834 1742 2902 prcesumpsit.
1774 2832 1924 2888 Felix
1948 2851 2072 2905 pro-

496 2921 637 2981 facto
667 2932 748 2977 ter
788 2933 1074 2993 quaterque
1120 2924 1308 2978 civitas
1354 2923 1440 2977 ubi
1487 2930 1543 2977 et
1590 2923 1770 2977 saeculi
1819 2924 2071 2979 Dominus

495 3008 606 3064 Deo
657 3014 918 3080 pmnitere
962 3013 1185 3080 meruit,
1222 3020 1278 3068 et
1297 3012 1519 3081 gloriam
1560 3012 1921 3067 crucilixion‘s
1961 3015 2071 3069 ilex

492 3103 728 3158 cmlestis
767 3104 992 3171 accepit.
1023 3102 1158 3156 Hinc
1203 3109 1287 3156 est
1336 3101 1476 3171 quod
1527 3100 1656 3155 dum
1705 3103 1757 3156 in
1806 3102 1909 3157 hoc
1940 3104 2073 3159 libro

494 3204 705 3257 septem
753 3194 942 3262 psalmi
983 3195 1353 3262 paenitentiam
1382 3209 1503 3249 esse
1543 3195 1856 3261 doceantur,
1891 3196 2071 3251 Eccle-

2168 2018 2438 2073 dissimus.
2492 2016 2581 2072 Sic
2628 2019 2877 2086 magister
2921 2016 3156 2084 Optimus
3210 2024 3265 2069 et
3309 2015 3576 2069 disu'ictas
3620 2015 3741 2068 alibi

2130 2119 2143 2132 '
2167 2109 2554 2163 Batisfactiones
2576 2108 2879 2162 fortioribus
2905 2108 3104 2161 viribus
3126 2106 3293 2171 dedit,
3319 2116 3371 2160 et
3393 2106 3622 2159 infirmis
3646 2107 3743 2159 ista

2170 2207 2459 2269 temperata
2498 2197 2809 2251 concessit:
2841 2213 2960 2266 qua:
3006 2197 3197 2251 merito
3247 2197 3333 2265 pia
3373 2206 3544 2250 mater
3588 2196 3748 2265 elegit

2173 2283 2405 2341 Ecclesia
2426 2327 2440 2349 ,
2474 2295 2529 2339 ut
2565 2285 2700 2339 ﬁlios
2730 2299 2855 2339 suos
2881 2284 2946 2338 ad
2978 2288 3198 2353 gratiam
3232 2285 3592 2339 blandissima:
3622 2299 3748 2337 con-

2171 2376 2416 2431 fessionis
2447 2375 2617 2428 modis
2656 2377 2902 2429 erunibus
2933 2376 3203 2428 invitaret.
3255 2373 3386 2427 Nam
3432 2382 3606 2441 potest
3663 2374 3749 2427 hic

2170 2480 2224 2523 et
2254 2468 2378 2522 illud
2424 2468 2667 2522 fortassis
2704 2469 2953 2537 intelligi;
2986 2468 3103 2521 ideo
3143 2483 3263 2522 eum
3319 2470 3368 2521 in
3416 2468 3516 2521 hoc
3548 2469 3749 2535 psalmo

2171 2560 2369 2614 dixisse
2396 2576 2409 2613 :
2446 2560 2665 2613 Doceam
2686 2561 2885 2629 iniquos
2914 2561 3018 2611 vias
3042 2569 3176 2623 tuas,
3217 2568 3262 2613 et
3301 2558 3442 2629 impii
3464 2560 3532 2610 ad
3553 2568 3598 2611 te
3629 2574 3750 2611 con-

2171 2663 2424 2709 vertentur
2460 2668 2479 2707 :
2522 2653 2769 2722 quoniam
2824 2653 3145 2720 praevidebat
3197 2658 3479 2720 sequentes
3530 2649 3753 2718 p0pulos

2170 2762 2269 2817 per
2296 2749 2450 2801 istum
2484 2748 2743 2817 psalmum
2773 2746 3153 2814 COpiosissimaa
3176 2744 3497 2813 paenitentia:
3535 2759 3753 2797 munera

2172 2847 2453 2914 petituros.
2488 2846 2616 2898 Illud
2670 2844 2823 2911 plane
2872 2844 3176 2907 videamus,
3206 2841 3332 2911 quid
3362 2852 3446 2896 est
3473 2841 3575 2894 huc
3610 2840 3755 2910 quod

2174 2952 2271 2992 nos
2294 2936 2557 3005 frequenti
2602 2935 2946 2991 meditatione
2976 2935 3120 2988 hunc
3169 2933 3430 3001 psalmum
3482 2932 3607 2986 licet
3658 2934 3759 2984 ite-

2175 3042 2327 3093 rare,
2358 3042 2456 3081 nec
2487 3027 2639 3081 nobis
2682 3025 2904 3092 impedit
2955 3026 3019 3078 ad
3072 3027 3301 3077 honores
3348 3023 3753 3086 ecclesiasticos

2174 3120 2527 3187 expetendos;
2560 3119 2604 3171 si
2638 3133 2761 3172 vero
2790 3133 2818 3171 a
2850 3115 3125 3170 sacerdote
3170 3131 3327 3184 supra
3361 3131 3457 3169 nos
3487 3116 3760 3183 paeniten-

2176 3211 2263 3264 tiae
2295 3221 2417 3264 vnto
2470 3210 2715 3263 dicatur:
2751 3211 2997 3278 quoniam
3051 3225 3119 3263 ex
3150 3224 3373 3277 persona
3404 3209 3577 3273 datur,
3606 3211 3761 3273 iuste

500 3291 708 3345 ciarum
757 3305 856 3346 usu
902 3299 1172 3357 receptum
1221 3297 1323 3353 est;
1374 3300 1430 3347 υι
1475 3290 1687 3358 quoties
1734 3298 2073 3358 peccatorum
2103 3290 2147 3351 C
2178 3316 2207 3353 a
2238 3300 2527 3354 cauouibus
2558 3311 2801 3353 vetamur
2830 3304 2962 3353 ultra
3005 3301 3278 3354 accedere.
3311 3299 3574 3369 Quidquid
3614 3301 3765 3354 enim

502 3387 650 3439 venia
688 3385 902 3455 petitur,
943 3400 1035 3453 per
1064 3385 1224 3442 istum
1258 3386 1424 3455 magis
1455 3386 1678 3441 Domino
1706 3387 2066 3455 supplicetur,

502 3492 608 3531 non
640 3476 925 3532 immerito.
952 3477 1184 3531 Primum
1216 3480 1466 3548 quoniam
1490 3480 1543 3534 in
1572 3480 1721 3535 nullo
1745 3481 2068 3550 psalmorum

501 3582 618 3633 quae
648 3568 1022 3635 paenitentibus
1056 3569 1286 3623 maxime
1319 3572 1616 3625 necessaria
1646 3580 1745 3631 est,
1776 3580 1920 3625 tanta
1958 3576 2065 3626 vir-

505 3664 634 3717 tutis
676 3664 943 3718 humilitas
985 3664 1280 3738 inveniturJ
1321 3674 1378 3720 ut
1419 3682 1511 3720 rex
1556 3676 1741 3736 potens
1771 3675 1825 3721 et
1856 3668 1908 3722 in
1948 3683 2071 3738 pro-

505 3753 702 3821 phetali
729 3755 958 3809 cu'mine
986 3756 1338 3824 constitutus,
1370 3766 1618 3826 tanquam
1663 3766 1935 3811 extremus
1976 3758 2072 3811 ho-
2132 3743 2145 3751 “

506 3846 704 3899 minum
731 3861 824 3899 sua
858 3846 1186 3901 festinaverit
1216 3857 1430 3916 peccata
1470 3848 1688 3904 deflere.
1722 3850 1923 3907 Deinde
1951 3854 2071 3918 quia

508 3947 627 4003 post
655 3936 1005 3994 absolutionis
1052 3941 1455 4008 promissionem
1497 3950 1640 3997 tanta
1671 3957 1729 3997 se
1759 3944 2073 3998 constrinxit

507 4027 826 4083 necessitate
884 4029 1272 4100 lacrymarum,
1322 4031 1472 4100 quasi
1522 4033 1569 4087 ei
1619 4032 1838 4087 minime
1886 4033 2073 4088 fuisset

505 4121 765 4187 ignotum.
800 4121 1038 4177 Electum
1066 4131 1148 4177 est
1180 4122 1334 4191 plane
1375 4130 1726 4192 temperatum
1769 4131 1822 4177 et
1851 4124 2071 4191 expedi-

512 4226 621 4265 tum
651 4213 1050 4282 supplicationis
1080 4228 1266 4283 genus,
1294 4214 1431 4284 quod
1458 4214 1632 4269 omnis
1669 4223 1798 4269 tetas
1829 4230 1953 4269 vere
1989 4230 2071 4270 sa-

508 4304 660 4370 piens
703 4304 896 4357 debeat
944 4312 1231 4371 appetere;
1278 4313 1331 4365 et
1382 4304 1447 4357 ad
1489 4304 1720 4360 subitum
1764 4303 2075 4360 festinanter

510 4392 675 4457 possit
704 4394 942 4461 implere.
969 4393 1080 4447 Non
1112 4393 1254 4450 enim
1287 4393 1372 4447 hic
1398 4404 1458 4447 ut
1499 4393 1552 4447 in
1580 4393 1785 4447 czeteris
1818 4394 2076 4460 paeniten-

510 4482 649 4534 tibus
676 4481 869 4550 aliquid
902 4480 1118 4535 difficile
1149 4482 1359 4544 dicitur,
1389 4482 1547 4550 quale
1579 4490 1661 4535 est
1688 4482 1815 4534 illud
1847 4482 1898 4535 in
1925 4495 2076 4536 sexto

510 4569 753 4637 psalmo:
790 4568 989 4623 Lavabo
1034 4586 1122 4640 per
1163 4572 1386 4641 singulas
1438 4582 1604 4625 nocte:
1649 4572 1830 4625 lectum
1876 4588 2074 4637 meum;

2179 3394 2233 3446 in
2275 3392 2471 3445 Christi
2524 3393 2739 3447 nomine
2786 3394 3149 3461 percipimus,
3186 3392 3494 3446 inviolabile
3522 3393 3682 3445 nobis
3710 3403 3769 3447 et

2177 3483 2504 3537 definitivum
2535 3485 2686 3538 deCet
2736 3499 2856 3538 esse
2886 3484 3165 3549 judicium.
3195 3484 3268 3537 lta
3303 3485 3359 3537 fit
3404 3493 3462 3537 ut
3492 3484 3771 3550 pteniten-

2177 3574 2301 3626 tiam
2329 3588 2758 3641 unumquemque
2785 3582 2839 3626 et
2864 3575 2999 3640 apud
3033 3590 3091 3629 se
3116 3575 3316 3643 jngiter
3361 3575 3518 3627 liceat
3561 3588 3642 3643 age
3668 3589 3766 3641 re,

2176 3671 2232 3717 et
2255 3663 2467 3732 quando
2501 3679 2591 3732 per
2614 3665 2949 3719 sacerdotem
2975 3665 3096 3718 data
3122 3665 3311 3729 fuerit,
3343 3681 3447 3719 non
3498 3679 3597 3719 nos
3645 3680 3777 3744 per:-

2178 3757 2353 3810 mittat
2382 3756 2603 3810 ulter.us
2655 3757 2722 3810 ad
2772 3757 3170 3811 ecclesiasticos
3218 3758 3451 3811 honores
3479 3757 3773 3811 accedere.

2177 3851 2343 3921 Hujus
2372 3861 2546 3906 autem
2581 3867 2678 3905 nec
2706 3868 2957 3907 numerus
3007 3860 3193 3917 vacat;
3250 3851 3480 3918 pertinet
3519 3850 3669 3904 enim
3702 3849 3780 3905 ad

2176 3957 2371 3996 annum
2404 3942 2711 4011 jubilzeum,
2747 3943 2835 4010 qui
2866 3943 3003 4010 apud
3040 3943 3294 3996 llebrmos
3335 3949 3651 3995 contractus
3682 3956 3784 3995 ve-

2181 4043 2323 4086 teres
2355 4031 2810 4100 obligationesque
2833 4032 3094 4097 solvebat,
3122 4048 3279 4098 quem
3314 4030 3364 4085 in
3390 4031 3637 4086 Levitico
3670 4032 3786 4086 Do-

2179 4122 2353 4175 minus
2373 4137 2570 4175 annum
2594 4122 2925 4176 remissionis
2948 4124 3229 4176 universos
3253 4121 3584 4175 habitatores
3611 4132 3785 4176 terra:

2178 4227 2371 4268 vocare
2423 4213 2691 4282 praecepit.
2743 4212 2981 4267 Pertinet
3025 4228 3237 4281 quoque
3269 4211 3333 4264 ad
3370 4210 3740 4266 Pentecosten
3766 4252 3787 4277 ,

2179 4304 2389 4371 quando
2419 4311 2538 4371 post
2566 4302 2936 4357 ascensionem
2993 4302 3202 4356 Domini
3230 4302 3484 4370 apostolis
3526 4302 3787 4371 Spiritus

2181 4405 2396 4449 sanctus
2424 4394 2661 4457 advenit,
2699 4396 2951 4449 miracula
2995 4394 3228 4460 faciens,
3280 4404 3332 4448 et
3379 4394 3789 4447 charismatum

2181 4485 2319 4539 dona
2338 4485 2662 4540 concedens.
2688 4485 2777 4539 Sic
2808 4495 2861 4540 et
2892 4486 3127 4554 psalmus
3156 4485 3239 4538 hic
3269 4486 3471 4539 calculo
3498 4486 3793 4554 quinqua-

2182 4579 2387 4645 gesimo
2409 4578 2748 4641 constitutus,
2774 4578 2816 4629 si
2839 4576 2999 4631 corde
3022 4592 3156 4644 puro
3184 4575 3407 4638 dicatur,
3435 4576 3637 4629 delicta
3669 4578 3767 4630 dis

507 4660 743 4728 Iacrymis
770 4659 890 4711 meis
919 4670 1131 4712 stratum
1162 4676 1326 4712 meant
1362 4661 1535 4730 rigabo
1563 4658 1730 4728 (Psal.
1763 4675 1834 4721 Vl,
1859 4663 1933 4719 7).
1970 4664 2076 4717 Nec
2110 4668 2156 4726 ί)
2184 4671 2378 4735 solvit,
2430 4671 2841 4738 chirographum
2892 4681 3085 4723 nosine
3141 4668 3475 4737 obligationis
3519 4680 3795 4733 evacuat,
3828 4728 3835 4735 ρ

508 4750 632 4804 illud
665 4749 807 4818 quod
834 4752 883 4803 in
913 4751 1182 4820 trigesimo
1221 4753 1389 4819 primo
1420 4751 1618 4819 psalmo
1658 4749 1822 4803 dicit:
1855 4750 2077 4807 Gravata

506 4856 577 4894 εδι
600 4859 750 4913 super
771 4859 847 4896 me
868 4860 1044 4897 manus
1064 4853 1149 4895 tua
1168 4859 1184 4895 ἔ
1206 4858 1474 4896 conversus
1494 4858 1602 4894 sum
1626 4842 1676 4894 in
1699 4857 1927 4897 (erumna
1949 4863 2077 4913 mea,

2187 4768 2240 4814 et
2290 4775 2386 4814 nos
2436 4776 2466 4814 a
2522 4761 2713 4814 debitis
2766 4760 3078 4815 delictorum
3132 4769 3381 4829 tanquam
3434 4752 3836 4815 remissionis‘

2191 4866 2378 4913 annos,
2414 4859 2699 4919 prmstante
2731 4851 2986 4916 Domino,
3018 4850 3193 4904 reddit
3223 4850 3506 4904 immunes.

518 4956 2785 4980 Ν

1666 5028 1957 5109 PARS
2010 5031 2395 5114 SECUN
2404 5035 2591 5114 DA.

868 5245 1021 5315 176
1046 5241 1337 5298 TITULUS
1370 5240 1614 5296 PSALMI
1643 5241 1726 5295 LI.

509 5366 565 5414 fa
598 5366 769 5429 linem,
794 5362 1073 5414 intellectus
1104 5360 1289 5424 David,
1314 5376 1424 5413 cum
1448 5362 1578 5413 venit
1605 5360 1771 5413 Doech
1797 5361 2083 5426 Idummus,

580 5446 623 5486 et
656 5434 973 5486 untumtiavit
1015 5431 1183 5493 Sauli,
1212 5441 1259 5484 et
1282 5431 1410 5484 dixit
1440 5429 1557 5483 illi:
1595 5430 1725 5484 Ecce
1768 5434 1894 5486 venit
1918 5434 2086 5488 David

580 5507 631 5556 in
676 5507 884 5556 domum
912 5502 1215 5555 Abimelec/r.

583 5614 649 5667 Ut
687 5613 893 5667 titulum
931 5613 1082 5668 nobis
1113 5612 1317 5680 aperiat
1354 5627 1514 5666 causa
1543 5612 2085 5668 breviterintimauda

511 5716 608 5756 est.
639 5705 769 5757 Cum
794 5706 955 5757 David
981 5704 1185 5772 fugeret
1210 5703 1448 5768 Saulem,
1484 5706 1630 5758 venit
1660 5705 1723 5755 ad
1750 5706 2082 5758 sacerdotem

484 5793 853 5869 fabiinelech,
887 5796 972 5862 qui
1016 5805 1295 5863 susceptus
1324 5795 1389 5847 ab
1414 5810 1479 5848 eo
1503 5835 1515 5857 ,
1557 5803 1612 5848 et
1651 5810 1817 5863 panes
1848 5797 2087 5863 proposi-

516 5885 672 5938 tionis
696 5884 894 5952 accepit
916 5894 967 5938 et
987 5885 1219 5955 gladium
1244 5901 1348 5956 quo
1371 5885 1640 5941 occiderat
1664 5886 1890 5941 Goliam.
1914 5885 2088 5943 Panes

2195 5251 2571 5320 propositionis
2631 5253 3062 5321 significaverunt
3118 5256 3450 5311 sacerdotem
3486 5300 3499 5323 ,
3560 5257 3807 5327 gladius

2193 5352 2431 5395 sacratus
2466 5343 2698 5396 futurum
2728 5343 3155 5411 potentissimum
3197 5362 3397 5416 regem.
3430 5347 3506 5401 lbi
3531 5362 3667 5402 casu
3709 5350 3809 5401 in-

2192 5441 2379 5484 ventus
2413 5433 2589 5489 Doeclt
2631 5433 2891 5488 ldumarus
2947 5437 3261 5504 pra‘positus
3309 5438 3571 5490 mulorum
3594 5480 3610 5500 ,
3645 5455 3810 5492 nun-

2193 5523 2339 5575 tiavit
2367 5525 2541 5576 omnia
2569 5525 2675 5593 regi
2704 5526 2847 5582 Sauli
2877 5525 2930 5590 (Ι
2963 5528 3088 5597 lleg.
3124 5545 3259 5591 xxu,
3295 5529 3400 5597 l0).
3430 5529 3582 5581 Tunc
3612 5531 3809 5585 iratus

2190 5614 2336 5677 Saul,
2366 5615 2672 5671 Abimelech
2704 5632 2822 5671 cum
2870 5619 2992 5672 aliis
3022 5620 3391 5675 sacerdotibus
3426 5620 3679 5687 ejusdem
3716 5623 3802 5675 ci-

2195 5707 2372 5759 vitat‘s
2420 5707 2486 5759 ab
2534 5708 2647 5775 ipso
2696 5707 2817 5762 fecit
2848 5708 3094 5763 interfici.
3130 5711 3233 5763 iste
3260 5720 3438 5764 autem
3472 5698 3657 5764 Doech
3693 5726 3801 5779 per

2194 5812 2348 5864 quem
2386 5796 2508 5849 talia
2545 5808 2922 5864 provenerunt,
2959 5801 3235 5868 patriotico
3264 5801 3479 5854 nemine
3501 5802 3813 5869 cognomi-

2198 5898 2351 5943 natus
2387 5896 2465 5941 est
2512 5888 2791 5943 ldututeus.
2818 5894 2947 5955 Qua:
2977 5902 3197 5961 utraque
3245 5890 3404 5946 verba
3453 5891 3777 5961 conjuncta
3800 5942 3824 5975 ,
