3956 6178
302 320 406 338 ρ--

299 341 408 374 ὗες)

1269 322 1625 381 EXPOSJ‘IO
1662 324 1725 378 IN
1771 321 2226 380 PSALTERIUM.
2269 318 2461 376 PSAL.
2504 319 2586 375 Li.
3459 328 3524 381 5-;

297 440 444 492 sicut
471 439 684 493 Patrum
718 437 881 493 tradit
904 438 1222 504 auctoritas,
1254 439 1487 493 indicant
1515 446 1689 492 motus
1718 448 1883 491 terre-
1914 439 1963 497 Α
1990 434 2167 486 vocula
2196 441 2345 484 acuta
2377 432 2538 501 fecisti
2579 430 2779 486 dolum.
2825 432 3182 489 Pessimorum
3230 440 3561 493 consuetudo

295 542 416 581 uos.
452 528 581 595 Qua:
627 526 945 597 significatio
998 529 1279 583 verborum
1318 528 1632 581 Antichristi
1682 527 1888 580 actibus

297 633 406 672 non
434 618 699 671 immerito
729 617 1032 686 deputatur.
1058 617 1234 672 Doech
1263 619 1404 671 enim
1440 617 1704 670 lvlummus
1724 614 1885 668 David

1992 524 2218 576 mirabili
2250 524 2508 577 brevitate
2550 523 2892 587 deseribitur,
2920 526 3009 591 qui
3044 542 3147 579 non
3180 541 3300 583 ante
3328 530 3560 599 cogitant

1993 629 2149 681 quam
2182 614 2484 691 loquantur,
2517 613 3097 681 sicutsapientissimus
3120 616 3369 670 Salomon
3397 620 3556 673 dicit:

300 708 641 762 adversarius
669 707 796 771 fuit,
830 707 967 762 sicut
992 707 1205 762 Christo
1236 707 1598 761 Antichristus
1628 707 1749 759 erit.
1784 704 1888 759 Iste
1928 740 1936 749 -
1986 704 2054 757 In
2078 720 2163 757 ore
2185 706 2455 757 stultorum
2474 720 2559 756 cor
2580 720 2751 757 eorum
2774 703 2987 771 (Eccli.,
3015 722 3131 772 xxi,
3160 708 3271 779 29).
3298 708 3394 762 llic
3415 710 3555 763 enirn

306 797 618 851 sacerdotes
664 797 946 862 exstinxit,
976 796 1065 851 ille
1089 794 1324 851 facturus
1353 806 1435 849 est
1460 803 1754 864 martyres:
1786 794 1886 847 ista

301 888 536 941 nominis
578 886 966 956 signiﬁcatione
1015 887 1213 941 indicat
1255 894 1431 940 motus
1479 895 1747 951 terrenos,
1797 883 1884 937 ille

296 994 549 1037 cunctum
572 984 758 1038 orbem
781 991 1020 1039 moturus
1037 992 1142 1049 est,
1167 982 1294 1037 dum
1326 996 1445 1037 eum
1472 984 1884 1051 praesumptione

1986 794 2112 848 dicit
2138 795 2367 863 linguam
2406 794 2671 862 cogitasse,
2702 808 2804 846 non
2837 808 2949 859 cor;
2981 806 3037 849 ut
3066 796 3147 849 illa
3179 814 3295 866 qua:
3326 799 3558 866 pruden-

1990 885 2117 940 tium
2147 886 2372 940 consilio
2397 884 2639 938 famulari
2665 884 2823 945 solet,
2851 884 2903 937 in
2928 885 3052 954 ipsis
3075 888 3421 944 locationibus
3445 891 3557 945 suis

1982 976 2242 1044 cogitaSse
2288 974 2576 1029 videretur.
2625 975 2755 1040 Quae
2803 975 2925 1029 ideo
2972 976 3267 1033 inconsiilta
3316 981 3549 1048 protulit,

1982 1070 2102 1132 quia
2150 1079 2210 1118 ea
2272 1066 2547 1133 prtemisso
2598 1064 2800 1134 judicio
2884 1082 2987 1119 non
3035 1068 3257 1122 limavit.
3305 1070 3557 1142 Cogitavit

1986 1160 2126 1212 enim
2157 1158 2368 1229 lingua,
2400 1167 2684 1225 utrumque
2714 1157 3022 1225 declaravit,
3054 1171 3106 1215 et
3135 1162 3339 1217 facilem
3369 1165 3552 1218 volun-

1984 1258 2146 1303 tatem
2180 1248 2465 1303 levissimte
2496 1250 2709 1313 mentis,
2744 1259 2797 1304 et
2841 1254 3313 1322 praecipitationem
3360 1258 3549 1312 incon-

1981 1342 2329 1395 sultissimam
2358 1341 2629 1397 dictionis.
2652 1343 2940 1398 Possumus
2962 1346 3101 1399 enim
3132 1346 3391 1402 inteidum
3417 1350 3552 1403 mala

1979 1434 2230 1501 cogitare,
2260 1442 2310 1485 et
2338 1433 2511 1501 lingua
2544 1448 2646 1487 non
2674 1435 2872 1507 dicere.
2920 1436 3017 1491 ilic
3047 1452 3173 1491 vero
3205 1439 3349 1507 pravi
3381 1440 3552 1493 homi-

298 1076 564 1143 sacrilega
594 1076 660 1128 ad
692 1074 955 1129 culturam
987 1075 1069 1130 sui
1098 1075 1327 1130 nominis
1351 1079 1523 1142 coget.
1550 1071 1884 1139 Quapmpter

262 1186 397 1261 iper
433 1185 627 1224 nomen
658 1170 838 1224 Doech
872 1171 1088 1225 Idumaei
1124 1171 1245 1239 jure
1285 1167 1643 1223 Autichristus
1688 1165 1883 1218 intel’i-

252 1256 461 1343 igitur,
494 1260 579 1314 cui
611 1262 772 1314 tantis
802 1260 1289 1329 comparationibus
1314 1259 1507 1313 similis
1535 1256 1876 1325 approbatur.

248 1369 278 1424 ε
301 1352 363 1401 Et
396 1350 521 1404 ideo
550 1358 690 1403 totus
721 1349 806 1405 hic
837 1351 1025 1404 titulus
1055 1350 1119 1405 ad
1143 1349 1427 1404 adventum
1457 1347 1666 1401 Domini
1690 1360 1879 1400 secun-

264 1438 431 1513 idum
453 1479 469 1505 ,
504 1455 602 1508 per
646 1436 854 1508 tempus
906 1438 1214 1494 Antichristi
1264 1439 1383 1509 jure
1414 1437 1723 1492 referendus
1756 1446 1876 1490 est:

260 1524 265 1528 ’
296 1531 557 1597 quoniam
596 1530 773 1583 omnia
802 1529 869 1585 ad
915 1529 1110 1584 Christi
1156 1529 1635 1583 manifestationern
1666 1541 1879 1593 compe-

298 1629 474 1673 tenter
489 1629 774 1688 aptantur;
803 1629 857 1673 ut
874 1620 1077 1689 psalmo
1098 1636 1195 1676 suo
1215 1621 1400 1675 titulus
1419 1635 1524 1674 non
1548 1619 1874 1687 discrepare,

296 1710 391 1763 sed
429 1712 610 1779 potius
639 1724 935 1779 congruere
964 1711 1227 1766 videatur.

874 1819 1063 1874 Divisio
1104 1818 1306 1889 psalmi.

366 1931 460 2002 Spi
495 1932 572 1985 itu
602 1938 788 1985 sancto
820 1929 1149 1984 illuminatus
1177 1928 1456 1999 proiibeta,
1484 1924 1725 1993 respexit
1752 1932 1876 1980 ante

290 2024 558 2093 judicium
593 2021 825 2087 Domini,
860 2020 1172 2075 Antichristi
1198 2033 1521 2087 consurgere
1546 2016 1877 2070 abominabi-

298 2118 401 2167 lem
432 2114 812 2182 principatum.
842 2112 904 2165 Et
935 2120 993 2165 ut
1023 2110 1254 2164 ﬁdelium
1285 2109 1445 2163 corda
1482 2108 1791 2171 roboraret,
1821 2107 1875 2160 in

298 2204 467 2270 prima
497 2210 653 2271 parte
683 2200 871 2270 ρεαιωί
902 2199 1037 2253 facta
1065 2198 1119 2251 in
1149 2213 1273 2253 eum
1320 2197 1616 2251 invectione
1646 2208 1875 2250 consur-

299 2298 406 2363 git;
444 2310 515 2348 ne
556 2309 620 2347 se
650 2292 869 2345 nimium
914 2292 964 2345 in
1015 2290 1128 2344 suis
1166 2288 1526 2359 iniquitatibus
1554 2287 1871 2352 extolleret,

300 2385 383 2438 cui
436 2383 564 2437 ﬁnis
624 2382 965 2451 gravissimus
1030 2380 1354 2435 immineret.
1411 2378 1655 2435 Secunda
1724 2386 1874 2446 parte

300 2474 475 2527 adhuc
520 2488 645 2526 eum
685 2473 963 2541 increpans
987 2471 1136 2534 dicit,
1166 2478 1220 2524 et
1254 2470 1396 2538 quod
1439 2468 1601 2524 celeri
1645 2469 1748 2522 ﬁne
1792 2484 1877 2522 ra-

302 2567 497 2634 piatur,
528 2574 585 2619 et
614 2563 753 2633 quod
782 2577 902 2617 cum
928 2564 1124 2617 sanctis
1154 2562 1364 2615 Domini
1396 2575 1501 2615 non
1542 2560 1731 2615 habeat
1754 2574 1877 2629 por-

302 2663 524 2714 tionem.
550 2658 735 2712 Tertia
765 2665 1034 2726 stuporem
1064 2655 1193 2709 dicit
1227 2655 1506 2724 provenire
1545 2661 1873 2721 sanctorum,

298 2750 514 2819 quando
541 2746 809 2811 diabolus,
841 2746 929 2816 qui
968 2745 1021 2799 in
1067 2746 1167 2799 hoc
1204 2742 1399 2798 saeculo
1428 2743 1587 2796 nimia
1624 2756 1879 2811 praesum-

302 2843 484 2909 ptione
512 2847 789 2908 grassatus
819 2848 920 2900 ρει,
953 2836 1005 2889 in
1038 2836 1142 2889 line
1170 2834 1502 2888 miserrimus
1536 2832 1879 2901 abjectusque

302 2933 592 2987 videbitur.
622 2936 816 2996 Quarta
848 2937 995 2997 parte
1040 2926 1298 2998 propheta
1339 2924 1615 2982 conﬁdens
1640 2924 1707 2979 de
1736 2923 1875 2988 Deo,

302 3024 356 3077 in
382 3023 559 3077 l’uturo
584 3021 781 3077 saeculo
811 3035 929 3073 cum
961 3016 1157 3073 sanctis
1183 3017 1381 3073 habere
1406 3031 1464 3072 se
1489 3016 1716 3070 aestimat
1756 3015 1876 3069 bea-

303 3116 568 3169 tissimatn
598 3114 917 3182 portionem.
961 3110 1139 3179 Aliqui
1177 3123 1303 3164 vero
1329 3108 1470 3163 hunc
1498 3108 1755 3176 psalmum
1786 3120 1877 3176 ge-

306 3206 567 3260 neraliter
596 3205 653 3257 in
692 3212 1001 3272 peccatores
1026 3201 1223 3255 dictum
1255 3213 1374 3253 esse
1402 3204 1741 3267 putaverunt.
1774 3194 1879 3251 Sed

303 3316 422 3354 cum
467 3313 568 3367 pro
599 3296 795 3350 talibus
832 3294 999 3365 magis
1042 3292 1380 3363 praecipiatur
1406 3291 1571 3357 orari,
1598 3290 1689 3359 qui
1732 3303 1879 3357 spem

304 3390 681 3445 comersionis
717 3389 935 3447 minime
963 3385 1329 3456 perdiderunt,
1358 3397 1691 3453 consequens
1716 3390 1798 3437 est
1827 3391 1884 3435 ut

304 3486 371 3536 de
403 3481 741 3535 Anticliristo
772 3479 941 3548 magis
979 3487 1035 3532 et
1072 3476 1390 3545 sequacibus
1419 3474 1537 3543 ejus
1566 3472 1880 3541 accipiatur,

306 3576 393 3639 qui
429 3574 544 3642 jam
576 3569 956 3625 obstinationis
982 3582 1091 3622 suae
1122 3566 1436 3621 crudelitate
1483 3564 1719 3620 noscitur
1764 3578 1884 3619 esse

306 3667 594 3717 damnatus
622 3678 638 3713 :
680 3660 916 3714 maxime
943 3656 1064 3727 quia
1084 3698 1100 3724 ,
1130 3659 1269 3713 sicut
1311 3657 1504 3713 dicitur
1533 3654 1781 3721 inferius,
1830 3655 1882 3709 in

316 3754 419 3809 ﬁne
444 3752 631 3808 saculi
664 3751 768 3806 erit
786 3749 1154 3804 destruendus.

853 3860 1118 3931 Expositio
1143 3862 1342 3931 psalmi.

383 3974 539 4028 Vers.
580 3974 625 4027 ι.
662 3973 793 4037 Quid
822 3971 1059 4042 gloriaris
1088 3973 1141 4024 in
1171 3970 1367 4024 malitia
1387 4009 1401 4035 ,
1429 3970 1516 4040 qui
1546 3976 1720 4039 potens
1749 3984 1802 4022 es
1830 3968 1885 4021 in

311 4067 579 4133 iniquitate
608 4074 715 4116 tota
743 4063 863 4115 die?
888 4062 1017 4116 Cum
1040 4062 1308 4130 Scriptura
1329 4059 1505 4115 divina
1530 4074 1630 4114 nec
1657 4060 1707 4112 in
1734 4058 1886 4113 bonis

314 4158 524 4210 actibus
552 4158 697 4210 dicat
732 4169 852 4208 esse
881 4152 1240 4222 gloriandum,
1270 4152 1363 4207 sed
1401 4151 1674 4221 praecipiat
1715 4158 1772 4204 ut
1800 4150 1888 4219 qui

308 4248 585 4318 gloriatur,
636 4246 689 4296 in
719 4243 937 4296 Domino
965 4242 1205 4314 glorietur
1234 4239 1288 4310 (l
1338 4241 1457 4296 Cor.
1501 4255 1548 4305 ι,
1579 4238 1671 4311 5t)
1699 4256 1713 4292 :
1746 4251 1887 4293 nunc

313 4342 577 4406 propheta
618 4336 786 4389 virum
830 4336 1147 4389 sceleratum
1194 4333 1260 4387 de
1313 4333 1425 4387 sola
1472 4346 1532 4387 se
1561 4331 1888 4398 malignitate

308 4431 627 4497 jactantem,
661 4443 778 4480 cum
821 4427 1183 4495 indignatione
1218 4425 1522 4494 redarguit,
1555 4438 1651 4477 cur
1674 4422 1798 4477 velit
1820 4422 1887 4477 de

1981 1523 2060 1577 nis
2086 1522 2314 1589 pessima
2337 1516 2671 1576 consuetudo
2692 1506 2995 1579 damnatur.
3019 1506 3261 1592 Addidit,
3288 1529 3418 1582 sicut
3457 1547 3552 1584 no-

1978 1612 2157 1665 vacula
2184 1620 2341 1665 acuta
2376 1612 2541 1682 fecisti
2591 1606 2786 1669 delum.
2826 1615 3092 1671 Novacula
3122 1627 3201 1671 est
3232 1618 3282 1672 in
3323 1619 3549 1688 quadam

1979 1708 2272 1761 subtilitate
2299 1716 2507 1762 tensum
2538 1707 2695 1761 latius
2724 1706 2922 1763 ferrum
2945 1749 2962 1775 ,
3003 1710 3251 1765 radeudis
3276 1712 3394 1780 pilis
3431 1726 3553 1765 acn-

1908 1792 1951 1850 B
1981 1801 2245 1855 tissimum
2289 1808 2679 1869 prtcparatum;
2730 1801 2870 1870 qund
2924 1803 3050 1856 licet
3096 1803 3275 1857 barbae
3319 1813 3551 1873 segetem

1978 1901 2141 1946 metat
2172 1892 2491 1958 impressum
2515 1932 2530 1955 ,
2578 1894 2821 1961 corporis
2854 1900 3029 1947 tamen
3080 1894 3431 1950 siibstantiant
3464 1911 3549 1948 re-

1978 1983 2173 2051 linquit
2219 1983 2466 2036 illaasam.
2493 1983 2886 2037 Convenienter
2914 1998 3041 2053 ergo
3067 1985 3345 2039 saevissimi
3380 1985 3551 2039 homi-

1979 2074 2063 2126 nis
2107 2072 2286 2126 dolum
2334 2084 2499 2126 acuta:
2546 2074 2811 2127 novacula:
2857 2078 3215 2142 comparavit;
3264 2077 3382 2145 quia
3412 2076 3550 2131 sicut

1983 2162 2076 2216 illa
2120 2162 2390 2216 hominem
2442 2177 2548 2215 non
2591 2163 2764 2228 laedit,
2809 2164 2879 2217 ita
2912 2179 3010 2219 nec
3035 2166 3133 2219 iste
3164 2167 3393 2219 animam
3420 2167 3549 2235 justi

1977 2251 2076 2305 sub
2102 2253 2288 2320 quavis
2332 2251 2620 2308 afﬂictione
2649 2255 2909 2322 percellit.
2952 2256 3133 2311 Potest
3182 2257 3320 2310 enim
3355 2258 3545 2311 radere

1977 2341 2154 2396 omnia
2186 2358 2306 2411 qua:
2352 2352 2478 2398 sunt
2509 2344 2801 2399 forinsecus
2852 2346 3133 2416 attributa,
3183 2349 3335 2418 quasi
3380 2349 3546 2416 pilos;

1976 2433 2068 2488 sed
2119 2435 2307 2489 animae
2359 2435 2565 2489 interna
2596 2446 2719 2490 tunc
2771 2439 2943 2508 magis
2986 2438 3150 2494 efﬁcit
3200 2440 3546 2509 pulchriora,

1977 2523 2188 2593 quando
2213 2524 2262 2578 ei
2296 2525 2489 2578 nititur
2516 2527 2727 2581 auferre
2751 2526 3042 2581 mundana.

2050 2623 2202 2678 Vers.
2233 2625 2288 2679 5.
2317 2624 2554 2678 Dilexisti
2580 2626 2829 2680 malitiam
2858 2643 3007 2696 super
3035 2628 3413 2698 benignitatem,
3452 2630 3548 2682 iui—

1976 2715 2218 2784 quitatem
2254 2718 2416 2785 magis
2449 2734 2598 2785 quam
2626 2718 2763 2785 loqui
2787 2720 3092 2789 aequitatem.
3124 2719 3403 2790 Nunquam
3440 2736 3552 2775 ma-

1980 2804 2088 2858 lum
2115 2803 2441 2873 dereliuqnit
2473 2807 2559 2874 qui
2593 2808 2931 2875 cognoscitur
2964 2823 3145 2863 amare
3173 2810 3311 2879 quod
3346 2820 3544 2878 peccat.

1980 2897 2098 2952 Illas
2120 2896 2260 2950 enim
2291 2911 2375 2950 res
2406 2896 2646 2952 absolute
2671 2897 2983 2963 deserimus,
3008 2915 3161 2969 quas,
3184 2902 3306 2955 odio
3325 2901 3550 2957 interve-

1981 2988 2181 3051 niente,
2207 2986 2542 3041 damnamus.
2575 2988 2704 3041 Nam
2755 3000 3007 3058 peccator
3052 2990 3153 3044 iste
3196 2992 3551 3060 nequissimus

1982 3076 2191 3147 diligere
2221 3076 2412 3130 dicitur
2435 3076 2564 3131 vitia
2593 3092 2719 3144 sua,
2752 3079 2840 3146 qui
2869 3080 3184 3134 exsecrabili
3215 3082 3397 3136 morbo
3425 3096 3547 3135 cor-

1904 3151 1952 3218 C
1982 3177 2201 3238 ruptus,
2245 3168 2373 3222 illud
2422 3169 2592 3239 magis
2635 3170 2921 3238 appetibile
2967 3171 3197 3239 judicat,
3245 3172 3385 3241 quod
3426 3173 3552 3227 boni

1982 3273 2157 3314 mores
2203 3274 2414 3327 semper
2440 3270 2709 3315 accusant.
2748 3262 2812 3314 Et
2842 3269 2900 3315 ut
2923 3264 3093 3333 culpis
3130 3262 3247 3333 ejus
3271 3272 3549 3333 augmenta

1986 3348 2343 3418 congeminet,
2369 3348 2591 3415 addidit,
2616 3365 2767 3417 super
2789 3351 3171 3421 benignitatem;
3203 3363 3280 3417 ut,
3311 3355 3407 3407 etsi
3433 3356 3551 3407 ani-

1986 3453 2129 3491 mum
2157 3437 2272 3507 ejus
2298 3437 2580 3506 aliquando
2612 3438 2909 3508 benignitas
2940 3448 3211 3509 tangeret,
3261 3455 3382 3495 mox
3433 3451 3550 3496 tan-

1984 3542 2139 3597 quam
2194 3526 2507 3581 detestabile
2562 3526 2745 3581 vitium
2793 3529 3067 3596 repudiata
3112 3530 3231 3601 [ms.
3263 3530 3360 3595 A.,
3392 3543 3553 3598 repu-

1984 3616 2158 3689 dians]
2212 3617 2471 3673 sorderet.
2523 3618 2792 3688 Sequitur,
2840 3621 3155 3690 iniquitatem
3202 3623 3362 3693 magis
3404 3638 3555 3691 quam

1985 3710 2125 3778 loqui
2174 3711 2480 3780 equitatem.
2537 3712 2856 3782 Plerumque
2903 3713 3146 3769 homines
3199 3716 3286 3783 qni
3340 3724 3554 3784 peccata

1988 3801 2204 3867 faciunt,
2231 3816 2325 3871 per
2347 3801 2591 3857 decorem
2613 3817 2671 3857 se
2696 3806 3007 3873 composita:
3029 3806 3312 3860 locutionis
3333 3808 3556 3862 abscon~

1988 3892 2139 3945 dunt.
2170 3890 2365 3946 Nolunt
2392 3892 2446 3945 in
2475 3907 2534 3947 se
2560 3892 2887 3962 deprehendi
2945 3909 3063 3963 qua:
3099 3904 3295 3950 norunt
3334 3911 3557 3966 genera-

1988 3982 2149 4036 litatis
2177 3982 2543 4036 exsecratione
2566 3982 2827 4039 damnari.
2858 3984 2962 4038 Iste
2984 3993 3159 4040 autem
3184 3986 3260 4040 sic
3285 3986 3554 4055 professus

1988 4081 2069 4128 est
2097 4072 2317 4136 malum,
2348 4081 2405 4126 ut
2437 4072 2581 4143 loqui
2616 4089 2719 4127 non
2752 4074 3031 4129 erubescat
3062 4091 3180 4142 quae
3236 4077 3551 4145 sapientium

1988 4173 2108 4218 vota
2137 4162 2437 4232 repudiarit.
2464 4162 2532 4216 Et
2558 4166 2770 4232 respice
2796 4165 3235 4233 quemadmodum
3264 4166 3452 4220 multas
3474 4181 3559 4221 res

1991 4254 2074 4307 his
2123 4252 2297 4308 tribus
2337 4252 2583 4309 versibus
2629 4254 2860 4310 breviter
2905 4256 3183 4310 intimavit.
3222 4257 3351 4323 Quae
3395 4259 3557 4328 ﬁgura

1990 4341 2516 4413 dicitur'leptologia,
2552 4341 2605 4396 id
2634 4353 2714 4397 est
2742 4344 2950 4399 subtilis
2980 4344 3203 4410 locutio,
3236 4346 3444 4414 quando
3473 4362 3558 4402 res

1992 4431 2213 4501 singula:
2245 4431 2546 4485 minutatim
2574 4445 2635 4486 ac
2664 4432 2933 4488 subtiliter
2962 4433 3277 4488 indicantur.

312 4521 475 4572 "talis
493 4519 697 4571 “Cl-ibus
723 4518 957 4587 Βιοΐίειτίν
990 4517 1129 4610 "illic
1144 4516 1372 4610 έθδετεῑ
1398 4515 1591 4585 Ponus»
1617 4514 1887 4610 ‘fonSCien'
1916 4519 1963 4577 D
2061 4532 2213 4588 Vers.
2232 4532 2286 4585 4.
2312 4532 2547 4587 Dilexisti
2568 4534 2735 4587 onmia
2756 4534 2901 4589 verba
2923 4537 3361 4603 prwcipitationis,
3386 4539 3558 4610 lingua

313 4616 382 4662 tia
421 4611 577 4681 177
612 4620 763 4675 teste,
804 4607 1095 4662 confundi?
1142 4606 1236 4660 Est
1262 4616 1436 4659 autem
1467 4606 1699 4673 energice
1740 4620 1887 4675 pars,

312 4716 568 4768 quoniam
617 4700 891 4754 absentem
932 4713 1211 4767 personam
1242 4697 1528 4766 alloquitur
1556 4695 1707 4765 quasi
1752 4711 1890 4764 pra:-

311 4802 547 4844 sentem.
583 4790 729 4842 llunc
770 4790 910 4843 enim
955 4803 1048 4859 per
1088 4789 1474 4855 subsequentes
1524 4802 1713 4841 versus
1754 4786 1891 4842 facta

315 4881 655 4944 invectione,
705 4878 932 4932 mirabili
984 4878 1308 4947 proprietate
1352 4876 1639 4943 describit;
1689 4887 1745 4930 ut
1799 4892 1893 4946 per

314 4985 499 5025 mores
527 4984 651 5023 suos
677 4970 915 5039 conspici
952 4969 1220 5034 videatur,
1252 4970 1342 5037 qui
1380 4981 1499 5037 post
1521 4970 1735 5039 longum
1762 4979 1894 5024 tem-

315 5079 418 5131 pus
448 5063 681 5116 creditur
709 5076 829 5117 esse
849 5070 1123 5116 venturus.
1158 5059 1349 5114 Potens
1378 5061 1537 5115 etiam
1567 5062 1620 5115 in
1646 5062 1894 5131 iniquita-

316 5158 454 5207 tibus
482 5154 568 5207 ille
596 5164 680 5208 est
719 5153 841 5219 qui,
890 5154 939 5207 in
987 5154 1126 5207 malo
1154 5153 1469 5221 permissus,
1503 5154 1644 5207 valet
1670 5154 1892 5222 implere

318 5245 461 5312 quod
491 5244 699 5298 nititur.
727 5243 832 5298 Sed
873 5252 1127 5311 quantum
1172 5244 1223 5296 in
1264 5243 1493 5312 nequitia
1523 5244 1741 5309 validus,
1777 5254 1891 5298 tan-

318 5346 431 5387 tum
466 5344 547 5389 est
576 5336 759 5403 probis
802 5335 1036 5388 moribus
1066 5335 1450 5389 exsecrandus.
1475 5334 1578 5389 Sed
1610 5351 1675 5389 ne
1702 5336 1801 5391 hoc
1824 5337 1889 5390 ad

320 5433 649 5479 momentum
698 5424 815 5479 ﬁeri
860 5424 1156 5489 v‘l‘lleretur,
1199 5424 1433 5478 additum
1466 5434 1570 5491 est,
1619 5434 1725 5479 tota
1774 5427 1888 5491 die,

322 5518 462 5584 quod
486 5517 749 5569 universa:
780 5515 897 5569 vita:
927 5514 1191 5584 signiﬁcat
1221 5522 1447 5584 tempus;
1478 5525 1536 5570 ut
1572 5517 1686 5571 sine
1709 5518 1885 5586 aliqua

320 5609 715 5667 intermissione
747 5608 941 5660 malum
972 5621 1183 5674 semper
1206 5618 1257 5662 ct
1286 5617 1559 5675 operetur,
1593 5619 1646 5661 et
1669 5609 1883 5677 cogitet.

404 5699 545 5755 Vera.
576 5701 629 5753 2.
660 5697 978 5769 Injustitiam
1004 5700 1236 5769 cogitavit
1269 5701 1447 5771 lingua
1479 5710 1608 5752 tua:
1641 5701 1767 5753 sicut
1796 5718 1887 5754 no-

1993 4623 2193 4678 dolosa.
2223 4623 2541 4694 Interposito
2589 4626 2967 4695 diapsalmate,
2997 4630 3140 4684 venit
3168 4630 3231 4683 ad
3271 4632 3559 4687 secundam

1998 4724 2224 4783 partem.
2256 4713 2364 4769 Sed
2393 4716 2633 4784 quamvis
2662 4717 2815 4771 nobis
2840 4719 3309 4774 sceleratissimum
3332 4722 3557 4790 aliquem

1996 4817 2358 4872 proponamus
2384 4844 2398 4868 ,
2430 4805 2549 4871 quis
2578 4805 2677 4858 erit
2708 4805 2858 4875 cujus
2890 4816 3137 4876 tanquam
3171 4809 3237 4862 de
3270 4812 3560 4879 praecipitio

1998 4894 2195 4947 montis
2222 4892 2403 4946 dolosa
2429 4893 2585 4947 verba
2617 4894 2975 4949 descendant?
3005 4898 3108 4953 Sed
3137 4897 3203 4952 de
3235 4899 3560 4970 Antichristo

1997 4997 2121 5035 vere
2148 4982 2364 5047 dicitur,
2406 4984 2492 5052 qui
2526 4988 2919 5053 prteposteratis
2965 4989 3198 5042 moribus
3245 4998 3401 5057 atque
3439 5006 3553 5048 con-

1997 5072 2128 5125 fusis
2176 5072 2346 5143 diligit
2377 5074 2736 5143 iniquitatem;
2767 5079 2928 5132 currit
2959 5079 3024 5133 ad
3054 5080 3223 5138 omnia
3252 5079 3397 5139 verba
3427 5097 3557 5149 prte-

1997 5162 2332 5229 cipitationis,
2372 5161 2522 5230 jubet
2551 5164 2689 5233 quod
2733 5167 2930 5219 nullum
2956 5167 3136 5233 juvat;
3165 5178 3215 5222 et
3248 5175 3413 5221 totum
3444 5182 3559 5220 cunt

1994 5252 2119 5307 dolo
2148 5256 2401 5324 loquitur,
2433 5271 2461 5308 a
2495 5272 2598 5323 quo
2622 5258 2749 5311 nulli
2782 5259 3052 5327 profutura
3077 5266 3384 5313 censentur.

2071 5343 2224 5398 Vers.
2258 5344 2309 5396 5.
2339 5344 2619 5416 PrOpterea
2638 5348 2855 5401 destruet
2877 5357 2925 5402 te
2965 5348 3100 5403 Deus
3122 5348 3173 5400 in
3195 5349 3367 5416 ﬁnem,
3397 5348 3568 5401 evellet

1994 5445 2060 5497 te,
2093 5450 2138 5488 et
2166 5438 2433 5505 emigrablt
2464 5447 2510 5490 te
2535 5440 2598 5492 de
2624 5440 2947 5493 tabernaculo
2973 5456 3088 5505 suo,
3112 5451 3157 5493 et
3185 5439 3409 5491 radicem
3430 5449 3570 5491 luam

1994 5526 2057 5577 de
2086 5534 2220 5578 terra
2247 5527 2537 5582 viventium.
2568 5528 2799 5583 Destruet
2822 5528 2960 5583 Deus
2981 5530 3031 5582 in
3060 5530 3157 5582 hac
3185 5529 3290 5582 vita
3320 5544 3567 5598 prosper-

1994 5618 2127 5671 rime
2192 5632 2325 5685 quos
2380 5619 2567 5673 iterum
2623 5621 2887 5675 :ediﬁcare
2940 5622 3270 5687 decreverit;
3316 5624 3368 5676 iu
3420 5625 3567 5689 linem

1993 5714 2166 5759 autem
2211 5706 2297 5776 qui
2346 5704 2653 5773 destruitur,
2686 5711 2901 5765 aeternis
2932 5713 3209 5779 suppliciis
3259 5713 3583 5777 deputatur.
