3956 6178
426 248 530 304 ΖῚΊ

1633 241 1704 294 Μ.
1749 239 2025 294 Αυῐὶῐεζιιί
2068 237 2468 295 CASSIODORI

3571 237 3670 254 .-.ἦ

3570 251 3673 290 Oili

431 363 561 419 Nam
599 373 810 434 propter
843 363 926 415 illa
967 375 1082 430 qua:
1129 357 1374 424 superius
1407 349 1558 408 dicta
1607 363 1761 420 sunt,
1795 355 1846 406 in
1901 353 2001 406 line
2033 355 2077 411 Α
2108 351 2195 403 (ms
2243 350 2607 418 cupiditatibus
2661 349 2872 418 .--1:'gy;i!i
2898 349 3054 418 (Dan.
3104 363 3183 414 XI,
3231 347 3341 418 45).
3369 349 3485 406 Non
3537 353 3676 405 cnim

430 459 610 514 seculi
643 471 736 510 ore
783 451 988 506 Domini
1022 461 1272 518 tyrannus
1317 446 1408 499 ille
1457 444 1768 513 plectendos
1807 454 1917 507 est;
1955 453 2008 494 ut

435 565 539 606 tam
575 553 758 620 ingens
789 544 1018 612 nequitia
1051 543 1280 596 adventu
1315 541 1504 592 summi
1534 539 1737 594 Judicis
1767 537 2010 590 destrua-

436 655 540 706 tur,
592 641 743 707 cujus
787 634 1038 706 potentia:
1091 641 1330 700 tempora
1363 629 1550 684 Daniel
1581 643 1793 698 quoque
1823 627 2012 680 definit

434 734 617 786 ditcns
651 749 662 782 :
710 728 962 791 Quoniam
1013 727 1064 778 in
1106 735 1298 794 tempus
1328 735 1634 787 temporum,
1666 729 1710 772 et
1740 719 2010 771 dimidium

439 835 518 874 ten
541 819 701 890 poris,
732 819 784 869 in
815 815 1214 870 consummando
1238 813 1550 879 dispersione
1571 811 1692 878 ﬁent
1714 808 1884 861 omnia
1905 807 2012 860 haec

441 909 604 982 (Dan.
637 924 706 961 xu
729 947 744 973 ,
777 907 852 976 7).
878 905 1161 974 Sequitur:
1193 901 1386 956 Evellet
1416 909 1484 966 te,
1519 911 1565 953 et
1595 898 1854 968 emigrabit
1883 907 1930 950 te
1953 897 2014 950 de

439 999 762 1054 tabernaculo
806 1013 916 1048 suo.
953 995 1114 1049 Pmna
1159 995 1376 1060 ingens,
1409 989 1749 1044 formidolosa
1795 989 2015 1040 damna-

439 1093 542 1144 tio!
579 1092 639 1142 de
667 1087 1030 1142 ammniSsitno
1062 1085 1268 1138 Domini
1301 1082 1630 1136 tabernaculo
1661 1082 1803 1134 evelli
1824 1122 1837 1142 ,
1870 1089 1922 1134 ct
1959 1081 2012 1134 in

441 1179 711 1249 perpetuis
739 1178 947 1246 ignibus
973 1175 1264 1243 mancip-tri
1287 1191 1300 1226 :
1327 1174 1411 1227 ubi
1439 1189 1537 1227 nec
1563 1175 1736 1226 virere
1765 1173 2011 1234 cuiquam

443 1277 620 1328 datum
653 1287 729 1326 est
751 1315 764 1338 ,
795 1286 890 1325 nec
919 1269 1110 1323 ﬂorere
1139 1281 1484 1330 concessum;
1517 1265 1609 1319 sed
1643 1274 1888 1328 tauquam
1930 1277 2016 1315 ar-

445 1365 540 1418 bor
565 1363 843 1432 grandicva
867 1359 1121 1413 radicitus
1149 1357 1352 1422 evulsa,
1387 1366 1582 1408 aitcrna
1606 1353 1885 1406 sterilitate
1914 1353 2014 1403 sir-

444 1454 666 1508 cabitur.
705 1453 885 1505 Potest
911 1449 1070 1504 etiam
1115 1449 1370 1517 quosdam
1400 1460 1652 1508 movere,
1686 1443 1824 1512 quod
1856 1445 2012 1498 verba

443 1547 542 1596 ista
598 1541 926 1596 Anticltristo
982 1547 1248 1608 nequeant
1297 1535 1602 1591 convenire.
1650 1534 1783 1588 Dicit
1835 1536 2012 1598 enim,

447 1636 711 1704 emigral‘it
738 1643 784 1687 te
809 1633 870 1686 de
900 1631 1222 1686 tabernaculo
1252 1645 1366 1692 suo,
1398 1643 1515 1680 cum
1542 1627 1700 1679 homo
1724 1625 2013 1692 paganissi-

2117 451 2319 494 tantnm
2351 456 2482 494 auro
2511 441 2743 507 locuples
2782 441 2901 510 erit,
2933 441 3024 494 sed
3055 449 3108 494 et
3139 446 3524 496 numerositate
3553 457 3682 512 gen-

2117 534 2245 586 tium
2277 542 2330 586 et
2373 533 2732 587 dominatione
2760 542 3041 596 terrarum,
3071 535 3444 589 miraculorum
3472 553 3684 608 quoque

2115 624 2422 678 ostensione
2447 625 2714 692 gaudebit,
2743 623 2961 678 honoris
2989 627 3146 678 etiam
3189 627 3332 693 pravi
3363 640 3422 681 se
3449 629 3686 682 elatione

2111 711 2370 782 iactabit,
2419 724 2472 768 et
2527 716 2736 770 creteris
2791 716 2930 770 vitiis
2992 717 3330 786 plenissimus
3377 721 3516 786 erit,
3565 737 3688 788 (μνη

2117 806 2332 877 A‘Igypti
2367 807 2581 861 nomine
2621 808 2864 861 videntur
2904 808 3144 876 intelligi.
3187 809 3290 862 Sed
3345 809 3458 864 ltazc
3506 812 3687 866 omnia

2116 908 2272 950 erunt
2319 913 2482 963 vana,
2531 901 2776 968 quoniam
2826 915 2855 954 a
2897 899 3120 952 Domino
3163 900 3722 990 probantur'aliena.1

2117 987 2323 1041 Vanum
2358 990 2500 1042 enim
2549 991 2762 1056 diriur,
2823 994 2958 1060 quod
3014 1002 3096 1047 est
3151 994 3335 1061 inane,
3387 996 3572 1064 fragile
3599 999 3692 1051 vel

2115 1079 2398 1142 caducum,
2443 1093 2496 1134 et
2539 1083 2604 1134 ab
2637 1084 2744 1146 ipsa
2780 1083 3076 1138 ﬁrmissima
3115 1086 3337 1140 veritate
3372 1087 3686 1144 discretum.

2116 1165 2248 1219 Nam
2279 1168 2520 1235 quamvis
2550 1169 2864 1237 principatni
2897 1171 3010 1238 ejus
3031 1173 3208 1224 omnia
3233 1175 3494 1228 mundana
3519 1175 3694 1229 fantu-

2119 1258 2214 1313 lari
2245 1275 2398 1326 posse
2420 1262 2719 1326 vidcantur,
2751 1264 2802 1316 in
2845 1279 3038 1316 vanum
3069 1275 3246 1319 tamen
3275 1267 3563 1334 prtevaluit,
3595 1271 3690 1333 qui

2117 1350 2216 1403 sibi
2251 1350 2526 1418 profutura
2557 1353 2858 1420 nullatenus
2888 1356 3188 1422 acquisivit;
3223 1358 3360 1408 sicut
3390 1357 3456 1410 de
3487 1359 3606 1425 ipso
3633 1369 3694 1413 et

2119 1439 2314 1496 Doctor
2347 1443 2582 1511 gentium
2613 1444 2741 1498 dicit
2779 1461 2790 1496 :
2825 1444 3090 1500 Extollrns
3121 1463 3172 1498 se
3201 1449 3310 1500 sine
3337 1465 3490 1501 causa
3533 1452 3694 1518 inﬂa-

2118 1545 2198 1589 tus
2235 1537 2457 1589 amentia
2500 1540 2666 1590 carnis
2701 1555 2834 1602 suae,
2871 1551 2916 1591 et
2957 1557 3057 1593 non
3105 1551 3276 1594 tenens
3297 1553 3472 1613 caput,
3505 1563 3568 1597 ea:
3588 1563 3694 1614 quo

2119 1639 2265 1677 omne
2285 1641 2467 1691 corpus
2495 1642 2582 1690 per
2609 1629 2988 1694 coniunctiones
3011 1629 3302 1698 perductum
3331 1641 3379 1686 et
3405 1645 3696 1701 porrectum

447 1741 562 1779 Inus
609 1727 678 1778 ibi
733 1739 836 1778 non
891 1723 1133 1775 videatur
1180 1735 1298 1775 esse
1341 1719 1628 1788 plantatus.
1681 1719 1782 1772 Sed
1841 1718 1940 1772 hoc
1983 1731 2011 1770 a
2047 1726 2088 1782 Β
2117 1715 2293 1766 crescit
2322 1717 2372 1766 in
2403 1727 2711 1769 crementum
2744 1716 2836 1769 Dei
2867 1716 3003 1788 (Col.
3030 1733 3089 1781 tt,
3127 1719 3238 1786 l9).

447 1815 700 1871 itietnbris
723 1813 888 1882 ipsius
921 1820 1095 1879 potest
1131 1811 1330 1880 accipi,
1379 1810 1467 1879 qui
1511 1810 1564 1863 in
1613 1809 1848 1864 Ecclesia
1895 1809 2014 1878 qui-

443 1909 563 1961 dem
596 1920 819 1974 corpore
845 1904 1088 1958 videntur
1128 1917 1270 1968 esse,
1319 1917 1422 1956 non
1467 1901 1680 1964 animo;
1727 1902 1846 1970 quia
1879 1901 2017 1954 sic.;t

447 1997 628 2050 ﬁdeles
669 1995 902 2050 membra
951 2001 1074 2048 sunt
1115 1992 1326 2047 Domini
1371 1992 1680 2056 Salvatoris,
1714 1994 1781 2046 ita
1829 2001 1882 2047 et
1927 1993 2016 2047 ille

445 2103 572 2141 suos
601 2087 883 2154 complices
912 2086 962 2137 in
997 2099 1152 2137 unam
1181 2083 1377 2152 colligit
1405 2083 1654 2151 nequitia:
1681 2084 2012 2136 societatem.

444 2178 690 2242 Addidit,
731 2185 776 2231 et
807 2178 1030 2230 radicem
1056 2187 1196 2228 tuam
1224 2177 1285 2228 de
1312 2191 1444 2228 terra
1473 2177 1754 2229 viventium.
1793 2177 2016 2230 Radices

445 2279 600 2324 erunt
631 2267 934 2321 Antichristi
964 2269 1304 2320 consentanei
1341 2267 1676 2334 ministrique
1699 2267 1930 2332 diaboli;
1961 2276 2018 2322 et

447 2361 567 2412 ideo
595 2358 816 2410 radicem
841 2356 1013 2426 ipsius
1061 2370 1178 2410 cum
1203 2357 1315 2422 ipso
1347 2356 1410 2409 de
1435 2365 1567 2408 terra
1593 2357 1862 2408 viventium
1888 2357 2016 2411 dicit

444 2467 549 2503 esse
571 2447 902 2513 evellendam,
931 2448 1051 2516 quia
1081 2461 1198 2500 cum
1227 2449 1424 2500 sanctis
1453 2447 1656 2499 Domini
1688 2461 1785 2500 nec
1823 2448 2010 2500 diabo-

443 2543 554 2604 lus,
592 2555 688 2594 nec
709 2539 1085 2604 Anticltristus,
1119 2554 1214 2593 nec
1245 2553 1499 2608 sequaces
1527 2555 1706 2593 eorum
1747 2539 2014 2594 habebunt

443 2609 672 2704 aliquam
722 2633 1036 2702 portionem.
1079 2629 1342 2698 Respiciat
1375 2630 1489 2700 ejus
1531 2645 1762 2698 pmnam,
1797 2631 1880 2699 qui
1915 2646 2012 2699 po-

443 2727 657 2781 tentiam
688 2723 854 2794 ipsius
885 2724 973 2775 bir
997 2722 1260 2793 putaverit
1295 2721 1683 2786 admirandam;
1717 2733 1768 2776 et
1795 2737 2013 2778 necesse

439 2827 520 2872 est
549 2827 604 2870 ut
636 2816 827 2870 habeat
860 2811 1194 2877 vilissimum,
1227 2811 1378 2882 cujus
1401 2813 1694 2866 dominium
1721 2828 1828 2866 non
1855 2813 2010 2866 dubi-

439 2915 516 2964 tat
540 2909 939 2980 amputandum.

507 3000 661 3056 Vers.
689 3001 742 3056 ϐ.
785 3000 1024 3058 Videbunt
1062 3001 1228 3072 justi,
1267 3011 1312 3054 et
1341 3001 1609 3066 timebunt;
1638 3011 1684 3056 et
1713 3017 1864 3070 super
1894 3015 2011 3055 eum

2192 1799 2341 1854 Vers.
2376 1802 2428 1855 8.
2465 1799 2576 1872 Ego
2617 1812 2818 1870 autem,
2847 1807 2978 1858 sicut
3007 1809 3139 1862 oliva
3169 1811 3432 1880 frurtifera
3457 1813 3509 1864 in
3537 1815 3692 1868 domo

2121 1888 2236 1953 Dei,
2263 1892 2458 1962 speravi
2487 1893 2538 1945 in
2561 1893 2907 1948 misericordia
2931 1896 3026 1952 Dei
3045 1900 3098 1952 in
3123 1912 3383 1965 aeternum,
3415 1915 3464 1956 et
3491 1905 3544 1958 in
3587 1923 3692 1959 sa:-

2119 1981 2292 2036 culum
2330 1985 2522 2038 sa’culi.
2553 1985 2708 2040 Venit
2747 1991 3004 2058 propheta
3044 1992 3110 2046 ad
3159 2003 3396 2062 quartam
3445 2009 3648 2066 partem
3675 2043 3690 2064 ,

2119 2070 2170 2123 in
2201 2086 2302 2140 qua
2339 2072 2449 2140 jam
2483 2074 2634 2128 laetus
2677 2078 2922 2140 exsultat,
2958 2078 3009 2132 id
3039 2090 3120 2134 est
3149 2081 3200 2134 in
3236 2085 3462 2138 adventu
3491 2086 3694 2146 lon_;is-

2117 2161 2264 2215 simae
2293 2164 2602 2220 vicinitatis.
2637 2165 2704 2220 Et
2739 2170 2931 2224 merito
2971 2184 3028 2224 se
3057 2173 3201 2226 oliva?
3239 2185 3526 2243 compart
3563 2178 3690 2246 quia

2117 2256 2182 2309 de
2209 2255 2322 2325 ejus
2358 2258 2598 2326 genuine
2628 2259 2882 2316 Dominus
2907 2261 3148 2318 Christus
3177 2266 3427 2332 efﬂoruit,
3459 2271 3546 2338 qui
3575 2272 3690 2340 spi-

2115 2347 2292 2402 rituali
2323 2348 2444 2402 oleo
2468 2361 2752 2418 perunctus
2797 2361 2877 2406 est
2917 2369 3024 2421 prie
3049 2358 3381 2412 consortibus
3413 2361 3540 2412 suis.
3575 2363 3688 2416 Sed

2119 2440 2230 2492 haec
2255 2441 2386 2492 oliva
2409 2441 2708 2496 beatissima
2739 2444 2894 2498 talem
2923 2446 3147 2500 fructum
3175 2449 3374 2513 intulit,
3409 2452 3494 2518 qui
3523 2467 3690 2508 onute

2115 2544 2280 2598 genus
2325 2531 2611 2586 hum-mum
2647 2536 2876 2600 peccatis
2907 2537 3134 2602 aridum,
3169 2539 3544 2594 misericordia:
3571 2560 3690 2600 sua:

2115 2619 2312 2676 faceret
2333 2622 2572 2692 largitate
2599 2625 2968 2695 pingumcere.
2995 2627 3212 2683 Addidit
3233 2631 3388 2684 etiam
3413 2651 3423 2682 :
3453 2631 3516 2685 In
3533 2636 3691 2688 domo

2115 2710 2244 2776 Dei,
2273 2715 2356 2770 ubi
2383 2730 2568 2770 revera
2598 2717 2798 2772 fruetus
2828 2719 2995 2774 felicis
3025 2721 3174 2776 istius
3195 2724 3400 2780 arboris
3427 2729 3682 2784 adolevit.

2113 2801 2214 2858 Sed
2247 2805 2366 2858 ideo
2409 2805 2608 2862 fructus
2652 2809 2742 2862 ille
2781 2807 2913 2880 [ed.,
2951 2810 3052 2881 illi]
3099 2813 3353 2870 mirabilis
3404 2823 3686 2884 provenit,

2113 2895 2234 2962 quia
2275 2895 2376 2949 ite
2423 2898 2642 2964 speravit
2683 2899 2736 2952 in
2781 2901 3125 2954 ntisericordia
3157 2901 3282 2968 Dei;
3321 2904 3688 2963 Anticltristus

2113 2984 2253 3040 enim
2295 2987 2514 3057 sperabit
2540 2990 2592 3042 in
2636 2991 2956 3046 multitudine
2981 2994 3271 3048 divitiarum
3307 3013 3538 3052 suarum.
3573 3002 3690 3058 Hoc

435 3092 672 3146 ridebam
698 3133 713 3157 .
755 3103 804 3147 ει
831 3093 1022 3146 dicem.
1045 3092 1203 3147 venit
1230 3091 1294 3144 ad
1325 3093 1530 3146 tertiam
1561 3100 1785 3161 partem,
1821 3094 1870 3147 in
1899 3111 1998 3164 qua
2033 3089 2078 3154 ρ
2109 3087 2286 3133 autem
2318 3088 2500 3132 contra
2545 3079 2670 3162 illud
2712 3083 2940 3148 ponitur,
2969 3094 3023 3138 ut
3067 3097 3315 3154 appareat
3343 3088 3432 3156 qui
3475 3088 3684 3146 fructus

437 3184 708 3251 propheta
741 3181 1064 3250 praevidebat
1113 3183 1363 3250 spiritus,
1412 3183 1550 3252 quod
1597 3183 1769 3237 adhuc
1819 3183 2000 3239 datum

435 3283 516 3325 est
541 3280 659 3340 post
679 3273 833 3340 longa
857 3285 1096 3340 tempora
1121 3271 1424 3339 provenire.
1460 3271 1564 3326 Sed
1594 3276 1835 3342 quamvis
1873 3277 2004 3345 justi

430 3363 626 3430 jugiter
655 3363 822 3416 Deum
863 3363 1110 3428 timeant,
1150 3373 1202 3416 et
1225 3363 1292 3417 de
1319 3365 1433 3432 ejus
1465 3368 1696 3432 potentia
1729 3382 1833 3421 non
1863 3369 2004 3422 desi-

434 3464 562 3508 nant
591 3469 836 3524 maguum
864 3453 1062 3522 aliquid
1099 3457 1366 3518 arbitrari,
1405 3464 1528 3510 tunc
1563 3467 1736 3512 tamen
1773 3461 1895 3513 t..lia
1927 3461 2004 3513 vi-

433 3547 650 3612 debunt,
695 3562 811 3614 qua!
840 3561 999 3615 super
1039 3547 1292 3600 humanas
1339 3551 1686 3618 cogitationes
1716 3552 2002 3608 vehemen-

434 3641 537 3691 tius
563 3647 936 3706 expavescant.
965 3637 1229 3692 Timcbttnt
1256 3657 1404 3710 ergo,
1428 3643 1492 3695 ad
1523 3641 1742 3711 gloriam
1767 3643 1999 3698 divinam

431 3727 678 3794 respicit,
725 3743 830 3781 non
870 3729 933 3782 ad
970 3744 1137 3798 paenae
1181 3733 1544 3796 formidinem;
1577 3734 1811 3804 loquitur
1855 3736 1998 3789 enim

429 3817 496 3872 de
526 3819 711 3878 beatis.
745 3823 1027 3892 Sequitur:
1061 3836 1108 3877 et
1135 3842 1285 3896 super
1311 3844 1421 3880 eum
1442 3829 1692 3894 ridebunt,
1724 3841 1769 3883 et
1809 3832 1996 3886 dicent.

429 3911 485 3966 In
540 3911 641 3968 isto
687 3917 882 3970 saeculo
917 3915 1042 3986 justi
1096 3917 1294 3972 deflent
1325 3921 1497 3988 potius
1527 3939 1661 3992 quos
1691 3940 1872 3979 errare
1909 3941 2000 3990 eo:

427 4014 716 4072 gnoscunt;
748 4007 884 4062 sicut
915 4009 1194 4077 Apostolus
1221 4009 1382 4066 dicit:
1413 4011 1478 4066 Ut
1509 4014 1707 4085 lugeam
1731 4018 1914 4070 multos
1937 4033 1998 4070 ea:

428 4097 503 4149 his
526 4099 615 4167 qui
637 4109 962 4168 peccaverunt
980 4111 1022 4153 et
1052 4119 1150 4156 non
1179 4115 1385 4172 egerunt
1405 4108 1746 4173 pmiitentiant
1767 4110 1786 4180 (
1795 4107 1855 4162 II
1873 4109 1988 4165 Cor.

425 4204 523 4254 xu,
551 4191 667 4256 21).
700 4189 806 4245 Sed
841 4192 1089 4262 quoniam
1123 4197 1172 4246 in
1207 4195 1379 4249 futuro
1417 4195 1619 4266 judicio
1673 4201 1996 4268 paenitentiae

427 4291 531 4330 non
581 4279 680 4332 erit
733 4277 816 4331 loc
843 4295 881 4331 .s
909 4321 922 4344 ,
965 4283 1154 4334 merito
1209 4299 1364 4348 supra
1417 4299 1532 4337 eum
1553 4287 1685 4354 justi
1721 4287 1994 4344 ridbunt:

426 4368 672 4432 quoniam
721 4379 902 4422 sancta
945 4369 1150 4424 Domini
1201 4375 1450 4440 patienia
1494 4392 1520 4429 a
1569 4381 1773 4447 perfido
1815 4381 1991 4452 iniqua

2105 3170 2176 3222 sit
2206 3171 2256 3222 in
2289 3171 2570 3225 Divinitate
2611 3187 2861 3240 sperare,
2894 3183 2946 3227 et
2974 3177 3144 3243 qualis
3179 3179 3422 3232 interitus
3443 3195 3590 3248 spem
3629 3186 3682 3236 in

2103 3259 2328 3314 Domino
2367 3277 2470 3316 non
2501 3264 2718 3318 habere.
2749 3265 2898 3332 Quid
2943 3266 3153 3320 schema
3197 3269 3391 3324 dicitur
3429 3273 3685 3341 syndim-

2103 3364 2280 3416 smos,
2308 3352 2358 3404 id
2400 3363 2482 3408 est
2517 3355 2748 3419 collatio,
2781 3357 2991 3426 quando
3023 3375 3105 3414 res
3132 3359 3354 3416 diversa:
3381 3363 3435 3416 in
3463 3375 3688 3420 contra-

2101 3440 2238 3496 rium
2267 3443 2477 3498 sibimet
2505 3456 2896 3514 comparantur.
2945 3451 3009 3502 Et
3035 3466 3100 3505 ne
3127 3464 3396 3520 putaretur
3421 3457 3518 3510 ista
3546 3473 3686 3514 con-

2103 3529 2315 3585 fidentia
2364 3533 2429 3588 ad
2479 3543 2684 3604 tempus
2731 3537 2894 3591 fuisse
2941 3551 3220 3610 suscepta,
3273 3545 3575 3616 subjunxit,
3629 3553 3686 3601 in

2101 3633 2364 3688 arei-num,
2399 3627 2536 3694 quod
2568 3637 2650 3681 est
2681 3629 2734 3681 in
2763 3631 3000 3684 sterulum
3024 3637 3216 3688 steculi.
3249 3637 3376 3704 Quae
3423 3655 3510 3694 res
3556 3641 3686 3696 ideo

2103 3719 2322 3782 repetita
2353 3721 2712 3786 Cognoscitur,
2745 3732 2800 3775 ut
2825 3737 2972 3792 spem
2993 3729 3219 3782 ,omnino
3247 3729 3402 3785 lixam
3429 3732 3685 3790 habuisse

2103 3805 2154 3858 itt
2187 3807 2274 3860 illa
2301 3811 2598 3865 aeternitate
2621 3812 2906 3880 judicelnr.

2177 3899 2324 3953 Vers.
2355 3901 2406 3955 9.
2436 3900 2721 3970 Conﬁtebor
2761 3905 2882 3972 tibi,
2912 3905 3152 3974 Domine,
3183 3911 3236 3964 in
3274 3913 3513 3965 siccatum
3556 3919 3682 3984 quin

2101 3991 2286 4056 fecisti;
2313 3999 2356 4044 et
2383 3995 2680 4062 exspectabo
2707 4012 2884 4048 nomen
2907 4007 3070 4064 tuum,
3091 4003 3329 4066 quoniam
3347 4001 3480 4074 [ed.,
3507 4007 3676 4077 quod]

2100 4079 2284 4134 bonum
2329 4093 2402 4136 est
2448 4093 2563 4137 ante
2605 4097 2927 4152 conspectum
2975 4102 3260 4144 sanctorum
3290 4101 3514 4150 tuorum.
3540 4097 3680 4150 Dum

2103 4169 2234 4222 Iona
2261 4185 2372 4225 sua:
2401 4173 2683 4228 confessio.
2711 4177 2753 4228 is
2776 4177 3155 4232 Saluberrimus
3179 4183 3686 4248 prmdicatorenun-

2101 4260 2681 4326 liat,t'juetnadmodum
2733 4281 2828 4319 nos
2877 4269 3050 4323 facere
3098 4271 3388 4325 debeamus
3417 4279 3676 4332 ostendit.

2101 4349 2194 4401 llic
2221 4352 2362 4404 enim
2393 4352 2572 4407 datum
2619 4369 2701 4410 est
2748 4361 3020 4426 confiteri,
3065 4373 3116 4415 ut
3149 4362 3218 4415 ibi
3252 4381 3554 4421 mereamur
3584 4375 3682 4424 ab-
3711 4427 3716 4430 _

425 4455 692 4509 voluntate
722 4466 1022 4526 Contempto
1073 4470 1173 4514 est.
1207 4461 1311 4516 Sed
1365 4481 1429 4519 ne
1479 4441 1640 4522 risum
1692 4472 1858 4538 ipsum
1879 4441 1994 4534 ..ιιι
2021 4454 2072 4514 D
2096 4441 2253 4538 s‘om’
2283 4443 2511 4510 Adiecit’
2533 4448 2655 4515 quia
2683 4448 2846 4516 fecisti
2870 4466 2888 4502 ³
2921 4453 3006 4504 "bi
3043 4453 3436 4522 imemgendum
3467 4471 3550 4512 θδί
3583 4449 3706 4536 β”τί

425 4540 510 4593 hic
564 4541 874 4610 plerumque
931 4549 1200 4614 provenit,
1271 4551 1593 4608 levissimum
1651 4567 1988 4628 putaremus,

423 4636 762 4702 subsequitur
789 4653 906 4706 qua:
931 4637 1089 4693 verba
1113 4641 1304 4694 dictusi
1337 4655 1458 4697 sunt
1485 4663 1498 4710 ;
1532 4657 1586 4698 ut
1633 4664 1751 4701 cum
1793 4651 1990 4717 judicio

421 4729 632 4782 Domini
679 4729 952 4784 beatorum
1005 4743 1360 4788 consentanea
1417 4737 1657 4792 voluntas
1701 4743 1870 4810 possit
1907 4760 1992 4799 os-

421 4823 587 4876 tendi.

493 4915 639 4968 Vers.
669 4917 718 4968 7.
753 4913 882 4968 Ecce
909 4917 1054 4969 homo
1076 4919 1162 4987 qui
1193 4936 1288 4970 non
1321 4923 1486 4986 posuit
1517 4923 1674 4974 ficum
1703 4928 1990 4996 adjutorem

416 5005 531 5068 sibi,
564 5007 650 5058 sed
679 5009 896 5074 speravit
928 5011 977 5060 in
1007 5011 1326 5064 multitudine
1353 5013 1644 5065 divitiarum
1681 5032 1912 5076 suarum,
1945 5031 1990 5072 et

418 5095 680 5162 prun-valuit
723 5097 772 5148 in
813 5099 1032 5151 vanitate
1073 5117 1186 5151 sua.
1239 5099 1369 5153 Ecce
1397 5103 1520 5156 dum
1549 5105 1744 5157 dieitur
1773 5119 1989 5162 catt-usa

417 5205 596 5251 manu,
629 5190 921 5254 peccatoris
951 5205 1066 5242 sors
1095 5191 1317 5246 nell-inda
1347 5205 1692 5262 monstratur;
1728 5199 1894 5252 claret
1923 5201 1988 5253 ad

415 5281 539 5346 quid
572 5279 826 5347 producta
856 5291 976 5334 sunt
1009 5283 1170 5352 1'78
1189 5299 1368 5352 opera,
1400 5302 1515 5354 quae
1544 5289 1772 5352 gloriosa
1800 5293 1988 5344 ertulu-

415 5372 647 5424 tissimus
673 5371 988 5425 aestimabat.
1018 5370 1232 5424 Dn-itins
1263 5389 1387 5428 vero
1423 5377 1504 5429 bic
1528 5377 1800 5432 universas
1831 5397 1984 5448 potn-

417 5457 710 5526 passaculi
743 5465 998 5517 debemus
1033 5465 1294 5533 act'ipcre,
1325 5467 1512 5534 quibus
1545 5471 1634 5525 ille
1667 5475 1984 5527 nelatnlissi—

417 5570 532 5606 tuus
559 5555 874 5618 abundabit;
904 5557 1038 5610 sicut
1070 5557 1250 5612 Daniel
1284 5559 1536 5627 pt'Opbeta
1567 5577 1946 5618 cotttmezttot'at
1971 5585 1978 5617 :

417 5642 481 5694 Et
511 5644 850 5698 dominabitur
877 5649 924 5700 in
955 5649 1159 5702 arcu/tis
1191 5653 1306 5701 auri
1338 5665 1380 5702 et
1409 5655 1632 5724 argenti,
1669 5665 1710 5704 rt
1740 5658 1787 5708 in
1820 5659 1976 5708 omni-

2103 4533 2322 4604 liguram
2349 4540 2606 4608 eclipsim,
2651 4543 3094 4614 misericordiam,
3137 4549 3188 4602 in
3217 4565 3318 4619 qua
3346 4567 3401 4606 se
3427 4533 3698 4622 superiusi

2099 4643 2344 4697 sperasse
2371 4641 2592 4686 testatus
2617 4646 2715 4688 est.
2755 4637 3025 4706 Sequitur,
3066 4653 3114 4694 et
3145 4645 3440 4710 exspectabo
3491 4633 3696 4706 nomen.

2101 4731 2260 4786 tuum,
2285 4726 2518 4790 quoniam
2547 4725 2729 4778 bonum
2759 4737 2852 4780 est.
2887 4729 3086 4783 Nomen
3115 4731 3230 4800 ejus
3256 4746 3549 4802 exspectat,
3582 4744 3682 4810 qui

2098 4827 2154 4864 se
2205 4815 2257 4866 in
2295 4814 2494 4882 judicio
2545 4817 2744 4870 Domini
2785 4819 3073 4874 Salvatoris
3112 4839 3206 4890 per
3247 4825 3682 4885 misericordiam

2095 4903 2209 4973 ejus
2240 4906 2406 4959 credit
2447 4921 2566 4960 esse
2600 4909 2933 4975 salvandum,
2965 4912 3088 4964 dum
3130 4915 3442 4968 vocabulmn
3485 4919 3592 4972 tale
3626 4921 3682 4974 in

2095 5011 2151 5049 se
2179 5000 2404 5050 aestimat
2425 5013 2542 5053 esse
2573 5001 2968 5068 complendum.
2999 5003 3148 5070 Quod
3191 5005 3308 5072 jure
3353 5007 3550 5062 dicitur
3587 5011 3683 5064 bo-

2094 5107 2242 5152 num,
2274 5089 2359 5142 ubi
2385 5098 2438 5143 et
2465 5107 2587 5158 spes
2617 5093 2828 5156 salutis,
2861 5103 2914 5148 ct
2953 5095 3111 5148 totius
3139 5098 3256 5151 vita:
3288 5099 3457 5166 palma
3500 5105 3682 5156 susci-

2093 5179 2255 5246 pitur.
2273 5179 2520 5233 Additum
2539 5192 2618 5234 est
2638 5199 2846 5250 quoque
2865 5225 2877 5248 ,
2903 5195 3020 5238 ante
3041 5199 3360 5255 conspectum
3376 5201 3618 5244 sanctam
3633 5213 3679 5248 m

2093 5283 2325 5339 tuorum,
2355 5275 2565 5342 quando
2590 5275 2697 5342 jam
2728 5281 2974 5346 gaudium
3005 5281 3257 5348 generale
3277 5284 3539 5350 justorum
3563 5299 3674 5352 est,

2091 5371 2143 5415 ct
2188 5365 2437 5418 concordi
2483 5371 2834 5423 exsultatione
2869 5372 2979 5425 laus
3015 5373 3220 5428 Domini
3255 5375 3369 5430 sine
3401 5376 3506 5430 fine
3539 5394 3676 5434 can-

2091 5454 2304 5507 labitur.

2627 5549 2892 5604 Conclusio
2928 5555 3126 5622 psalmi.

2159 5661 2276 5714 l‘nst
2315 5661 2426 5716 illas
2467 5665 2884 5740 quinquagedmi
2921 5669 3104 5734 psalmi
3152 5667 3333 5722 felices
3365 5669 3668 5739 lacryntas,
