3956 6178
240 320 322 373 377

1171 313 1532 372 EXPOSITIO
1571 312 1634 366 ΙΝ
1677 310 2134 368 l‘SALTERlLM.
2177 312 2367 366 l‘SAL.
2414 310 2519 365 Lll.

3370 313 3470 366 573

240 447 276 488 α
302 434 652 504 expiationem
686 433 1047 488 beatissimam
1073 442 1430 500 peccatorum,
1457 445 1615 499 quam
1647 430 1795 481 hctus
1824 433 1869 487 Α
1903 428 2200 491 sustinere,
2242 428 2411 481 donec
2446 427 2702 495 judicium
2736 428 3024 496 lilajcstatis
3072 429 3337 495 adveniat,
3386 430 3470 481 nhi

242 530 474 598 propheta
519 529 569 581 in
619 529 982 582 adversarium
1039 527 1242 580 Dotnini
1291 525 1582 578 divinitatis
1617 536 1798 576 amore

242 619 480 688 prorupit,
509 620 856 674 devotissime
901 621 1105 672 hostem
1148 619 1290 686 regis
1328 617 1407 668 sui
1442 614 1795 682 persequitur,

243 713 306 781 qui
354 721 697 781 peccatorum
763 713 931 764 fuerat
985 710 1307 764 adversitate
1370 707 1643 761 liberatus.
1693 701 1796 757 Sed

245 803 454 869 qumvis
484 801 711 856 diversis
741 801 870 854 locis
897 810 950 853 et
981 801 1094 853 laus
1125 799 1423 852 inveniatur
1445 806 1496 849 et
1524 796 1795 860 vitupera-

247 895 320 957 tio,
369 908 489 959 qure
540 893 811 960 pertinent
864 892 927 944 ad
975 889 1449 959 demonstrativum
1502 900 1702 956 genus;
1746 885 1796 937 in

245 986 322 1037 isto
351 995 531 1038 tamen
566 983 770 1052 psalmo
800 983 1156 1051 pulcherrime
1185 989 1358 1050 partes
1381 989 1631 1045 utrasque
1655 990 1800 1028 com-

245 1077 404 1143 plexus
455 1086 558 1130 est.
585 1079 625 1129 A
658 1076 916 1143 principio
945 1076 1202 1140 siquidem
1229 1088 1394 1141 nstrae
1420 1071 1483 1124 ad
1518 1071 1647 1124 illud
1667 1114 1680 1138 ,
1713 1070 1800 1124 tibi

240 1171 326 1222 ait:
361 1170 647 1224 Pra't'aluit
680 1170 728 1222 in
761 1170 986 1221 vanitate
1014 1185 1106 1220 sua
1127 1207 1141 1231 ,
1172 1177 1370 1233 partem
1404 1161 1800 1232 vituperationis

241 1263 550 1332 exsequitur.
579 1261 704 1314 lude
727 1276 855 1314 vero
884 1277 1004 1329 qua:
1024 1268 1317 1323 sequuntur
1340 1273 1505 1324 usque
1530 1255 1600 1307 ad
1619 1256 1798 1317 linem,

241 1353 501 1407 laudativa:
524 1352 796 1418 qualitatis
846 1353 1012 1405 forma
1057 1360 1401 1404 monstratur.
1429 1349 1518 1404 Sic
1549 1347 1802 1416 perl'eCtio

242 1444 626 1497 demonstrativi
657 1443 871 1513 generis
910 1445 1148 1511 utrisque
1189 1442 1443 1497 lateribus
1472 1447 1679 1494 c0nstat
1708 1440 1803 1492 im-

241 1537 379 1603 pleta.
441 1535 748 1590 Meminisse
800 1549 1010 1602 quoque
1065 1548 1162 1587 nos
1213 1533 1457 1603 congruit
1512 1530 1800 1584 secundum

241 1625 355 1681 hunc
379 1644 504 1683 esse
538 1628 833 1697 psalmum,
873 1627 960 1696 qui
1003 1626 1314 1680 Antichristi
1349 1623 1681 1692 prophetarit
1709 1621 1799 1673 ad-

243 1730 439 1772 ventum
461 1762 475 1784 ,
526 1720 752 1772 mirabili
788 1719 888 1772 sibi
919 1719 1266 1787 dispositione
1293 1717 1654 1786 conjunctnm.
1673 1715 1798 1766 Nam

1905 532 2092 572 omnes
2123 519 2260 571 beati
2293 519 2656 574 indubitanter
2695 523 2830 574 bona
2863 521 3117 588 recipient
3147 538 3263 590 qua:
3297 523 3473 575 Donn-

1903 628 2002 666 nus
2035 611 2333 679 pollicetur.

2432 719 2700 790 Expositio
2741 721 2949 785 psalmi.

1975 813 2130 867 Vers.
2169 813 2221 864 l.
2276 810 2417 866 Dixit
2463 811 2705 881 insipiens
2753 811 2806 864 in
2854 810 3006 863 corde
3048 827 3180 864 suo:
3233 809 3351 864 Non
3404 823 3475 863 est

1902 905 2059 960 Deus.

1975 997 2126 1051 Vers.
2155 996 2211 1050 2.
2253 994 2494 1065 Corrupti
2538 1003 2686 1059 sunt,
2727 1003 2775 1047 et
2814 993 3178 1047 abominabiles
3205 995 3327 1060 facti
3359 1005 3476 1048 sunt

1903 1092 1954 1143 in
1978 1089 2317 1143 voluntatibus
2345 1089 2453 1141 suis
2476 1102 2495 1141 :
2523 1103 2624 1140 non
2655 1096 2725 1139 est
2751 1087 2839 1155 qui
2868 1086 3018 1153 faciat
3047 1085 3248 1149 bonum,
3278 1102 3376 1137 non
3404 1097 3478 1138 est

1905 1196 2062 1250 usque
2090 1180 2158 1232 ad
2186 1195 2362 1232 unum.
2415 1178 2512 1232 [lic
2541 1179 2729 1232 iterum
2768 1177 2814 1230 si
2845 1177 3094 1228 volumus
3129 1176 3356 1238 intueri,
3407 1177 3475 1228 ita

1904 1275 2060 1326 nobis
2086 1273 2417 1342 categoricus
2455 1271 2794 1340 syllogismus
2824 1269 3112 1323 enascitur.
3167 1268 3478 1332 Insipientes

1905 1365 2141 1432 corrupti
2172 1370 2323 1422 sunt.
2362 1368 2417 1415 et
2442 1360 2828 1415 abominabiles
2860 1359 2983 1413 facti
3011 1368 3134 1412 sunt
3164 1359 3214 1412 in
3241 1360 3481 1411 volunta-

1909 1455 2047 1507 tibus
2073 1454 2203 1508 suis.
2237 1454 2434 1506 Omnes
2464 1453 2550 1520 qui
2583 1452 2820 1519 corrupti
2849 1459 2971 1503 sunt
3010 1459 3063 1504 et
3097 1449 3481 1503 abominabiles

1907 1545 2030 1598 facti
2062 1552 2187 1599 sunt
2224 1544 2274 1596 in
2307 1542 2668 1596 voluntatibus
2697 1543 2827 1606 suis,
2855 1540 3039 1595 dicunt
3074 1541 3127 1593 in
3155 1540 3315 1594 corde
3342 1554 3439 1594 suo
3467 1557 3477 1590 :

1905 1637 2020 1690 Non
2053 1646 2133 1691 est
2165 1637 2307 1690 Deus
2359 1635 2672 1703 lnsipientes
2695 1635 2855 1703 igitur
2877 1634 3137 1688 dicuntiu
3161 1633 3324 1687 corde
3347 1648 3476 1686 suo:

1908 1725 2023 1780 Non
2053 1738 2134 1779 est
2166 1727 2326 1779 Deus.
2375 1724 2522 1778 Nunc
2547 1723 2613 1776 ad
2642 1738 2701 1774 ea
2735 1739 2852 1791 quae
2884 1724 3052 1790 posita
3081 1729 3206 1775 sunt
3237 1721 3483 1774 subtilius

242 1810 356 1862 sicut
386 1825 487 1879 per
519 1810 687 1862 Eliatn
718 1819 771 1863 ct
797 1809 1002 1873 Enoch,
1032 1809 1239 1862 duobus
1268 1818 1347 1861 est
1378 1807 1504 1858 viris
1535 1808 1806 1859 sanctissi—
1838 1808 1883 1865 Β
1910 1816 2226 1884 exponenda
2256 1816 2551 1870 veniamus.
2591 1813 2826 1868 verbum
2854 1813 3040 1875 dicere,
3081 1812 3352 1880 proprium
3384 1812 3484 1865 lin.

243 1900 326 1954 mis
346 1903 399 1955 in
427 1902 534 1955 line
562 1902 740 1955 smculi
769 1901 1148 1966 destruendus,
1179 1899 1250 1952 ita
1267 1907 1320 1951 et
1345 1912 1432 1964 per
1455 1896 1550 1950 hos
1567 1896 1804 1963 geminos

241 1994 478 2058 psalmos,
516 2009 582 2047 ne
625 1995 866 2048 occultus
901 2002 1096 2047 terreat
1125 1989 1485 2046 Antichristns
1524 1985 1803 2040 indicatur.

244 2081 371 2137 Unde
415 2086 803 2138 convenienter
841 2095 958 2151 post
1000 2082 1494 2153 quinquagesimum
1544 2079 1628 2130 hic
1670 2077 1806 2144 psal-

242 2190 338 2228 mus
366 2188 452 2229 est
485 2179 712 2246 positus,
747 2177 995 2246 quoniam
1051 2176 1187 2228 lilius
1233 2172 1560 2241 iniquitatis,
1591 2170 1657 2222 de
1704 2181 1808 2236 quo

241 2264 484 2334 loquitur,
538 2269 822 2320 terminum
874 2265 1208 2322 remissionis
1257 2263 1561 2323 excedens,
1610 2260 1804 2312 nuiiain

239 2359 432 2412 veniam
468 2359 669 2413 habere
698 2359 1057 2428 cognoscitur.

524 2507 884 2562 EXPOSlTlO
927 2507 988 2561 ΙΝ
1031 2505 1355 2561 PSALllllTM
1397 2503 1499 2559 Lll.

402 2649 430 2704 I
445 2667 477 2701 a
510 2650 666 2717 ﬁnem
686 2689 699 2712 ,
731 2665 828 2717 pro
857 2647 1099 2701 Amalech
1132 2646 1415 2701 intellectus
1443 2643 1628 2696 David.

296 2780 428 2835 Cum
482 2782 719 2849 psalmus
771 2783 871 2837 iste
919 2797 1106 2852 magna
1146 2798 1209 2836 ex
1257 2791 1432 2849 parte.
1468 2780 1811 2835 similitudine

237 2887 480 2928 versuum
503 2875 713 2928 decimo
732 2877 891 2929 tertio
912 2877 1197 2930 convenire
1225 2887 1494 2937 roscatur,
1514 2872 1813 2925 intellectus

235 2963 467 3031 ipsorum
513 2980 671 3034 quam
725 2967 955 3019 maxime
1005 2974 1334 3034 permutatos
1387 2974 1470 3018 est
1514 2965 1813 3018 diversitate

239 3054 524 3107 titulorum.
562 3055 688 3107 Nam
726 3070 844 3107 cum
879 3055 966 3107 ille
999 3055 1188 3108 habeat
1233 3056 1457 3121 psalmus
1491 3053 1671 3115 David,
1716 3053 1814 3106 iste

1908 1919 2046 1973 gum,
2077 1919 2180 1957 non
2213 1903 2391 1958 cordis
2419 1913 2522 1956 est.
2572 1901 2675 1956 Sed
2717 1901 2842 1970 quia
2886 1900 3237 1968 cogitationes
3275 1912 3484 1954 nosnos

1910 1995 2150 2063 potentia
2184 1994 2490 2047 Divinitatis
2519 1993 2786 2061 intelligit,
2824 1999 2969 2046 recte
2994 1991 3195 2045 dictum
3227 2000 3327 2056 est,
3361 1992 3485 2044 insi-

1910 2088 2090 2157 pientis
2132 2102 2222 2139 cor
2249 2087 2433 2149 dicere,
2463 2084 2604 2153 quod
2637 2085 2702 2137 ad
2733 2097 2891 2137 aures
2923 2081 3129 2135 Domini
3165 2082 3333 2149 potuit
3365 2097 3486 2150 per-

1911 2181 2124 2243 venire;
2171 2178 2372 2231 scilicet
2409 2193 2513 2228 non
2549 2177 2614 2228 ad
2661 2173 3064 2244 ignoscendum,
3097 2172 3190 2226 sed
3222 2172 3286 2226 ad
3315 2172 3488 2225 vindi-

1911 2269 2135 2321 candum
2165 2267 2295 2337 [θύη
2322 2263 2726 2334 iudicandum];
2759 2265 2893 2317 sicut
2923 2262 3179 2316 Dominus
3211 2263 3259 2315 in
3293 2261 3484 2316 Genesi

1911 2360 2042 2412 dicit
2071 2377 2083 2411 :
2109 2357 2427 2411 Descendam
2455 2366 2501 2410 et
2533 2356 2709 2409 videbo
2739 2365 2909 2408 utrum
2949 2355 3220 2407 clamorem
3246 2353 3333 2422 qui
3357 2353 3487 2405 venit

1912 2451 1979 2502 ad
2009 2467 2087 2502 me
2119 2465 2268 2517 opere
2297 2447 2584 2516 compleant
2614 2445 2768 2512 (Gen.
2790 2461 2936 2509 xvnt,
2956 2444 3072 2514 2i).
3103 2452 3207 2498 etc.
3242 2443 3374 2496 Nam
3400 2443 3486 2511 qui

1913 2545 2262 2611 omnipotenti
2291 2543 2468 2596 Verbo
2518 2543 2693 2610 aliqua
2739 2540 3021 2594 occasione
3065 2539 3330 2604 detrahit,
3387 2553 3486 2591 nec

1914 2635 2191 2688 catholicis
2232 2633 2430 2702 regulis
2470 2632 2797 2700 aequiescit,
2851 2632 3034 2699 utique
3076 2631 3321 2697 insipiens
3362 2639 3484 2692 est;

1915 2732 2035 2796 quia
2066 2742 2205 2780 verae
2243 2725 2516 2792 sapientiae
2553 2724 2692 2777 dona
2729 2724 3070 2790 contempsit.
3123 2722 3226 2774 Iste
3265 2736 3392 2789 ergo
3436 2722 3487 2774 in

1915 2821 2075 2872 corde
2106 2833 2204 2871 suo
2235 2824 2392 2886 negat
2421 2815 2615 2879 Deum;
2652 2828 2773 2867 nam
2805 2814 2850 2865 si
2881 2828 3004 2864 vere
3027 2812 3190 2864 Deum
3219 2811 3485 2876 crederet,

1919 2909 2058 2962 nulla
2112 2909 2162 2960 in
2211 2921 2332 2960 eum
2379 2906 2642 2973 pravitate
2687 2913 2948 2970 peccaret.
3010 2902 3069 2954 Et
3101 2911 3157 2954 ut
3189 2903 3326 2953 hunc
3363 2901 3490 2952 imi-

1920 3004 2139 3071 pientem
2169 3014 2262 3068 per
2289 2997 2610 3065 multiplices
2636 3010 2847 3049 errores
2890 2995 3150 3062 potuisses
3189 2993 3488 3053 advertere,

1921 3092 2175 3162 pluralem
2201 3090 2274 3142 illi
2298 3102 2576 3141 numerum
2599 3087 2852 3140 decenter
2873 3085 3142 3153 adjunxit;
3172 3085 3298 3137 dicit
3317 3085 3487 3137 enim:

236 3157 476 3252 gamma,
516 3148 773 3252 ﬁ""".':
804 3165 895 3252 prro
915 3150 1155 3252 θ”ἶαῖῗῗῆ
1202 3148 1481 3252 “id???”
1514 3146 1678 3198 ΒΗΜΛ
1843 3178 1888 3239 C
1921 3146 2161 3252 llurrttpti
2183 3191 2296 3234 sunt
2324 3190 2369 3234 et
2400 3177 2763 3234 abominabiles
2788 3178 2912 3247 facti
2935 3186 3051 3230 sunt
3077 3178 3128 3230 in
3155 3177 3493 3229 voluntatibus

241 3250 337 3288 non
365 3236 588 3290 mutatis
610 3239 853 3290 versibus
881 3236 1020 3289 aliud
1054 3237 1172 3301 ille,
1207 3235 1347 3288 aliud
1378 3237 1475 3289 iste
1508 3235 1755 3303 pl‘Ottltttll
1778 3245 1815 3287 it

237 3338 352 3380 esse
392 3335 707 3380 venturum.
751 3325 842 3379 lfle
890 3326 1031 3379 enim
1080 3335 1263 3378 contra
1292 3325 1506 3378 Judacos
1539 3325 1816 3391 promitur,

237 3412 331 3469 iste
367 3426 564 3470 contra
603 3430 792 3469 omnes
838 3425 1146 3484 peccatores
1192 3416 1465 3482 insurgere
1503 3413 1821 3482 generaliter

239 3506 537 3575 indicatur;
573 3510 664 3564 ille
705 3509 772 3564 de
815 3510 1182 3563 incarnatione
1214 3509 1444 3572 Domini,
1473 3509 1572 3561 iste
1617 3508 1684 3561 de
1729 3507 1823 3561 ad-

239 3610 390 3654 ventu
435 3601 626 3668 judicii
674 3601 727 3653 in
773 3601 877 3655 line
908 3601 1110 3670 psalmi
1146 3600 1382 3654 dicturus
1412 3610 1511 3654 est.
1538 3595 1822 3652 Pulchrum

240 3694 390 3757 pr'ane
435 3693 655 3748 dicendi
703 3710 902 3764 genus,
932 3693 1072 3762 quod
1117 3707 1212 3762 per
1257 3692 1480 3760 ﬁgurant
1519 3691 1823 3760 allegoriam

246 3791 525 3849 provenit,
564 3786 704 3840 idem
738 3787 939 3850 dicere,
974 3795 1026 3838 et
1053 3785 1207 3839 aliter
1237 3800 1352 3851 qua:
1379 3791 1503 3836 sunt
1533 3783 1668 3836 dicta
1700 3797 1822 3835 seu.

241 3874 357 3929 tire.
385 3878 634 3945 Miroque
661 3877 823 3930 modo
852 3877 1114 3945 reperitur
1152 3875 1433 3930 diversitas
1469 3875 1519 3928 iti
1553 3874 1826 3944 sensibus,

241 3966 326 4018 ubi
371 3984 435 4025 se
479 3984 588 4022 non
623 3969 846 4022 mutavit
894 3968 1186 4035 eloquium.
1222 3967 1372 4020 Nunc
1417 3965 1481 4019 de
1513 3964 1646 4018 titttli
1680 3964 1829 4021 istius

238 4062 586 4115 semanibus
617 4063 947 4114 intimemns.
982 4059 1041 4112 In
1073 4059 1226 4126 ﬁnem
1246 4100 1259 4121 ,
1297 4076 1388 4124 pro
1418 4057 1652 4110 Amalech
1683 4057 1830 4111 intr!-

240 4149 400 4204 lectus
440 4151 624 4204 Dat-id.
674 4149 737 4203 In
789 4154 938 4216 ﬁnem
973 4151 1096 4219 quid
1139 4149 1400 4217 signiﬁcet
1436 4150 1695 4218 frequenti
1738 4164 1829 4202 ex-

240 4245 511 4308 positione
557 4243 666 4310 jam
717 4251 896 4295 notum
947 4252 1048 4295 est.
1088 4242 1324 4293 Amalech
1369 4252 1545 4294 autent
1586 4256 1713 4307 gens
1737 4242 1834 4293 luit

239 4349 362 4396 qua:
391 4344 584 4386 contra
612 4331 704 4385 Dei
736 4332 987 4400 populum
1021 4329 1282 4382 acerrima
1313 4329 1468 4382 nimis
1491 4339 1544 4383 et
1570 4328 1832 4397 l'req‘uenti

241 4426 654 4478 concertatione
686 4423 959 4490 pugnavit.
995 4419 1158 4487 Hujus
1192 4417 1422 4472 nominis
1469 4418 1835 4488 interpretatio

238 4516 366 4571 talis
397 4528 519 4580 est,
571 4531 689 4604 pro‘
714 4516 1047 4582 parturiente
1094 4513 1206 4565 sive
1233 4513 1468 4566 dolente.
1516 4509 1664 4576 Quod
1696 4524 1835 4563 nunc

240 4608 304 4658 ad
360 4608 667 4661 Eoclesiam
721 4604 928 4657 Domini
977 4612 1343 4669 competenter
1382 4611 1661 4670 aptamns,
1715 4617 1832 4669 que

240 4705 507 4765 tanquam
557 4697 749 4749 dolens
795 4711 858 4749 ac
906 4697 1207 4762 parturiens
1255 4695 1502 4763 populum
1535 4702 1838 4746 commonet

243 4789 622 4854 perﬁdorum,
656 4797 714 4840 ut
759 4804 785 4839 a
817 4788 927 4840 suis
957 4787 1326 4854 iniquitatibus
1361 4785 1722 4854 conquiescat,
1773 4799 1839 4837 ne

241 4883 294 4932 in
325 4882 516 4932 divina
539 4880 931 4945 disceptatioile
953 4879 1242 4946 dispereat;
1269 4878 1406 4930 sicut
1430 4876 1714 4943 Apostolus
1735 4875 1834 4927 ait:

243 4974 443 5026 Filioli
465 4973 562 5024 mei
583 5018 596 5038 ,
628 4989 753 5035 quos
790 4975 968 5023 iterum
1008 4972 1254 5040 parturio,
1297 4969 1452 5022 donec
1475 4967 1706 5021 Christus
1731 4971 1839 5033 for-

237 5075 419 5117 metur
448 5065 500 5116 in
519 5064 655 5116 vobis
680 5061 822 5131 (Gal.
849 5078 922 5125 tv,
951 5063 1060 5129 ll‘l).

942 5173 1026 5224 Dii
1041 5173 1134 5225 isio
1166 5172 1366 5240 psalmi.

317 5289 380 5342 In
417 5287 596 5354 primo
621 5287 865 5340 membro
894 5283 1080 5352 psalmi
1113 5281 1350 5335 Ecclesia
1385 5281 1637 5349 loquitur,
1669 5281 1843 5334 incre-

243 5397 392 5452 pans
439 5395 533 5435 eos
569 5381 657 5450 qui
700 5379 888 5433 nolunt
933 5376 999 5431 ad
1045 5376 1341 5445 spiritualia
1390 5374 1527 5428 bona
1558 5390 1649 5428 sna
1681 5374 1843 5426 corda

238 5480 612 5532 convertere.
659 5471 752 5525 sed
805 5472 1101 5524 imitatione
1151 5477 1330 5521 mutua
1363 5467 1591 5520 invicem
1617 5465 1848 5518 sordidis

243 5568 484 5621 actibus
506 5565 830 5632 polluuntur.
858 5562 1102 5618 Secundo
1127 5561 1244 5614 loco
1265 5560 1395 5613 dicit
1420 5574 1514 5613 eos
1538 5566 1850 5622 recepturos

241 5661 430 5719 mala,
487 5671 596 5722 qna-
647 5656 697 5707 in
749 5655 957 5722 plebem
994 5652 1212 5705 iecerint
1239 5649 1617 5704 Christianam.
1672 5648 1852 5700 'l'crtio

243 5755 462 5807 ﬁdeles
498 5751 711 5816 populos
749 5755 929 5800 mouet
959 5745 1326 5812 aequanimiter
1358 5741 1635 5798 molestias
1673 5741 1854 5794 satculi

1921 3277 2049 3328 suis.
2101 3276 2298 3327 Omnes
2345 3272 2582 3326 haeretici
2621 3287 2726 3323 ttno
2764 3269 2928 3324 verbo
2959 3271 3124 3324 notati
3157 3282 3317 3333 sunt;
3372 3287 3489 3322 nam

1924 3365 2032 3418 Deo
2066 3372 2210 3418 recte
2240 3378 2344 3416 non
2377 3361 2664 3415 credidisse
2703 3362 2976 3428 corruptio
3007 3370 3124 3413 est:
3174 3362 3421 3428 quoniam
3466 3380 3491 3412 τι

1923 3456 2075 3510 vitali
2107 3469 2268 3510 sensu
2299 3452 2578 3507 discedunt
2608 3453 2695 3521 qui
2738 3453 3023 3505 mortiferis
3064 3452 3496 3519 persnasionbns

1927 3549 2289 3616 implicantur.
2341 3547 2448 3600 llos
2479 3533 2825 3612 subseqniinr
2873 3558 3023 3612 pinna
3065 3543 3394 3611 justissima;
3443 3556 3497 3595 ut

1927 3638 2292 3692 abominabiles
2324 3639 2374 3689 in
2407 3635 2749 3690 voluntatibus
2779 3637 2883 3688 suis
2914 3636 3071 3702 ﬁant,
3113 3635 3203 3702 qui
3235 3638 3499 3700 corruptis

1930 3733 2174 3786 sensibus
2203 3730 2588 3784 obseeundant.
2649 3728 2896 3794 Addidit,
2947 3744 3046 3779 non
3094 3737 3163 3778 est
3212 3727 3293 3793 qui
3345 3727 3501 3796 faciat

1930 3825 2144 3886 bonum,
2190 3838 2288 3874 non
2331 3832 2404 3875 est
2443 3838 2600 3888 usque
2628 3821 2696 3871 ad
2725 3836 2902 3874 unum.
2961 3821 3082 3872 llaec
3113 3821 3276 3887 lignra
3310 3820 3501 3872 dicitur

1931 3918 2235 3982 anaphora,
2280 3913 2332 3966 id
2369 3921 2451 3966 est
2481 3913 2687 3976 relatio,
2723 3911 2930 3979 quoties
2959 3925 3117 3962 unum
3149 3911 3364 3962 verbum
3401 3910 3502 3963 fre-

1932 4004 2113 4076 quenti
2143 4003 2424 4058 iteratione
2452 4003 2726 4068 repetitur.
2767 4000 2876 4052 lloc
2907 4009 2989 4052 est
3019 4000 3158 4052 enim
3187 4000 3324 4064 quod
3353 3998 3500 4050 dolo-

1934 4100 2078 4152 ribus
2108 4097 2260 4165 plcna
2291 4093 2617 4161 parturiebat
2644 4090 2918 4154 Ecclesia;
2965 4099 3021 4142 nt
3061 4091 3110 4142 in
3145 4099 3283 4141 Lauta
3327 4090 3504 4141 multi-

1936 4191 2118 4242 tudine
2150 4187 2477 4256 perditorum
2507 4199 2611 4236 non
2641 4183 2707 4236 sit
2736 4182 2824 4250 qui
2856 4181 3050 4233 bonum
3086 4180 3249 4248 possit
3270 4179 3499 4246 aperari.

1935 4287 2084 4352 Quod
2116 4284 2182 4338 de
2214 4282 2317 4336 illis
2351 4290 2550 4334 tantum
2598 4277 2756 4331 debet
2802 4274 2968 4340 accipi
3018 4273 3129 4341 qui,
3181 4281 3329 4326 extra
3381 4271 3508 4325 reli—

1936 4379 2147 4445 gionem
2178 4373 2363 4443 positi,
2395 4371 2446 4424 in
2479 4366 2782 4423 detestabili
2809 4365 3166 4421 obstinatione
3199 4365 3506 4434 perdurant.

1939 4465 2108 4528 Nam,
2161 4474 2216 4516 ut
2263 4461 2366 4514 hoc
2413 4460 2480 4513 de
2529 4458 2658 4526 ipsis
2707 4455 2878 4523 possis
2925 4454 3238 4517 advertere,
3291 4451 3513 4505 inl‘erins

1866 4555 1914 4613 D
1940 4556 2175 4610 dictmus
2211 4561 2320 4615 est,
2364 4551 2450 4618 qui
2489 4550 2729 4601 devorant
2771 4545 2962 4615 plebem
3003 4559 3198 4607 meant;
3241 4559 3332 4595 eos
3371 4546 3510 4596 enim

1943 4648 2011 4701 ibi
2053 4647 2294 4713 designat
2339 4642 2426 4710 qni
2473 4640 2683 4692 fidelem
2735 4636 2980 4704 populum
3029 4634 3228 4702 apertis
3275 4633 3515 4685 faucibus

1940 4746 2352 4806 persequuntur.

2019 4827 2168 4878 Vcrs.
2194 4826 2246 4877 5.
2285 4821 2531 4873 Dominus
2561 4821 2621 4871 de
2649 4819 2773 4872 coelo
2805 4817 3058 4884 prospexit
3087 4829 3239 4880 super
3262 4812 3397 4880 ﬁlios
3429 4812 3520 4864 lio-

1949 4920 2161 4977 minum,
2186 4926 2238 4966 ut
2267 4915 2428 4965 videat
2458 4912 2499 4963 si
2527 4922 2600 4964 est
2630 4908 2917 4976 intelligens
2941 4913 3028 4957 aut
3050 4903 3305 4973 requirens
3332 4900 3516 4953 Deum.

1955 5005 2225 5074 Prospexit
2268 5015 2451 5056 revera
2500 5000 2744 5051 Donunus
2787 4998 2850 5050 de
2891 4996 3044 5058 coelo,
3088 4994 3138 5045 id
3182 5003 3263 5046 est
3305 4991 3371 5043 (lu
3416 5006 3520 5042 uno

1949 5111 2161 5167 quoque
2202 5095 2550 5162 prtcdicatut‘c
2593 5106 2720 5153 suo,
2765 5103 2896 5156 quos
2935 5095 3184 5153 tanquam
3217 5084 3407 5135 cuilntn
3442 5081 3521 5133 in-

1949 5188 2104 5242 sidet.
2159 5185 2326 5254 Super
2354 5183 2488 5251 ﬁlios
2519 5181 2781 5232 hominum
2802 5220 2814 5239 ,
2849 5175 3058 5246 quando
3087 5176 3152 5227 ab
3178 5175 3427 5240 apostolis.
3469 5181 3522 5224 et

1952 5275 2227 5346 prophetis
2273 5289 2330 5325 se
2379 5271 2502 5324 fecit
2549 5268 2852 5322 salutariter
2901 5264 3215 5334 prtcdicari;
3266 5273 3321 5314 ut
3366 5274 3519 5327 quem

1954 5370 2220 5440 gentilitas
2263 5368 2428 5419 Deum
2475 5363 2753 5432 ignorabat
2794 5375 2936 5423 esse,
2991 5373 3084 5424 per
3115 5370 3206 5409 eos
3247 5353 3521 5405 manifesta

1955 5461 2174 5514 veritate
2203 5462 2570 5524 cognosceret.
2627 5452 2692 5504 Et
2735 5464 2918 5504 revera
2952 5449 3085 5514 ﬁlios
3113 5445 3388 5496 ‘Itominum
3427 5441 3525 5493 sub

1956 5565 2141 5619 magna
2175 5548 2370 5616 pietate
2399 5545 2690 5613 prospexit;
2735 5554 2791 5596 ut
2835 5556 2938 5593 non
2972 5545 3215 5591 errantes
3249 5533 3525 5602 perderet,

1956 5645 2048 5700 sed
2095 5643 2414 5710 pcenitcntes
2457 5639 2540 5707 pia
2584 5633 2920 5689 confessione
2952 5633 3203 5685 salvaret.
3256 5628 3525 5694 Sequitur,

1960 5749 2009 5789 ut
2044 5737 2207 5787 rideat
2256 5737 2297 5784 si
2339 5741 2408 5782 est
2455 5729 2737 5797 intelligens
2767 5735 2850 5777 aut
2881 5727 3140 5792 requirens
3170 5723 3348 5776 Deum.
3399 5719 3528 5772 Cum
