3956 6178
402 353 501 407 5:9
1581 351 1648 405 M.
1692 349 1970 406 AURELII
2019 331 2414 403 casstbnom
3534 346 3637 399 :so

404 472 541 523 Deus
571 472 897 525 occultorum
926 469 993 523 sit
1017 468 1278 537 cognitor,
1324 475 1380 522 et
1426 466 1561 521 sciat
1597 466 1777 520 omnia
1810 474 1962 518 ante-
1994 466 2045 523 A
2072 471 2124 516 et
2151 460 2403 530 quidquid
2438 465 2631 528 prarter
2664 458 2807 513 illum
2835 459 3011 522 fuerit,
3040 457 3181 514 velut
3204 458 3373 512 fumus
3404 458 3455 511 in
3486 473 3641 513 auras

400 577 555 627 quam
590 562 742 621 fiant,
792 560 875 613 hic
904 559 1104 613 dictum
1135 567 1249 621 est,
1290 570 1341 611 ut
1373 559 1565 623 videat,
1600 556 1650 608 id
1681 566 1761 609 est
1785 555 1968 609 videre
2073 553 2343 608 evanescit
2370 551 2651 606 mtbercas.

405 654 586 713 faciat;
633 653 771 704 sicut
811 658 865 704 et
905 651 1131 705 Abrahae
1163 650 1360 704 dictum
1394 658 1512 703 est:
1561 647 1716 699 Nunc
1757 647 1968 715 cognovi
2147 642 2298 696 Vers.
2329 640 2381 695 6.
2425 639 2548 693 Illic
2592 640 2967 710 trepidaverunt
3010 639 3217 703 lifnore,
3263 639 3347 691 ubi
3392 656 3493 693 non
3539 648 3643 693 erat

402 748 639 814 quoniam
665 747 836 814 diligis
862 746 1135 800 Dominum
1166 748 1324 800 Deum
1357 757 1499 799 tuum
1524 744 1674 813 (Cen.
1700 759 1828 804 xxu,
1858 740 1969 808 12).
2076 734 2245 787 timor.
2302 732 2615 787 Peccatores
2659 730 2841 784 mundi
2886 729 3039 783 istius
3068 730 3201 782 bona
3232 731 3560 797 cogitantes,
3596 736 3642 781 in

403 839 531 904 ρητε
579 837 741 903 ﬁgura
791 838 984 890 dicitur
1031 838 1345 909 hypanage,
1402 837 1450 889 id
1500 845 1582 890 εει
1631 834 1969 904 permutatio,
2074 823 2179 877 isto
2205 822 2402 877 szeculo
2433 821 2601 890 magis
2632 822 2852 887 timent,
2901 836 2966 873 ne
3004 819 3193 888 adepta
3223 819 3473 874 felicitate
3502 821 3641 874 fran-

408 928 614 995 quoties
642 927 821 981 videre
861 937 949 979 aut
978 942 1304 995 cognoscere
1350 926 1577 980 dicimus
1619 940 1739 979 eum
1781 923 1869 993 qui
1898 923 1975 976 vi-
2076 916 2287 977 dentur,
2336 929 2403 969 ne
2449 913 2651 968 divitiis
2694 914 2870 966 minus
2904 911 3239 979 perfruantur
3270 912 3530 979 inventis,
3582 928 3644 965 ne

408 1018 533 1070 dem
562 1018 642 1070 νει
670 1031 993 1085 cognoscere
1024 1031 1119 1071 nos
1150 1018 1293 1071 facit,
1327 1017 1476 1083 Quod
1504 1017 1625 1070 ideo
1647 1015 1845 1070 dictum
1871 1020 1972 1079 est,
2077 1006 2351 1077 acquisitis
2379 1005 2657 1074 priventur
2687 1004 3003 1059 honoribus.
3040 1003 3133 1057 Hic
3160 1004 3301 1057 enim
3331 1005 3376 1057 vi
3391 1004 3435 1057 vi
3469 1004 3648 1059 formi-

409 1121 467 1161 ut
517 1108 807 1161 incredulis
853 1108 1124 1161 excusatio
1172 1107 1488 1170 tolleretur;
1541 1121 1659 1159 cum
1711 1103 1978 1158 universis
2083 1099 2210 1152 dant
2264 1098 2508 1152 amittere
2558 1113 2676 1166 quae
2721 1111 2780 1151 se
2829 1107 3003 1149 tamen
3034 1105 3230 1149 norunt
3260 1097 3487 1152 humana
3521 1113 3649 1152 con-

410 1198 654 1265 gentibus
699 1196 1019 1265 praedicatus
1060 1196 1313 1251 Dominus
1354 1196 1600 1251 Christus
1642 1195 1813 1263 longis
1855 1203 1978 1247 ante
2081 1188 2280 1242 ditiouc
2308 1187 2629 1255 relinquere.
2684 1186 2773 1239 Illa
2819 1187 2960 1240 enim
3000 1201 3104 1240 non
3149 1188 3384 1257 cogitant
3416 1205 3508 1257 per
3532 1204 3650 1257 quae

416 1286 743 1354 temporibus
768 1295 1099 1340 nosceretur.
2081 1278 2360 1333 verissimo
2408 1278 2596 1330 timore
2640 1275 2921 1344 torquendi
2965 1284 3119 1339 sunt,
3165 1277 3379 1345 quando
3417 1278 3521 1332 illis
3546 1280 3655 1332 erit

482 1377 633 1430 Vcrs.
664 1376 716 1427 4.
762 1376 948 1428 ()mnes
976 1376 1373 1437 declinaverunt,
1416 1375 1567 1427 simul
1610 1373 1815 1427 inutiles
1856 1371 1982 1439 facti
2083 1371 2238 1423 ﬂetus
2268 1376 2319 1421 et
2347 1366 2545 1419 stridor
2566 1365 2825 1420 dentium.
2862 1365 2925 1419 Et
2952 1365 3071 1421 ideo
3100 1366 3519 1422 subaudiendum
3547 1376 3654 1433 est,

412 1477 570 1519 sunt:
609 1482 709 1517 non
753 1474 825 1519 est
864 1466 952 1535 qui
994 1467 1149 1535 faciat
1193 1466 1405 1529 bonum,
1454 1482 1555 1517 non
1603 1474 1676 1517 est
1719 1478 1875 1533 usque
1915 1462 1983 1516 ad
2084 1458 2166 1511 ubi
2196 1474 2298 1511 ηοη
2327 1464 2434 1510 erat
2465 1458 2633 1523 timor,
2667 1456 2874 1510 scilicet
2898 1456 3093 1524 jusuts.

413 1575 588 1611 unum.
642 1558 716 1612 De
760 1559 863 1613 illis
892 1558 1019 1612 dicit
1062 1559 1151 1627 qui
1194 1558 1355 1612 corde
1397 1558 1586 1613 durato
1627 1558 1677 1610 in
1718 1556 1983 1610 scelerato
2157 1555 2311 1610 Vcrs.
2336 1556 2388 1608 7.
2421 1556 2675 1622 Quoniam
2700 1553 2834 1607 Deus
2858 1554 3125 1621 dissipabit
3146 1571 3257 1608 ossa
3278 1556 3540 1609 hominum
3561 1557 3661 1609 sibi

417 1664 754 1715 permansere
803 1649 1097 1717 proposito.
1160 1648 1345 1701 Omnes
1391 1638 1531 1701 enim
1582 1654 1636 1700 et
1691 1659 1786 1714 pro
1835 1653 1985 1715 parte
2087 1646 2423 1711 placentium;
2468 1644 2667 1713 confusi
2696 1652 2839 1708 sunt,
2875 1645 3113 1713 quoniam
3155 1644 3293 1697 Deus
3334 1647 3517 1712 sprevit
3544 1662 3656 1701 eos.

419 1752 699 1805 possumus
740 1737 945 1800 dicere;
994 1744 1050 1790 ut
1078 1736 1143 1790 ad
1178 1737 1296 1790 illos
1328 1745 1529 1791 tantum
1562 1736 1851 1805 pertineat,
1895 1734 1987 1804 qui
2086 1734 2286 1789 Versus
2316 1734 2415 1789 iste
2446 1748 2550 1787 non
2583 1743 2664 1788 est
2691 1734 2865 1788 dictus
2908 1733 2960 1787 in
3003 1734 3158 1788 tertio
3188 1734 3398 1789 decimo
3431 1736 3659 1804 psalmo,

417 1827 632 1882 nefariis
666 1829 1092 1896 persuasionibus
1132 1837 1491 1883 exerceantur.
1550 1828 1777 1882 Pulchro
1805 1834 1981 1880 autem
2016 1830 2062 1890 Β
2086 1829 2177 1885 sed
2210 1830 2416 1884 noviler
2446 1830 2532 1883 hic
2560 1828 2625 1882 ad
2654 1828 3079 1883 confirmandum
3117 1828 3299 1897 judicvi
3330 1837 3539 1898 tempus
3568 1844 3665 1899 ap-

417 1918 600 1971 ordine
632 1919 787 1972 verba
820 1919 1169 1973 descendunt.
1223 1919 1377 1973 Prius
1405 1920 1547 1974 enim
1580 1920 1705 1982 fuit,
1747 1928 1799 1972 ut
1829 1918 1986 1971 decli-
2088 1921 2302 1991 ponitur
2329 1936 2343 1984 ;
2392 1919 2512 1987 quia
2546 1928 2711 1972 totum
2755 1918 2823 1973 de
2872 1919 2989 1986 ipso
3016 1918 3252 1972 dicturus
3283 1928 3392 1984 est,
3436 1918 3578 1985 quod
3607 1920 3662 1972 in

418 2018 629 2071 narent;
668 2018 902 2063 secutum
932 2017 1033 2073 est,
1067 2017 1123 2061 ut
1146 2009 1349 2062 inutiles
1377 2009 1475 2063 sibi
1506 2011 1701 2077 ﬁerent.
1752 2008 1985 2071 Addidit,
2090 2012 2181 2065 illo
2228 2011 2401 2081 (sicut
2446 2009 2644 2063 dictum
2695 2009 2813 2077 est)
2862 2020 3079 2077 propter
3122 2009 3257 2062 tituli
3306 2008 3666 2064 diversitatem

420 2112 519 2147 non
562 2106 633 2149 est
669 2099 757 2166 qui
794 2098 952 2165 faciat
990 2101 1202 2165 bonum,
1248 2116 1349 2152 non
1392 2110 1461 2153 est
1503 2116 1660 2169 usque
1700 2101 1767 2153 ad
1810 2116 1985 2152 unum.
2090 2116 2196 2155 non
2227 2101 2436 2154 videtur
2466 2113 2620 2167 posse
2658 2112 2973 2168 congruere.
3027 2095 3166 2151 Deus
3204 2100 3344 2153 enim
3388 2100 3442 2153 in
3487 2099 3667 2153 futura

426 2190 584 2242 Dolor
629 2192 719 2245 ille
764 2193 1141 2260 cogitationum
1188 2202 1436 2261 tanquam
1480 2208 1767 2263 erumpens
1805 2203 1989 2263 partus
2091 2190 2479 2258 disceptatione
2510 2191 2745 2256 ipsorum
2776 2189 2989 2258 dissipat
3019 2204 3164 2253 ossa,
3213 2188 3265 2243 id
3312 2197 3396 2244 est
3430 2188 3668 2243 obstina-

424 2284 622 2336 effnsus
641 2294 742 2337 est.
772 2284 979 2353 Repetit
1000 2284 1200 2350 verba;
1230 2286 1350 2354 quia
1376 2285 1427 2339 in
1450 2285 1727 2340 obstinatis
1749 2285 1991 2339 sensibus
2095 2286 2267 2339 tiones
2294 2282 2629 2347 durissimas,
2659 2295 2885 2351 quorum
2917 2281 3062 2335 novit
3087 2281 3337 2335 atrociter
3360 2280 3666 2335 induruisse

426 2374 745 2427 fructuosum
795 2390 897 2426 non
948 2377 1115 2443 potuit
1146 2376 1385 2430 invenire
1434 2376 1748 2430 remedium.
1802 2376 1991 2429 Merito
2095 2377 2440 2445 proterviam.
2492 2373 2710 2428 Addidit
2737 2388 2965 2443 quoque,
2995 2374 3091 2425 sibi
3129 2374 3477 2443 placentium;
3523 2374 3669 2444 quod

425 2477 549 2530 ergo
577 2478 672 2532 pro
701 2464 803 2516 illis
838 2463 1072 2517 Ecclesia
1103 2464 1275 2532 prodit
1303 2464 1539 2518 dolorem
1570 2478 1746 2528 suum,
1775 2464 1841 2519 de
1870 2464 1988 2533 qui—
2096 2468 2475 2521 sceleratorum
2499 2464 2801 2533 Specialiter
2821 2478 2941 2519 esse
2962 2464 3307 2533 dignoscitur.
3326 2465 3506 2520 Justus
3523 2466 3669 2517 enim

430 2556 525 2609 bus
557 2556 726 2609 fidelis
759 2556 980 2624 populus
1029 2571 1131 2609 non
1181 2565 1389 2625 poterat
1431 2557 1631 2611 habere
1672 2556 1991 2624 profectum.

432 2645 598 2713 Usque
618 2646 692 2697 ad
720 2663 874 2698 unum
901 2647 1023 2700 dum
1051 2646 1263 2709 dicitur,
1313 2661 1499 2700 omnes
1531 2656 1810 2717 negantur.
1863 2645 1995 2699 Nam

429 2737 471 2789 si
512 2738 739 2804 aliquem
782 2737 979 2790 bonum
1026 2739 1287 2791 voluisset
1333 2738 1590 2807 intelligi,
1640 2753 1746 2791 non
1795 2737 1997 2791 diceret

428 2843 584 2895 usque
612 2828 679 2879 ad
708 2844 892 2891 unum,
926 2828 1019 2881 sed
1053 2837 1242 2895 pra‘ter
1272 2844 1453 2881 unum.
1506 2829 1571 2882 Et
1612 2827 1828 2881 intende
1858 2827 1997 2895 quod

431 2917 569 2973 tertii
602 2916 791 2971 decimi
831 2916 1017 2985 pSaImi
1050 2919 1282 2986 quinque
1310 2933 1547 2982 versus,.
1568 2920 1656 2988 qui
1688 2918 1751 2971 ad
1787 2916 1998 2971 Judreos

432 3016 795 3074 competenter
821 3016 1085 3076 aptantur,
1123 3009 1505 3076 subscquentcs
1535 3007 1761 3072 ademit;
1814 3016 1870 3061 ut
1915 3017 1997 3062 to-

433 3104 541 3149 tum
571 3097 893 3151 intellectum
921 3099 1244 3167 generaliter
1270 3098 1333 3151 ad
1362 3113 1549 3153 omnes
1578 3098 1879 3153 incredulos
1906 3113 2001 3167 po-

434 3188 587 3253 pulos
610 3187 853 3241 absolute
884 3196 1275 3254 transponeret.

505 3275 659 3329 Vers.
696 3277 747 3329 5.
794 3276 979 3331 Nonne
1026 3276 1324 3347 cegncscent
1374 3294 1545 3332 omnes
1593 3280 1682 3346 qui
1732 3289 2005 3345 operantur

432 3364 778 3433 iniquitatem,
826 3368 909 3435 qui
949 3367 1190 3419 decorant
1231 3365 1425 3434 plebem
1465 3383 1627 3419 meam
1670 3369 1797 3421 sicut
1840 3366 2005 3419 cibum

439 3457 629 3525 panis?
671 3456 833 3509 Deum
873 3474 976 3510 non
1006 3458 1382 3510 invocaverunt.
1436 3457 1590 3511 Venit
1618 3458 1682 3509 ad
1720 3456 2005 3510 secundam

439 3556 661 3612 partem,
712 3550 797 3601 ubi
840 3549 1077 3603 Ecclesia
1124 3549 1217 3603 Dei
1266 3548 1537 3619 redarguit
1582 3548 1905 3602 excedentes
1956 3547 2006 3600 in

438 3639 685 3706 populum
738 3639 1118 3693 Christianum.
1172 3638 1404 3692 Dicendo
1450 3637 1631 3693 enim:
1686 3637 1871 3690 Nonne
1918 3652 2006 3689 co-

437 3739 694 3796 gnoscent,
721 3730 1026 3796 cognituros
1052 3743 1169 3782 esse
1196 3730 1477 3782 confirmat
1502 3746 1516 3794 ;
1550 3730 1668 3797 quia
1704 3727 1876 3781 facere
1904 3741 2008 3778 non

438 3818 632 3872 debent
666 3820 803 3888 quod
848 3820 1105 3874 scelerata
1153 3819 1431 3887 iniquitate
1478 3827 1824 3888 praesumunt.
1874 3817 2007 3872 Nam

436 3920 491 3963 et
520 3910 689 3979 ipsum
722 3910 944 3965 verbum
981 3912 1375 3979 prteposteratis
1405 3911 1624 3980 syllabis
1656 3919 1828 3978 patet;
1858 3908 2011 3962 intel-

439 4001 703 4069 ligendum
749 4010 832 4055 est
874 4002 1037 4067 enim,
1085 4016 1149 4054 ne
1178 4016 1281 4053 non
1312 4010 1631 4071 cognoscent.
1683 4000 1811 4065 Quae
1840 3998 2010 4066 ﬁgura

438 4092 633 4145 dicitur
659 4092 1010 4161 anastrophe,
1049 4091 1237 4144 Latine
1281 4090 1572 4159 perversio,
1608 4089 1818 4156 quoties
1847 4087 2006 4141 verba

441 4194 701 4234 converso
727 4181 911 4233 ordine
945 4178 1306 4249 proferuntur.
1344 4178 1633 4246 Operantur
1662 4192 1788 4232 vero
1816 4179 2008 4246 iniqui-

440 4281 623 4334 tatem,
669 4271 759 4339 qui
791 4269 975 4324 ﬁdeles
1010 4269 1222 4323 Domini
1262 4268 1467 4323 laniare
1509 4267 1869 4333 contendunt,
1917 4267 2008 4337 qui

442 4370 626 4413 contra
660 4360 907 4412 mandata
938 4360 1052 4428 ejus
1085 4360 1270 4413 viduas
1298 4360 1625 4427 opprimunt,
1660 4358 1892 4426 pupillos
1918 4371 2014 4412 ex-

443 4449 689 4513 διιοιίειιιῑ.
721 4448 819 4513 Qui
837 4454 1095 4514 devorant,
1114 4449 1264 4514 dixit,
1288 4448 1341 4503 id
1362 4457 1442 4503 est
1461 4446 1775 4517 deglutiunt,
1798 4458 2012 4516 totaque

2098 2555 2178 2609 vir
2204 2554 2305 2610 sibi
2336 2569 2547 2621 semper
2578 2553 2857 2622 displicet,
2902 2554 3026 2608 dum
3068 2555 3245 2608 carnis
3272 2568 3381 2608 sua:
3408 2555 3530 2607 vitia
3560 2568 3673 2609 cm-

2099 2646 2220 2700 lesti
2270 2645 2696 2699 consideratione
2741 2645 2984 2713 castigat.
3042 2643 3289 2713 lntelligit
3329 2644 3469 2699 enim
3516 2645 3667 2700 illam

2101 2744 2301 2803 partem
2329 2734 2606 2788 fovendam
2639 2749 2745 2789 non
2772 2750 2911 2799 esse,
2936 2734 3075 2790 unde
3102 2748 3163 2789 se
3190 2735 3342 2789 novit
3369 2734 3437 2789 ad
3462 2745 3667 2791 aeterna

2100 2825 2361 2893 supplicia
2393 2826 2692 2893 pervenire.
2728 2826 2780 2879 In
2809 2826 3176 2893 peccatoribus
3199 2840 3324 2880 vero
3345 2836 3533 2880 contra
3558 2837 3671 2893 est;

2103 2922 2283 2968 amant
2311 2915 2451 2969 unde
2490 2922 2741 2985 pereant,
2785 2914 3091 2970 desiderant
3127 2915 3270 2969 unde
3306 2914 3667 2979 damnentur;

2102 3015 2157 3061 et
2186 3007 2361 3074 placet
2387 3006 2489 3060 illis
2516 3005 2709 3060 malum
2755 3019 2848 3074 per
2869 3005 3009 3074 quod
3034 3021 3217 3073 poenas
3248 3016 3530 3076 perpetuas
3556 3020 3676 3062 sus-

2106 3096 2375 3163 tinebuut;
2413 3096 2549 3150 sicut
2592 3098 2642 3149 in
2680 3096 2888 3151 decimo
2934 3098 3138 3165 psalmo
3171 3097 3281 3166 jam
3310 3097 3510 3152 dictum
3542 3108 3667 3153 est:

2030 3193 2076 3255 C
2112 3188 2213 3255 Qui
2260 3198 2427 3241 autem
2474 3188 2639 3256 diligit
2686 3187 3040 3253 iniquitatem,
3096 3187 3201 3240 odit
3245 3189 3475 3241 animam
3525 3205 3675 3241 suam

2110 3278 2276 3347 (Psal.
2291 3296 2343 3342 x,
2360 3279 2436 3349 6).
2468 3277 2701 3342 Addidit,
2718 3279 2915 3345 confusi
2928 3288 3064 3344 sunt,
3082 3278 3322 3347 quoniam
3341 3279 3476 3332 Deus
3492 3281 3681 3343 sprevit

2108 3386 2210 3424 eos.
2244 3369 2375 3423 lstos
2399 3368 2547 3433 tales,
2570 3370 2656 3438 qui
2680 3368 2778 3422 sibi
2802 3368 3033 3437 placent,
3054 3382 3274 3423 necesse
3295 3379 3378 3423 est
3398 3369 3681 3433 confundi,

2108 3460 2355 3528 quoniam
2382 3461 2499 3515 illos
2518 3470 2721 3514 certum
2742 3468 2823 3515 est
2844 3474 2873 3513 a
2896 3474 3058 3529 regno
3072 3460 3266 3515 Christi
3296 3461 3685 3532 omnipotentis

2109 3563 2301 3603 arceri.

2182 3646 2332 3701 Vers.
2364 3648 2416 3701 8.
2459 3646 2585 3711 Quis
2618 3646 2759 3699 dabit
2794 3661 2858 3700 ea:
2890 3646 3020 3701 Sion
3060 3648 3286 3701 salutare
3311 3646 3522 3701 Israel?
3563 3650 3685 3701 dum

2110 3739 2402 3791 converterit
2428 3737 2672 3792 Dominus
2707 3738 3047 3807 captivitatem
3084 3739 3241 3808 plebis
3267 3756 3393 3793 suat.
3429 3739 3582 3794 Venit
3616 3742 3685 3795 ad

2111 3829 2319 3882 tertiam
2352 3836 2552 3896 partem
2576 3829 2684 3896 jam
2712 3827 2883 3882 laetior
2902 3837 3073 3882 mater
3094 3828 3353 3893 Ecclesia,
3381 3830 3446 3882 ad
3477 3840 3684 3884 textum

2112 3925 2385 3972 revertens
2416 3920 2557 3973 tertii
2602 3918 2796 3972 decimi
2827 3918 3052 3986 psalmi;
3100 3928 3158 3973 ut
3194 3920 3332 3974 sicut
3361 3920 3682 3989 principium

2112 4011 2289 4078 posuit
2338 4010 2537 4075 simile,
2594 4010 2665 4063 ita
2714 4008 2875 4064 ﬁnem
2926 4009 3001 4064 illi
3050 4012 3279 4065 termino
3329 4013 3685 4067 concluderet

2111 4109 2514 4153 consonantem.
2550 4100 2676 4162 Quis
2703 4099 2864 4163 dabit,
2889 4100 3188 4154 addendum
3217 4112 3318 4167 εει,
3347 4103 3447 4157 nisi
3474 4112 3552 4167 tu,
3581 4103 3687 4155 Do-

2114 4189 2300 4243 mine?
2345 4188 2623 4244 Credentis
2653 4193 2795 4245 enim
2831 4192 2989 4246 verba
3030 4204 3183 4258 sunt,
3230 4210 3336 4248 non
3368 4194 3686 4251 dubitantis.

2113 4278 2195 4331 Ex
2222 4279 2379 4343 Sion,
2423 4280 2564 4332 illam
2597 4280 2727 4334 dicit
2752 4283 3171 4347 Speculationem
3212 4284 3452 4353 felicem,
3495 4285 3549 4339 in
3581 4302 3689 4352 qua

2116 4370 2368 4424 Dominus
2417 4372 2695 4440 aspicitur,
2747 4383 2803 4429 et
2850 4375 3097 4442 blajestas
3147 4376 3257 4441 ipsa
3306 4393 3433 4431 vero
3481 4378 3694 4433 lumine

2113 4461 2289 4516 cordis
2320 4462 2577 4516 hauritur.
2620 4462 2743 4518 llaec
2770 4472 2853 4519 est
2877 4466 3118 4519 salutaris
3151 4465 3337 4531 Israel,
3379 4468 3429 4521 id
3458 4478 3540 4521 est
3567 4484 3695 4536 qua:

442 4541 698 4593 scelerum
726 4539 1004 4594 velocitate
1032 4551 1372 4595 consumunt.
1410 4541 1518 4594 Nec
1542 4540 1672 4593 illud
1696 4548 1848 4594 vacat
1870 4541 2009 4607 quod
2042 4548 2091 4606 ι)
2118 4555 2279 4609 vitam
2322 4564 2538 4624 ρι-ρεεωι
2578 4558 2771 4625 populo
2802 4557 2940 4611 ﬁdeli
2971 4557 3135 4612 Deum
3168 4559 3390 4613 videnti.
3444 4561 3695 4627 Adiecit’

441 4630 593 4694 dicit,
626 4630 813 4697 plebem
846 4647 1036 4696 nteant;
1086 4640 1144 4684 ut
1189 4629 1493 4683 ostenderet
1521 4631 1697 4682 omnia
1736 4628 2009 4697 superiora

441 4734 497 4773 se
524 4721 722 4777 dixisse
750 4722 816 4777 de
846 4724 1116 4792 pessimis,
1146 4723 1357 4791 quando
1386 4736 1479 4776 eos
1508 4722 1558 4774 in
1586 4729 1871 4789 augmento
1897 4737 2013 4777 sce-

442 4812 567 4864 leris
608 4812 815 4879 plebem
858 4828 1006 4867 suam
1037 4814 1295 4867 devorare
1337 4821 1579 4865 testatur.
1631 4812 1759 4865 Nam
1798 4812 1844 4865 si
1886 4812 2011 4866 illud

440 4903 759 4969 generaliter
803 4903 869 4956 de
916 4902 1148 4955 humano
1192 4917 1390 4970 genere
1420 4902 1502 4971 (ut
1544 4901 1757 4970 quidam
1805 4900 2010 4970 volunt)

441 4993 572 5047 velis
602 4995 875 5061 accipere,
920 4992 1005 5045 hic
1035 4993 1402 5061 iucompetens
1433 4994 1567 5046 facta
1603 4992 1866 5047 videbitur
1894 5009 2012 5048 esse

440 5087 714 5140 discretio.
752 5088 814 5141 Et
842 5096 896 5140 ut
918 5086 1224 5141 aviditatem
1253 5088 1650 5142 dilacerationis
1680 5090 2010 5155 ostenderet,

440 5175 671 5239 addidit,
714 5177 840 5229 sicut
869 5176 1034 5228 cibum
1064 5178 1240 5246 panis;
1284 5178 1488 5231 scilicet
1516 5178 1603 5245 qui
1630 5194 1843 5245 semper
1868 5180 2017 5233 desi-

443 5267 695 5321 deranter
720 5266 772 5320 in
801 5280 895 5320 usu
922 5274 1027 5320 est.
1055 5266 1184 5319 Nam
1210 5269 1451 5335 quamvis
1476 5268 1698 5336 singulis
1718 5269 2017 5337 quibusque

446 5360 775 5425 temporibus
822 5373 1062 5413 escarum
1113 5359 1422 5413 diversitate
1477 5360 1767 5425 satientur,
1819 5361 2014 5430 jngiter

445 5448 596 5500 nobis
640 5456 814 5502 tamen
856 5448 1007 5516 panis
1048 5448 1285 5502 edulium
1330 5457 1431 5502 est.
1487 5450 1771 5518 Subiunxit
1821 5453 2008 5519 etiam,

448 5534 610 5589 Deum
649 5555 749 5590 non
786 5540 1161 5592 invocaverunt.
1214 5539 1289 5591 Ad
1335 5540 1725 5591 consolationes
1770 5540 2003 5593 fidelium

446 5626 612 5689 redit,
655 5629 901 5695 quoniam
930 5644 1047 5698 qua:
1086 5643 1115 5681 a
1156 5630 1526 5696 peccatoribus
1568 5640 1750 5683 contra
1796 5630 2005 5683 Domini

444 5714 769 5772 voluntatem
797 5718 957 5787 ﬁunt,
996 5722 1151 5789 180
1184 5721 1288 5774 line
1331 5722 1609 5773 Celerrime
1644 5720 2001 5790 dissipantur;

2117 4646 2240 4699 dum
2268 4649 2565 4700 converterit
2592 4648 2834 4701 Dominus
2857 4648 3200 4717 captivitatem
3231 4650 3387 4716 plebis
3416 4666 3555 4714 sum;
3590 4651 3701 4708 hoc

2117 4744 2228 4800 est,
2266 4735 2393 4789 dum
2423 4737 2595 4789 adhuc
2627 4737 2677 4789 in
2709 4736 2809 4791 hoc
2837 4738 3034 4791 saccum
3063 4739 3211 4805 plebs
3242 4738 3432 4792 devota
3464 4740 3702 4794 tribula-

2118 4825 2319 4878 tionum
2349 4828 2703 4880 anxietatibus
2735 4827 2944 4881 videtur
2971 4842 3090 4882 esse
3118 4830 3350 4895 captiva,
3380 4830 3596 4897 quando
3630 4835 3701 4885 ad

2121 4916 2395 4982 promissa:
2414 4916 2675 4969 libertatis
2696 4918 2917 4971 necdum
2941 4918 3105 4985 pomit
3129 4920 3411 4986 pervenire
3432 4922 3700 4976 remedia.

2120 5006 2249 5058 Nam
2274 5007 2503 5073 quandiu
2530 5006 2712 5061 ﬁdeles
2737 5023 2864 5061 suos
2891 5008 3011 5061 hinc
3036 5008 3249 5074 liberat,
3276 5010 3390 5075 ipse
3414 5010 3578 5063 etiam
3610 5012 3706 5068 hic

2116 5092 2204 5144 dat
2234 5109 2292 5145 ea:
2323 5093 2451 5145 Sion
2479 5095 2703 5147 salutare
2733 5094 2929 5165 Israel,
2974 5110 3095 5150 cum
3134 5097 3350 5151 labores
3384 5109 3703 5155 sanctorum

2115 5186 2223 5235 suis
2253 5181 2525 5236 beneﬁciis
2552 5183 2878 5236 consolatur.

2191 5270 2340 5323 Vers.
2363 5270 2414 5324 9.
2452 5269 2741 5323 Exsultabit
2766 5270 2950 5333 Jacob.
2984 5282 3030 5326 et
3062 5274 3314 5326 lwtabitur
3339 5273 3524 5328 Israel.
3565 5275 3705 5331 Ver-

2118 5372 2209 5412 sus
2250 5360 2349 5412 iste
2392 5359 2618 5414 futuram
2667 5371 3051 5416 commemorat
3093 5362 3433 5429 felicitatem,
3478 5369 3702 5433 quando

2123 5450 2309 5503 ﬁdeles
2348 5450 2560 5504 Domini
2608 5452 2918 5519 plenissima
2965 5454 3209 5508 libertate
3252 5456 3579 5524 gaudebunt.
3636 5459 3699 5512 Et

2119 5541 2322 5608 respice
2368 5541 2509 5608 quod
2558 5543 2610 5594 in
2661 5546 3049 5597 resurrectione
3096 5546 3333 5613 generali
3385 5545 3697 5614 frequenter

2115 5630 2412 5698 patriarcha
2461 5632 2625 5685 Jacob
2671 5633 2999 5698 nominatur,
3047 5645 3263 5709 pr0pter
3312 5635 3478 5688 illud:
3533 5636 3699 5691 Jacob

2116 5720 2291 5784 dilexi,
2327 5719 2461 5774 Esau
2491 5731 2656 5775 autem
2690 5723 2806 5775 odio
2836 5722 2990 5775 habui
3013 5724 3169 5784 (Mal.
3193 5740 3231 5788 ι,
3258 5724 3311 5783 3.
3338 5723 3414 5784 ὃ).
3445 5726 3701 5796 Congrue
