3956 6178
325 396 405 449 581

1243 396 1599 455 EXI’USITIO
1642 396 1703 451 IN
1744 396 2194 453 [ιδλμτιῖιιίωι.
2239 400 2427 454 I‘S,\I..
2476 402 2601 455 LIII.

3443 405 3549 460 5'39.

323 509 563 578 siquidem
588 508 809 563 dilectus
831 510 882 563 in
912 520 1050 564 tanta
1081 513 1337 579 temporis
1365 512 1799 565 commemoratio
1840 526 1869 564 c
1907 516 1949 568 A
1982 514 2165 565 talibus
2196 529 2253 565 se
2285 515 2448 567 libera
2484 518 2494 569 i
2527 518 2860 584 deprecatur,
2910 534 2972 573 ne
3005 500 3339 576 inimicorum
3367 523 3541 575 mani-

326 601 537 667 pouitur,
569 599 656 654 ubi
685 601 800 654 sine
828 601 933 655 ﬁne
960 601 1234 669 gaudetur.
1286 602 1492 665 Intulit,
1542 612 1587 654 et
1617 602 1872 654 lwtabitur

324 685 489 744 Israel.
534 688 699 744 Israel
727 692 1058 760 interpretari
1088 692 1339 757 diximus,
1373 691 1463 745 i’ir
1487 692 1660 745 videns
1690 692 1870 745 Deum.

324 782 454 849 Quod
508 792 634 837 tunc
685 783 935 838 Ecclesiae
990 784 1107 838 sine
1161 784 1486 839 dubitatione
1534 784 1870 848 conceditur,

322 872 536 940 quando,
580 874 717 926 sicut
748 873 822 925 illi
857 874 1169 941 promissum
1200 881 1311 941 est,
1361 875 1414 927 in
1462 883 1658 927 acterna
1704 875 1871 943 patria

324 962 538 1018 feliciter
566 963 931 1019 collocabitur.

844 1074 1110 1131 Conclusio
1142 1077 1341 1145 psalmi.

377 1186 782 1241 Studiosissime
826 1186 980 1241 nobis
1020 1187 1401 1242 consideranda
1446 1198 1528 1243 est
1557 1188 1782 1242 varietas
1823 1198 1875 1242 et

318 1275 545 1344 parilitas
592 1277 693 1329 ista
741 1276 1085 1344 psalmorum,
1135 1278 1344 1346 quando
1393 1280 1446 1333 in
1475 1280 1651 1333 verbis
1680 1293 1865 1332 conso-

317 1368 523 1429 nantia,
580 1378 631 1420 et
681 1367 731 1419 in
783 1366 1053 1422 iutellecm
1104 1370 1356 1436 probatur
1401 1384 1519 1423 esse
1566 1369 1872 1422 diversitas.

318 1458 714 1511 Absolutissime
736 1457 995 1526 siquidem
1020 1458 1193 1525 prodit
1216 1459 1385 1512 divini
1410 1460 1602 1528 eloquii
1630 1473 1875 1521 corusca-

319 1546 464 1608 bilem
487 1548 837 1616 dignitatem;
870 1549 1000 1604 utin
1024 1550 1210 1604 iisdem
1242 1550 1575 1604 sermonibus
1601 1549 1744 1603 Salva
1776 1549 1877 1603 ﬁde

319 1653 390 1690 res
414 1637 662 1692 diversas
691 1640 983 1708 intelligere
1009 1640 1317 1695 debeamus.
1369 1640 1498 1693 Nam
1530 1641 1577 1715 si
1608 1639 1877 1694 coloribus

318 1743 641 1797 gemmarum
674 1730 853 1785 datum
882 1740 965 1786 est
994 1732 1137 1785 varia
1170 1732 1287 1785 luce
1318 1730 1549 1795 radiare;
1602 1731 1647 1785 si
1691 1731 1878 1784 avibus

220 1807 228 1819 ’
319 1820 625 1887 quibusdam
653 1836 967 1876 concessum
994 1833 1075 1878 est
1103 1823 1328 1877 diversis
1370 1822 1654 1891 splendere
1682 1823 1875 1877 colori-

320 1914 435 1977 bus;
480 1916 524 1969 si
568 1916 950 1971 cameleontcm
983 1918 1035 1971 in
1068 1934 1173 1971 uno
1218 1927 1377 1987 atque
1415 1918 1600 1972 eodem
1632 1931 1873 1985 corpore,

320 2007 471 2061 modo
493 2009 787 2077 prasinum,
812 2009 970 2065 modo
990 2021 1256 2077 venetum,
1282 2010 1440 2065 modo
1464 2024 1698 2072 roseum,
1722 2008 1881 2062 modo

320 2099 570 2163 pallidum
618 2098 834 2153 humani
882 2100 1021 2155 oeuli
1053 2109 1406 2165 contuentur,
1456 2114 1550 2154 cur
1599 2108 1654 2153 et
1701 2098 1877 2151 divina

314 2191 515 2259 eloquia
545 2191 906 2245 diversitatem
942 2192 1301 2261 intelligentiae
1330 2205 1434 2245 non
1462 2190 1740 2255 haberent,
1762 2204 1881 2258 quae

310 2284 618 2347 frequenter
646 2292 698 2335 et
728 2281 931 2350 abyssis
958 2283 1373 2349 comparantur?
1422 2279 1554 2334 Nam
1585 2290 1728 2333 motu
1766 2290 1878 2332 trc-

313 2374 452 2426 mqu
484 2373 628 2426 varis
662 2375 879 2441 pelagus
913 2373 1028 2428 luce
1069 2373 1393 2441 resplendet.
1444 2372 1577 2426 liinc
1606 2382 1687 2425 est
1716 2372 1877 2425 etiam

310 2464 444 2531 quod
477 2464 763 2518 orthodoxi
794 2466 977 2520 Patres
1018 2466 1084 2521 de
1125 2482 1232 2521 uno
1275 2466 1390 2521 loco
1430 2467 1637 2520 diversa
1670 2466 1873 2528 dicunt,

309 2570 354 2610 et
382 2568 566 2610 tamen
598 2572 782 2611 omnes
811 2558 1115 2612 salutariter
1143 2558 1426 2612 audiuntur
1454 2577 1465 2609 :
1516 2558 1655 2611 unde
1685 2566 1738 2611 et
1763 2557 1879 2625 qui-

309 2648 424 2701 dam
483 2660 786 2703 nostrorum
837 2649 951 2701 ait:
1005 2649 1279 2718 Margarita
1326 2649 1518 2718 quippe
1566 2657 1647 2702 est
1698 2661 1875 2700 sermo

306 2740 541 2803 divinus,
587 2750 642 2794 et
680 2754 745 2793 ex
781 2740 925 2793 omni
965 2751 1110 2807 parte
1145 2740 1304 2793 forari
1338 2748 1529 2808 potest.
1573 2738 1875 2791 Meminisse

306 2842 517 2895 quoque
566 2843 663 2882 nos
688 2828 934 2882 convenit
958 2829 1247 2883 secundum
1278 2830 1419 2881 hunc
1459 2841 1577 2881 esse
1615 2828 1874 2895 psalmum

308 2918 389 2983 qui
436 2916 503 2969 de
543 2915 844 2970 Iudaeorum
886 2918 1245 2984 increpatione
1285 2926 1338 2971 et
1373 2917 1720 2970 cunversione
1751 2932 1874 2985 pro-

310 3008 395 3061 lati
430 3017 581 3072 sunt;
613 3010 701 3077 qui
730 3010 865 3062 sicut
893 3026 1031 3064 nunc
1063 3025 1156 3078 per
1183 3020 1405 3077 utraque
1428 3009 1769 3061 Testamenta
1798 3009 1877 3062 in-

306 3108 592 3167 crepantur
617 3101 851 3167 assidue,
882 3101 952 3155 ita
984 3101 1177 3155 residui
1211 3100 1263 3154 in
1296 3099 1476 3155 Stcculi
1505 3099 1609 3155 line
1634 3100 1874 3154 salvaudi

304 3200 451 3245 sunt.

575 3303 948 3395 ‘EXPOSITIO
994 3306 1063 3361 IN
1102 3306 1426 3363 PSALMUM
1466 3305 1592 3362 LIII.

305 3417 366 3472 In
394 3420 579 3488 ﬁnem,
610 3421 661 3472 in
692 3421 999 3474 carminibus
1028 3421 1306 3474 intellectus
1337 3419 1530 3487 Dau’d,
1572 3437 1684 3473 cum
1726 3436 1875 3473 vene-

369 3502 498 3543 runt
524 3489 741 3551 Ziphazi.
768 3500 813 3543 et
834 3492 1070 3544 dixerunt
1098 3492 1164 3543 ad
1189 3490 1318 3545 Saul
1334 3506 1352 3542 :
1377 3490 1561 3545 Nonne
1580 3508 1689 3545 ecce
1708 3491 1877 3545 David

369 3509 498 3543 runt
524 3509 741 3611 Lyram,
768 3509 813 3543 et
834 3509 1070 3544 aixerunt
1098 3509 1129 3543 a

368 3562 558 3612 absron
603 3571 699 3613 itus
728 3571 801 3614 est
828 3563 966 3630 apud
996 3578 1085 3614 nos
1106 3562 1132 3614 Ρ

368 3674 444 3728 In
482 3675 638 3741 ﬁnem
664 3674 931 3729 Christum
970 3675 1253 3745 signiﬁcari
1295 3675 1630 3730 notissimum
1661 3684 1763 3728 cst.
1808 3675 1875 3727 In

301 3767 633 3833 carminibus,
657 3766 707 3820 id
735 3776 816 3820 est
846 3768 895 3820 in
926 3767 1113 3835 psalmi
1146 3768 1425 3836 praesentis
1446 3781 1627 3835 Opere.
1662 3764 1876 3819 Carmen

300 3855 501 3923 quippe
529 3865 639 3921 est,
671 3854 811 3924 quod
844 3857 996 3910 metri
1027 3855 1253 3925 alicujus
1295 3856 1514 3924 pedibus
1554 3857 1870 3924 procedens,

303 3948 517 3998 statutis
558 3946 758 4014 regulis
786 3947 1117 4011 continetur;
1170 3949 1310 4001 sicut
1354 3961 1513 4001 omne
1559 3946 1874 4000 Psalterium

302 4034 353 4088 in
386 4035 612 4089 Hebrma
646 4036 823 4104 lingua
850 4045 1059 4090 constat
1086 4050 1208 4093 esse
1238 4038 1541 4091 formatum.
1575 4035 1717 4091 Istud
1748 4052 1876 4107 ergo

300 4136 519 4178 carmen
554 4124 753 4179 Christi
791 4125 1053 4195 signiﬁcat
1098 4128 1303 4184 laudes.
1358 4125 1653 4183 Intellectus
1698 4139 1873 4183 autem

302 4210 471 4264 David
506 4214 784 4268 Dominum
818 4215 1090 4271 denuntiat
1131 4219 1490 4284 Salvatorem,
1536 4234 1692 4288 quem
1728 4221 1817 4274 ille
1846 4235 1875 4274 a

302 4303 541 4369 pretioue
580 4304 707 4377 [ed.,
739 4306 1040 4378 perspicue]
1086 4302 1662 4380 semper'intelligens,
1710 4311 1877 4364 nimio

304 4394 575 4448 desiderio
624 4397 871 4463 cupiebat
921 4398 1227 4453 salutariter
1276 4399 1545 4454 advenire.
1604 4399 1894 4469 Sequitur,‘

304 4500 421 4534 cum
460 4498 695 4537 venerunt
735 4487 960 4557 Zipluzi,
1007 4499 1055 4541 et
1096 4491 1333 4544 dixerunt
1377 4494 1444 4543 ad
1488 4492 1658 4547 Saul:
1691 4492 1877 4547 Nonne

1978 604 2076 657 bus
2106 622 2286 659 eorum
2320 609 2705 675 proditionibus
2736 611 3097 665 co:ttradatur.

2463 722 2612 790 181
2658 719 2848 775 Divisio
2878 726 3077 791 psalmi.

3603 813 3614 837 ί

2055 833 2095 886 Α
2141 832 2314 887 Saulis
2354 836 2585 899 periculo
2628 838 2881 903 propheta
2924 838 3207 903 liberatus,
3254 854 3345 905 per
3377 846 3544 892 totum
3601 832 3606 855 ‘

1984 923 2244 989 psalmum
2279 923 2498 976 Domino
2525 926 2721 993 gratias
2746 928 2883 995 agit,
2919 929 3035 995 quia
3064 944 3182 981 eum
3210 929 3542 996 Ziphmorum

1981 1031 2084 1065 nou
2119 1014 2283 1081 potuit
2314 1030 2504 1068 nocere
2538 1017 2783 1082 Pl‘lNIItIO.
2833 1018 2883 1069 In
2920 1018 3082 1085 prima
3116 1029 3262 1087 parte
3292 1022 3542 1089 depreca-

1980 1112 2065 1155 tur
2092 1118 2156 1154 ne
2186 1119 2306 1155 eum
2354 1104 2553 1157 inimici
2602 1106 2876 1159 linrtissirni
2924 1122 3146 1174 gravare
3200 1111 3540 1175 przevaleant.

1982 1191 2228 1246 Secundo
2256 1194 2368 1246 IOCt)
2392 1193 2728 1248 adversarios
2759 1210 2883 1248 suos
2912 1195 3172 1263 spirituali
3205 1197 3397 1264 pietate
3424 1213 3545 1264 sup-

1983 1280 2137 1346 plicat
2165 1280 2361 1334 debere
2399 1284 2672 1347 converti;
2725 1283 2863 1351 quod
2906 1299 3121 1337 omnem
3166 1286 3414 1338 convenit
3455 1302 3518 1353 pe

1983 1376 2094 1421 tere
2122 1367 2513 1434 Christianum;
2560 1382 2616 1424 ut
2659 1387 2685 1423 a
2724 1372 3034 1427 ﬂorentibus
3074 1373 3228 1440 hujus
3258 1374 3439 1429 mundi
3468 1375 3543 1428 ita

1981 1459 2171 1513 debeat
2198 1460 2430 1526 liberari,
2461 1470 2719 1530 quatenus
2747 1465 3115 1519 conversionis
3141 1466 3219 1520 eis
3245 1467 3415 1535 gratia
3438 1480 3543 1522 non

1981 1556 2219 1617 negetur.

2511 1664 2775 1731 Expositio
2812 1670 3016 1737 psalmi.

2054 1779 2207 1834 Vers.
2241 1781 2290 1833 I.
2339 1778 2495 1844 Deus,
2524 1781 2576 1832 in
2606 1781 2805 1834 nomine
2837 1790 2922 1833 tuo
2950 1781 3145 1835 salvum
3176 1797 3253 1834 me
3283 1784 3386 1850 fac,
3419 1788 3463 1833 et
3492 1781 3545 1835 in

1909 1879 1956 1939 Β
1983 1871 2161 1923 virtute
2193 1881 2280 1923 tua
2314 1870 2472 1923 libera
2501 1886 2596 1923 me.
2652 1870 2841 1940 Figura
2885 1871 3115 1935 hirmos,
3158 1870 3210 1923 id
3242 1881 3323 1924 est
3351 1885 3545 1925 conve-

1985 1960 2211 2027 nientia,
2262 1976 2379 2031 qua:
2430 1963 2488 2015 ﬁt
2532 1962 2742 2030 quando
2790 1964 2957 2017 series
3002 1962 3258 2016 orationis
3306 1971 3545 2017 tenorem

1982 2068 2133 2106 suum
2166 2052 2434 2127 usquead
2476 2053 2715 2107 ultimum
2744 2063 2949 2116 servat,
2998 2061 3160 2106 totam
3193 2052 3329 2105 hanc
3358 2051 3546 2119 psalmi

1982 2154 2183 2211 partem
2212 2144 2545 2212 cognoscitur
2572 2146 2832 2198 obtinere.
2874 2143 3002 2197 Orat
3032 2144 3171 2197 enim
3203 2145 3454 2211 propheta
3489 2152 3546 2195 ut

1980 2235 2032 2286 in
2063 2235 2263 2287 nomine
2291 2234 2495 2288 Domini
2535 2235 2828 2290 Salvatoris
2866 2250 2891 2286 a
2926 2234 3356 2303 persequentium
3388 2234 3543 2286 mali-

1981 2327 2177 2395 gnitate
2207 2326 2480 2380 liberetur.
2535 2327 2683 2381 Multi
2720 2326 2858 2381 enim
2900 2326 2953 2380 in
2997 2325 3097 2379 hoc
3129 2324 3325 2378 mundo
3352 2325 3543 2378 salvari

1981 2418 2079 2471 sibi
2107 2417 2352 2472 videntur
2378 2419 2440 2471 ad
2468 2433 2730 2487 praesens,
2754 2419 2844 2471 sed
2875 2434 2977 2471 non
3002 2421 3053 2470 in
3082 2420 3281 2469 nomine
3305 2416 3540 2479 Domini;

1982 2518 2037 2563 ut
2066 2512 2108 2563 si
2137 2510 2253 2580 quis
2282 2510 2601 2578 philacteriis
2628 2511 2707 2565 vel
2738 2511 3095 2564 incantatione
3125 2509 3379 2578 sacrilega
3410 2523 3546 2576 pra:-

1980 2600 2219 2652 seutibus
2240 2599 2638 2668 a'gritudinibus
2656 2600 2924 2655 nonnullis
2943 2610 3196 2669 appareat
3211 2601 3537 2663 sublevatus;

1980 2698 2032 2743 et
2071 2699 2125 2742 ut
2164 2690 2207 2742 si
2238 2690 2354 2758 quis
2381 2700 2629 2759 corrupto
2655 2691 2834 2759 judice
2863 2692 3207 2759 pecuniarum
3243 2690 3469 2744 molibus
3507 2706 3535 2743 a

1980 2781 2213 2834 facinore
2259 2781 2545 2835 commisso
2576 2782 2851 2836 liberetur.
2903 2782 3006 2835 Iste
3044 2797 3172 2835 vero
3217 2782 3362 2834 illam
3408 2782 3538 2848 petit

1981 2870 2081 2924 sibi
2113 2870 2270 2923 tribui
2300 2871 2636 2938 sospitatem,
2680 2888 2797 2941 qua:
2825 2874 2970 2926 venit
2996 2887 3023 2925 a
3056 2873 3310 2935 Domino;
3358 2883 3411 2925 ut
3453 2874 3537 2925 hic

1981 2963 2168 3031 utique
2194 2962 2296 3017 ﬁde
2326 2964 2683 3017 sincerissima
2734 2977 3115 3032 perseverans,
3164 2977 3194 3015 a
3244 2962 3540 3031 pestilentia

1980 3056 2163 3109 mundi
2204 3056 2355 3110 istius
2383 3070 2635 3111 concessa
2664 3058 2855 3109 mentis
2887 3056 3245 3109 incolumitate
3285 3054 3539 3107 salvetur.

1980 3143 2249 3213 Sequitur,
2280 3156 2327 3199 et
2355 3147 2407 3198 in
2436 3147 2615 3199 virtute
2641 3156 2727 3199 tua
2754 3146 2911 3200 libera
2947 3162 3047 3199 me.
3096 3146 3350 3213 Superius
3392 3144 3543 3212 petiit

1900 3237 1945 3298 (ζ
1980 3247 2035 3289 ιιι
2063 3237 2113 3290 in
2146 3236 2244 3291 hoc
2274 3238 2469 3292 szeculo
2517 3237 2567 3291 in
2614 3238 2827 3290 nomine
2871 3236 3077 3290 Domini
3106 3245 3339 3289 sumeret
3369 3234 3537 3288 medi-

1980 3330 2185 3393 cinam;
2231 3344 2370 3382 nunc
2398 3338 2570 3383 autem
2602 3337 2749 3398 rogat
2789 3339 2844 3381 ut
2891 3327 2943 3381 in
2985 3327 3186 3395 judicio
3218 3327 3392 3379 l‘uturo
3424 3326 3539 3393 ejus

1978 3420 2155 3473 virtute
2183 3419 2438 3472 liberetur.
2471 3418 2599 3471 Nam
2630 3419 2765 3471 sicut
2796 3416 2881 3471 hic
2906 3418 3005 3471 sub
3034 3415 3390 3469 imbecillitate
3416 3428 3537 3467 cor-

1979 3509 2123 3578 poris
2149 3510 2323 3573 venit,
2370 3510 2441 3562 ita
2472 3510 2540 3563 ibi
2582 3508 2635 3561 in
2667 3507 2959 3577 majestatis
2989 3522 3098 3561 suae
3126 3507 3410 3560 virtutibus
3440 3520 3532 3571 ap-

1979 3600 2201 3668 parebit.
2234 3599 2321 3652 Sic
2352 3599 2402 3651 in
2434 3614 2538 3652 uno
2567 3613 2720 3653 versu
2753 3598 2869 3651 haec
2896 3598 3023 3665 duo,
3055 3612 3171 3666 quia
3200 3605 3325 3651 sunt
3353 3610 3379 3647 a
3412 3595 3545 3648 reli-

1977 3691 2139 3760 giosis
2181 3690 2540 3759 principaliter
2566 3690 2881 3763 expetenda,
2917 3691 3180 3759 completa
3219 3700 3361 3744 sunt.
3391 3690 3541 3756 Quod

1977 3783 2165 3835 merito
2214 3782 2573 3851 unusquisque
2627 3781 2828 3849 ﬁdelis,
2888 3781 3081 3836 merito
3132 3780 3261 3835 dicit
3316 3781 3540 3850 populus

1978 3873 2332 3928 Christianus.

2051 3962 2199 4017 Vers.
2230 3965 2284 4014 2.
2328 3960 2494 4025 Deus,
2544 3962 2729 4015 exaudi
2770 3961 3051 4015 orationem
3098 3976 3293 4024 meam;
3339 3961 3546 4012 auribus

1976 4056 2174 4127 percipe
2202 4054 2346 4108 verba
2380 4054 2479 4107 021's
2509 4056 2626 4107 mei.
2659 4055 2868 4122 Repetit
2907 4055 3098 4108 iterum
3134 4068 3327 4107 nomen
3363 4052 3541 4106 Omni-

1978 4146 2234 4215 p0tentis;
2286 4155 2342 4197 ut
2387 4158 2506 4215 cum
2538 4144 2842 4210 frequenter
2874 4143 3012 4195 Deus
3058 4143 3386 4208 imploratur,
3437 4158 3542 4194 non

1976 4234 2214 4288 tardetur
2241 4234 2514 4287 auxilium.
2549 4232 2654 4287 Sed
2677 4233 2798 4300 quia
2830 4240 3039 4301 poterat
3070 4231 3323 4286 exaudire
3348 4234 3549 4285 oratio-

1978 4341 2098 4379 nem
2130 4335 2183 4379 et
2212 4325 2455 4389 tacitam,
2506 4323 2743 4393 addidit,
2788 4324 2996 4376 auribus
3040 4324 3237 4394 percipe
3266 4326 3412 4377 verba
3442 4328 3545 4375 oris

1978 4418 2105 4480 mei;
2136 4427 2189 4469 ut
2214 4414 2323 4484 jam
2356 4429 2460 4469 non
2493 4416 2662 4469 solum
2696 4415 2871 4469 cordis
2903 4415 3235 4478 instinctum,
3258 4415 3350 4468 sed
3384 4415 3543 4468 etiam

1980 4508 2123 4561 vocis
2144 4506 2419 4560 exaudiret
2442 4504 2652 4558 allatum
2678 4504 2804 4575 [ed.,
2830 4503 3117 4573 allectum].
3152 4505 3433 4574 lnsigniter
3456 4519 3549 4555 au-

301 4594 418 4630 ecce
464 4578 631 4631 David
676 4581 998 4635 absconditus
1045 4592 1118 4636 est
1166 4584 1303 4654 apud
1349 4586 1481 4637 nos?
1536 4586 1630 4639 llic
1680 4586 1870 4639 iterum
1902 4600 1955 4659 ῃ
1980 4609 2084 4653 ιοιη
2110 4599 2336 4665 positum
2363 4608 2462 4662 est,
2489 4598 2690 4665 percipe
2713 4611 2732 4649 :
2762 4598 2884 4662 quia
2917 4596 3000 4648 illa
3032 4595 3243 4662 proprie
3275 4595 3547 4663 percipere

304 4673 519 4724 historia
552 4672 752 4740 Regum
780 4675 1133 4729 introducitur
1164 4675 1218 4743 (I
1249 4675 1379 4745 Reg.
1413 4692 1568 4741 xxut,
1598 4677 1717 4745 19);
1753 4692 1871 4731 nam

302 4759 484 4828 Zzphei
511 4777 542 4814 a
568 4764 684 4815 vico
704 4763 895 4833 Syriae,
921 4765 971 4817 in
994 4781 1099 4835 quo
1128 4766 1394 4821 habitabat
1419 4767 1571 4835 Ziph,
1598 4768 1722 4821 dicti
1751 4777 1876 4821 sunt

302 4852 522 4920 Zipha-i.
578 4854 678 4921 Qui
706 4856 979 4912 venientes
1025 4858 1089 4912 ad
1136 4858 1281 4925 Saul,
1330 4861 1676 4926 prodiderunt
1708 4859 1871 4912 David

305 4964 331 4992 a
341 4946 439 5009 pud
460 4960 518 4999 se
537 4961 660 4999 esse
681 4947 929 5000 celatum.
963 4948 1065 5002 Sed
1085 4958 1362 5003 exerentes
1384 4950 1485 5021 [ert
1500 4991 1514 5012 ,
1536 4948 1873 5020 exercentes]
1918 4982 1929 4991 κ

306 5034 560 5087 malitiam
584 5051 753 5101 suam,
776 5046 958 5091 sancto
976 5039 1090 5091 viro
1112 5038 1330 5093 minime
1354 5055 1546 5094 nocere
1570 5048 1873 5107 potuerunt.

302 5123 455 5179 Nunc
486 5127 760 5181 videamus
781 5144 910 5197 quos
941 5133 1159 5198 populos
1188 5133 1399 5185 nomina
1425 5134 1523 5187 ista
1548 5132 1872 5201 signiﬁcent,

304 5225 366 5269 ut
399 5232 729 5295 sacramenta
775 5222 929 5289 hujus
972 5223 1156 5290 psalmi
1185 5223 1483 5277 evidentius
1516 5224 1871 5279 innotescant.

305 5306 501 5379 Ζίρινωὲ
528 5313 827 5379 signiﬁcant
857 5313 1125 5377 ﬂorentes,
1151 5314 1288 5376 quod
1315 5315 1366 5367 in
1393 5314 1496 5368 isto
1524 5316 1722 5367 mundo
1749 5328 1873 5382 pec-

304 5402 574 5455 caloribus
612 5402 794 5456 datum
833 5412 932 5457 est.
981 5403 1144 5456 David
1182 5412 1356 5457 autem
1398 5404 1615 5473 ﬁguram
1654 5406 1876 5472 gerebat

310 5494 517 5549 Doruini
570 5497 897 5561 Salvatoris,
956 5514 1049 5563 per
1091 5513 1246 5567 quem
1300 5496 1600 5551 declaratur
1648 5496 1875 5564 populus

305 5586 661 5640 Lhristianus.
698 5587 751 5640 In
780 5567 878 5642 hac
903 5602 1030 5657 ergo
1055 5588 1399 5641 similitudine
1419 5586 1672 5641 decenter
1698 5586 1877 5653 expri-

308 5687 489 5744 lltllltr,
516 5680 601 5732 hic
626 5679 854 5748 perﬁdos
880 5694 998 5733 esse
1021 5680 1266 5735 llorentes
1287 5694 1350 5733 ac
1375 5679 1588 5741 liberos,
1613 5689 1665 5732 et
1695 5678 1877 5733 ﬁdeles

308 5768 647 5826 absconditos
678 5782 833 5841 atque
858 5772 1155 5829 conclusos.
1202 5773 1351 5831 Unde
1382 5788 1521 5826 nunc
1549 5772 1806 5841 propheta
1839 5788 1868 5825 a

1982 4690 2225 4751 dicimur,
2255 4703 2374 4756 qua:
2406 4687 2597 4740 mentis
2625 4701 2820 4739 arcano
2852 4684 3209 4737 recondimus.

2050 4777 2201 4831 Vers.
2223 4778 2275 4829 '5.
2306 4777 2553 4839 Quoniam
2576 4776 2728 4826 alieni
2757 4777 3135 4827 insurrexerunt
3161 4772 3425 4825 adversum
3450 4788 3543 4831 me,

1978 4878 2025 4922 et
2056 4870 2208 4937 fortes
2237 4868 2541 4933 qua'sierunt
2570 4866 2792 4916 animam
2818 4878 3011 4927 meam;
3043 4879 3142 4915 non
3171 4866 3545 4931 pioposucrunt

1985 4957 2149 5010 Deum
2175 4966 2290 5009 ante
2318 4964 2637 5024 conspectum
2675 4969 2840 5007 suum.
2890 4951 3064 5005 Causa
3107 4964 3246 5003 nunc
3285 4946 3549 5015 praedicta:

1983 5047 2236 5101 orationis
2266 5045 2567 5113 exponitur.
2619 5042 2723 5096 Sed
2755 5056 2873 5095 cum
2904 5038 3105 5107 Ζῆς)ὴωὶ
3144 5040 3210 5091 de
3247 5038 3383 5090 tribu
3412 5035 3548 5088 Juda

1982 5137 2146 5190 fuisse
2176 5142 2462 5189 noscantur
2483 5132 2645 5203 (unde
2676 5141 2730 5185 et
2759 5132 3017 5199 propheta
3046 5126 3207 5182 traxit
3237 5126 3542 5193 origineml,

1982 5242 2147 5296 quare
2173 5225 2367 5279 alienos
2397 5223 2527 5277 dixit
2554 5222 2811 5275 adversus
2837 5234 2894 5273 se
2924 5218 3257 5271 insurrexisse
3277 5217 3302 5269 .7
3349 5214 3545 5267 Verum

1983 5318 2067 5372 hic
2093 5320 2282 5371 alienos
2315 5331 2419 5370 non
2448 5316 2557 5368 vult
2587 5313 2849 5382 peregrini
2889 5311 3097 5380 generis
3125 5310 3267 5361 viros
3299 5304 3543 5373 intelligi,

1980 5409 2074 5463 sed
2112 5408 2363 5475 operibus
2410 5420 2440 5458 a
2490 5404 2715 5458 Domino
2762 5402 2927 5456 factos
2970 5408 3270 5454 extraneos.
3328 5395 3539 5455 Merito,

1978 5500 2097 5569 quia
2128 5499 2249 5552 dum
2292 5496 2359 5551 ab
2399 5497 2504 5550 illis
2547 5495 2799 5547 auxilium
2842 5490 3165 5545 delensionis
3211 5486 3539 5556 quassiverit,

1978 5590 2113 5659 apud
2145 5590 2286 5656 ipsos
2314 5590 2481 5657 magis
2512 5587 2731 5639 insidias
2761 5584 3075 5653 proditionis
3104 5582 3323 5635 invenit.
3362 5578 3541 5633 Fortes

1979 5681 2122 5735 enim
2152 5679 2364 5733 Saulem
2393 5679 2505 5732 vult
2552 5677 2774 5745 intelligi
2823 5691 2943 5730 cum
2989 5674 3268 5738 ministris,
3303 5690 3458 5742 quem
3492 5682 3544 5725 et

1980 5768 2210 5839 potentia
2242 5768 2434 5837 regalis
2462 5765 2733 5835 erigebat,
2778 5772 2831 5817 et
2861 5765 2992 5819 livor
3018 5764 3216 5820 insana:
3243 5762 3435 5819 mentis
3465 5776 3545 5814 ar-
