3956 6178
398 379 494 402 ’ΞΡῨ

397 382 500 428 3Ῡῦ
1601 384 1670 436 Μ.
1718 383 1965 439 AURELl

2075 382 2434 439 LASSIODORI

3535 384 3638 437 5ῗῶ

396 497 593 547 mabat.
644 495 911 563 Sequitur,
955 513 1053 547 nan
1097 503 1462 564 preposuerunt
1494 495 1659 549 Deum
1689 507 1807 548 ante
1844 513 1964 548 ron-
1993 503 2040 557 Α
2069 499 2309 560 quoniam
2339 499 2522 550 bonum
2545 507 2649 563 est;
2684 498 2826 553 illum
2857 498 2995 553 enim
3018 497 3152 552 velle
3179 497 3414 559 laudare,
3442 497 3638 552 ina-sti-

395 595 614 652 spertum
644 601 809 637 suum.
866 585 953 637 Ille
1004 587 1238 654 proponit
1271 584 1434 638 Deum
1482 595 1599 638 ante
1645 599 1966 654 conspectum

395 691 563 735 suum,
595 675 678 740 qui
711 673 878 726 CI‘t'dll
906 690 1025 726 eum
1060 674 1252 742 ubique
1279 691 1397 730 esse
1433 685 1774 741 pra-sentem,
1807 686 1861 729 et
1895 677 1969 728 fa-

396 765 497 818 cile
515 779 801 832 agnoscere
819 780 936 831 ίιιιω
955 765 1197 818 voluntas
1217 767 1398 818 nititur
1420 767 1647 819 humana
1672 768 1961 836 complere.

399 853 594 906 l‘erditi
626 863 800 907 autem
833 855 950 928 ideo
977 870 1080 906 non
1112 865 1400 920 proponunt
1437 857 1595 907 Deum
1636 865 1757 910 ante
1783 859 1970 912 oculos

397 959 557 1006 suos,
604 945 725 1013 quia
778 946 1025 1014 ignorare
1075 946 1221 999 illum
1271 946 1494 1002 credunt
1541 963 1658 1016 qure
1708 948 1966 1002 scelerata

397 1047 575 1090 mente
604 1036 928 1106 concipiunt.
983 1037 1102 1090 llatc
1133 1047 1215 1091 est
1247 1039 1326 1106 pia
1357 1040 1528 1115 oratio
1555 1054 1712 1108 quam
1752 1041 1968 1094 deside-

397 1133 547 1184 rabat
575 1132 784 1196 audiri,
829 1147 895 1184 ne
937 1131 1009 1185 illi
1053 1133 1488 1198 permitterentur
1518 1148 1640 1186 suas
1669 1133 1968 1189 voluntates

398 1223 627 1282 efficere.
659 1237 790 1290 quos
821 1222 1101 1276 constabat
1128 1222 1297 1277 Deum
1330 1231 1453 1277 ante
1481 1223 1667 1277 oculos
1708 1238 1836 1276 suos
1861 1239 1967 1276 non

399 1313 616 1368 habere.

471 1405 622 1459 V'ers.
657 1406 708 1459 4.
752 1404 881 1459 Ecce
909 1407 1042 1460 enim
1073 1404 1209 1459 Deus
1246 1406 1461 1475 adjuvat
1493 1423 1600 1470 me,
1645 1416 1690 1458 et
1722 1405 1970 1460 Dominus

398 1507 658 1563 susceptor
680 1507 754 1550 est
777 1499 960 1550 animm
986 1514 1127 1550 mete.
1163 1498 1311 1550 Venit
1335 1497 1398 1550 ad
1426 1498 1708 1550 secundam
1739 1508 1968 1565 partem,

399 1587 484 1639 ubi
519 1597 633 1655 post
663 1588 918 1641 orationis
964 1588 1362 1642 devotissimam
1412 1590 1773 1654 sanctitatem,
1822 1591 1970 1641 auxi-

397 1680 526 1732 lium
558 1681 654 1732 sibi
695 1680 900 1733 llomini
941 1679 1199 1747 spirituali
1232 1679 1648 1748 prazsumptione
1682 1681 1964 1746 promittit.

402 1769 660 1838 Adjuivat,
709 1769 884 1834 dixit,
942 1770 1120 1838 utique
1170 1770 1542 1835 laborantem;
1603 1781 1659 1823 ut
1714 1774 1971 1839 potuisset

2073 587 2265 641 mabile
2294 587 2487 640 bonum
2516 596 2619 655 est,
2667 588 2806 641 unde
2839 597 2892 641 et
2921 603 3069 641 mens
3097 596 3277 642 sancta
3305 588 3560 654 reficitur,
3588 599 3638 641 et

2072 677 2254 730 mundi
2286 679 2437 730 istius
2465 677 2759 732 adversitas
2786 677 3068 745 effugatur.

2143 768 2295 825 Vers.
2318 769 2368 820 7.
2409 767 2659 834 Quoniam
2686 785 2750 820 ea:
2771 769 2908 821 omni
2932 765 3257 821 tribulatione
3286 765 3520 828 eripuisti
3542 769 3654 830 me,‘

2069 867 2113 911 et
2143 874 2296 924 super
2326 859 2554 910 inimicos
2597 873 2730 910 meos
2759 863 2974 924 resperit
3021 860 3195 910 oculus
3241 868 3357 910 tuus
3393 858 3511 928 [ms.
3549 858 3637 916 Α..

2070 945 2264 1017 meus].
2315 948 2460 1002 Sicut
2498 948 2550 1000 iu
2595 948 2760 1015 prima
2797 959 2944 1014 parte
2971 947 3021 1000 in
3053 947 3159 1000 line
3189 945 3417 1000 reddidit
3448 962 3640 998 causas

2069 1039 2344 1103 orationis,
2367 1040 2434 1090 ita
2460 1053 2598 1091 nunc
2622 1037 2832 1106 subjicit
2855 1039 3114 1090 rationem
3133 1038 3481 1090 confessionis
3505 1051 3638 1099 soa';

2071 1141 2127 1184 ut
2151 1133 2314 1201 182
2339 1131 2579 1200 quamvis
2608 1130 2696 1184 ille
2723 1130 3020 1184 voluntarie
3049 1130 3380 1184 sacrificasse
3414 1128 3642 1181 Domino

2069 1222 2360 1286 videretur,
2413 1221 2549 1276 Deus
2593 1228 2774 1274 tamen
2822 1229 3157 1276 concesserat
3201 1235 3318 1289 quae
3363 1219 3640 1289 profutura

2069 1313 2330 1382 cognovit.
2386 1310 2468 1365 Ea:
2498 1312 2728 1364 omnibus
2763 1313 2961 1381 quippe
3002 1311 3410 1366 tribulationibus
3442 1311 3641 1364 virtute

2071 1402 2281 1456 Domini
2314 1387 2572 1472 prepheta
2601 1416 2660 1457 se
2683 1409 2906 1457 testatur
2924 1412 3186 1471 ereptum;
3217 1404 3355 1472 quod
3382 1403 3565 1472 utique
3589 1403 3642 1456 in

2074 1496 2398 1549 mundoisto
2425 1495 2666 1549 accidere
2696 1511 2800 1548 non
2827 1504 3035 1564 potest,
3067 1495 3167 1549 nisi
3196 1495 3273 1549 eis
3302 1497 3388 1564 qui
3432 1495 3484 1548 in
3530 1496 3640 1548 Do-

2072 1586 2200 1639 mini
2231 1587 2512 1639 dilectiOne
2541 1586 2846 1654 persistunt.
2876 1585 3042 1655 Super
3063 1585 3291 1637 inimicos
3319 1595 3492 1638 autem
3523 1585 3643 1652 ejus

2073 1676 2315 1743 Ziplueos
2344 1677 2561 1745 respexit
2591 1677 2765 1729 oculus
2798 1677 3036 1742 Domini,
3069 1675 3280 1746 quando
3309 1690 3402 1730 eos
3435 1675 3642 1742 Cogita-

2075 1767 2248 1822 tiones
2273 1771 2500 1823 nefarias
2529 1768 2746 1822 minime
2773 1768 3042 1837 complere
3070 1768 3328 1838 permisit.
3364 1767 3642 1836 Frequen-

395 1856 540 1912 l'erre
581 1873 698 1926 qua:
737 1874 898 1926 supra
931 1873 1051 1913 eum
1098 1859 1403 1913 nitebantur
1433 1859 1579 1928 impii
1621 1875 1964 1930 congregare.
2001 1857 2048 1913 B
2076 1869 2155 1913 ter
2191 1861 2330 1913 enim
2374 1859 2631 1928 pr0pitius
2679 1860 2817 1913 Deus
2862 1860 3042 1929 iniqua
3087 1873 3183 1913 nos
3231 1875 3334 1913 non
3387 1861 3641 1926 permittit

397 1947 648 2016 Sequitur
680 1948 836 2002 etiam
875 1949 1013 2017 quod
1047 1949 1115 2002 sit
1143 1949 1284 2006 istud
1317 1949 1674 2017 adjutorium;
1706 1949 1758 2004 id
1790 1961 1891 2016 est,
1923 1963 1969 2005 et

395 2035 647 2092 Dominus
667 2075 680 2088 .
700 2048 949 2105 ‘usceptor
979 2048 1050 2091 est
1079 2040 1264 2091 anima:
1293 2054 1435 2092 meae.
1485 2039 1652 2104 Quem
1686 2039 1777 2093 ille
1805 2043 1970 2094 susci-

399 2131 504 2196 pit,
553 2145 659 2182 nou
701 2132 870 2183 solum
914 2131 965 2184 in
1008 2130 1281 2184 laboribus
1320 2130 1564 2200 adjuvat,
1607 2131 1700 2185 sed
1743 2133 1900 2186 etiam
1941 2148 1970 2186 a

401 2203 630 2289 peccatis
685 2223 933 2276 omnibus
989 2222 1272 2277 miseratus
1324 2223 1571 2278 absolvit.
1639 2223 1707 2276 Et
1765 2225 1970 2281 intuere

397 2314 518 2380 quia
550 2312 710 2378 dicit,
744 2313 927 2366 auiam:
953 2329 1113 2378 mete;
1145 2324 1221 2378 ut,
1253 2314 1348 2367 etsi
1380 2329 1575 2383 corpus
1604 2316 1851 2384 periculis
1879 2333 1972 2370 ex-

399 2403 635 2469 poiiitur,
685 2407 874 2457 animae
904 2412 1080 2458 tamen
1120 2403 1261 2457 salus
1294 2403 1454 2457 illaesa
1487 2415 1747 2458 servetur.
1803 2407 1969 2476 lpsam

401 2494 599 2561 quippe
644 2494 788 2548 novit
831 2495 882 2547 in
933 2496 1131 2547 sanctis
1177 2497 1286 2548 suis
1332 2482 1969 2565 specialiter'custodire,

402 2599 495 2650 per
525 2599 681 2651 quam
717 2585 765 2637 iu
805 2583 1007 2654 judicio
1038 2585 1274 2639 creditur
1301 2585 1570 2639 hominem
1603 2588 1744 2655 larga
1778 2589 1972 2656 pietate

401 2687 680 2729 Coronare.

472 2765 625 2820 Vers.
657 2767 707 2819 5.
751 2768 928 2821 Aperte
954 2769 1086 2819 mala
1116 2768 1336 2820 inimicis
1367 2770 1489 2820 imis
1513 2785 1532 2822 :
1568 2771 1616 2821 in
1652 2772 1857 2822 veritate
1885 2782 1970 2823 tua

402 2853 637 2922 disperde
663 2856 796 2907 illos.
837 2856 966 2909 Cum
998 2873 1055 2910 se
1086 2860 1302 2911 miserat
1326 2875 1427 2913 one
1460 2859 1666 2914 Domini
1698 2863 1762 2914 ab
1792 2863 1970 2915 inimi-

400 2958 584 2999 corum
619 2949 984 3013 persecutione
1017 2949 1267 3016 propheta
1293 2964 1636 3018 cognosceret
1663 2953 1824 3007 fuisse
1846 2953 1974 3007 libe-

309 3107 312 3111 ι
401 3050 594 3103 ratum,
614 3039 746 3095 hanc
767 3040 987 3094 hostiam
1009 3041 1160 3094 banti:
1180 3042 1464 3096 voluntatis
1484 3044 1735 3111 probatur
1751 3044 1968 3109 offerre;

401 3139 458 3183 ut
506 3147 599 3196 pro
645 3131 872 3185 iuiniiris
919 3134 1029 3184 suis
1078 3132 1276 3184 nitatur
1303 3147 1424 3184 omn
1451 3133 1620 3186 modis
1649 3134 1967 3202 supplicare,

401 3221 538 3288 quod
571 3221 742 3272 divina
777 3221 944 3289 pietas
975 3223 1250 3275 Consuevit
1280 3223 1505 3276 libenter
1534 3225 1798 3292 accipere.
1845 3228 1972 3279 Orat
1999 3217 2046 3280 C

401 3326 529 3379 ergo
560 3321 613 3362 ut
654 3313 792 3363 mala
824 3313 1067 3364 voluntas
1112 3322 1452 3366 removeatur
1481 3315 1545 3367 ab
1578 3316 1802 3368 inimicis
1832 3317 1967 3382 ejus,

403 3402 542 3453 unde
571 3416 661 3453 eos
694 3412 913 3454 noverat
942 3403 1313 3471 ingravandos.
1347 3405 1594 3472 Sequitur
1623 3406 1983 3469 enim,int'eri-

403 3505 503 3546 tate
529 3505 613 3546 tua
642 3496 875 3562 disperde
897 3496 1030 3548 illos.
1065 3497 1182 3549 Mali
1205 3512 1323 3549 cum
1347 3499 1409 3550 ad
1437 3499 1708 3551 veritatem
1734 3501 1968 3563 veniunt,

403 3600 432 3637 a
478 3586 695 3652 pristina
740 3588 1029 3638 intentione
1073 3588 1412 3656 dispereunt;
1465 3598 1518 3642 et
1566 3589 1664 3642 nisi
1711 3590 1898 3655 aliquis
1941 3605 1969 3642 a

405 3675 675 3741 proposito
725 3677 1011 3744 iniquilazis
1064 3677 1411 3740 dicesserit,
1481 3679 1653 3732 locum
1710 3680 1758 3732 in
1819 3680 1972 3732 bouis

402 3767 602 3817 actibus
643 3782 744 3819 non
794 3766 1026 3820 hab-bit.
1095 3769 1402 3837 DiSpereant
1444 3785 1572 3839 ergo
1619 3770 1853 3834 Zipbmi,
1905 3787 1970 3825 nc

403 3855 625 3920 prodant
663 3857 932 3909 celatum:
984 3858 1249 3926 dispereat
1288 3858 1446 3923 Saul,
1504 3875 1570 3913 ne
1625 3874 1970 3929 persequatur

402 3946 700 4004 innoxium.

476 4037 623 4092 Vers.
655 4039 707 4092 6.
760 4039 1062 4092 Voluntaria
1101 4041 1398 4110 sacriﬁcabo
1443 4043 1563 4109 tibi,
1610 4052 1654 4096 et
1696 4045 1970 4112 conﬁtebor

399 4130 589 4182 nomini
629 4140 747 4196 tuo,
781 4130 1023 4197 Domine,
1057 4135 1292 4199 quoniam
1323 4135 1507 4188 bonum
1537 4145 1627 4188 est.
1673 4135 1969 4190 Voluntarie

399 4222 648 4288 sacriﬁcat
679 4223 918 4284 Domine,
945 4225 1032 4292 qui
1059 4241 1151 4291 pro
1173 4225 1400 4278 inimicis
1428 4226 1540 4280 suis
1562 4228 1732 4280 studio
1759 4229 1968 4296 pietatis

397 4321 602 4365 exorat.
647 4312 773 4364 Nam
804 4312 892 4381 qui
926 4314 1054 4381 petit
1086 4314 1420 4368 inimicorum
1452 4317 1756 4380 vindictam,
1791 4319 1878 4386 qui
1910 4334 1968 4373 se

399 4401 577 4454 ulcisci
603 4402 868 4456 desiderat
892 4403 1283 4457 calamitatibus
1304 4405 1513 4467 alienis,
1539 4408 1619 4460 vel
1642 4409 1728 4475 qui
1755 4418 1968 4476 prepter

394 4493 496 4545 alia
529 4493 707 4546 mundi
736 4493 998 4548 desideria
1027 4496 1320 4563 supplicat,
1341 4483 1633 4551 [voluntarie
1673 4515 1777 4554 non
1803 4503 1965 4555 sacri-

2072 1950 2318 2014 elticere;
2370 1960 2425 2002 ut
2469 1950 2773 2018 compuncti
2801 1949 3092 2004 debeamus
3137 1949 3204 2004 de
3252 1951 3447 2003 nostris
3486 1965 3642 2003 erro-

2071 2041 2216 2095 ribus
2246 2041 2584 2110 supplicare;
2635 2041 2774 2094 sicut
2807 2046 2892 2095 est
2919 2041 3113 2095 Saulus
3143 2041 3474 2109 prohibitus,
3520 2056 3640 2093 cum

2072 2147 2100 2184 a
2131 2131 2495 2186 sacerdotibus
2543 2130 2608 2184 ad
2658 2129 2968 2185 Damascum
3016 2132 3320 2185 mitteretur
3361 2140 3416 2184 ut
3462 2131 3638 2184 Eccle-

2071 2223 2202 2276 siam
2247 2223 2442 2278 Christi
2493 2223 2784 2276 saevissima
2833 2225 3202 2292 persecutione
3243 2233 3472 2277 vastaret
3503 2223 3641 2293 (Act.

2073 2329 2153 2377 ix,
2184 2312 2257 2382 l).
2313 2313 2498 2382 Magna
2541 2312 2799 2382 siquidem
2848 2313 3194 2380 prosperitate
3243 2329 3347 2367 non
3391 2321 3472 2367 est
3519 2328 3640 2380 per-

2075 2402 2268 2455 missus
2307 2417 2505 2472 agere,
2557 2402 2696 2457 unde
2739 2403 2996 2472 potuisset
3035 2405 3102 2458 ad
3143 2413 3341 2459 aeterna
3383 2405 3642 2474 supplicia

2076 2493 2373 2558 pervenire.

2604 2585 2874 2639 Conclusio
2907 2585 3109 2656 ptolmi.

2145 2693 2467 2763 Supplicatio
2499 2695 2597 2748 ista
2627 2696 2930 2764 prophetica
2949 2738 2963 2760 ,
3005 2703 3060 2749 et
3087 2703 3280 2749 sancta:
3307 2693 3644 2763 deprecatio-

2076 2787 2155 2840 nis
2186 2788 2379 2841 devota
2421 2789 2730 2856 simplicitas
2770 2787 3047 2842 utillimum
3080 2787 3202 2840 vita:
3242 2797 3437 2840 nostra:
3484 2787 3656 2840 tradit.

2075 2881 2413 2946 exemplum;
2467 2892 2520 2934 ut
2565 2881 2774 2950 quando
2804 2897 2831 2934 a
2862 2880 3124 2947 Ziphteis,
3173 2880 3222 2934 id
3264 2890 3345 2933 est
3386 2894 3414 2932 a
3460 2882 3652 2933 mundi

2073 2970 2224 3026 istius
2258 2973 2952 3042 ﬂorentibusiugravamur,
3005 2989 3109 3027 non
3158 2973 3222 3025 ad
3273 2973 3655 3026 contentiones

2076 3063 2372 3119 levissimas
2403 3066 2704 3130 incitcmur,
2736 3067 2827 3122 sed
2854 3069 3152 3122 voluntarie
3184 3067 3409 3121 Domino
3437 3067 3652 3120 sarriti-

2078 3167 2288 3223 cantes,
2335 3159 2448 3226 ejus
2482 3160 2752 3213 beneficiis
2794 3160 2860 3212 ab
2905 3160 3047 3213 omni
3082 3159 3419 3214 tribulatione
3451 3158 3648 3211 libere-

2078 3263 2212 3300 mur.
2263 3247 2655 3302 Contendamus
2683 3250 2759 3302 illi
2791 3251 3070 3304 verissime
3101 3251 3367 3314 contiteri,
3401 3259 3454 3303 ut
3482 3251 3659 3303 etiam

2074 3337 2238 3405 ignari
2262 3353 2288 3390 a
2310 3341 2504 3392 nostris
2525 3340 2871 3409 compedibus
2895 3356 3190 3395 mereamur
3211 3341 3429 3393 absolvi.
3456 3340 3659 3410 Magna

2075 3443 2290 3495 prorsus
2319 3426 2484 3482 forma
2516 3431 2781 3496 petitionis
2809 3446 3058 3501 expressa
3088 3439 3170 3484 est
3198 3447 3210 3493 ;
3245 3440 3321 3494 ut,
3357 3429 3659 3482 imminen-

2076 3518 2216 3572 tibus
2265 3520 2584 3586 quibuslibet
2618 3520 2886 3589 periculis,
2924 3520 3208 3588 tranquillo
3257 3532 3309 3572 et
3356 3518 3661 3574 confidenti

2075 3609 2187 3678 [ωδ.
2219 3611 2279 3673 Α,
2320 3609 2384 3672 F,
2420 3609 2713 3681 conﬁtenti]
2760 3613 2937 3663 animo
2965 3613 3359 3679 supplicemus:
3391 3612 3657 3678 quoniam

2074 3703 2220 3754 novit
2264 3703 2350 3755 ille
2396 3717 2491 3755 nos
2533 3717 2596 3756 ex
2643 3704 2889 3756 omnibus
2936 3704 3364 3757 tribulatitmibus
3407 3704 3656 3771 eripere,

2072 3794 2113 3844 si
2143 3803 2315 3846 tamen
2347 3795 2428 3847 hic
2458 3796 2610 3848 nobis
2639 3795 2879 3864 intelligit
2913 3794 3181 3863 expedire.
3229 3796 3339 3848 Nos
3364 3797 3493 3848 enim
3519 3797 3660 3863 quid

2071 3901 2289 3947 orcnms,
2323 3887 2449 3939 sicut
2481 3896 2704 3953 oportet,
2737 3888 2984 3959 nescimus
3012 3886 3188 3958 (Rom.
3213 3903 3321 3951 νηί,
3363 3888 3474 3956 26),
3506 3906 3657 3956 quos

2070 3987 2122 4027 et
2152 3976 2460 4043 ignorantia:
2491 3977 2769 4031 tenebrosa
2798 3978 3145 4042 circumdant,
3170 3987 3224 4032 et
3245 3979 3397 4032 noxia
3425 3990 3653 4046 peccata

2069 4064 2416 4119 confundunt.

2358 4177 2720 4233 EXPOSITIO
2761 4178 2824 4232 IN
2866 4176 3187 4233 PSALMUM
3225 4177 3358 4232 LIV.

2231 4291 2291 4343 In
2323 4293 2496 4359 ﬁnem,
2530 4293 2581 4344 in
2612 4292 2940 4354 carminibus,
2976 4294 3254 4346 intellectus
3292 4294 3471 4346 David.

2139 4399 2202 4453 In
2233 4403 2383 4468 ﬁnem
2414 4402 2623 4468 quidem
2654 4400 2961 4469 frequenter
2987 4402 3184 4456 dictum
3211 4414 3325 4464 est;
3370 4403 3509 4472 quod
3560 4417 3648 4458 ta-

2069 4509 2185 4547 men
2217 4509 2318 4545 nou
2349 4493 2544 4562 pigebit
2576 4502 2846 4560 repetere,
2898 4497 2939 4547 si
2989 4494 3087 4548 hoc
3127 4504 3180 4547 et
3223 4496 3376 4548 aliter
3407 4501 3652 4563 potuerit

397 4582 514 4646 βοαί
541 4581 764 4637 Domino
789 4599 804 4648 ;
836 4586 956 4652 quia
987 4601 1090 4638 non
1118 4585 1234 4656 ejus
1259 4602 1442 4641 amore
1465 4598 1634 4658 rogat,
1660 4592 1751 4644 sed
1778 4602 1963 4658 poten-
1993 4577 2045 4636 D
2069 4586 2358 4653 explanari.
2396 4585 2534 4638 Bene
2559 4585 2676 4652 linis
2707 4585 2898 4639 dicitur
2919 4586 3181 4649 Christus,
3205 4587 3451 4653 quoniam
3480 4589 3652 4655 quid-

394 4674 517 4726 tiam
551 4673 713 4740 ipsius
745 4690 920 4730 rerum
946 4677 1243 4746 aliquarum
1272 4679 1593 4733 necessitate
1623 4680 1958 4747 deprecatur.

395 4763 700 4832 Sucriﬁcare
739 4777 915 4819 autem
957 4768 1239 4821 voluntarie
1271 4769 1494 4822 Domino
1522 4779 1629 4834 est,
1678 4772 1960 4840 puritatem

390 4854 544 4909 bona:
569 4857 852 4924 voluntatis
873 4858 1100 4922 offerre;
1129 4867 1181 4911 et
1210 4869 1424 4928 propter
1451 4859 1551 4914 hoc
1577 4869 1778 4915 tantum
1812 4863 1958 4916 illum

390 4948 591 5010 Colere,
624 4948 830 5013 timere,
861 4949 942 5002 vel
972 4963 1154 5004 amare
1181 4950 1322 5018 quod
1359 4951 1495 5003 Deus
1525 4960 1627 5018 est,
1649 4951 1789 5020 quod
1813 4966 1960 5006 crea-

388 5049 492 5104 tor,
509 5040 649 5108 quod
673 5056 846 5094 rerum
865 5042 1097 5095 omnium
1116 5043 1230 5109 pius
1250 5042 1501 5111 probatur
1517 5057 1634 5097 esse
1651 5042 1957 5110 dispositor.

389 5129 696 5199 Sacriﬁcant
724 5134 885 5186 etiam
925 5135 1208 5188 voluntarie
1248 5136 1354 5189 Deo
1391 5135 1480 5204 qui
1524 5136 1663 5189 inter
1690 5137 1961 5204 angustias

390 5219 691 5286 passionum
713 5221 910 5290 jugiter
929 5224 1125 5290 gratias
1145 5231 1338 5291 agunt;
1368 5225 1503 5276 sicut
1525 5224 1604 5277 vir
1623 5235 1838 5277 sanctus
1859 5225 1960 5279 Job

387 5310 578 5365 fecisse
603 5321 943 5366 memoratur.
977 5312 1247 5378 Sequitur,
1274 5322 1321 5366 et
1341 5313 1616 5380 conﬁtebor
1637 5314 1829 5365 nomini
1850 5322 1954 5380 tuo,

385 5399 623 5465 Domine,
651 5404 889 5470 quoniam
917 5403 1102 5456 bonum
1127 5414 1217 5455 est.
1249 5403 1496 5472 Congrue
1524 5403 1682 5456 nimis
1707 5402 1771 5455 ad
1801 5416 1958 5471 supe-

386 5491 527 5544 riora
573 5493 873 5559 respondit;
923 5501 982 5545 ut
1025 5492 1080 5547 in
1129 5492 1281 5561 cujus
1319 5493 1514 5546 virtute
1557 5493 1737 5547 salvus
1783 5493 1953 5550 fuerat

386 5579 578 5642 factus,
627 5583 742 5649 ejus
793 5582 992 5636 nomini
1044 5582 1270 5637 hostiam
1318 5583 1670 5638 confessionis
1717 5583 1950 5637 oll'erret.

387 5672 628 5732 conﬁteri
655 5675 793 5727 enim
827 5676 940 5740 hic,
986 5675 1202 5730 laudare
1243 5676 1542 5745 significat;
1587 5675 1704 5744 quia
1738 5675 1952 5728 verbum

389 5762 522 5812 istud
550 5763 706 5824 (sicut
732 5780 873 5832 Stepe
896 5765 1149 5833 diximus)
1176 5766 1549 5837 homonymum
1583 5777 1681 5821 est.
1717 5767 1953 5829 Addidit,

2071 4679 2191 4747 quid
2221 4688 2362 4732 recte
2390 4693 2453 4732 ac
2477 4677 2707 4732 fideliter
2733 4678 2957 4746 agimus,
2988 4677 3051 4730 ad
3085 4680 3252 4745 ipsum
3281 4688 3485 4732 constat
3518 4681 3649 4734 sine

2068 4773 2392 4825 dubitatione
2417 4769 2788 4835 referendum;
2817 4772 2927 4824 sive
2949 4770 3066 4840 quia
3094 4771 3240 4824 venit
3262 4771 3310 4823 in
3336 4779 3645 4837 temporum

2069 4864 2191 4923 fine,
2220 4863 2356 4916 sicut
2376 4863 2662 4928 Apostolus
2690 4862 2812 4916 dicit
2839 4879 2852 4914 :
2881 4861 3163 4914 Novissime
3184 4863 3382 4914 locutus
3401 4873 3471 4913 est
3496 4861 3653 4916 nobis

2061 4957 2118 5008 in
2149 4953 2283 5006 Filio
2313 4953 2499 5021 (Hebr.
2533 4968 2576 5016 ι,
2617 4953 2696 5019 2).
2754 4953 2860 5007 lloc
2911 4953 3070 5006 etiam
3118 4949 3448 5020 signiﬁcabat
3492 4955 3651 5011 quod

2067 5045 2274 5114 Moyses
2299 5043 2469 5097 dixit:
2505 5043 2755 5096 Uccidetis
2798 5057 2987 5111 agnum
3035 5041 3102 5093 ad
3147 5057 3408 5112 vesperam
3437 5041 3645 5110 (Exod.

2067 5149 2172 5200 xu,
2203 5134 2284 5201 6).
2333 5130 2399 5184 In
2437 5133 2768 5197 carminibus,
2800 5132 2853 5184 in
2894 5131 3139 5185 laudibus
3167 5133 3318 5186 dicit.
3371 5133 3651 5187 Admonet

2063 5227 2202 5279 enim
2235 5238 2332 5279 nos
2362 5225 2476 5278 sive
2516 5224 2567 5278 in
2603 5224 2844 5290 triStitia,
2886 5227 2998 5280 sive
3039 5227 3091 5278 in
3132 5225 3326 5294 gaudio
3369 5227 3649 5292 praeconia

2063 5316 2268 5370 Domini
2291 5315 2487 5384 jugiter
2512 5331 2797 5384 personare
2819 5318 2982 5386 (unde
3007 5318 3244 5384 psalmus
3267 5318 3367 5371 iste
3391 5318 3646 5372 dicturus

2059 5407 2160 5474 est)
2215 5422 2309 5460 nec
2356 5408 2422 5461 ab
2469 5406 2586 5475 ejus
2632 5406 2911 5473 aliquando
2956 5406 3112 5462 laude
3155 5408 3446 5462 discedere.
3498 5405 3645 5461 Nam

2067 5504 2282 5563 paterno
2325 5497 2541 5562 allectu,
2574 5497 2783 5566 quando
2821 5497 3070 5564 castigat,
3113 5499 3366 5566 corrigit;
3417 5498 3648 5566 quando

2063 5589 2393 5652 consolatur,
2422 5588 2645 5642 refovet.
2684 5587 2971 5657 Utrumque
2996 5604 3122 5656 ergo
3153 5589 3300 5642 nobis
3333 5591 3560 5656 proficit,
3592 5595 3644 5643 si

2063 5675 2130 5730 de
2153 5691 2246 5730 ore
2272 5689 2454 5730 nostro
2479 5679 2764 5745 gratiarum
2794 5680 2932 5731 actio
2961 5695 3062 5730 nou
3095 5679 3310 5732 recedit.
3345 5681 3601 5746 Sequitur
3628 5699 3641 5732 :

2070 5766 2359 5822 Intellectus
2396 5766 2733 5820 l)avid."lste
2764 5779 2938 5822 certus
2985 5769 3262 5820 intellectus
3312 5781 3388 5822 est
3442 5769 3644 5830 Dutid,
