3956 6178
287 265 379 320 535

1214 262 1567 316 EXl‘USlTlO
1612 260 1671 313 l.\'
1720 259 2170 315 l‘S;\l.Tlilt|UM.
2214 259 2404 314 PSA!”
2452 261 2576 311 HV.

3413 259 3512 313 533

271 393 338 434 .ut
362 378 648 432 secundum
681 391 892 431 carnem
942 390 1061 428 cum
1114 376 1318 429 Patrem
1355 375 1595 427 dicamus
1628 373 1841 425 Domini
1883 378 1922 432 Α
1957 373 2252 439 ῃιυίσαιονὲε,
2286 373 2699 424 subaudiendum
2732 382 2840 435 est,
2891 373 3053 426 libera
3087 389 3205 436 tne;
3258 383 3310 426 ut
3353 377 3515 442 posit

287 467 502 533 tltiristi;
554 467 694 519 sicut
740 467 791 518 ia
839 464 1125 534 Evangelia
1163 479 1338 518 eiecns
1383 464 1681 518 exclamat:
1737 460 1841 514 Fili

291 560 464 622 David,
499 559 733 610 miserere
761 557 856 609 mei
884 556 1033 623 (Luc.
1063 570 1208 622 xvrtt,
1234 555 1347 623 40).
1387 555 1686 609 Secundum
1716 553 1850 606 divi-

292 649 498 700 nitatem
531 660 658 699 vero
702 660 912 699 servum
959 661 1078 698 esse
1117 645 1413 708 fateamur;
1460 646 1596 698 sicut
1636 643 1751 710 ipse
1796 646 1845 694 in

293 736 572 793 centesima
604 750 744 788 IIOIIO
777 736 980 803 psalmo
1001 735 1163 787 dicit:
1190 732 1329 786 Dixit
1356 731 1604 785 Dominus
1629 731 1848 784 Domino

292 844 426 882 meo:
460 827 598 882 Sede
625 843 656 879 a
680 828 871 880 dextris
899 827 1020 878 meis
1049 825 1217 895 (Psal.
1246 840 1358 888 crx,
1390 825 1464 890 1).

854 938 1043 991 Divisio
1081 939 1285 1006 psalmi.

351 1049 455 1102 Per
488 1059 654 1103 totum
683 1051 942 1118 psalmum
974 1048 1177 1102 duobus
1211 1047 1674 1117 diapsalmatibus,
1700 1045 1847 1116 quasi

290 1142 505 1205 gentinis
532 1141 700 1193 oculis
727 1140 978 1193 decenter
1002 1130 1278 1207 appositis,
1305 1141 1463 1193 vi-rba
1492 1150 1612 1192 sunt
1645 1139 1851 1192 Domini

292 1232 574 1285 Salvatoris
604 1245 668 1283 ex
697 1231 864 1282 forma
892 1231 1066 1297 servi,
1104 1246 1258 1299 quam
1291 1231 1493 1302 integra
1528 1232 1852 1301 proprietate

292 1320 602 1384 declarans,
657 1318 966 1371 humilitatis
1020 1317 1171 1370 nobis
1222 1317 1586 1371 saluberrima:
1637 1318 1854 1371 donavit

291 1411 607 1474 exemplum.
663 1409 716 1462 lu
750 1408 918 1478 prima
954 1420 1099 1476 parte
1131 1413 1259 1477 petit
1298 1423 1364 1462 ne
1410 1408 1460 1461 in
1507 1408 1851 1462 tribulatione

294 1503 436 1568 positi
469 1501 797 1570 deSpieiatur
825 1501 991 1554 oratio
1017 1518 1029 1551 :
1075 1499 1368 1567 deprecans
1412 1499 1739 1552 liberationis
1769 1515 1855 1552 ce-

294 1591 584 1654 leritatem,
632 1604 788 1658 quam
840 1605 902 1642 ex
953 1589 1125 1643 carnis
1181 1588 1484 1642 inﬁrmitate
1531 1589 1855 1656 probabatur

292 1688 554 1746 expetere.
608 1679 853 1732 Secundo
883 1678 999 1732 loco
1027 1677 1330 1731 Judtcorum
1359 1677 1558 1730 destrui
1596 1683 1856 1747 snpp‘ieat

293 1770 611 1836 iniquitates,
641 1769 890 1836 quoniam
936 1769 987 1821 in
1039 1770 1252 1821 civitate
1284 1769 1518 1834 ipsorum
1563 1779 1676 1822 erat
1721 1786 1851 1823 eon—

295 1858 529 1910 tzadittio
561 1859 814 1910 veritatis.
859 1856 1041 1910 Tertio
1073 1857 1188 1909 loco
1227 1854 1355 1908 dicit
1403 1871 1520 1924 quae
1576 1857 1856 1910 obstinatis

291 1948 476 2002 ludatis
505 1964 600 2017 pro
625 1950 733 2001 suis
762 1948 1053 2002 sceleribus
1082 1958 1299 2000 noverat
1326 1947 1556 2000 evenire.
1611 1946 1855 2002 Postliatc

200 2075 207 2096 .
293 2039 639 2091 introducitur
670 2038 748 2105 pia
779 2037 1107 2102 consolatio,
1156 2051 1222 2090 ne
1252 2036 1369 2104 quis
1401 2035 1634 2088 ﬁdelium
1667 2035 1846 2090 adita

291 2127 568 2181 severitate
594 2127 794 2181 Judicis
824 2134 1135 2178 tereretur.
1611 2131 1615 2138 '

823 2238 1086 2305 Expositio
1123 2238 1327 2308 psalmi.

353 2353 510 2407 Vers.
542 2355 594 2406 1.
638 2350 874 2415 Exaudi,
925 2350 1096 2412 Deus,
1142 2351 1420 2402 orationem
1467 2366 1658 2412 meum,
1707 2360 1750 2403 et
1796 2365 1858 2402 ne

290 2444 572 2510 despexeris
612 2443 1008 2508 deprecationem
1053 2457 1234 2492 nteant.
1285 2441 1532 2494 Christus
1580 2441 1856 2506 Dominus,
1919 2460 1938 2480 ι

290 2536 366 2602 qui
413 2534 484 2587 ad
533 2547 630 2587 nos
672 2535 815 2584 venit
861 2532 942 2600 pia
977 2531 1212 2585 miserati
1239 2547 1320 2584 me
1364 2531 1685 2595 salvandos,
1735 2532 1856 2584 vita:

293 2627 440 2680 nobis
470 2625 695 2679 fortnam
727 2625 968 2679 tribuens
999 2635 1050 2677 et
1077 2625 1334 2686 salutem,
1366 2640 1428 2677 ex
1459 2624 1858 2693 dispensatione

291 2731 385 2785 qua
412 2729 605 2784 passus
627 2725 728 2781 est,
761 2715 812 2768 in
841 2714 1018 2768 mundi
1051 2713 1532 2781 perturbationibus
1560 2716 1857 2768 voluntarie

291 2818 627 2869 constitutus,
671 2807 838 2874 primo
869 2816 1131 2859 commate
1160 2807 1386 2858 exaudiri
1417 2807 1545 2873 petit
1573 2807 1856 2858 orationem

290 2910 460 2950 suam.
493 2897 694 2950 Deinde
724 2898 946 2965 postulat
981 2912 1045 2950 ne
1071 2895 1187 2964 ejus
1209 2897 1494 2967 deprecatio
1523 2897 1856 2963 despiciutur.

291 2991 392 3043 Sed
428 2990 532 3043 hoc
562 2999 730 3042 totum
769 3003 864 3058 per
895 2988 1023 3042 illud
1055 2989 1267 3053 dicitur,
1317 2988 1461 3056 quod
1510 2989 1668 3041 homo
1718 2988 1860 3041 Deus

1955 466 2106 517 nobis
2127 465 2412 516 secundum
2437 465 2799 516 auctoritatem
2823 463 3096 517 Hebr-team
3118 479 3362 517 Versnunt
3387 480 3514 518 cono

1951 564 2093 608 stare
2120 555 2327 608 divisio.
2378 559 2419 606 Α
2450 571 2564 606 voce
2591 556 2780 607 inimici
2810 557 2938 622 petit
2968 572 3025 609 se
3052 556 3276 617 lberali,
3307 559 3512 625 quando

1952 645 2014 697 de
2043 646 2150 713 ipso
2173 645 2366 696 diccbat
2395 645 2619 712 populus
2641 645 2941 698 Judarorum
2967 663 2977 696 :
3009 647 3069 698 Si
3095 645 3202 700 [in
3225 645 3389 699 Israel
3419 658 3512 710 cst,

1952 736 2220 787 descendat
2247 737 2312 808 de
2341 750 2506 800 cruce,
2541 744 2584 786 ct
2613 735 2860 788 credimus
2888 736 2931 788 ei
2963 733 3174 805 (Mi-(tta.
3203 752 3368 801 xxvu,
3405 735 3514 803 42).

1956 825 2088 877 l‘etit
2127 839 2256 893 ergo
2299 833 2353 878 ut
2394 825 2505 879 hate
2533 840 2631 877 vos
2667 825 2984 892 perﬁdorum
3016 837 3297 895 conspecta
3343 843 3519 882 resur-

1955 916 2188 975 rectione
2223 917 2483 969 vincatur.
2539 917 2822 969 Tribulatio
2874 934 2996 970 vero
3045 922 3321 986 peccatoris
3369 929 3516 984 erat,

1954 1007 2165 1075 quando
2203 1023 2320 1060 eum
2365 1023 2457 1062 ore
2496 1010 2754 1073 sacrilego
2797 1010 3194 1076 conspuebant,
3237 1011 3518 1065 cardebant

1956 1098 2120 1163 alapis
2149 1112 2210 1150 ac
2238 1097 2482 1165 ﬂagellis,
2516 1111 2567 1151 et
2602 1100 2752 1167 133
2780 1101 3219 1166 exprobrationes
3250 1101 3319 1153 illi
3352 1117 3512 1170 supra

1955 1189 2175 1242 verbera
2220 1189 2576 1256 geminabant.
2629 1191 2900 1256 Sequitur,
2948 1191 3184 1260 quoniam
3229 1192 3520 1244 declinave-

1957 1289 2072 1330 runt
2101 1281 2151 1332 in
2182 1297 2256 1332 me
2285 1281 2598 1349 iniquitatem
2618 1322 2629 1342 ,
2679 1290 2723 1334 et
2765 1282 2817 1332 in
2857 1283 2934 1333 ira
2975 1281 3172 1335 molesti
3201 1294 3344 1335 erant
3376 1283 3518 1336 mihi.

1959 1372 2203 1424 Furentis
2227 1374 2400 1439 populi
2435 1373 2680 1440 impetus,
2704 1373 2852 1439 quasi
2886 1373 3116 1426 (luminis
3144 1388 3327 1426 cursus
3359 1389 3520 1442 expoo

1960 1463 2117 1513 nitur.
2169 1461 2558 1515 Declina/"erunt
2589 1465 2727 1517 enim
2761 1465 2811 1515 in
2848 1465 3127 1517 Dominum
3179 1465 3515 1534 iniquitatem,

1960 1551 2081 1616 quia
2118 1551 2312 1603 nullam
2344 1552 2581 1604 volentes
2618 1552 2858 1617 recipere
2901 1554 3182 1614 rationem,
3213 1554 3520 1606 ellusiom-m

1961 1640 2232 1707 sanguinis
2260 1641 2558 1694 innocentis
2585 1643 2924 1708 expetebant.
2974 1643 3038 1695 Et
3069 1652 3189 1694 nota
3219 1658 3374 1710 quam
3415 1659 3524 1694 nia-

1885 1741 1931 1799 Β
1958 1744 2074 1797 gnte
2102 1745 2276 1783 causa:
2303 1731 2480 1784 verbis
2509 1731 2729 1798 singulis
2763 1731 3115 1798 explicantur.
3156 1731 3368 1786 JUdHYOS
3394 1732 3526 1786 dit-it

1959 1819 2302 1873 vehementer
2331 1822 2611 1889 accensos,
2651 1836 2784 1890 quos
2815 1822 2890 1875 ira
2922 1822 3124 1877 fervida
3157 1823 3528 1892 praecipitabat

1958 1910 2022 1962 ad
2053 1910 2278 1964 facinus.
2328 1911 2456 1964 Nam
2490 1913 2626 1978 quod
2662 1912 2725 1964 ad
2761 1927 2818 1966 se
2856 1915 3080 1980 pertinet
3117 1914 3278 1978 dixit,
3323 1913 3526 1966 molesti

1958 2008 2098 2052 erant
2125 2000 2283 2060 mihi;
2311 2001 2448 2067 quod
2477 2001 2611 2053 solet
2636 2002 2787 2054 nobis
2810 2003 3137 2069 contingere,
3161 2004 3370 2070 quando
3398 2019 3523 2071 pro-

1957 2091 2180 2144 cacitate
2212 2093 2474 2158 superllua
2515 2093 2784 2146 reddnnur
2817 2093 3058 2163 inquiefi.
3110 2096 3342 2149 Audiant
3388 2097 3518 2150 insi-

1959 2180 2163 2247 pientes
2190 2181 2358 2235 Judaei
2395 2182 2619 2235 Domino
2649 2198 2707 2237 se
2737 2193 2934 2237 tantum
2967 2186 3159 2240 iecisse
3200 2187 3518 2253 molestiam,

1958 2273 2056 2324 sibi
2089 2281 2262 2326 autem
2298 2284 2603 2341 perpetuam
2635 2275 2861 2328 ruinam.

2032 2363 2178 2417 Vers.
2209 2364 2261 2416 4.
2295 2364 2392 2417 Cor
2424 2381 2589 2418 meum
2623 2368 2974 2420 conturbatum
3000 2379 3072 2422 est
3105 2370 3156 2422 in
3184 2385 3291 2434 me,
3334 2379 3379 2423 et
3404 2371 3515 2439 for-

1958 2457 2096 2507 mido
2141 2458 2312 2508 mortis
2355 2459 2533 2510 cecidit
2577 2475 2848 2525 superine.
2894 2459 2988 2512 Hic
3031 2461 3220 2516 iterum
3259 2462 3525 2516 humilitas

1963 2549 2308 2600 lmmanitatis
2352 2550 2691 2616 exprimitur;
2738 2564 2856 2602 nam
2906 2552 3144 2618 quamvis
3191 2551 3305 2621 lege
3348 2554 3525 2606 carnis

1962 2640 2074 2705 ejus
2103 2639 2311 2691 animus
2341 2642 2658 2704 turbaretur,
2693 2641 2981 2695 divinitatis
3024 2652 3196 2698 tamen
3237 2660 3346 2698 suae
3386 2662 3523 2712 pra:-

1959 2729 2095 2782 sidio
2122 2730 2333 2784 dolores
2362 2733 2619 2798 corporis,
2647 2739 3009 2800 tormentaque
3033 2736 3294 2788 vincebat.
3320 2735 3447 2789 Nam
3475 2737 3522 2790 si

1964 2825 2059 2876 hor
2085 2825 2136 2876 in
2169 2826 2488 2894 martyribus
2521 2826 2609 2878 Dei
2639 2826 2801 2878 virtus
2830 2836 3099 2892 operatur,
3132 2839 3328 2894 quanto
3359 2829 3523 2897 magis

1962 2912 2014 2964 in
2043 2912 2132 2964 illa
2159 2905 2554 2979 dispensatione
2583 2913 2757 2965 carnis
2786 2927 2894 2964 sua:
2923 2920 3303 2967 tormentorum
3336 2931 3523 2970 sensus

1959 3004 2247 3057 vehemens
2276 3018 2379 3055 non
2413 3010 2620 3070 poterat
2663 3003 2966 3070 praevilere.
3006 3002 3246 3070 Implevit
3277 3005 3523 3072 patiendo

290 3096 407 3135 esse
436 3081 681 3152 d'gnatus
707 3090 809 3136 est.
845 3080 1058 3134 Poterat
1087 3081 1228 3134 enim
1259 3088 1314 3136 ει
1341 3081 1575 3134 mandit"
1608 3081 1776 3148 ρι’ίυδν
1803 3090 1857 3134 ει
1884 3096 1930 3158 C
1961 3107 2140 3146 verum
2173 3092 2468 3157 hominem;
2500 3092 2591 3147 sed
2626 3100 2681 3147 et
2721 3108 2812 3160 per
2835 3109 2892 3147 se
2919 3093 3180 3147 vincendo
3217 3096 3356 3159 talia,
3383 3096 3522 3150 idem

295 3181 476 3234 postea
498 3170 708 3237 despici.
736 3171 890 3236 Quod
912 3170 1090 3222 evenit
1117 3171 1196 3223 eis
1222 3169 1310 3235 qui
1338 3169 1520 3222 mundi
1549 3168 1699 3223 istius
1723 3169 1858 3222 bona

293 3261 696 3326 desiderantes,
749 3260 1016 3328 accipiunt
1063 3275 1181 3328 qua:
1235 3269 1538 3325 precantur,
1583 3268 1638 3314 et
1688 3269 1862 3313 tamen

295 3361 476 3417 postea
496 3351 860 3419 despiciuntur
881 3366 898 3408 ;
925 3351 1048 3420 quia
1070 3363 1404 3418 nequaquam
1424 3359 1622 3403 retenta
1649 3350 1862 3417 prsentia

294 3447 640 3513 quesierunt.

361 3536 517 3590 Vers.
546 3534 601 3588 2.
653 3533 870 3588 Intende
892 3534 945 3587 in
969 3549 1048 3587 me
1086 3543 1132 3587 et
1157 3533 1344 3586 exaudi
1371 3549 1448 3587 me
1475 3549 1494 3588 .'
1538 3533 1864 3586 contristatus

293 3643 400 3680 sum
432 3627 486 3680 in
517 3627 874 3680 exercitatione
910 3642 1042 3690 utea,
1085 3635 1133 3678 et
1171 3624 1500 3678 conturbatus
1526 3641 1659 3678 sum.
1711 3625 1866 3678 Prius

294 3727 375 3770 e~t
426 3718 730 3782 intendere,
783 3715 976 3772 deinde
1023 3730 1205 3769 vocem
1257 3714 1602 3782 supplicant-is
1652 3715 1864 3768 audire.

296 3806 464 3862 Nemo
491 3810 634 3862 enim
669 3821 889 3880 aversus
925 3807 1173 3872 exaudit;
1204 3807 1300 3862 sed
1331 3807 1417 3862 cui
1446 3817 1692 3876 aSpecms
1723 3818 1868 3858 tran-

296 3901 496 3966 quillus
524 3899 857 3964 conceditur,
889 3899 988 3968 ipsi
1025 3911 1079 3954 et
1117 3913 1274 3952 aures
1307 3897 1680 3966 placidissimus
1710 3910 1864 3950 com-

297 3991 615 4055 modatum;
661 3990 799 4045 sicut
838 3990 888 4043 in
919 3990 1021 4044 alio
1051 3990 1256 4058 [ts-almo
1283 3989 1518 4043 dicitur:
1568 3987 1778 4056 Respice
1819 3995 1866 4039 et

294 4085 488 4136 exaudi
518 4101 618 4149 me,
649 4082 864 4137 Domine
893 4082 1028 4137 Deus
1056 4098 1194 4136 meus
1225 4081 1396 4152 (Psal.
1426 4095 1524 4146 xu,
1549 4080 1626 4149 4).
1670 4079 1870 4133 Deinde

297 4176 540 4228 redditur
565 4189 725 4228 causa
769 4173 1020 4243 perfecta:
1049 4175 1340 4226 orationis:
1373 4173 1714 4226 Cannis-tatus
1753 4186 1867 4224 sunt

292 4269 347 4318 in
373 4268 738 4320 exercitatione
767 4283 894 4332 mea,
921 4276 964 4319 et
988 4266 1313 4319 conturbatus
1342 4280 1472 4317 sum.
1507 4262 1870 4317 Pulcherritne

296 4358 513 4411 Domini
542 4358 828 4413 SaIVatoris
855 4373 958 4412 uno
999 4371 1247 4412 sermone
1278 4357 1398 4410 vitae
1425 4371 1612 4409 cursus
1648 4355 1870 4424 exponi-

1968 3185 2080 3252 ipse
2123 3185 2283 3236 Deum
2323 3198 2381 3238 se
2421 3194 2540 3237 esse
2589 3183 2896 3237 declaravit.
2941 3184 3185 3250 Addidit,
3228 3196 3272 3237 et
3310 3185 3527 3254 formido

1965 3275 2141 3327 mortis
2182 3276 2360 3327 cecidit
2400 3291 2550 3342 super
2593 3291 2690 3328 me.
2742 3274 2846 3328 Sua
2885 3275 2998 3329 suis
3043 3285 3163 3342 apte
3210 3277 3524 3332 redduntur.

1965 3369 2310 3434 Consequens
2339 3367 2481 3420 enim
2517 3376 2633 3421 erat
2663 3378 2717 3419 ut
2746 3366 2898 3435 cujus
2927 3383 3012 3419 cor
3039 3368 3388 3422 conturbatum
3414 3369 3530 3424 fue-

1966 3467 2076 3522 rat,
2120 3473 2241 3511 eum
2284 3467 2336 3511 et
2373 3458 2592 3526 formido
2633 3459 2806 3510 mortis
2847 3459 3137 3511 invaderet.
3187 3461 3529 3528 Inspiciamus

1966 3550 2105 3619 quod
2145 3549 2274 3602 dicit
2310 3549 2530 3617 formido
2569 3550 2743 3600 mortis
2780 3550 2957 3601 cecidit
2997 3565 3148 3619 super
3187 3567 3283 3601 me.
3328 3549 3529 3603 Revera

1967 3641 2174 3704 cecidit,
2203 3641 2414 3708 quando
2443 3653 2601 3707 supra
2630 3654 2749 3692 eum
2781 3641 2949 3703 venit,
2991 3640 3216 3694 ulterius
3255 3654 3357 3692 non
3396 3640 3529 3692 vali-

1967 3739 2082 3783 tura
2121 3729 2260 3797 quod
2298 3729 2485 3797 potuit.
2534 3730 2700 3782 Morte
2740 3729 3000 3798 siquidem
3041 3730 3249 3783 Domini
3290 3745 3528 3784 rnamen-

1969 3831 2142 3887 tanea,
2176 3836 2317 3873 mors
2349 3829 2599 3888 perpetua
2629 3821 2765 3872 victa
2797 3828 2898 3882 est,
2931 3836 3050 3889 qua:
3078 3821 3175 3874 sibi
3204 3821 3527 3874 dominatum

1969 3914 2021 3965 in
2053 3913 2283 3965 humano
2311 3925 2506 3980 genere
2534 3911 2859 3976 vindicabat;
2890 3911 3026 3965 sicut
3054 3912 3337 3978 Apostolus
3363 3912 3525 3965 dicit.

1971 4003 2218 4072 Absorpta
2249 4011 2323 4055 est
2352 4017 2484 4054 mors
2513 4003 2564 4053 in
2597 4000 2806 4053 victoria
2836 4011 2939 4052 tua.
2981 4000 3077 4055 Ubi
3107 4010 3198 4064 est,
3235 4017 3386 4064 mors,
3411 4017 3533 4053 con-

1969 4095 2123 4146 tentio
2158 4094 2282 4145 tua?
2318 4091 2400 4144 ubi
2439 4102 2534 4156 est,
2576 4107 2744 4154 mors,
2784 4091 2990 4143 aculeus
3025 4099 3141 4142 tuus
3169 4089 3227 4160 (l
3272 4089 3388 4145 Cor.
3435 4106 3533 4154 xv.

1971 4185 2058 4247 st,
2091 4185 2224 4253 55)?

2045 4275 2194 4328 Vers.
2238 4273 2289 4327 5.
2334 4273 2508 4325 Timor
2549 4283 2595 4325 et
2643 4282 2828 4325 tremor
2861 4279 3098 4323 eenerunt
3145 4286 3297 4339 super
3336 4287 3413 4324 me
3447 4287 3462 4323 :
3491 4285 3539 4323 et

1971 4374 2294 4420 conte-acrum
2325 4381 2403 4417 me
2436 4365 2669 4416 tenebrtc.
2708 4363 2888 4414 Exitus
2922 4360 3092 4414 nostri
3123 4377 3325 4414 rnorem
3356 4363 3538 4416 certis-

296 4461 406 4502 ιυτο
465 4449 887 4502 Exercitationem
912 4450 1108 4518 quippe
1136 4449 1381 4513 diCiIHUS.
1440 4465 1556 4516 qua:
1603 4449 1745 4502 nulla
1781 4463 1869 4500 ιε·
1897 4459 1950 4520 ι)
1975 4459 2106 4512 sima
2133 4457 2454 4525 proprietate
2491 4453 2763 4507 describit.
2808 4453 3028 4505 Mortem
3057 4451 3194 4504 enim
3223 4451 3365 4518 prius
3393 4451 3538 4505 time-

296 4542 587 4606 missiune,
635 4543 780 4594 nullo
808 4541 918 4594 otio
956 4539 1308 4609 conquiescit.
1365 4539 1460 4594 sed
1510 4541 1708 4594 intenta
1753 4539 1868 4609 jugi

295 4634 489 4686 labore
533 4633 585 4686 in
632 4633 842 4686 virtutis
880 4634 1043 4702 gloria
1089 4642 1411 4700 perseverat.
1465 4633 1868 4686 Exercitabatur

295 4738 532 4790 namque
555 4723 844 4788 miraculis,
867 4723 1255 4776 exercitabatur
1275 4723 1552 4776 sanctitate
1576 4723 1868 4776 doctrin-ie:

295 4815 393 4866 sed
426 4812 818 4864 contristabutur
847 4826 910 4866 eo
940 4812 1206 4876 maxime,
1244 4813 1364 4880 quia
1396 4813 1623 4866 fructum
1650 4811 1872 4879 justitite

297 4902 492 4969 perﬁdi
540 4917 645 4955 non
701 4903 1056 4967 probabantur
1100 4902 1320 4966 all'erre;
1369 4903 1505 4956 sicut
1549 4903 1872 4970 evangelista

295 4994 474 5044 dicit:
517 4992 577 5045 Et
606 4991 949 5046 contristatus
974 5004 1055 5046 est
1085 5008 1244 5060 super
1273 4991 1604 5058 Jerusalem,
1645 5003 1700 5048 et
1726 4995 1872 5048 ﬂevit

295 5082 462 5148 (Luc.
511 5098 633 5149 xix,
682 5084 794 5151 41).
853 5085 895 5137 υ
942 5083 1233 5137 bonitatem
1289 5085 1507 5152 piis.~imi
1557 5084 1872 5139 Creatoris!

299 5184 362 5225 ut
393 5189 461 5227 se
488 5178 833 5229 contristatum
862 5185 906 5228 et
937 5176 1289 5228 conturbatum
1317 5178 1479 5243 dicat,
1511 5178 1651 5247 quod
1684 5179 1874 5244 prde-

293 5266 604 5320 cationibus
643 5267 1008 5321 saluberrimis
1038 5267 1286 5320 obstinati
1318 5269 1492 5335 populi
1517 5267 1734 5322 vesania
1767 5284 1872 5322 non

295 5357 581 5411 credebat.

382 5445 537 5499 ἵετε.
555 5449 603 5500 5.
639 5449 682 5499 Λ
711 5462 826 5499 race
854 5445 1045 5499 inimici
1075 5454 1118 5499 et
1145 5463 1178 5498 α
1207 5445 1528 5498 tribulatione
1555 5448 1830 5515 peccatoris
1849 5463 1868 5500 :

295 5540 549 5603 quoniam
591 5548 963 5602 declinaverunt
1005 5551 1059 5602 in
1103 5563 1180 5602 me
1220 5548 1562 5613 iniquitatem,
1611 5551 1655 5593 et
1699 5542 1749 5592 in
1796 5541 1873 5593 ira

293 5637 517 5688 mlesti
548 5650 687 5695 erant
725 5641 868 5696 mihi.
919 5643 963 5697 Α
991 5657 1106 5695 voce
1133 5642 1352 5708 inimici,
1398 5650 1444 5696 et
1484 5657 1514 5694 α
1556 5639 1878 5696 tribulatione

1978 4563 2124 4610 mus,
2171 4545 2365 4599 deinde
2419 4542 2910 4605 contremiscimus;
2977 4545 3096 4609 quia
3137 4544 3402 4610 separatio
3445 4547 3540 4596 ista

1978 4653 2218 4708 corporis
2253 4639 2547 4703 animatque
2576 4636 2690 4688 sine
2723 4633 3125 4687 conturbatione
3163 4633 3397 4685 maxima
3436 4650 3540 4687 non

1981 4737 2154 4796 potest
2186 4729 2424 4782 evenire.
2456 4725 2733 4793 Sequitur,
2761 4733 2808 4775 et
2839 4732 3162 4775 contexerant
3193 4738 3268 4774 me
3307 4724 3541 4776 tenebris.

1982 4821 2182 4872 Vieinia
2230 4819 2416 4871 mortis
2461 4816 2795 4870 tenebrarum
2845 4813 3201 4881 prznmittebat
3243 4819 3539 4879 aspectum,

1976 4912 2098 4980 quia
2140 4910 2445 4978 frequenter
2481 4907 2571 4960 illa
2616 4906 2970 4973 eonSpirimus
3009 4904 3217 4968 animo,
3258 4903 3323 4956 de
3351 4903 3542 4970 quibus

1979 5017 2074 5054 nos
2104 5009 2319 5055 ventura
2351 4999 2490 5053 solet
2513 4997 2828 5050 conturbare
2855 4995 3103 5049 formido.

2053 5095 2203 5149 Vcrs.
2237 5098 2290 5148 6.
2324 5092 2391 5145 Et
2416 5092 2526 5145 dixi
2557 5107 2574 5143 :
2609 5093 2733 5157 Quis
2772 5091 2909 5143 dabit
2940 5090 3064 5141 mihi
3087 5104 3276 5156 pennas
3303 5089 3430 5139 sicut
3460 5102 3541 5136 co-

1979 5186 2180 5249 lumbte,
2208 5194 2252 5238 et
2295 5183 2472 5236 volabo
2509 5192 2555 5234 et
2583 5181 2922 5247 requiescam?
2950 5180 3073 5232 Post
3110 5177 3542 5232 conturbationes

1982 5277 2313 5338 mortiferas,
2354 5283 2409 5329 ct
2447 5271 3125 5349 verissimzn.humanitatis
3167 5269 3529 5337 indigentiam,

1981 5383 2201 5423 necesse
2229 5369 2324 5419 fuit
2350 5365 2717 5419 liberationem
2750 5373 3021 5432 expetere,
3057 5376 3210 5430 quam
3244 5360 3348 5412 sibi
3378 5373 3542 5412 nove-

1982 5468 2062 5511 rat
2091 5458 2483 5510 conl'erendam.
2513 5457 2599 5508 Ait
2625 5456 2765 5507 enim
2800 5471 2811 5504 :
2846 5453 2974 5517 Quis
3001 5452 3138 5503 dabit
3169 5451 3313 5515 mihi,
3343 5451 3542 5504 scilicet

1982 5551 2080 5608 nisi
2111 5561 2185 5613 tu,
2219 5553 2390 5613 l’ater,
2423 5550 2511 5618 qui
2556 5553 2838 5600 humanam
2873 5556 3110 5598 naturam
3143 5560 3308 5613 usque
3334 5545 3398 5596 ad
3430 5560 3540 5597 co:-

1985 5646 2152 5699 lorum
2185 5657 2340 5711 regna
2374 5642 2697 5709 perducens,
2731 5640 2794 5692 ad
2837 5646 2979 5691 tuam
3008 5641 3279 5694 dexteram
3315 5638 3538 5695 colloca-
