3956 6178
449 292 549 346 587

1664 277 1730 330 Μ.
1773 272 2039 330 AUllELll
2080 273 2476 328 CASSZODORI

3576 265 3672 319 588

443 404 560 457 bis?
588 402 774 457 Pennis
795 416 821 454 a
852 396 1126 468 pendendo
1148 393 1301 446 dicta:
1323 396 1464 452 sunt,
1489 402 1604 456 qua!
1622 400 1814 454 corpus
1839 381 2014 437 avium
2044 386 2091 443 Α
2119 382 2288 436 ceutis
2329 380 2513 434 diluvii
2547 380 2598 434 in
2637 379 2800 433 altum
2831 379 3075 432 homines
3111 376 3398 431 extendere
3438 383 3672 431 tentave-

445 495 497 548 i't
527 509 681 547 auras
709 491 964 545 trthereas
1002 482 1217 540 sublimi
1256 481 1467 535 levitate
1511 476 1861 545 suspendunt.
1907 474 2013 530 Sed

443 585 649 653 inspice
678 581 817 650 quod
851 594 1049 646 pennas
1078 590 1180 629 non
1210 573 1423 641 aquilae,
1454 584 1559 623 non
1591 567 1881 635 accipitris,
1910 580 2013 619 non

445 674 770 735 hirundinis,
818 686 933 737 qua:
983 668 1064 721 his
1108 666 1353 720 omnibus
1386 662 1614 715 celerius
1657 658 1874 720 volant,
1914 656 2015 710 sibi

436 766 555 817 «dari
590 763 838 830 postulat,
881 759 973 814 sed
1015 756 1278 810 columbae.
1312 751 1557 806 Columba
1583 750 1725 831 enim
1765 747 1904 802 dicta
1935 753 2018 801 est

454 852 591 918 quasi
628 850 775 903 cellm
805 849 1038 910 alumna,
1080 859 1197 915 qum
1235 843 1396 896 vitam
1427 841 1541 894 sine
1570 838 1791 891 alterius
1820 849 2015 905 grava—

446 944 587 993 mine
617 941 835 1008 peragit.
870 939 993 990 Avis
1025 938 1302 999 innocens,
1330 939 1629 993 mansueta,
1661 942 1779 997 qua:
1808 927 1861 980 in
1899 925 2017 979 nul-

447 1033 554 1085 lum
590 1032 787 1085 animal
819 1031 978 1085 iellita
1005 1030 1273 1083 voluntate
1296 1024 1586 1093 consurgit,
1613 1037 1712 1077 nec
1738 1022 1877 1076 escis
1899 1036 2018 1074 sor-

448 1124 584 1176 didis
614 1122 873 1176 ullatenus
900 1119 1204 1187 acquiescit.
1244 1115 1428 1169 Merito
1469 1127 1597 1181 ergo
1621 1111 1865 1164 columbae
1894 1126 2016 1177 pcn-

449 1231 536 1267 nas
565 1213 819 1266 Dominus
839 1209 1081 1262 Christus
1111 1208 1328 1275 expetiit
1356 1222 1371 1259 :
1398 1207 1449 1258 in
1477 1205 1626 1272 cujus
1658 1200 1835 1271 specie
1857 1213 2016 1268 supra

450 1322 568 1360 eum
618 1305 936 1373 baptizatum
990 1301 1217 1369 Spiritus
1265 1311 1473 1366 quoque
1521 1303 1733 1348 sanctus
1775 1290 2021 1361 apparuit

451 1396 662 1464 (.llattlt.
696 1410 772 1457 ιιι,
806 1394 912 1459 16).
950 1392 1202 1461 Sequitur
1233 1407 1245 1443 :
1280 1388 1345 1441 Et
1383 1385 1581 1449 volabo,
1612 1393 1659 1437 et
1689 1384 2013 1452 requiescam.

462 1482 686 1546 Volabo,
719 1482 768 1537 id
800 1492 879 1536 est
906 1480 1181 1534 celerrima
1213 1491 1298 1530 me
1336 1474 1617 1529 velocitate
1656 1481 2019 1538 transponam.

453 1572 727 1641 Signillcat
762 1571 901 1624 enim
932 1569 1142 1637 quando
1172 1565 1445 1619 molestias
1472 1562 1780 1617 Jutlmorum
1810 1560 2018 1626 vitavit,

453 1671 509 1715 ut
532 1662 597 1715 ab
623 1676 806 1715 eorum
831 1660 1105 1728 iniquitate
1132 1658 1460 1726 quiesceret;
1487 1653 1627 1724 quod
1653 1652 1813 1707 etiam
1836 1664 2022 1706 versus

450 1767 679 1821 sequens
703 1751 955 1806 ostendit.

522 1843 679 1898 Vers.
709 1844 761 1896 7.
787 1842 918 1896 Ecce
953 1841 1183 1910 elongavi
1212 1838 1431 1910 fugiens,
1476 1845 1522 1890 et
1548 1835 1711 1888 mansi
1746 1834 1797 1887 in
1838 1832 2023 1887 solitu-

452 1932 587 1987 dine.
619 1933 711 1986 llla
743 1933 855 1986 loca
897 1928 1169 1999 Evangelii
1210 1934 1627 1990 commemorat,
1656 1922 1868 1994 quando
1906 1935 2025 1976 cre-

454 2023 564 2076 bris
602 2022 870 2076 miraculis
908 2020 1195 2075 seditiones
1241 2017 1342 2073 sibi
1383 2015 1667 2073 concitavit
1706 2010 2024 2069 omnimodis

453 2113 796 2183 perlidorum.
830 2112 918 2165 Ait
943 2111 1086 2165 enim
1117 2110 1327 2164 Marcus
1356 2125 1368 2161 :
1401 2107 1465 2159 Et
1496 2105 1719 2159 diluculo
1740 2104 1887 2157 valde
1912 2117 2026 2156 sur-

455 2219 577 2272 gens
596 2241 611 2267 ,
652 2218 881 2272 egressus
909 2201 1033 2253 abiit
1070 2201 1122 2253 in
1150 2200 1402 2267 desertum
1434 2200 1619 2263 locum,
1649 2197 1817 2264 ibique
1849 2193 2025 2247 orabat

457 2291 648 2359 (Marc.
668 2307 706 2358 ι,
724 2290 945 2359 55,45);
962 2299 1017 2345 et
1040 2290 1198 2360 paulo
1214 2297 1334 2359 post
1358 2289 1614 2358 sequitur,
1630 2288 1703 2341 ita
1724 2296 1777 2339 ut
1797 2287 1908 2357 jam
1923 2300 2025 2338 non

454 2390 619 2449 posset
652 2380 911 2446 manifeste
940 2380 992 2433 in
1018 2380 1269 2432 civitatem
1306 2378 1538 2441 introire,
1578 2377 1666 2430 sed
1694 2376 1822 2445 foris
1852 2376 1904 2427 in
1933 2374 2028 2427 de-

453 2473 599 2526 sertis
626 2472 747 2525 locis
776 2481 918 2526 esset.
943 2470 1213 2543 Elongavit
1243 2470 1382 2525 enim
1414 2485 1444 2523 a
1478 2469 1937 2539 persequentibus,
1970 2474 2028 2520 ut

453 2563 786 2616 occasionem
828 2564 1115 2618 iracundiae
1152 2561 1353 2617 insanis
1397 2560 1663 2617 mentibus
1710 2560 2023 2629 abrogaret;

454 2654 640 2706 mansit
670 2655 723 2707 in
753 2655 1045 2719 solitudine,
1078 2663 1136 2709 ut
1177 2653 1544 2723 impt'rturbati
1572 2653 1765 2708 secreti
1797 2652 2026 2722 puritate

456 2741 721 2796 frueretur
750 2760 762 2794 :
797 2743 887 2796 tali
917 2744 1052 2798 facto
1078 2759 1171 2797 nos
1199 2758 1566 2805 commonens,
1600 2752 1656 2796 ut
1684 2742 1895 2812 quando
1926 2743 2026 2796 ini-

434 2834 669 2901 .quitalis
700 2834 920 2903 alicujus
960 2836 1100 2890 fasce
1140 2836 1508 2903 deprimimur,
1550 2836 1602 2889 in
1630 2842 1855 2898 secreto
1899 2848 2029 2889 con-

461 2925 700 2977 scientia:
726 2928 997 2995 quiescere
1019 2926 1326 2983 debeamus.
1354 2929 1480 2983 Sive
1514 2927 1641 2981 illud
1674 2936 1846 2996 potest
1874 2926 2029 2982 intel-

458 3016 544 3084 ligi
572 3032 585 3068 :
613 3020 861 3085 quoniam
892 3034 919 3071 a
956 3019 1159 3073 iudicis
1192 3018 1404 3089 perlidis
1432 3019 1721 3084 recedens,
1743 3020 1818 3072 'in
1845 3018 2027 3073 solitu-

2121 479 2262 535 runt,
2289 471 2375 523 ubi
2408 470 2579 539 primo
2614 470 2907 538 linguarum
2940 467 3077 521 facta
3109 478 3189 522 est
3231 466 3451 521 confusa
3489 466 3677 519 divisio

2119 559 2283 632 (Gen.
2320 558 2508 630 11,4).
2549 561 2685 614 Ante
2714 560 2858 613 enim
2900 558 3127 613 mundus
3171 557 3404 610 Hebraeis
3446 566 3679 621 tantum,

2119 654 2255 707 sicut
2283 662 2551 720 putamus,
2577 651 2915 705 sermonibus
2946 649 3208 703 utebatur.
3239 647 3347 703 Sed
3381 646 3679 714 specialiter

2121 751 2297 797 mente
2325 742 2663 799 condendam
2693 751 2803 806 est,
2849 742 2969 810 quia
3009 742 3174 794 iratus
3216 739 3422 808 linguas
3470 740 3679 804 divisit,

2121 835 2382 903 propitius
2422 845 2598 888 autem
2647 834 2700 887 in
2742 834 2852 887 suis
2890 832 3146 901 apostolis
3188 830 3439 885 adunavit
3468 848 3483 884 :
3516 832 3587 884 ibi
3620 847 3685 887 ne

2118 926 2387 994 superﬂua
2432 935 2549 980 vota
2590 924 2946 992 complerent,
2992 922 3075 976 hic
3116 931 3172 975 ut
3211 922 3473 976 universa:
3501 931 3685 991 gentes

2120 1030 2215 1084 per
2239 1015 2500 1084 propriam
2533 1014 2763 1083 linguam
2802 1013 3230 1082 prmdicationem
3256 1012 3496 1066 veritatis
3524 1027 3686 1081 agno-

2120 1114 2351 1159 scerent.
2377 1104 2651 1172 Pra’cipila
2667 1103 2822 1170 dixit,
2847 1119 2913 1157 ne
2934 1103 3170 1157 muniant
3194 1103 3541 1172 cogitationes
3564 1118 3687 1156 suas

2121 1196 2515 1251 machinatione
2566 1210 2835 1264 perversa.
2880 1194 3080 1263 Diuide,
3126 1209 3193 1249 ne
3231 1194 3282 1247 in
3332 1194 3684 1263 perniciosam

2120 1285 2390 1340 conﬂuant
2418 1286 2694 1339 unitatem.
2726 1285 2995 1353 Sequitur,
3026 1284 3267 1353 quoniam
3300 1284 3404 1336 uidi
3441 1284 3667 1352 iniqttila
3720 1277 3729 1353 ξ

2121 1328 2390 1340 νυν-..ψη
2421 1328 2694 1339 ...............
2726 1328 2995 1353 ,μνη-ιη,
3027 1328 3266 1353 τ.--...η..-
3304 1328 3403 1336 -.η

2121 1384 2221 1430 tem
2248 1386 2295 1429 et
2329 1375 2778 1429 contradictionem
2818 1374 2871 1427 in
2912 1375 3133 1429 civitate.
3175 1374 3340 1443 Digne
3375 1373 3493 1427 illos
3531 1328 3741 1437 diridi‘

2122 1467 2443 1537 postulabat,
2473 1480 2606 1535 quos
2636 1465 2846 1535 iniquos
2876 1465 2991 1519 fore
3018 1464 3071 1519 in
3101 1464 3375 1532 sacrilegis
3399 1478 3683 1532 congrega.

2123 1558 2356 1613 tionibus
2402 1556 2735 1626 praesciebat.
2782 1556 2847 1609 Et
2908 1554 3099 1610 merito
3159 1553 3472 1609 solitudines
3527 1569 3689 1622 expe-

2126 1649 2227 1715 tiit,
2257 1646 2505 1717 quoniam
2543 1646 2859 1716 iniquitatem
2886 1645 2939 1699 in
2964 1644 3160 1698 civitate
3188 1658 3372 1699 eorum
3419 1656 3537 1698 esse
3592 1658 3687 1698 co-

2050 1751 2099 1811 B
2125 1740 2325 1809 gnovit.

2196 1830 2348 1885 Vers.
2381 1830 2469 1885 10.
2499 1829 2594 1883 Die
2625 1845 2683 1882 ac
2714 1835 2860 1882 nocte
2890 1826 3224 1880 circumdabit
3260 1842 3372 1881 eam
3399 1841 3551 1897 super
3579 1842 3692 1878 mu-

2122 1935 2207 1974 ros
2240 1921 2352 1989 ejus
2372 1919 2639 1989 iniquitas;
2668 1928 2714 1971 et
2743 1916 2883 1972 labor
2910 1917 2964 1970 in
2991 1916 3155 1971 medio
3182 1919 3310 1987 ejus,
3346 1925 3390 1970 et
3418 1916 3689 1986 injustitia.

2199 2012 2355 2085 18!.
2396 2011 2557 2068 Vers.
2608 2012 2698 2067 il.
2748 2011 2815 2065 Et
2860 2028 2963 2066 non
3004 2012 3184 2081 defecit
3228 2012 3291 2065 de
3325 2012 3508 2082 plateis
3580 2012 3693 2080 ejus

2124 2121 2279 2159 usura
2319 2102 2366 2159 et
2412 2105 2579 2158 dolus.
2627 2104 2683 2158 ln
2724 2103 2931 2158 duobus
2960 2103 3078 2158 istis
3119 2102 3361 2158 versibus
3392 2101 3689 2156 Jerusalem

2126 2195 2397 2264 pristinae,
2438 2194 2637 2265 triplici
2663 2195 2823 2250 modo
2850 2208 3026 2249 mores
3060 2193 3273 2263 pessimi
3306 2191 3697 2247 rationabiliter

2125 2294 2464 2340 accusantur.
2509 2286 2647 2340 Dicit
2676 2286 2819 2340 enim
2858 2301 2873 2339 :
2915 2283 3010 2339 Die
3051 2301 3112 2339 ac
3149 2294 3313 2353 nocte,
3358 2284 3409 2340 id
3436 2295 3516 2339 est
3545 2285 3696 2339 omni

2127 2386 2364 2446 tempore
2389 2378 2715 2432 circumdabit
2738 2394 2852 2432 eam
2885 2394 3037 2447 super
3066 2393 3236 2431 muros
3267 2378 3377 2447 ejus
3414 2377 3695 2447 iniquitas;

2129 2477 2188 2524 ut
2210 2478 2462 2539 quantum
2492 2483 2766 2523 murorum
2797 2468 3043 2523 machina
3083 2469 3135 2524 in
3166 2469 3330 2523 altum
3378 2468 3547 2537 potuit
3576 2481 3695 2521 cre-

2127 2576 2301 2628 scere,
2327 2560 2673 2629 multomagis
2691 2559 2883 2615 ibidem
2911 2559 3110 2614 malitia
3130 2574 3189 2615 se
3214 2569 3458 2630 proterva
3487 2559 3697 2612 disten-

2127 2653 2297 2707 deret.
2329 2650 2581 2721 Sequitur
2611 2665 2624 2702 :
2660 2650 2727 2704 Et
2749 2650 2890 2704 labor
2914 2651 2967 2704 in
2990 2651 3154 2706 medio
3175 2652 3304 2720 ejus,
3336 2658 3381 2703 et
3412 2650 3688 2721 injustitin.

2128 2742 2280 2797 Prius
2302 2755 2481 2796 muros
2505 2741 2657 2807 dixit,
2687 2750 2745 2795 ut
2767 2748 2986 2796 cunctos
3008 2741 3332 2796 habitatores
3354 2739 3653 2794 includeret
3676 2756 3691 2803 ;

2127 2850 2268 2891 nunc
2296 2835 2442 2900 dicit,
2476 2843 2530 2890 et
2557 2834 2789 2890 medium
2822 2833 3079 2899 civitatis,
3117 2833 3398 2902 designans
3427 2832 3699 2886 nobilissi-

2127 2942 2243 2981 mos
2271 2935 2325 2981 et
2355 2927 2639 2995 primates,
2668 2926 2756 2995 qui
2799 2924 3097 2979 honorabili
3141 2924 3268 2979 sede
3308 2924 3478 2978 videri
3506 2924 3697 2977 volunt

2128 3032 2340 3088 semper
2367 3018 2419 3073 in
2451 3017 2625 3073 medio
2649 3017 2942 3072 constituti.
2976 3018 3083 3071 llos
3120 3032 3224 3072 non
3261 3017 3365 3086 lex,
3399 3030 3503 3070 non
3533 3016 3693 3080 ratio,

458 3106 573 3159 dine
601 3110 834 3176 gentium
874 3111 1078 3164 mansit.
1106 3110 1445 3163 Solitudinem
1478 3125 1603 3164 vero
1632 3120 1817 3180 gentes
1845 3112 2025 3181 appel-
2054 3106 2100 3169 C
2132 3110 2225 3165 sed
2254 3109 2394 3162 labor
2422 3118 2470 3161 et
2507 3108 2758 3177 injustitia
2787 3109 3114 3178 possidebat.
3150 3107 3316 3161 Labor
3364 3106 3582 3176 respicit
3628 3107 3697 3160 ad

464 3196 559 3250 lari
610 3200 863 3268 propheta
912 3208 1134 3255 testatur
1186 3201 1371 3254 dicens
1421 3218 1435 3252 :
1490 3200 1719 3267 Laetare,
1771 3202 2024 3255 desertum

459 3292 669 3357 sitiens,
697 3299 746 3342 et
783 3290 997 3343 exsultet
1027 3290 1309 3355 destrlum,
1356 3299 1403 3342 et
1447 3292 1626 3359 ﬂoreat
1679 3299 1918 3360 tanquam
1961 3292 2027 3345 li-

461 3383 604 3445 lium,
635 3390 683 3434 et
718 3381 935 3448 ﬂoreant
973 3389 1018 3433 et
1062 3381 1311 3433 exsultent
1353 3379 1553 3433 deserta
1598 3379 2028 3452 Jortlanis(1sai.

464 3488 622 3536 xxxv,
658 3474 731 3541 l).

533 3564 688 3618 Vcrs.
726 3563 779 3618 8.
815 3560 1187 3629 Exspectabam
1216 3578 1329 3614 eum
1370 3562 1458 3630 qui
1500 3562 1693 3615 salvum
1736 3578 1815 3615 me
1853 3563 1970 3631 fecit
1999 3580 2031 3616 a

462 3653 883 3719 pusillanimilale
908 3652 1114 3721 spiritus
1155 3661 1199 3703 et
1228 3659 1538 3721 tempestate.
1564 3650 1724 3705 Venit
1743 3650 1808 3705 ad
1840 3666 2032 3706 secun-

461 3745 583 3799 dam
614 3754 835 3814 partem.
872 3744 1235 3798 lntercedente
1264 3743 1406 3799 enim
1436 3743 1780 3812 diapsalmate
1810 3744 2033 3797 mutavit

460 3843 514 3886 et
542 3848 777 3887 causan.
824 3833 1035 3887 Dixerat
1072 3833 1267 3901 quippe
1309 3831 1636 3901 requievisse
1666 3848 1725 3887 se
1755 3832 1806 3885 in
1837 3832 2028 3886 solitu-

460 3921 584 3975 diue
624 3940 636 3973 ε
681 3936 820 3976 nunc
858 3934 1035 3976 autem
1078 3923 1385 3991 pronuntiat
1429 3922 1602 3977 Patris
1632 3937 1689 3977 se
1720 3933 2029 3991 exspectem

468 4013 767 4082 prmsidium
787 4055 802 4081 ,
845 4016 932 4082 qui
964 4030 1084 4069 eum
1128 4022 1334 4083 poterat
1363 4029 1394 4068 a
1421 4029 1676 4081 corporea
1723 4015 2031 4071 inﬁrmitate

459 4103 665 4158 salvare
703 4101 831 4172 [ms.
860 4104 951 4171 A.,
985 4118 1173 4158 sanare
1192 4104 1229 4173 j.
1275 4103 1388 4158 Non
1413 4103 1555 4158 enim
1584 4119 1643 4158 se
1671 4119 1915 4160 securum
1946 4106 2029 4160 fa-

460 4205 602 4247 ctum
636 4195 920 4249 solitudine
952 4196 1183 4262 putavit,
1214 4195 1304 4263 qui
1334 4194 1506 4249 adhuc
1534 4196 1779 4263 przesidia
1813 4206 2030 4266 paterna

460 4285 751 4349 sustinuit;
803 4286 1042 4351 praebens
1086 4284 1241 4338 nobis
1276 4285 1637 4339 saluberrimae
1684 4286 2029 4344 institutionis

459 4375 791 4441 exemplum,
826 4382 882 4425 ut
907 4388 1013 4427 non
1054 4376 1104 4427 in
1147 4374 1412 4442 adjutorio
1443 4374 1757 4445 cujusquam
1784 4378 2024 4443 alterius,

2132 3198 2458 3256 exercendas
2498 3199 2894 3268 oppressiones,
2954 3199 3205 3269 injustitia
3233 3199 3467 3267 pertinet
3505 3198 3568 3251 ad
3602 3213 3701 3250 ne-

2132 3290 2293 3346 fanda
2328 3291 2549 3361 judicia.
2593 3288 2874 3359 Subjungit
2921 3290 3136 3345 tertium
3186 3288 3446 3343 modum:
3482 3288 3549 3341 Et
3592 3302 3700 3341 non

2132 3384 2317 3455 defecit
2353 3383 2417 3435 de
2449 3382 2627 3451 plateis
2667 3382 2776 3451 ejus
2822 3396 2997 3445 usura,
3044 3391 3091 3435 et
3141 3381 3309 3434 dolus.
3354 3378 3701 3434 [intendamus

2131 3475 2274 3546 quod
2306 3489 2409 3529 non
2441 3474 2593 3539 dixit,
2624 3475 2855 3540 occulte,
2883 3473 2977 3528 sed
3029 3474 3080 3527 in
3129 3473 3308 3543 plateis
3356 3472 3477 3525 talia
3530 3471 3706 3525 fuisse

2132 3566 2436 3631 commissa,
2461 3582 2577 3636 qua:
2599 3566 2682 3620 lex
2705 3581 2933 3635 superna
2960 3566 3248 3620 damnavit.
3272 3564 3345 3618 De
3373 3581 3531 3617 usura
3552 3566 3702 3619 enim

2133 3658 2331 3711 dictum
2361 3666 2477 3711 est:
2511 3656 2609 3722 Qui
2635 3657 2897 3724 pecuniam
2925 3671 3068 3709 suam
3099 3671 3199 3708 non
3228 3656 3363 3708 dedit
3392 3658 3459 3708 ad
3487 3672 3707 3709 usuram

2135 3746 2303 3819 (Psal.
2339 3762 2446 3813 stv,
2472 3745 2550 3814 5).
2584 3745 2659 3801 De
2683 3746 2804 3799 dolo
2843 3754 3018 3800 autem
3047 3763 3060 3799 :
3094 3743 3161 3798 Et
3200 3744 3335 3799 labia
3366 3755 3471 3810 tua,
3516 3762 3577 3799 ne
3627 3747 3710 3800 lo-

2131 3845 2353 3906 quantur
2374 3835 2547 3889 dolum
2572 3833 2740 3905 (Psal.
2775 3850 2959 3899 xxxut,
2990 3834 3105 3904 Li).
3163 3834 3289 3889 Haec
3334 3850 3437 3889 non
3489 3838 3707 3890 occulte

2132 3928 2315 3998 gessit,
2339 3927 2430 3982 sed
2457 3927 2848 3997 quodammodo
2872 3927 3036 3981 libera
3085 3926 3359 3996 iniquitate
3405 3928 3704 3984 commisit.

2131 4017 2301 4072 Omne
2348 4018 2488 4071 enim
2536 4015 2730 4069 malum
2785 4016 3167 4071 exsecrabilius
3196 4017 3457 4083 redditur,
3486 4018 3711 4086 quando

2135 4106 2340 4175 publica
2373 4105 2786 4175 praesumptione
2815 4114 3089 4160 tractatur.
3141 4106 3404 4161 Memento
3431 4116 3612 4161 autem
3645 4109 3715 4161 il-

2133 4198 2234 4251 lius
2262 4197 2549 4251 schematis
2574 4198 2714 4266 quod
2742 4211 2772 4251 a
2803 4207 2954 4267 parte
3010 4198 3270 4267 signiﬁcat
3322 4208 3509 4253 totum.
3556 4200 3711 4255 Multi

2133 4289 2275 4343 enim
2302 4287 2409 4341 illic
2438 4289 2639 4343 inventi
2664 4298 2785 4342 sunt
2811 4290 2900 4357 qui
2944 4304 3124 4344 sacras
3158 4290 3563 4359 praedicationes
3611 4292 3712 4348 de-

2135 4379 2269 4434 v0tis
2292 4378 2557 4433 mentibus
2585 4388 2922 4448 acceperunt.
3568 4382 3581 4387 ’

459 4464 550 4519 sed
596 4465 645 4517 iu
700 4465 862 4532 ipsius
901 4472 1104 4518 tantum
1144 4466 1457 4521 liberatione
1504 4484 1914 4536 praesumamus.
1963 4470 2028 4525 Et
2056 4480 2106 4539 ι)
2200 4472 2337 4525 Vers
2365 4472 2449 4526 l2.
2491 4471 2745 4538 Quoniam
2797 4473 2839 4524 si
2883 4472 3117 4525 inimicus
3168 4488 3305 4527 meus
3356 4472 3711 4529 maledixisset

458 4556 577 4625 quia
607 4555 813 4610 dixerat
835 4572 894 4623 se
923 4557 1166 4625 superius
1196 4558 1580 4626 perturbatum,
1605 4560 1725 4616 ideo
1752 4579 1892 4618 nunc
1913 4579 2026 4618 mo-

459 4648 563 4701 dici
593 4649 754 4701 auimi
783 4664 842 4703 se
873 4649 1036 4702 luisse
1066 4657 1311 4704 testatur.
1340 4649 1466 4703 Haec
1490 4652 1630 4705 enim
1654 4662 1709 4706 et
1730 4654 1813 4707 his
1834 4654 2028 4708 similia

458 4741 523 4794 ad
572 4742 915 4799 humanitatis
961 4750 1083 4796 sunt
1132 4742 1411 4799 referenda
1463 4754 1722 4799 naturam.
1770 4745 2026 4801 Pusillum

457 4831 595 4885 enim
621 4847 650 4886 a
679 4833 877 4901 pugillo
899 4833 1096 4887 dictum
1120 4842 1225 4899 est,
1255 4850 1474 4903 parvum
1501 4835 1697 4905 aliquid
1720 4843 1878 4906 atque
1907 4839 2026 4893 bre-

456 4924 752 4988 vissimum,
776 4934 1031 4993 quantum
1062 4927 1219 4979 unius
1240 4940 1428 4981 manus
1442 4929 1709 4996 capacitas
1738 4929 2024 4982 constricta

456 5018 626 5082 possit
662 5015 953 5071 includere.
998 5016 1368 5085 Tempeslalem
1413 5033 1543 5072 vero
1587 5018 1716 5072 dicit
1760 5020 2027 5088 procellas

454 5106 795 5171 seditionum,
818 5122 949 5175 quas
980 5107 1151 5163 Judaei
1191 5109 1505 5178 prmcipites,
1535 5109 1735 5164 similes
1773 5109 2023 5185 ﬂuctibus

458 5195 876 5249 commovebant.

531 5287 678 5340 Vers.
713 5286 765 5338 9.
802 5286 1105 5353 Pratcipita,
1145 5286 1387 5354 Domine,
1422 5298 1468 5340 et
1502 5289 1669 5341 divide
1698 5287 1901 5354 linguas
1930 5305 2022 5341 eo-

452 5394 593 5441 rum,
635 5377 872 5445 quoniam
905 5378 1009 5429 vidi
1046 5377 1364 5445 iniquitatem
1406 5388 1452 5429 et
1492 5378 1943 5431 contradictionem
1972 5380 2023 5431 in

454 5470 667 5522 ciuitate.
704 5470 795 5523 llic
824 5469 1008 5523 iud-.130
1038 5469 1232 5537 populo
1259 5468 1566 5523 salutariter
1596 5470 1938 5538 imprecetur,
1970 5470 2038 5524 ut

454 5559 712 5613 diviione
742 5562 1037 5630 linguarum
1072 5559 1285 5614 malitim
1326 5575 1436 5613 sum
1466 5576 1568 5613 non
1610 5562 1855 5627 impleret
1891 5562 2025 5615 elic-

438 5656 625 5709 ’ctutn;
656 5654 792 5706 sicut
837 5653 889 5707 iu
933 5652 1061 5705 turri
1108 5651 1191 5705 illa
1221 5650 1416 5705 factum
1449 5660 1528 5706 est
1561 5666 1719 5723 quam
1752 5661 1895 5707 metu
1928 5668 2017 5709 re-

2134 4563 2280 4630 mihi,
2304 4571 2682 4633 supportassem
2702 4562 2907 4629 utique;
2928 4573 2974 4615 et
3001 4564 3044 4615 si
3065 4564 3107 4616 is
3130 4564 3216 4633 qui
3239 4566 3410 4618 oderat
3434 4582 3529 4629 nte,
3553 4583 3709 4636 super

2132 4668 2214 4706 me
2245 4668 2431 4721 magna
2468 4653 2660 4704 locutus
2686 4652 2894 4721 fuisset,
2935 4652 3289 4706 absconderem
3329 4670 3405 4707 me
3442 4658 3615 4723 utique
3642 4659 3710 4709 ab

2130 4758 2209 4795 eo.
2237 4741 2295 4794 lu
2318 4743 2420 4794 isto
2433 4756 2591 4795 versu
2620 4749 2674 4794 et
2704 4739 2912 4795 duobus
2938 4742 3057 4794 aliis
3084 4742 3171 4810 qui
3194 4752 3511 4811 sequuntur,
3538 4745 3711 4799 Judas

2132 4832 2362 4902 perﬁdus
2409 4832 2779 4902 exprobratur,
2813 4833 2936 4901 quia
2978 4835 3153 4889 caveri
3206 4837 3492 4903 potuisset,
3525 4838 3570 4889 si
3610 4854 3710 4906 pu—

2128 4924 2299 4979 blicus
2338 4924 2521 4977 luisset
2564 4922 2829 4976 inimicus.
2870 4922 2997 4977 Nam
3035 4926 3301 4992 quomodo
3328 4941 3449 4979 eum
3484 4928 3714 4983 haberet

2128 5024 2450 5084 suspectum,
2476 5012 2562 5083 qui
2583 5012 2862 5068 videbatur
2883 5028 3001 5069 esse
3016 5016 3341 5083 discipulus?
3368 5017 3503 5071 Dicit
3524 5022 3669 5072 enim
3689 5043 3704 5071 .

2131 5105 2383 5171 Quoniam
2408 5106 2452 5157 si
2488 5104 2724 5157 inimicus
2752 5120 2890 5157 meus
2925 5106 3265 5159 maledixisset
3292 5107 3448 5174 mihi,
3484 5126 3715 5177 suppor-

2126 5206 2309 5251 tassem
2334 5198 2503 5265 utique
2534 5210 2553 5249 :
2581 5197 2701 5265 quia
2729 5210 2916 5250 revera
2943 5197 3180 5253 venisset
3207 5200 3460 5254 adversus
3486 5203 3552 5254 ad
3590 5204 3713 5271 jur-

2128 5289 2212 5357 gia
2242 5288 2555 5356 jaculanda;
2587 5298 2641 5342 et
2669 5288 2827 5343 debet
2857 5290 3116 5357 patienter
3145 5293 3321 5368 accipi
3342 5293 3481 5361 quod
3528 5295 3713 5363 inopi-

2130 5388 2307 5433 natum
2339 5396 2442 5433 non
2472 5381 2724 5447 probatur
2751 5383 2967 5436 assumi.
3001 5383 3065 5437 Et
3087 5383 3321 5453 intellige
3339 5400 3495 5453 quam
3518 5387 3713 5459 humili

2132 5473 2292 5526 verbo
2318 5489 2443 5527 usus
2468 5482 2571 5537 est,
2605 5483 2661 5526 ut
2690 5474 2911 5542 diceret,
2948 5484 3327 5543 supportassem
3347 5494 3367 5540 ;
3403 5478 3542 5546 quod
3577 5495 3714 5534 con-

2129 5564 2350 5614 ειιιιιιιιξο
2380 5563 2623 5617 humanis
2653 5564 3028 5618 calceamentis
3061 5582 3250 5619 nomen
3280 5567 3555 5633 imposuit.
3592 5572 3713 5628 Non

2131 5664 2209 5706 ρει
2240 5667 2365 5721 ergo
2407 5654 2697 5719 insolitum,
2728 5664 2780 5709 ut
2814 5656 2900 5709 ille
2924 5656 3143 5724 diceret,
3167 5668 3575 5731 supportassem,
3612 5668 3719 5736 qui
