3956 6178
284 284 374 336 589

1192 274 1553 330 EXPOSITIO
1594 273 1658 328 lN
1698 272 2156 328 PSALTERIUM.
2201 273 2390 328 i‘S.\L.
2441 273 2570 327 Lli’.

3412 286 3512 341 590

281 412 327 451 se
365 396 524 447 etiam
572 391 853 446 seirabreis
910 397 964 443 ct
1009 389 1279 442 vermibus
1327 385 1677 455 comparavit.
1711 385 1838 451 Qua:
1871 391 1919 448 Α
1945 395 1998 438 et
2049 389 2134 455 qui
2189 392 2242 438 in
2303 391 2575 439 meliorem
2626 395 2826 454 partem
2875 391 3226 451 convertitur,
3274 402 3516 443 occasum

281 493 453 552 ttgura,
498 486 634 538 sicut
670 496 816 548 saepe
848 489 1196 534 memoratum
1237 486 1340 543 est,
1381 478 1578 531 dicitur
1607 477 1848 529 metrias-

280 591 406 638 ntus,
441 573 491 625 id
515 579 598 625 est
625 570 982 624 mediocritas.
1019 568 1292 637 Sequitur,
1334 575 1379 619 et
1410 566 1452 618 si
1489 567 1532 618 is
1565 565 1649 633 qui
1675 565 1852 618 oderat

281 682 374 725 me,
401 679 557 727 super
587 677 666 713 me
701 675 886 728 magna
925 660 1122 710 locutus
1151 659 1348 726 fuisset,
1376 656 1737 708 absconderem
1773 670 1852 706 me

281 755 441 820 utique
470 750 533 802 ab
561 765 638 802 eo.
690 749 824 801 llinc
862 762 1073 816 quoque
1112 747 1373 799 mirabilis
1413 747 1676 814 patientiae
1710 761 1850 798 mon-

283 853 471 896 Stratur
502 839 842 908 exemplum;
884 848 941 891 ut
987 838 1217 892 inimicis
1271 853 1486 906 magna,
1539 836 1591 890 id
1639 844 1721 889 est
1764 850 1853 890 su-

285 932 437 999 perba
481 929 822 999 loquentibus
865 943 966 980 non
1018 930 1071 982 in
1112 929 1480 982 tontentiones
1528 937 1851 995 erumperet,

281 1033 363 1075 aut
391 1023 572 1090 aliqua
613 1021 960 1074 altercatione
1007 1021 1311 1088 resisteret,
1351 1021 1442 1074 sed
1473 1021 1643 1072 locum
1677 1019 1855 1073 verbis

283 1113 428 1165 daret
453 1111 674 1164 insanis.
713 1111 773 1163 Et
806 1125 870 1163 ne
897 1110 1071 1162 adhuc
1091 1121 1328 1164 sanctam
1359 1120 1587 1163 mentem
1622 1112 1856 1163 malevo-

284 1204 446 1256 lorum
472 1217 652 1255 sermo
674 1209 1005 1270 sequeretur,
1039 1215 1096 1254 se
1129 1200 1258 1253 dixit
1284 1201 1620 1262 abscondere;
1651 1207 1707 1251 ut
1735 1213 1858 1266 pro-

283 1293 472 1346 cacitas
521 1290 827 1346 necessario
870 1290 1170 1356 desineret,
1212 1306 1328 1343 cum
1357 1290 1720 1343 adversarium
1748 1303 1858 1342 non

284 1382 504 1434 videret.

248 1475 264 1523 .
352 1471 507 1526 Vers.
540 1471 625 1526 15.
661 1469 735 1523 Tu
777 1486 892 1524 vero
938 1469 1088 1524 homo
1133 1468 1386 1522 unanimis
1427 1483 1445 1521 :
1484 1472 1592 1523 duo:-
1620 1485 1779 1538 meus,
1809 1479 1859 1523 et

284 1572 427 1616 notus
459 1579 625 1616 meus.
662 1562 758 1616 llic
796 1570 850 1616 et
885 1575 1115 1632 sequens
1153 1574 1337 1614 versus
1379 1561 1704 1630 increpative
1744 1563 1860 1631 qui-

284 1654 393 1707 dem
430 1652 640 1722 legendi
672 1660 816 1707 sunt.
852 1652 956 1708 Sed
985 1651 1388 1705 consideremus
1409 1652 1508 1706 sub
1521 1665 1622 1720 qua
1649 1653 1856 1720 patien-

1953 472 2141 541 prioris
2167 475 2585 527 conversationis
2617 474 2804 527 merito
2843 475 3105 542 reperisse
3129 477 3418 543 iudicatur.
3452 477 3516 530 In

1953 565 2202 634 infernum
2232 575 2406 618 autem
2453 567 2761 618 descendunt
2801 568 3053 633 viventes,
3099 569 3236 622 sicut
3279 571 3526 637 parvitati

1951 665 2150 707 nostrae
2179 655 2404 719 videtur,
2438 655 2526 723 qui
2552 656 2899 723 Cogitationes
2927 672 3050 711 suas
3076 659 3332 725 pessimus
3361 675 3519 726 expa-

1953 753 2193 809 vescunt,
2228 755 2279 798 ct
2308 745 2371 798 ad
2404 747 2638 798 melioris
2673 747 3017 801 institutionis
3045 750 3307 803 tramitem
3342 751 3523 804 divina

1951 833 2116 900 gratia
2158 819 2570 887 transferuntur.
2605 833 2692 888 Sic
2718 836 2858 888 enim
2902 837 3050 904 quasi
3082 839 3132 890 in
3166 839 3420 907 infernum
3453 841 3536 892 vi-

1957 933 2118 975 rentes
2148 925 2536 984 descendimus,
2567 924 2779 992 quando
2812 925 3067 978 malorum
3106 939 3403 983 nostrorum
3440 945 3531 983 re-

1953 1016 2258 1068 cordatione
2283 1025 2561 1070 terremur.
2588 1016 2698 1068 Tali
2722 1015 2977 1084 siquidem
3009 1017 3277 1072 intellectu
3328 1021 3519 1087 praedi-

1961 1111 2098 1157 ctam
2131 1104 2406 1158 evadimus
2428 1105 2794 1172 quaestionem.
2826 1105 2975 1159 Juste
3011 1121 3219 1173 quoque
3249 1107 3365 1160 illos
3393 1109 3530 1176 petit

1954 1193 2214 1258 converti,
2245 1194 2328 1262 qui
2363 1195 2414 1246 in
2445 1208 2541 1248 suo
2573 1202 2788 1262 pectore
2819 1196 2967 1263 quasi
3003 1196 3054 1248 in
3087 1196 3312 1263 quodam
3343 1198 3525 1264 hospi-

1957 1283 2030 1335 tio
2060 1283 2349 1350 nequitiam
2382 1292 2749 1348 susceperunt.
2793 1285 2858 1336 Et
2899 1285 3033 1337 bene
3077 1285 3242 1349 dixit,
3272 1287 3526 1353 hospitio;

1957 1383 2014 1427 ut
2043 1374 2348 1428 ostenderet
2374 1375 2631 1428 malitiam
2665 1390 2768 1427 non
2806 1390 2924 1430 esse
2955 1378 3269 1442 naturalem,
3301 1379 3392 1432 sed
3421 1380 3520 1432 ad-

1956 1463 2174 1517 ventitia
2198 1464 2423 1530 quadam
2448 1463 2803 1532 hospitalitate
2833 1473 3152 1533 susceptam.
3177 1466 3327 1532 Quod
3349 1479 3524 1524 autem

1958 1553 2112 1618 dixit,
2137 1555 2191 1607 in
2221 1555 2406 1619 medio,
2431 1554 2672 1623 designat
2700 1555 2984 1622 praecordia
3011 1571 3226 1622 eorum;
3268 1568 3323 1612 ut
3348 1561 3530 1628 perni-

1959 1642 2250 1697 ciosissima
2279 1643 2530 1714 cogitatio
2568 1654 2970 1713 monstraretur,
3001 1662 3121 1715 qua:
3163 1661 3259 1702 cor
3298 1649 3528 1704 hominis

287 1748 342 1801 tia
375 1763 390 1799 :
421 1746 597 1800 adhuc
621 1745 897 1809 unanimis,
922 1743 1094 1799 adhuc
1116 1745 1243 1810 dux,
1274 1743 1444 1798 adhuc
1469 1753 1616 1798 notus
1641 1744 1853 1811 dicitur,
1887 1744 1932 1803 B
1959 1734 2252 1790 Obtinebat.

284 1837 362 1906 qui
389 1837 600 1891 futurus
623 1836 811 1899 hostis,
831 1845 887 1890 et
903 1834 1301 1890 crudelissimus
1326 1834 1548 1888 traditur
1561 1850 1654 1904 per
1674 1836 1850 1889 omnia

286 1928 626 1980 noscebatur.
662 1924 930 1979 Unanimis
971 1923 1037 1978 ad
1085 1923 1212 1978 illud
1252 1924 1501 1992 pertinet,
1559 1925 1678 1994 quia
1716 1925 1855 1980 inter

285 2015 554 2076 apostolos
594 2014 720 2076 fuit;
769 2013 902 2076 dux,
949 2013 1197 2080 quoniam
1239 2012 1304 2065 ad
1355 2015 1500 2066 vicos
1543 2022 1597 2068 et
1633 2014 1854 2068 castella

285 2105 592 2171 praemissus
620 2111 724 2163 est,
759 2111 817 2155 ut
847 2101 1225 2170 prtedicatione
1269 2101 1415 2155 verbi
1459 2101 1618 2156 rudes
1645 2104 1854 2158 animos

285 2195 581 2248 imbuisset.
621 2191 810 2246 Ducem
853 2207 983 2246 vero
1033 2193 1165 2246 bene
1211 2191 1437 2247 dicimus
1484 2193 1687 2247 itineris
1728 2208 1856 2262 pras-

284 2300 578 2338 rttrsurem.
615 2282 786 2336 Notus
817 2291 992 2336 autem
1021 2282 1085 2336 ad
1128 2283 1256 2337 illud
1291 2285 1542 2353 pertinet,
1572 2283 1713 2354 quod
1739 2285 1856 2352 ejus

285 2376 513 2441 proditio
578 2373 742 2426 fuisse
791 2387 894 2425 non
950 2373 1201 2439 probatur
1251 2373 1592 2438 abscondita,
1643 2374 1856 2442 quando

285 2465 526 2518 Christus
557 2463 814 2516 Dominus
847 2461 1156 2516 traditorem
1201 2477 1322 2516 eum
1365 2463 1416 2516 in
1448 2465 1673 2517 convivii
1705 2463 1854 2534 [ed.,

284 2552 584 2624 communi]
613 2556 916 2623 epulatione
957 2553 1227 2622 prmdixit;
1273 2563 1325 2607 et
1368 2553 1475 2608 alio
1518 2553 1635 2608 loco
1675 2554 1801 2608 dicit
1840 2572 1853 2607 :

288 2647 472 2701 Nonne
500 2665 594 2717 ego
626 2663 710 2700 vos
740 2647 1006 2699 duodecim
1033 2646 1202 2716 elegi?
1227 2647 1318 2700 sed
1346 2663 1476 2700 unus
1498 2663 1562 2702 ea:
1588 2648 1726 2702 vobis
1747 2648 1860 2701 dia-

285 2744 420 2795 bolus
449 2755 526 2794 est
565 2739 739 2812 (Ialm.
773 2757 842 2804 γι,
875 2742 933 2794 Ἠ

351 2831 511 2886 Vers.
550 2831 633 2885 14.
668 2831 766 2896 Qui
805 2830 962 2882 simul
992 2846 1182 2883 mecum
1213 2830 1386 2884 dulces
1413 2829 1651 2897 cupiebas
1674 2831 1810 2884 cibos
1842 2845 1861 2884 :

283 2921 332 2972 in
363 2922 521 2973 domo
555 2919 649 2973 Dei
689 2918 1053 2972 ambulaviinus
1092 2935 1210 2972 cum
1247 2934 1518 2972 consensu.
1548 2919 1864 2973 Grandescit

285 3013 472 3078 culpa,
517 3009 604 3064 cui
637 3009 780 3080 [ed.,
807 3007 967 3079 cum]
999 3010 1253 3064 beneiicia
1297 3019 1611 3078 reputantur
1645 3010 1859 3067 eximia.

2027 1833 2180 1888 Vers.
2211 1833 2296 1889 16.
2327 1832 2436 1904 Ego
2456 1841 2622 1888 autem
2641 1833 2708 1887 ad
2735 1831 2898 1887 Deum
2925 1834 3140 1888 clamavi
3171 1843 3257 1889 :et
3278 1835 3530 1891 Dominus

1954 1924 2212 1977 exaudivit
2243 1940 2340 1977 me.
2374 1923 2627 1977 Malorum
2659 1923 3135 1992 increpationibus,
3180 1934 3236 1978 ut
3283 1926 3526 1991 decebat,

1956 2014 2277 2082 praemissis,
2318 2013 2385 2067 ad
2425 2028 2519 2068 sua
2561 2013 2824 2068 desideria
2869 2023 3099 2083 votaque
3144 2017 3428 2082 remeavit,
3460 2031 3529 2072 ex

1955 2105 2123 2160 forma
2151 2106 2289 2161 servi
2321 2105 2482 2160 verba
2511 2105 2850 2174 depromens.
2881 2104 3129 2159 Clamavit
3157 2107 3299 2161 enim
3328 2108 3524 2177 iugiter

1953 2199 2022 2251 ad
2055 2197 2237 2261 Deum,
2275 2197 2364 2266 qui
2397 2211 2456 2251 se
2483 2197 2660 2252 divina
2697 2200 3104 2252 conversatione
3143 2199 3422 2266 tractavit;
3475 2209 3528 2256 et

1955 2301 2287 2357 consequens
2315 2295 2430 2342 erat
2475 2287 2623 2341 illum
2653 2286 2919 2352 exaudiri,
2951 2288 3039 2356 qui
3067 2302 3095 2342 a
3131 2289 3405 2357 majestate
3431 2303 3529 2344 sua

1956 2394 2060 2434 non
2103 2387 2311 2447 poterat
2351 2379 2636 2449 segregari.
2679 2377 2829 2445 Quod
2877 2378 3091 2432 schema
3133 2378 3325 2434 dicitur
3366 2394 3522 2448 pros-

1957 2470 2207 2539 phonesis
2227 2510 2241 2534 ,
2273 2469 2459 2524 Latine
2497 2468 2815 2524 exclamatio
2843 2484 2861 2524 :
2888 2469 3095 2538 quoties
3121 2470 3259 2524 inter
3279 2469 3380 2524 alia
3405 2485 3524 2541 qua:

1958 2562 2240 2631 loquimur,
2281 2561 2346 2614 ad
2381 2562 2544 2615 Deum
2567 2560 2743 2614 subito
2765 2560 2923 2616 verba
2945 2561 3324 2616 convertimus.

2026 2666 2180 2720 Vers.
2215 2666 2301 2720 17.
2345 2663 2574 2735 Vespere,
2605 2674 2651 2718 et
2682 2681 2858 2730 mane,
2891 2673 2938 2720 et
2977 2667 3187 2720 meridie
3227 2667 3446 2720 narrabo
3477 2675 3526 2720 et

1964 2760 2120 2831 185
2135 2758 2465 2823 annuntiabo,
2489 2769 2537 2813 et
2558 2757 2788 2811 exaudiet
2808 2773 2977 2810 vocem
3001 2773 3182 2810 meam.
3199 2756 3530 2812 lntcndamus

1960 2852 2160 2911 animo,
2192 2848 2313 2918 quia
2346 2848 2461 2902 haec
2483 2847 2641 2900 verba
2674 2838 2868 2916 magna
2889 2855 3221 2901 sacramenta
3259 2848 3410 2901 nobis
3436 2848 3530 2901 de—

1960 2943 2222 2995 nuntiant.
2253 2937 2464 3004 Vespere
2478 2938 2740 3007 signiﬁcat
2757 2947 2964 3006 tempus
2983 2937 3300 3003 traditionis,
3323 2937 3534 3006 quando

1965 3047 2086 3086 eum
2116 3030 2280 3084 Judas
2309 3027 2619 3082 cohortibus
2647 3028 2884 3082 noscitur
2915 3027 3209 3095 prodidisse
3248 3029 3534 3097 quaerenti-

287 3102 437 3167 Quod
482 3100 700 3155 schema
731 3100 926 3154 dicitur
965 3100 1254 3168 emphasis.
1299 3099 1429 3154 Nam
1469 3101 1674 3168 qmevis
1704 3103 1862 3156 mali-

1970 3123 2089 3174 hus.
2119 3119 2294 3184 Mane,
2336 3134 2456 3172 cum
2487 3118 2551 3171 ad
2595 3118 2839 3172 Pontium
2883 3118 3109 3172 Pilatum
3139 3119 3425 3187 perductus
3454 3127 3536 3172 est

286 3191 458 3258 gnitas
485 3192 728 3245 ciborum
755 3205 968 3258 semper
989 3191 1318 3245 comestione
1343 3191 1607 3258 mitescit;
1643 3205 1742 3246 nec
1767 3207 1857 3246 so-

287 3281 354 3334 let
381 3296 508 3336 esse
539 3294 734 3346 saevus,
763 3280 852 3347 qui
883 3279 1052 3333 dulcis
1075 3293 1275 3334 mensa:
1309 3280 1694 3348 gratiﬁcatione
1725 3280 1863 3335 deli-

289 3373 450 3426 nitur.
491 3369 743 3441 Congrue
769 3370 1029 3440 siquidem
1064 3373 1369 3439 corporales
1397 3373 1545 3426 cibos
1571 3373 1734 3427 stulto
1764 3374 1863 3426 ho-

287 3463 412 3516 mini
448 3461 826 3530 cognoscimus
851 3461 1160 3529 imputatos,
1183 3476 1318 3530 quos
1341 3461 1429 3516 ille
1451 3471 1652 3517 tantum
1677 3463 1860 3520 dulces

291 3566 500 3624 poterat
556 3557 845 3611 aestimare.
890 3556 1021 3611 Nam
1064 3557 1110 3612 si
1161 3558 1486 3628 dogmaticos
1514 3561 1694 3628 cibos,
1733 3577 1865 3632 quos

291 3659 408 3704 ante
436 3659 773 3719 prrceperat,
806 3653 1040 3708 retinere
1067 3654 1346 3717 voluisset,
1372 3655 1436 3708 ad
1461 3665 1662 3714 tantum
1691 3658 1864 3711 sacri-

291 3740 483 3809 legium
519 3758 624 3795 non
656 3745 860 3798 veniret
891 3760 904 3796 :
929 3744 996 3799 de
1026 3745 1218 3813 quibus
1238 3746 1370 3801 cibis
1401 3746 1643 3802 ﬁdelibus
1663 3747 1863 3802 dictum

293 3843 367 3884 est
400 3849 415 3885 :
445 3830 668 3886 Gustate
711 3843 758 3887 et
803 3833 964 3886 videte
1011 3836 1248 3904 quoniam
1287 3836 1456 3890 suavis
1485 3847 1572 3890 est
1620 3837 1866 3892 Dominus

294 3922 475 3992 (Psal.
537 3940 727 3991 xxxnt,
753 3927 846 3999 9).
901 3931 1172 3999 Sequitur,
1213 3932 1267 3984 in
1305 3930 1453 3983 domo
1496 3927 1592 3983 Dei
1634 3931 1868 3984 ambula-

294 4016 449 4070 aimus
476 4034 596 4070 cum
625 4035 895 4088 consensu,
921 4021 971 4075 id
997 4032 1080 4076 est
1105 4023 1156 4077 in
1180 4023 1378 4090 templo
1399 4021 1865 4091 Jerosolymitano,

293 4106 380 4160 ubi
414 4108 557 4162 inter
586 4110 702 4177 ejus
745 4111 1032 4167 videbatur
1075 4127 1198 4168 esse
1243 4112 1562 4180 discipulos;
1607 4120 1667 4165 ut
1709 4111 1868 4166 simul

294 4210 514 4252 vocatus
556 4200 857 4268 incederet,
907 4202 1064 4255 simul
1103 4204 1218 4271 ejus
1263 4202 1483 4271 collegia
1530 4210 1864 4271 sequeretur.

291 4283 582 4342 Consensus
607 4291 748 4345 enim
779 4291 968 4359 perﬁdi
1002 4294 1230 4347 hominis
1252 4293 1315 4346 ad
1338 4292 1704 4346 conventicula
1746 4306 1868 4361 pro-

292 4380 596 4432 cessionum
641 4383 895 4449 pertinet,
949 4397 1057 4436 non
1099 4382 1164 4436 ad
1214 4384 1466 4452 propositi
1509 4381 1866 4436 ﬁrmissimam

1964 3209 2275 3264 audiendus.
2307 3207 2545 3273 Meridie,
2577 3210 2702 3278 quia
2746 3207 2876 3261 hora
2904 3216 3087 3273 sexta,
3119 3218 3176 3262 ut
3206 3209 3536 3279 evangelista

1967 3301 2118 3366 dicit,
2151 3301 2202 3354 in
2235 3314 2393 3354 cruce
2421 3313 2713 3368 suspensus
2737 3308 2838 3352 est.
2869 3298 3114 3352 Meridies
3144 3299 3340 3367 quippe
3365 3299 3536 3354 dictus

1964 3399 2066 3456 est,
2099 3391 2249 3459 quasi
2287 3391 2494 3444 medius
2526 3389 2658 3443 dies.
2694 3389 2786 3443 llis
2815 3391 3192 3458 consequentia
3227 3391 3386 3444 verba
3418 3392 3538 3446 red-

1963 3482 2180 3537 duntur.
2217 3479 2460 3533 Narrabo
2491 3480 2718 3550 pertinet
2750 3481 2814 3534 ad
2847 3496 3122 3548 vesperam
3156 3497 3170 3534 :
3203 3481 3327 3550 quia
3357 3485 3534 3536 omnia

1967 3570 2200 3625 locutum
2227 3579 2456 3634 constat,
2485 3585 2602 3639 qua:
2627 3569 2791 3625 Judas
2821 3572 3176 3639 nequissimus
3213 3572 3390 3627 facere
3418 3573 3533 3627 dis-

1966 3661 2218 3729 ponebat.
2249 3661 2596 3725 Annuntiabo,
2620 3661 2684 3714 ad
2710 3675 2863 3714 mane
2893 3663 3201 3730 respondet,
3226 3663 3436 3732 quando
3461 3664 3539 3716 di-

1965 3759 2118 3806 cente
2145 3749 2311 3804 Pilato
2345 3766 2357 3802 :
2394 3749 2469 3802 Tu
2493 3767 2545 3803 es
2572 3767 2661 3804 rex
2685 3750 2987 3805 Judazorum
3016 3751 3192 3822 (Joan.
3223 3769 3375 3819 xvm,
3409 3753 3531 3825 55);

1965 3837 2298 3893 Annuntiavit
2329 3855 2349 3893 :
2380 3838 2443 3892 In
2473 3840 2567 3894 hoc
2603 3851 2753 3894 natus
2783 3858 2926 3907 sum,
2977 3852 3030 3896 et
3071 3853 3261 3896 caetera
3306 3859 3425 3912 qua:
3469 3845 3540 3899 ibi

1966 3929 2218 3985 dieuntur
2258 3945 2286 3983 a
2331 3931 2576 3984 Domino.
2603 3931 2787 3985 Junxit
2816 3933 3001 3997 etiam,
3034 3941 3081 3985 et
3106 3934 3343 3986 exaudiet
3371 3951 3540 3986 vocem

1966 4035 2162 4084 meam;
2183 4019 2250 4075 ad
2279 4021 2538 4073 meridiem
2570 4023 2820 4090 pertinet,
2852 4021 3064 4089 quando
3090 4022 3144 4073 in
3167 4036 3325 4076 cruce
3354 4023 3494 4075 dixit
3525 4039 3539 4074 :

1969 4111 2378 4164 Consummatum
2400 4119 2500 4174 est;
2529 4120 2574 4162 et
2604 4111 2768 4163 emisit
2796 4111 3028 4177 spirisum
3055 4110 3240 4180 (Joan.
3285 4127 3393 4176 xix,
3428 4112 3541 4181 '50).

1967 4204 2011 4258 0
2043 4204 2170 4257 mira
2204 4203 2466 4257 brevitas!
2508 4201 2563 4255 In
2611 4202 2711 4255 hoc
2755 4217 2859 4255 uno
2893 4203 3158 4256 versiculo
3186 4211 3290 4256 tam
3326 4219 3542 4272 magnus

1971 4304 2126 4348 actus
2154 4293 2244 4348 ille
2275 4303 2515 4347 narratus
2537 4301 2638 4359 est,
2667 4303 2721 4347 ut
2749 4293 2887 4362 quod
2917 4294 2968 4345 in
2997 4294 3082 4347 illa
3137 4294 3414 4349 latitudine
3451 4309 3546 4349 co-

1977 4385 2253 4456 gnoscitur
2275 4384 2598 4454 expositum,
2623 4385 2676 4437 in
2699 4386 2797 4438 hac
2814 4384 3072 4438 brevitate
3093 4384 3404 4452 probaretur
3428 4399 3551 4440 esse

293 4473 655 4527 sanctitatem.
690 4475 754 4528 Et
785 4485 842 4529 ut
882 4477 1038 4531 nobis
1083 4476 1326 4530 absoluta
1369 4479 1649 4532 verborum
1706 4480 1873 4546 possit
1901 4477 2280 4547 Dcollectum.

264 4569 445 4645 istare
473 4565 776 4628 contextio,
820 4566 906 4620 isti
946 4577 1001 4621 et
1039 4567 1299 4638 superiori
1341 4569 1518 4623 versui
1545 4567 1873 4638 jungendum

262 4653 399 4766 ‘est,
435 4668 528 4709 cur
554 4671 641 4710 me
671 4657 950 4711 tradebas?

373 4746 506 4766 ιι---
567 4749 630 4766 ..ρ
806 4750 818 4761 .
858 4758 871 4766 ι

373 4746 527 4801 Vers.
562 4749 652 4802 i5.
690 4748 872 4802 Veniat
907 4767 1042 4804 mors
1071 4767 1224 4821 super
1249 4767 1362 4816 eos,
1404 4762 1451 4805 et
1483 4751 1792 4806 descendant
1822 4751 1875 4803 in

295 4836 558 4904 infernum
577 4837 793 4892 viventes
813 4854 834 4892 :
851 4841 1090 4908 quoniam
1110 4843 1330 4910 nequitia
1351 4841 1402 4894 in
1425 4840 1657 4908 hospitiis
1677 4855 1872 4904 eorum,

298 4936 350 4986 in
387 4937 827 5006 rnedioipsorum.
859 4938 992 4993 Cum
1022 4939 1090 4994 de
1115 4940 1250 4994 Juda
1277 4939 1520 5009 superius
1542 4939 1880 5008 singulariter

298 5025 371 5076 sit
394 5025 767 5093 Iocutus,nunc
790 5042 883 5096 per
898 5028 1216 5084 sententiam
1240 5031 1538 5083 communis
1567 5043 1736 5096 poenas
1755 5042 1878 5082 con-

301 5115 528 5170 vertitur
549 5117 613 5171 ad
635 5116 868 5172 Judaos.
892 5117 998 5173 Sed
1027 5133 1242 5174 movere
1266 5128 1438 5188 potest
1457 5133 1622 5188 quare
1646 5118 1839 5172 dixerit
1864 5135 1878 5171 :

311 5200 497 5258 Veniat
521 5223 656 5262 mors
685 5224 837 5278 super
858 5208 995 5271 illos.
1027 5217 1081 5264 et
1104 5209 1397 5278 subiunxit,
1420 5220 1468 5264 et
1490 5210 1797 5264 descendant
1826 5208 1880 5260 in

299 5296 560 5363 infernum
600 5301 837 5366 viventes,
880 5301 1019 5370 quod
1061 5301 1242 5370 utique
1275 5301 1387 5357 ﬁeri
1430 5316 1537 5357 non
1581 5309 1786 5370 potest,
1819 5309 1880 5354 ut

301 5397 360 5438 et
395 5390 647 5444 moriatur
677 5391 892 5461 aliquis,
927 5401 981 5446 et
1024 5393 1174 5447 vivus
1216 5392 1505 5447 descendat
1544 5391 1609 5445 ad
1649 5391 1871 5446 inferos.

302 5476 420 5529 Sed
464 5480 556 5534 hoc
595 5481 763 5550 magis
805 5483 1154 5551 spiritualiter
1183 5483 1550 5552 accipiendum
1596 5490 1711 5546 est;
1759 5481 1881 5550 quia

303 5581 465 5619 more
491 5585 584 5626 suo
599 5572 1024 5628 emendationem
1054 5576 1220 5644 magis
1243 5590 1397 5645 quam
1420 5575 1880 5642 consumptionem

286 5656 495 5745 ‘venire
520 5663 742 5730 postulat
763 5663 1010 5719 inimicis.
1037 5663 1174 5719 Mors
1200 5667 1341 5722 enim
1365 5664 1556 5720 dicitur
1578 5663 1698 5719 vitae
1725 5661 1879 5728 linis;

2049 4566 2202 4622 Vers.
2238 4565 2322 4620 18.
2351 4565 2604 4619 Liberavit
2651 4565 2702 4617 in
2749 4580 2872 4634 pace
2901 4564 3125 4617 animum
3165 4579 3330 4616 meam
3377 4565 3440 4617 ab
3468 4565 3551 4618 his

1979 4655 2068 4726 qui
2092 4657 2504 4726 appropinquant
2547 4655 2694 4722 mihi,
2725 4656 2965 4724 quoniam
3007 4655 3139 4706 inter
3173 4656 3362 4706 multos
3406 4664 3551 4713 erant

1980 4765 2194 4803 mecum.
2217 4748 2324 4803 lloc
2347 4758 2427 4802 est
2456 4748 2596 4816 quod
2620 4747 2865 4814 superius
2890 4746 3188 4799 exauditam
3219 4745 3346 4798 dicit
3366 4759 3544 4798 vocem

1981 4853 2155 4903 suam,
2189 4847 2246 4893 ut
2267 4837 2672 4892 resurrectionis
2695 4837 2951 4890 beneﬁcio
2982 4837 3095 4904 eius
3122 4836 3292 4909 animo
3313 4836 3544 4888 liberare-

1981 4937 2066 4982 tur
2093 4930 2144 4982 in
2167 4942 2309 4998 pace.
2347 4929 2409 4982 Et
2432 4943 2462 4983 a
2487 4928 2678 4997 quibus
2706 4929 3004 4980 liberaretur
3043 4937 3434 4995 consequenter
3455 4941 3545 4980 ex-

1981 5019 2162 5090 ponit:
2193 5019 2255 5072 ab
2283 5019 2363 5073 his
2389 5019 2591 5073 scilicet
2622 5019 2708 5084 qui
2731 5017 3147 5088 apprOpinquant
3173 5017 3315 5069 mihi.
3351 5016 3422 5070 Do
3451 5016 3553 5069 illis

1981 5110 2107 5166 dicit
2151 5111 2240 5180 qui
2291 5111 2534 5165 laudibus
2582 5109 2716 5164 lictis
2763 5109 2988 5164 reddere
3035 5109 3350 5162 videbantur
3398 5108 3555 5161 obse-

1981 5205 2184 5274 quium,
2231 5210 2286 5258 et
2331 5201 2493 5257 corde
2543 5200 2787 5256 favebant
2832 5199 3178 5253 nihilominus
3227 5197 3474 5258 iuimiais.
3517 5219 3545 5257 a

1981 5295 2172 5357 quibus
2214 5293 2405 5347 merito
2450 5293 2679 5344 animam
2729 5305 2879 5344 suam
2926 5290 3053 5343 dicit
3099 5303 3218 5342 esse
3249 5287 3551 5340 liberatam.

1983 5387 2108 5439 Erat
2144 5386 2284 5439 enim
2313 5384 2683 5453 gravissimum
2718 5382 3007 5436 inimicitia:
3036 5393 3201 5449 genus
3231 5393 3352 5432 esse
3391 5388 3554 5432 θοι-ιω

1984 5477 2338 5536 adversarios,
2371 5487 2425 5528 et
2455 5476 2632 5543 lingua
2667 5474 2918 5528 simulare
2949 5473 3200 5526 devotos.

2061 5567 2210 5622 Vers.
2244 5567 2327 5620 19.
2363 5565 2614 5619 Exaudiet
2653 5564 2811 5629 Deus,
2845 5572 2891 5615 et
2922 5561 3206 5614 humiliabit
3236 5575 3340 5624 eos,
3369 5560 3455 5626 qui
3484 5563 3556 5608 est

1988 5666 2104 5712 ante
2143 5658 2348 5712 stvcula.
2411 5659 2661 5714 Exaudiet
2706 5659 2888 5726 utique
2932 5658 3202 5726 superiora
3248 5670 3366 5726 qua:
3413 5653 3548 5709 dicta
