3956 6178
402 361 496 417 3M

1609 359 1650 410 fil
1663 399 1675 410 .
1719 361 1756 410 Α
1769 355 1994 411 Ui‘tELil
2037 354 2118 407 (Ἀ
2129 351 2443 408 δειυυοιιι

2251 147 2284 174 b

3549 349 3651 401 592

399 487 545 534 sunt.
579 477 882 531 Humiliabit
927 487 1030 539 eos,
1059 473 1260 527 scilicet
1295 470 1362 525 ad
1391 469 1748 532 credendum;
1795 475 1853 522 ut
1882 466 1970 536 qui
2000 469 2050 524 Α
2076 479 2107 514 α
2131 461 2238 514 Deo
2252 460 2447 526 venisti,
2465 468 2510 514 et
2533 460 2664 512 vium
2695 459 2783 513 Dei
2807 459 2856 510 in
2881 459 3085 511 veritate
3113 455 3487 526 doces(.i!utth.
3507 473 3649 518 xxii,

401 587 494 637 per
523 568 821 636 superbiam
851 565 1007 617 ﬁdem
1031 557 1432 618 declinaverant
1457 560 1839 623 Christianam,
1874 571 1968 625 per

401 659 747 712 humilitatem
781 656 972 708 iterum
1007 655 1186 708 lumen
1221 652 1457 706 veritatis
1487 659 1795 719 agnoscant.
1835 647 1964 702 Nam

399 749 536 816 quod
567 747 804 800 additum
835 755 934 808 est,
958 745 1044 813 qui
1071 754 1142 797 est
1177 754 1294 796 ante
1322 741 1530 809 saecula,
1555 741 1783 794 Verbum
1806 738 1963 807 signi-

401 845 584 894 ticatur
611 849 932 892 comternum
981 838 1120 891 Patri
1152 855 1164 888 :
1201 851 1269 890 ne
1295 853 1358 892 ex
1389 834 1841 904 tempore‘aliquo
1867 847 1965 886 ex-

399 932 596 988 stitisse
631 929 897 983 videretur
925 929 1012 997 qui
1053 929 1243 982 smcuia
1277 927 1478 981 creavit
1503 926 1771 979 universa.
1805 922 1968 977 Tem-

403 1036 500 1088 pus
531 1023 670 1074 enim
703 1029 825 1074 tunc
853 1019 1036 1088 cmpit,
1065 1020 1277 1088 quando
1326 1018 1555 1074 mundus
1595 1017 1822 1085 sumpsit
1869 1015 1968 1068 ini-

401 1113 551 1165 tium.
599 1109 820 1164 Desinat
865 1125 991 1178 ergo
1037 1110 1352 1164 Arianorum
1410 1109 1596 1162 insana
1652 1106 1965 1170 temeritas,

399 1205 702 1258 Creatorem
733 1212 1032 1269 temporum
1071 1201 1358 1268 prmdicare
1402 1199 1500 1254 sub
1546 1211 1814 1266 tempore;
1842 1197 1968 1248 dum

398 1305 692 1347 coaeternus
721 1293 883 1356 Patri,
903 1304 955 1346 et
986 1291 1470 1354 consubstantialis,
1493 1282 1613 1344 cum
1641 1297 1826 1342 sancto
1851 1287 1968 1354 Spi-

403 1387 504 1436 ritu
537 1383 1034 1438 inconnnutabiliter
1083 1382 1380 1450 unigenitus
1431 1380 1593 1434 Fiiius
1643 1383 1966 1448 perseverat.

471 1474 628 1527 Vers.
657 1475 744 1526 20.
781 1473 902 1525 Non
925 1484 996 1524 est
1040 1473 1174 1524 enim
1201 1471 1302 1522 illis
1329 1470 1669 1532 commutatio,
1703 1477 1749 1520 et
1777 1483 1878 1520 non
1905 1467 1969 1518 ti-

401 1573 628 1618 muerunt
662 1561 842 1616 Deum.
876 1561 1158 1630 lnterjecto
1201 1561 1556 1628 dinpsalmale
1593 1561 1734 1612 venit
1769 1559 1834 1612 ad
1865 1571 1970 1612 ter-

402 1663 524 1710 tiam
553 1667 774 1725 partem.
807 1654 957 1708 Prius
987 1653 1126 1707 enim
1162 1652 1314 1706 solita
1351 1653 1544 1720 pietate
1585 1651 1826 1706 converti
1865 1664 1966 1718 op-

401 1747 528 1800 taait
572 1761 850 1800 erranu-s:
885 1760 1024 1798 mmc
1065 1745 1256 1798 virtute
1305 1743 1598 1797 divinitatis
1648 1757 1758 1796 sure
1789 1741 1970 1796 futura

2083 549 2192 620 16).
2241 551 2298 604 ιιι
2345 550 2548 604 mundo
2577 549 2716 602 enim
2745 548 2870 617 quid
2915 549 3083 601 lenius
3113 548 3264 600 oleo?
3292 547 3395 600 Sed
3427 563 3654 618 exagge-

2076 641 2337 695 rationem
2367 641 2585 694 nimiam
2611 655 2770 708 supra
2816 639 2990 692 oleum
3017 637 3339 706 perfidorum
3373 653 3654 692 sermones

2073 734 2197 789 dicit
2238 749 2358 790 esse
2401 735 2669 799 mellitos,
2711 749 2780 788 ne
2831 741 2981 788 tanto
3021 733 3206 786 sceleri
3257 747 3348 798 par
3393 733 3656 800 potuisset

2074 825 2276 893 aliquid
2321 825 2572 878 inveniri.
2610 823 2719 894 Ipsi
2760 824 2926 878 etiam
2967 823 3176 890 fuerunt
3213 823 3412 890 jacula,
3443 821 3656 890 quando

2073 915 2320 970 dixerunt
2351 932 2366 972 :
2402 917 2535 972 Reus
2586 927 2656 970 est
2701 917 2879 969 mortis
2933 914 3147 987 (Matth.
3199 930 3344 980 xxvr,
3395 915 3517 984 6(3);
3553 915 3656 970 hoc

2074 1009 2220 1062 enim
2251 1023 2528 1062 sermones
2557 1008 2630 1061 illi
2667 1008 2956 1076 probantur
2985 1006 3246 1072 eﬂecisse,
3279 1006 3419 1075 quod
3442 1008 3652 1076 jacuta.

2071 1100 2116 1154 0
2147 1101 2474 1155 exsecranda
2517 1101 2800 1154 diver—itas
2830 1101 3066 1166 potuisse
3095 1099 3338 1152 homines
3369 1099 3546 1154 mollia
3577 1100 3651 1154 lo-

2071 1195 2182 1262 qui,
2213 1209 2334 1246 cum
2361 1203 2545 1248 essent
2571 1201 2678 1246 tam
2703 1195 2834 1246 dura
2867 1192 3081 1244 tacturi!

2147 1295 2294 1350 Vers.
2323 1296 2412 1350 24.
2439 1295 2588 1349 Jacta
2615 1295 2670 1348 in
2699 1295 2860 1346 Deum
2886 1295 3162 1360 cogitatum
3187 1303 3348 1358 tuum,
3381 1303 3427 1344 et
3453 1296 3558 1362 ipse
3607 1303 3653 1346 te

2073 1387 2323 1449 cnutriet;
2368 1402 2470 1438 non
2513 1385 2651 1437 dabit
2692 1385 2744 1436 in
2786 1393 3027 1438 (vteruum
3067 1385 3450 1452 ﬂuctuationem
3485 1389 3656 1453 justo.

2079 1477 2212 1530 Cum
2241 1476 2306 1530 de
2339 1475 2556 1544 perﬁdis
2583 1474 2784 1529 Judmis
2825 1475 3058 1530 ccelestis
3093 1473 3296 1540 justitia
3325 1475 3653 1540 loqueretur,

2073 1567 2482 1620 saluberrimum
2513 1567 2794 1622 consilium
2839 1564 3034 1618 nostris
3065 1562 3460 1616 inﬁrmitatilms
3489 1565 3655 1615 dedit.
3711 1579 3726 1598 ε

2073 1657 2336 1726 Cogitatio
2357 1659 2498 1710 enim
2517 1657 2700 1710 sazculi
2727 1671 2826 1710 nos
2853 1669 3064 1722 semper
3091 1654 3294 1720 alﬂigit,
3313 1671 3464 1721 quam
3485 1655 3528 1706 si
3551 1669 3666 1706 rion

2074 1747 2411 1814 abjiciamus,
2467 1746 2774 1810 atterimur;
2833 1745 2969 1798 sicut
3019 1744 3268 1798 Salomon
3317 1745 3393 1796 ait
3423 1759 3436 1794 :
3471 1745 3660 1810 Quem-

398 1853 742 1908 tsognosccns,
774 1853 988 1892 sensum
1017 1852 1074 1890 es
1095 1853 1134 1890 .c
1165 1837 1291 1890 dicit
1323 1835 1816 1890 iuconunutabiletn
1845 1851 1966 1904 per-
2005 1837 2048 1896 B
2076 1839 2350 1892 admodum
2389 1837 2570 1890 vermis
2618 1838 2792 1908 ligno,
2821 1848 2867 1890 et
2912 1839 3046 1888 tima
3089 1837 3414 1899 uestimento;
3449 1837 3519 1888 ita
3565 1837 3660 1886 tri-

401 1931 646 1998 ιὶιιιιτυιιι,
675 1928 795 1996 quia
819 1927 1014 1980 duritia
1039 1927 1230 1980 mentis
1259 1941 1366 1980 non
1392 1935 1598 1995 poterat
1617 1927 1857 1992 recipere
1883 1941 1971 1980 ve—

399 2022 628 2074 ritatem.
663 2020 1118 2074 Commutationem
1148 2034 1276 2072 vero
1301 2019 1500 2086 duplici
1527 2020 1683 2072 modo
1713 2019 1972 2074 debemus

399 2109 660 2180 accipere,
721 2111 832 2164 sive
867 2108 1020 2162 istam
1055 2125 1171 2178 quae
1205 2110 1290 2162 hic
1319 2109 1398 2176 lit,
1430 2109 1642 2178 quando
1673 2111 1737 2162 ad
1766 2109 1972 2162 confes—

399 2203 601 2254 sionem
647 2203 786 2269 piam
821 2201 885 2254 ab
915 2201 1180 2254 obstinata
1225 2201 1492 2254 voluntate
1530 2203 1806 2266 transitur,
1858 2203 1972 2256 sive

401 2294 542 2344 illam
573 2307 730 2359 quant
758 2291 886 2344 dicit
912 2292 1196 2360 Apostolus
1227 2309 1240 2344 :
1279 2292 1463 2344 Omnes
1507 2309 1846 2362 resurgemus,
1882 2295 1970 2346 sed

402 2403 502 2438 non
535 2403 704 2438 omnes
729 2385 1104 2460 immutubimur
1133 2384 1182 2455 (1
1213 2385 1328 2438 Cor.
1360 2401 1446 2450 xv,
1481 2385 1594 2454 5i).
1633 2389 1970 2454 Quapropter

399 2482 488 2548 qui
514 2483 597 2534 hic
625 2491 982 2535 commutatus
1013 2496 1113 2534 non
1143 2481 1322 2544 fuerit,
1356 2481 1424 2532 ibi
1451 2496 1552 2534 non
1579 2489 1756 2548 potest
1779 2483 1972 2533 immu-

401 2573 519 2625 tari.
548 2573 650 2626 Sed
681 2572 748 2626 de
785 2573 902 2626 istis
934 2574 1124 2626 talibus
1157 2589 1320 2640 quare
1350 2589 1454 2626 non
1481 2573 1970 2634 commutal'iuntur,

397 2678 552 2716 eausa
583 2666 918 2734 subsequitur
949 2683 962 2718 :
993 2665 1116 2735 quia
1158 2683 1256 2718 non
1309 2666 1582 2718 timuerunt
1619 2663 1799 2716 Deum.
1835 2664 1968 2717 Nam

397 2757 485 2826 qui
519 2758 664 2812 timet
691 2758 878 2824 Deum,
899 2775 928 2812 a
955 2773 1048 2812 s'ia
1078 2758 1294 2827 perfidia
1321 2765 1703 2820 commutatur,
1733 2757 1858 2810 dum
1891 2757 1970 2820 in-

399 2849 522 2902 dicii
555 2865 746 2916 pavore
775 2861 826 2904 et
849 2852 1120 2904 charitaLEs
1145 2850 1322 2903 studio
1353 2850 1502 2916 eligit
1543 2849 1826 2902 dominicis
1852 2847 1970 2917 jus-

399 2941 634 2994 siouibus
664 2942 896 2996 obedire.
923 2943 982 2996 Et
1013 2951 1136 2996 uota
1165 2940 1306 3010 quod
1347 2941 1396 2994 in
1440 2941 1538 2993 hoc
1579 2951 1632 2994 et
1673 2941 1723 2992 in
1765 2939 1974 2992 duobus

400 3033 514 3084 aliis
561 3035 796 3086 versibus
823 3036 910 3103 qui
943 3045 1252 3102 sequuntur,
1281 3033 1478 3102 pariter
1521 3047 1706 3087 eorum
1735 3041 1786 3086 et
1819 3031 1974 3086 ultio-

400 3137 493 3176 nes
521 3123 648 3176 diclt
673 3131 726 3175 et
748 3123 952 3192 culpas.

2071 1933 2210 1986 stitia
2247 1929 2344 1984 viri
2390 1939 2534 1984 nocet
2575 1931 2717 1982 cordi
2766 1927 2948 1998 (Prov.
2977 1944 3108 1992 xxv,
3142 1926 3254 1996 213).
3288 1927 3396 1980 Sed
3444 1927 3660 1995 quando

2069 2022 2306 2091 jactatur
2339 2023 2390 2075 in
2421 2021 2727 2084 Dominum,
2761 2035 2866 2074 neu
2899 2021 3070 2074 solum
3098 2035 3204 2072 non
3233 2034 3328 2074 nos
3369 2021 3658 2084 consumit,

2073 2113 2168 2168 sed
2197 2113 2360 2167 etiam
2387 2113 2586 2168 nutrit:
2615 2119 2672 2164 ut
2703 2125 2820 2178 quae
2851 2111 2990 2164 solet
3019 2110 3360 2174 imminuere,
3401 2123 3666 2176 anguicu-

2073 2213 2181 2257 tum
2215 2205 2369 2258 nobis
2415 2203 2658 2256 videatur
2701 2201 2912 2256 afferre.
2949 2201 3222 2270 Sequitur,
3272 2217 3370 2252 non
3417 2199 3556 2251 dabit
3605 2203 3661 2253 in

2072 2307 2312 2350 internum
2337 2295 2722 2364 ﬂuctuationem
2739 2297 2906 2364 justo.
2939 2293 3074 2350 Vera
3115 2305 3194 2348 est
3227 2291 3434 2346 Domini
3467 2293 3663 2346 immu-

2073 2387 2356 2454 tabilisque
2397 2386 2686 2450 sententia,
2718 2387 2812 2440 sed
2853 2387 2898 2439 si
2929 2401 3046 2440 eam
3077 2401 3178 2454 qua
3209 2386 3350 2438 dicta
3390 2393 3474 2438 est
3517 2384 3664 2437 inte-

2073 2476 2268 2544 gritate
2295 2490 2598 2529 noscamus.
2625 2476 2789 2530 Just?s
2818 2477 2867 2528 in
2897 2478 3002 2530 isto
3029 2477 3165 2542 solo,
3195 2477 3382 2530 saeculi
3415 2493 3520 2530 non
3551 2476 3666 2530 adi-

2079 2569 2172 2620 mit
2203 2565 2584 2632 ﬂuctuationes,
2643 2567 2762 2632 quia
2797 2567 2881 2620 hic
2921 2581 3012 2620 eos
3047 2568 3414 2635 temporaliter
3443 2569 3657 2636 probat,

2076 2665 2132 2706 ut
2159 2654 2225 2708 ibi
2251 2667 2386 2722 quos
2413 2663 2642 2709 coronet
2669 2655 2922 2709 inveniat.
2943 2653 3006 2707 In
3031 2665 3276 2709 wternum
3297 2665 3496 2722 autem,
3517 2657 3664 2712 sicut

2076 2740 2160 2794 hic
2195 2742 2342 2806 dicit,
2377 2744 2646 2797 neminem
2679 2745 2944 2811 permittit
2985 2745 3339 2812 iustissimum
3371 2747 3656 2811 ﬂuctuare,

2077 2831 2289 2898 quando
2315 2832 2424 2898 jam
2469 2845 2722 2902 perpetua
2757 2850 2887 2902 pace
2923 2851 3046 2890 cum
3075 2837 3204 2904 ipsis
3233 2839 3578 2906 cognoscitur
3605 2841 3659 2893 in

2077 2923 2376 2976 aeternitate
2408 2939 2648 2991 regnare.
2685 2925 2758 2978 lbi
2789 2925 2930 2980 enim
2963 2941 3292 2996 nequaquam
3340 2928 3658 2983 excitabitur

2076 3011 2294 3082 ﬂuctus,
2325 3015 2416 3069 ubi
2445 3026 2524 3068 est
2552 3031 2766 3084 semper
2795 3017 3267 3086 tranquillissimus
3307 3031 3512 3087 portus.

2145 3111 2302 3168 Vers.
2333 3115 2422 3168 9.5.
2450 3114 2530 3168 Tu
2562 3131 2696 3182 vero,
2723 3117 2884 3186 Deus,
2915 3121 3129 3173 deducet
3158 3136 3240 3172 eos
3269 3120 3320 3172 in
3348 3131 3554 3190 puteum
3575 3123 3660 3174 in-

471 3215 622 3268 Vers.
655 3216 743 3268 '21.
795 3215 1032 3268 Extendat
1079 3231 1284 3268 manum
1333 3232 1480 3268 suam
1509 3217 1560 3266 in
1605 3215 1925 3267 retribuendo
1945 3229 1966 3268 :
1992 3207 2039 3268 C
2072 3205 2271 3260 εετὶίειε-
2297 3205 2430 3272 Ουίὶι
2453 3207 2588 3262 di!"-
2615 3207 2682 3262 de
2704 3209 2884 3276 iUSIiS.
2912 3227 3052 3264 nunc
3083 3211 3208 3264 die“
3239 3212 3306 3266 de
3339 3215 3536 3280 impiis,
3565 3213 3657 3282 qui

399 3307 864 3359 cmtaminaverunt
893 3315 1243 3359 trstameutum
1278 3309 1409 3377 ejus.
1441 3307 1556 3374 Ipsa
1591 3321 1732 3358 nunc
1757 3306 1968 3374 allego-

401 3397 510 3450 rice
537 3396 935 3466 dicuntur,qu:n
957 3395 1010 3450 in
1035 3397 1208 3450 futuro
1232 3397 1434 3462 judicio
1467 3406 1590 3450 sunt
1621 3395 1824 3465 agenda
1849 3413 1968 3452 cum

403 3487 638 3554 perfidis.
675 3487 884 3541 Manum
917 3487 998 3541 hic
1027 3490 1270 3542 virtutem
1303 3489 1773 3556 operationemque
1799 3489 1966 3556 signi-

401 3581 538 3640 licet,
584 3595 704 3648 quae
750 3589 872 3632 tunc
901 3579 980 3646 tit,
1027 3580 1236 3648 quando
1283 3580 1368 3632 illa
1413 3579 1670 3633 discretio
1701 3579 1966 3632 bonorum

401 3672 766 3739 malorumque
797 3671 1118 3738 provenerit.
1137 3671 1420 3740 Suhjungit
1441 3671 1602 3724 etiam
1631 3685 1728 3723 cur
1755 3669 1970 3724 Judazos

401 3777 553 3828 poena
577 3762 868 3832 justissima
899 3772 1254 3830 consequatur
1283 3779 1297 3827 ;
1331 3762 1451 3830 quia
1485 3761 1728 3814 mandata
1759 3761 1970 3816 Domini

401 3853 575 3922 pravis
617 3854 818 3906 actibus
867 3853 1198 3920 polluerunt,
1233 3867 1334 3907 nec
1387 3852 1526 3920 passi
1575 3863 1699 3905 sunt
1749 3851 1972 3908 credere

399 3945 538 4012 quod
579 3943 656 3998 eis
701 3947 1043 4016 cognoscitur
1087 3945 1480 4012 Scripturarum
1531 3945 1723 3998 veritas
1771 3943 1970 4013 prsidi-

398 4047 568 4086 casse.
595 4033 688 4086 Ille
714 4034 854 4088 enim
885 4043 1236 4087 testamentum
1261 4034 1372 4094 Dei,
1409 4043 1665 4102 quantum
1694 4033 1760 4088 ad
1777 4023 1848 4088 ise
1869 4043 1968 4096 est,

398 4127 726 4192 contaminat,
749 4128 836 4196 qui
877 4127 1094 4182 minime
1141 4129 1306 4196 ipsius
1351 4128 1592 4196 imperiis
1619 4127 1966 4182 obseeundat.

476 4217 624 4273 Vers.
655 4218 746 4273 22.
778 4218 943 4272 Divisi
978 4228 1096 4272 sunt
1123 4219 1184 4272 ab
1214 4219 1298 4272 ira
1333 4219 1501 4272 vultus
1543 4220 1679 4288 ejus;
1703 4227 1750 4272 et
1785 4234 1974 4290 appro-

399 4309 657 4378 pinquavit
684 4326 768 4362 cor
796 4310 926 4378 ejus.
955 4310 1064 4364 Hoc
1093 4309 1222 4363 dicit
1261 4309 1404 4377 quod
1439 4313 1489 4363 in
1527 4309 1618 4364 illa
1641 4311 1974 4380 judicatione

401 4403 628 4452 futurum
659 4410 761 4453 est.
789 4399 1099 4452 Dividunlur
1119 4399 1262 4454 enim
1294 4400 1486 4468 perﬁdi
1517 4416 1546 4453 a
1577 4402 1770 4470 populo
1801 4402 1968 4466 ﬁdeli,

401 4499 454 4542 et
497 4497 744 4558 tanquam
791 4503 993 4542 arsura:
1023 4491 1192 4557 palea:
1231 4501 1578 4558 segregantur
1607 4507 1634 4543 a
1665 4495 1862 4560 granis.
1896 4493 1970 4546 Ab

2075 3297 2129 3350 in
2175 3295 2436 3366 gebenna:
2485 3297 2896 3366 profunditatem
2954 3303 3227 3370 mergendi
3279 3311 3424 3356 sunt.
3459 3302 3662 3358 Puteus

2073 3389 2285 3458 quidem
2317 3390 2514 3445 dicitur
2548 3391 2722 3446 hiatus
2745 3401 2952 3460 patens,
2986 3393 3038 3446 in
3071 3403 3228 3449 terra:
3257 3396 3460 3448 sinibus
3491 3411 3660 3450 exca-

2073 3487 2246 3544 vatus,
2273 3495 2440 3550 aquas
2465 3482 2744 3536 continens
2769 3483 3014 3536 humanis
3039 3485 3221 3538 usibus
3247 3487 3402 3555 186
3429 3487 3662 3541 attribu-

2073 3579 2174 3626 tas.
2205 3573 2310 3628 Sed
2345 3589 2409 3627 ne
2449 3573 2588 3627 hunc
2617 3585 2820 3645 puteum
2855 3577 3069 3630 vitalem
3111 3575 3414 3645 intelligere
3445 3581 3658 3646 potuis-

2073 3677 2179 3732 ses,
2207 3665 2433 3728 addidit,
2463 3665 2744 3718 interitns:
2776 3665 2844 3720 de
2871 3681 2978 3734 quo
3023 3668 3130 3720 alio
3174 3670 3224 3721 in
3257 3669 3374 3721 loco
3415 3669 3612 3737 legitur
3642 3689 3658 3724 :

2076 3753 2256 3822 Neque
2297 3757 2496 3822 aperiat
2530 3771 2684 3821 suprr
2715 3771 2792 3808 me
2819 3767 2997 3823 puteus
3020 3774 3074 3810 os
3100 3774 3248 3810 suum
3275 3757 3442 3828 (Psal.
3469 3775 3657 3825 Lmu,

2075 3847 2188 3916 to).
2217 3847 2390 3902 Fovea
2419 3848 2677 3912 mortalis,
2707 3861 2948 3900 mersura
2991 3849 3263 3912 terribiiis,
3297 3849 3378 3903 ubi
3413 3865 3512 3903 nec
3535 3865 3658 3920 spa-

2075 3937 2203 3990 tium
2229 3938 2392 3991 ullum
2423 3939 2754 4002 conceditur,
2778 3952 2876 3992 nec
2899 3939 3008 4006 ipsa
3033 3939 3240 3992 miseris
3265 3941 3656 4006 respiramenta

2075 4038 2426 4096 praestantur;
2473 4031 2566 4084 sed
2615 4031 2914 4084 obscuritas
2963 4029 3244 4084 tenebrosa
3287 4032 3654 4100 eircumdans,

2074 4121 2268 4176 alumni
2299 4123 2514 4176 luminis
2561 4123 2698 4176 tollit
2745 4131 3042 4192 aspectum.
3079 4123 3156 4176 Ex
3207 4125 3348 4190 putei
3381 4125 3654 4192 siquidem

2073 4214 2444 4280 similitudine,
2467 4218 2728 4285 gehenuxe
2758 4225 3022 4271 tormenta
3057 4232 3155 4271 nos
3185 4217 3439 4270 admonet
3471 4217 3660 4271 formi-

2072 4303 2219 4358 dare.
2249 4307 2292 4357 υ
2325 4304 2494 4372 pietas
2531 4307 2765 4360 inaudita
2795 4308 3116 4374 iudicantis!
3151 4315 3316 4360 totum
3349 4307 3662 4363 hominibus

2075 4397 2400 4465 praedicitur,
2433 4408 2490 4450 ut
2511 4399 2666 4467 eulpa
2697 4401 2986 4467 plectibilis
3011 4401 3261 4456 evitetur.

2151 4497 2300 4558 Vers,
2329 4497 2421 4552 26.
2459 4497 2570 4550 Viri
2597 4501 2900 4567 sanguimmt
2923 4511 2966 4552 et
2992 4499 3158 4552 ddosi
3187 4517 3286 4552 non
3317 4501 3674 4557 dimidiabunt

400 4580 478 4632 ira
517 4577 684 4630 vultus
713 4579 844 4647 ejus,
871 4576 1054 4646 judicii
1087 4589 1296 4648 tempus
1337 4583 1672 4648 exprimitur.
1707 4583 1796 4634 Ira
1825 4583 1968 4637 enim
2001 4573 2184 4638 Ddies
2223 4603 2362 4640 suos.
2409 4587 2697 4642 Numerum
2745 4588 2998 4654 pluralem
3067 4589 3280 4660 sat-guis
3323 4591 3509 4644 Latina
3559 4593 3674 4646 liii-

403 4671 485 4724 hie
517 4686 612 4738 pro
641 4669 872 4726 vindicta
903 4671 1132 4739 ponitur.
1165 4687 1322 4740 quam
1353 4688 1450 4740 pro
1489 4674 1598 4727 suis
1629 4675 1834 4730 actibus
1871 4677 1970 4730 im-

401 4761 470 4828 pii
509 4763 862 4816 sustinebunt.
900 4761 1160 4818 Caeterum
1201 4765 1292 4818 ille
1329 4766 1832 4822 incommutabiliter
1855 4783 1971 4823 om-

401 4854 482 4906 nia
537 4853 848 4923 placideque
874 4854 1114 4909 decernit
1154 4855 1282 4928 [ed.,
1320 4857 1618 4931 discernit].
1651 4859 1889 4924 Addidit,
1921 4869 1970 4914 et

399 4947 816 5015 appmpinquavit
848 4963 936 5000 cor
959 4949 1091 5018 ejus.
1123 4949 1296 5016 ipsum
1343 4949 1518 5004 adhuc
1563 4960 1770 5019 tempus
1797 4965 1968 5018 expo-

401 5037 498 5099 nit,
521 5039 730 5105 quando
753 5055 838 5092 cor
869 5040 1100 5105 Don'iini,
1119 5040 1170 5092 id
1197 5048 1282 5094 est
1301 5041 1547 5094 voluntas
1573 5041 1692 5109 ejus
1721 5041 1970 5096 omnibus

401 5128 698 5182 innotescit.
725 5127 820 5182 ιιιυ
841 5131 982 5182 enim
1009 5110 1246 5195 tempore
1273 5131 1694 5198 appropinquavit
1722 5145 1808 5183 cor
1836 5133 1968 5202 ejus,

401 5220 612 5286 quando
643 5217 768 5270 illud
799 5219 937 5286 quod
971 5219 1056 5272 hic
1087 5233 1182 5286 per
1205 5217 1492 5285 prophetas
1513 5231 1641 5274 suos
1669 5221 1965 5288 praecinuit,

400 5317 454 5360 et
485 5323 575 5375 per
607 5307 890 5374 Apostolos
923 5307 1248 5374 praidicavit,
1281 5307 1602 5376 generalitas
1647 5309 1970 5362 m:miiestis-

399 5398 533 5452 sime
561 5408 684 5452 tunc
709 5397 925 5452 videbit.
945 5398 1050 5453 Sed
1072 5413 1169 5452 cur
1197 5399 1288 5452 illa
1321 5399 1478 5452 faciat
1506 5413 1624 5467 qua:
1653 5399 1793 5452 dicta
1821 5413 1968 5466 sunt,

401 5488 784 5556 subsequenter
811 5488 1052 5557 exponit.

475 5576 621 5630 Vers.
652 5577 744 5634 9.5.
775 5577 1070 5632 Mollierunt
1099 5595 1352 5632 sermones
1379 5595 1500 5633 suos
1525 5598 1678 5648 super
1709 5583 1895 5646 oleum,
1921 5593 1968 5636 et

399 5669 497 5734 ipsi
525 5678 638 5721 sunt
656 5671 852 5736 jacula.
879 5671 1174 5726 Mollierunt
1205 5675 1345 5724 enim
1372 5672 1554 5738 perlidi
1577 5673 1746 5726 Judaei
1775 5691 1968 5726 sermo-

401 5771 486 5808 nes
509 5771 648 5820 suos,
675 5758 884 5824 quando
905 5761 1146 5814 dicebant
1173 5779 1184 5812 :
1215 5761 1476 5828 Magister,
1499 5763 1684 5814 scimus
1723 5764 1964 5820 quoniam

2075 4691 2174 4745 gua
2216 4691 2321 4730 non
2365 4677 2579 4743 recipit;
2613 4679 2705 4730 sed
2757 4678 2858 4730 hoc
2909 4679 3075 4744 magis
3123 4679 3411 4748 Scriptura:
3462 4682 3673 4737 divina:

2079 4768 2346 4835 proprium
2372 4781 2492 4820 esse
2521 4769 2767 4822 dicimus.
2791 4768 2900 4822 Viri
2917 4770 3176 4838 siquidem
3204 4773 3508 4840 sanguinum
3537 4791 3674 4840 pro-

2079 4856 2194 4924 prie
2223 4871 2328 4910 non
2361 4857 2608 4910 dicuntur
2637 4861 2724 4926 qui
2769 4861 3080 4912 innocenter
3111 4861 3394 4913 humanum
3429 4863 3674 4922 l'umlunt

2079 4961 2346 5012 cruorem,
2377 4947 2628 5016 quoniam
2661 4961 2714 5001 et
2740 4948 2867 5018 justi
2909 4950 3114 5017 iudices
3141 4951 3435 5018 disciplina:
3469 4959 3672 5008 iteres-

2073 5039 2230 5092 sitate
2259 5039 2557 5106 constricti,
2587 5055 2706 5108 qua:
2749 5043 2958 5108 quietos
3003 5044 3232 5110 p0pulos
3259 5044 3454 5106 reddit,
3494 5047 3676 5098 inti-r-

2077 5129 2200 5183 dum
2227 5131 2458 5198 puniunt”
2479 5139 2763 5193 nocentes;
2789 5143 2841 5184 et
2865 5132 2952 5184 ille
2979 5132 3066 5200 qui
3099 5134 3384 5185 violentum
3415 5140 3672 5200 repellit,

2077 5235 2322 5274 cruorem
2352 5221 2632 5274 saevissimi
2667 5221 2834 5274 hostis
2863 5222 3084 5276 etTundEt
3112 5241 3124 5274 :
3159 5225 3388 5277 maxime
3417 5239 3542 5276 cum
3583 5228 3674 5280 le-

2077 5327 2258 5381 gamus
2275 5313 2418 5380 justa
2449 5313 2584 5366 bella
2619 5314 2746 5364 viris
2776 5319 2973 5366 sanctis
3005 5329 3030 5365 ξι
3065 5315 3292 5366 Domino
3327 5317 3490 5370 fuisse
3523 5334 3672 5385 pra--

2077 5417 2246 5468 ccpta.
2281 5409 2616 5473 Quapropter
2643 5405 2867 5468 addidit,
2899 5417 2944 5457 et
2975 5405 3174 5468 dolosi;
3195 5415 3248 5458 ut
3273 5409 3416 5459 illum
3449 5419 3670 5462 tantum

2077 5497 2396 5564 intelligeres
2439 5511 2611 5562 reum,
2645 5498 2730 5564 qui
2775 5513 2868 5566 per
2911 5497 3130 5552 insidias
3167 5509 3220 5551 ct
3251 5497 3668 5565 ἱιιίιμιὶεείιιιιιιιι

2075 5586 2275 5652 dolum,
2307 5587 2536 5639 alienum
2585 5589 2774 5654 quaerit
2815 5589 3054 5642 exitium.
3093 5589 3199 5641 llos
3245 5590 3376 5641 tales
3422 5591 3670 5656 implere

2075 5691 2179 5728 non
2209 5677 2338 5728 dicit
2364 5675 2482 5729 dies
2525 5691 2672 5743 suos,
2706 5678 2916 5746 quando
2961 5695 3082 5730 cum
3109 5680 3208 5731 sibi
3239 5681 3450 5745 longam
3487 5684 3664 5736 vitam

2077 5768 2425 5838 promi'tunt,
2479 5769 2677 5822 exitum
2738 5769 3033 5822 Celerzitua:
3099 5773 3288 5824 mortis
3341 5769 3656 5830 inveniunt.
