3956 6178
256 228 341 283 595

1203 218 1562 275 EXPOSITIO
1600 218 1662 273 ΙΝ
1705 217 2162 275 PSALTERIUM.
2206 217 2397 274 PSAL.
2443 220 2547 274 LV.

3385 229 3486 290 594

255 341 371 395 Nam
390 337 631 392 omnium
654 336 770 392 dies
792 336 845 390 in
874 335 1341 405 prazchtinatione
1370 345 1667 389 noscuntur
1692 351 1813 390 esse
1846 353 1889 408 Α
1919 338 2122 399 ptione;
2152 336 2253 388 alia
2284 336 2490 391 Veteris
2520 336 2842 409 Testauenti
2887 353 3054 408 usque
3092 337 3158 392 ad
3206 339 3494 396 terminum

255 431 447 486 deﬁniti
476 446 492 481 :
524 429 619 483 sed
646 428 747 481 illis
773 428 1178 481 dimidiabuntur
1203 429 1307 480 dies
1333 429 1436 492 sui,
1464 428 1659 495 quibus
1688 441 1818 480 con-

256 533 321 577 tra
346 521 667 589 di5positum
693 520 965 589 proprium
995 519 1278 588 provenire
1310 529 1639 574 monstratur
1662 533 1818 573 occa-

256 629 353 667 sus.
397 614 522 667 Ideo
551 614 692 667 enim
722 612 960 667 additum
988 622 1074 666 est
1116 629 1256 678 suos,
1290 620 1349 666 ut
1378 612 1707 666 voluntarios
1736 612 1819 665 in-

260 710 535 775 telligeres,
565 721 669 759 non
698 720 727 758 a
758 705 985 758 Dom?no
1012 704 1363 759 consﬁtutos.

318 798 430 869 Ego
459 807 629 850 autent
656 797 710 848 in
732 804 779 848 te
801 794 1037 861 sperabo,
1062 793 1294 847 Domine.
1325 793 1447 846 lllos
1473 792 1606 845 tales
1632 793 1824 858 quibus

261 887 558 941 celerrimus
590 886 770 940 evenit
798 884 941 948 ﬁnis,
975 884 1027 937 in
1065 898 1125 937 se
1162 896 1407 950 Sperasse
1455 896 1558 934 non
1606 880 1821 935 dubium

260 986 345 1030 est.
378 975 663 1029 Dominum
690 982 871 1027 autem
902 972 1258 1037 Salvatorem,
1305 971 1457 1040 cujus
1500 970 1615 1024 hinc
1664 969 1825 1023 verba

260 1078 393 1130 sunt.
419 1083 486 1121 cx
516 1065 685 1121 forma
715 1064 857 1118 servi
884 1064 936 1116 in
968 1063 1177 1117 Patrem
1209 1076 1454 1127 sperasse
1487 1060 1823 1113 manifestum

260 1172 363 1212 est:
397 1156 668 1211 Passionis
712 1155 973 1223 psalmum
1003 1154 1162 1207 solito
1208 1164 1359 1206 more
1388 1151 1735 1211 concludens,
1769 1164 1827 1203 se

260 1250 374 1301 dicit
404 1262 635 1317 sperasse
657 1247 709 1298 in
735 1245 1039 1309 Dominum,
1076 1253 1132 1297 ut
1156 1242 1477 1313 signiﬁcaret
1508 1241 1667 1295 cordi
1696 1240 1827 1293 ﬁde-

260 1346 375 1400 lium
421 1345 473 1397 in
514 1357 608 1411 spe
636 1340 844 1395 Domini
876 1352 1091 1406 semper
1118 1350 1239 1392 esse
1268 1336 1463 1390 deﬁxa.
1501 1334 1829 1402 Frequenter

261 1437 389 1490 enim
410 1441 575 1503 caput
604 1428 1013 1500 loquitur,.quod
1039 1428 1295 1481 membris
1315 1434 1498 1495 aptare
1520 1425 1825 1479 debeamus.

260 1532 591 1596 Quapmpter
617 1532 674 1579 et
702 1522 858 1591 hujus
890 1519 1073 1591 hymni
1106 1518 1346 1587 modum,
1391 1517 1528 1572 sicut
1573 1517 1626 1570 in
1668 1517 1829 1586 trige-

261 1622 386 1675 simo
441 1626 634 1688 quarto
685 1615 892 1683 psalmo
937 1613 1045 1679 jam
1076 1611 1277 1665 dictum
1325 1618 1426 1673 est,
1456 1609 1713 1664 debemus
1738 1624 1830 1662 ex-

1924 428 2087 482 tituli.
2110 429 2282 481 Primo
2307 429 2434 482 dicit
2457 428 2521 481 In
2545 430 2715 495 ﬁnem,
2733 430 2869 495 quod
2896 426 3164 484 Christum
3192 429 3496 498 significare

1924 520 2228 589 frequenter
2269 523 2568 588 expositum
2608 528 2708 574 est.
2744 521 2945 573 Deinde
2977 537 3070 588 pro
3098 523 3308 590 populo,
3342 523 3429 591 qui
3468 540 3499 577 a

1923 614 2109 665 sanctis
2139 614 2285 682 longe
2328 617 2494 681 factus
2537 621 2631 676 est,
2668 611 2831 663 David
2875 612 2928 664 in
2971 612 3107 664 tituli
3150 612 3499 681 inscriptione.

1924 701 2081 755 Tituli
2109 705 2483 768 inscripliom’m
2511 702 2740 755 diximus
2776 708 2823 755 in
2859 702 3113 757 Passionc
3143 704 3347 756 Dotnini
3377 705 3499 759 ideo

1926 810 2030 848 non
2060 796 2503 858 fuisse‘deletam,
2528 795 2653 863 quia
2685 795 2839 861 longe
2860 804 2981 847 ante
3015 795 3185 849 fuerat
3214 796 3498 864 pr0pheta-

1927 895 2036 937 tum
2068 902 2081 937 :
2117 883 2199 937 Nc
2228 899 2526 948 corrumpas
2559 884 2693 937 tituli
2731 885 3129 953 inscriptionem.
3171 884 3278 940 Sed
3309 886 3499 943 Pontio

1926 973 2099 1029 Pilato
2142 972 2392 1029 Judaicus
2422 974 2646 1042 populus
2673 973 3021 1039 imminebat,
3052 983 3112 1028 ut
3143 984 3329 1029 contra
3364 976 3499 1030 vati-

1925 1065 2061 1119 cinia
2086 1064 2461 1133 prophetarum
2487 1061 2643 1132 hujus
2664 1062 2799 1116 tituli
2815 1063 3188 1118 cmendaretur
3209 1066 3501 1131 inscriptio:

1929 1156 2117 1209 nolens
2161 1169 2316 1208 suum
2370 1156 2566 1223 Regem
2611 1153 2738 1220 dici,
2783 1169 2939 1221 quem
2992 1155 3193 1209 insanis
3236 1158 3500 1211 mentibus

1930 1247 2230 1316 respuebat.
2282 1249 2411 1315 Qua:
2457 1249 2703 1304 voluntas
2744 1264 2836 1303 eos
2885 1252 3032 1318 longe
3075 1251 3193 1318 fecit
3230 1268 3263 1304 a
3290 1257 3503 1305 sanctis.

1930 1341 2140 1409 quando
2163 1340 2349 1396 ﬁdeles
2375 1341 2645 1396 Christum
2671 1357 2823 1397 suum
2852 1342 3053 1412 Regem
3080 1343 3185 1397 dici
3220 1351 3328 1397 tota
3359 1358 3517 1397 inen-

1931 1434 1997 1487 tis
2028 1434 2324 1488 intentione
2355 1434 2624 1489 festinant.
2651 1432 2780 1488 Cum
2807 1443 3071 1488 tenuerunt
3097 1450 3211 1488 eum
3255 1434 3509 1504 allophyli

1930 1524 1985 1576 in
2007 1521 2166 1588 Geth;
2199 1523 2300 1577 hoc
2323 1534 2405 1578 est
2431 1523 2570 1590 quod
2600 1523 2802 1594 Regum
2834 1533 3011 1579 textus
3041 1533 3257 1579 enarrat
3297 1525 3347 1595 (Ι
3372 1526 3504 1595 Reg.

1934 1630 2100 1679 xxvii,
2129 1615 2183 1681 Ξ,
2218 1614 2272 1683 5)
2304 1632 2317 1667 :
2351 1616 2473 1684 quia
2502 1615 2666 1668 David
2694 1616 2871 1670 Saulis
2896 1617 3228 1672 insecutione
3254 1619 3504 1686 perterri-

261 1715 465 1781 quirere
503 1706 846 1779 prteﬁnitum.
896 1704 1154 1769 Primum,
1207 1702 1457 1771 quoniam
1507 1714 1576 1755 ex
1619 1690 1828 1754 Domini
1864 1712 1913 1770 Β
1936 1714 2040 1771 tus,
2075 1706 2128 1759 in
2157 1706 2373 1760 civitate
2408 1704 2537 1759 Gem
2575 1706 2713 1775 apud
2740 1706 3042 1778 allophyms
3070 1724 3129 1763 se
3164 1710 3390 1764 credidi,
3419 1726 3505 1764 οε,

262 1803 450 1857 Christi
504 1814 731 1867 persona
782 1796 1023 1866 prolatus
1058 1804 1160 1849 est.
1192 1794 1412 1858 Deinde,
1447 1792 1718 1846 inchoavit
1764 1790 1832 1843 ab

262 1898 517 1949 oratione.
548 1893 729 1946 Tertio
758 1889 1039 1943 dominica:
1071 1888 1336 1955 passionis
1376 1894 1525 1954 gesta
1556 1898 1823 1939 memora-

260 1990 340 2041 vit.
367 1987 600 2051 Quarto,
634 1982 809 2037 verbis
837 1980 1158 2047 evangelicis
1196 1993 1387 2033 aSsona
1428 1978 1654 2032 veritate
1695 1958 1826 2032 con:

262 2078 440 2132 sensit.
472 2076 693 2142 Quinto,
726 2074 778 2125 in
819 2087 913 2140 Spe
961 2070 1196 2124 ﬁdelium
1248 2083 1439 2138 magna
1489 2068 1669 2122 ﬁnitus
1716 2077 1825 2130 est;

261 2182 309 2223 nt
332 2169 561 2222 dubium
606 2180 713 2219 non
757 2164 830 2218 sit
857 2170 1177 2231 praesentem
1208 2160 1467 2230 psalmum
1505 2160 1832 2229 praescriptis

263 2260 452 2329 regulis
478 2255 828 2311 convenisse.

796 2344 1068 2401 Conclusio
1099 2342 1303 2411 psalmi.

328 2463 653 2518 Audivimus
665 2460 768 2513 vivi
778 2457 1047 2513 ﬁcatorem
1061 2462 1425 2511 creaturarum
1437 2453 1668 2507 animam
1682 2466 1836 2505 suam

262 2558 500 2621 posuisse
531 2567 632 2621 pro
662 2550 835 2605 salute
874 2548 1205 2603 mortalium.
1237 2546 1552 2602 Andivimus
1592 2544 1840 2611 itnpassi-

264 2647 411 2699 bilem
460 2647 824 2697 Deum-carne
852 2639 1156 2707 suscepisse
1192 2651 1288 2706 pro
1316 2634 1682 2703 peccatoribus
1711 2648 1838 2702 pas~

259 2741 484 2793 sionem.
522 2734 835 2789 Andivimus
859 2731 1004 2786 Patri
1046 2736 1374 2785 coteternum
1404 2728 1591 2782 mortis
1612 2725 1840 2781 subiisse

261 2830 601 2897 supplicium.
629 2827 673 2879 υ
709 2822 1080 2878 intestimabilc
1125 2822 1385 2889 pretium,
1429 2818 1572 2887 quod
1613 2817 1840 2872 redemit

259 2937 425 2989 genus
469 2915 795 2970 humanum!
828 2917 871 2968 0
903 2913 1296 2978 holocaustum,
1325 2908 1466 2980 quod
1514 2907 1666 2962 nobis
1705 2922 1839 2976 prte—

263 3012 395 3065 stitit
438 3020 673 3065 :eternas
712 3008 956 3061 ﬂammas
993 3004 1256 3058 evadere!
1290 3003 1559 3066 lnteritus,
1590 3000 1678 3069 qui
1721 2999 1838 3053 tulit

1932 1798 2238 1853 culeudum.
2287 1799 2391 1854 Sed
2441 1800 2562 1867 quia
2611 1799 2843 1854 diximus
2896 1799 3010 1855 lucc
3038 1802 3214 1855 omnia
3270 1801 3511 1870 mysticis

1932 1886 2372 1945 similitudinibus
2405 1889 2742 1958 exponenda,
2795 1889 2927 1944 Gelli
2956 1891 3219 1958 signiﬁcat
3251 1891 3505 1955 torcular,

1935 1983 1987 2037 id
2012 1992 2093 2038 est
2138 1996 2466 2050 pressuram,
2504 1998 2663 2051 quam
2703 1985 2878 2037 omnis
2918 1983 3113 2053 patitur
3142 1982 3506 2037 Christianus.

1933 2074 2038 2131 Sed
2070 2084 2198 2129 tunc
2244 2075 2471 2129 fructum
2522 2075 2698 2130 reddit
2728 2075 3080 2143 uberrimum,
3114 2066 3235 2130 cum
3281 2076 3507 2130 tribula-

1938 2166 2139 2220 tionum
2170 2164 2329 2220 fuerit
2359 2166 2501 2220 fasce
2529 2166 2837 2234 depressus.
2870 2165 2938 2220 Et
2965 2166 3085 2220 ideo
3114 2167 3167 2220 in
3200 2167 3290 2220 tali
3322 2181 3506 2235 super-

1936 2257 2226 2323 scriptione
2255 2248 2400 2326 loqui
2443 2256 2831 2312 rationabiliter
2864 2266 3074 2326 aptatur
3104 2258 3366 2322 Ecclesia,
3394 2274 3509 2327 qua:

1937 2345 2353 2415 allophylorum,
2385 2345 2438 2401 id
2474 2354 2558 2400 cst
2594 2346 3013 2415 alienigenarum
3043 2348 3504 2416 persecutionibus

1938 2437 2233 2507 iugravata,
2267 2448 2516 2507 tauquam
2565 2446 2842 2493 nectareos
2877 2439 3109 2507 liquores
3153 2440 3341 2495 merita
3385 2454 3509 2495 san-

1939 2540 2148 2584 ctorum
2176 2529 2394 2599 copiosa
2424 2528 2671 2585 libertate
2697 2529 2990 2599 profundit.

2520 2640 2711 2694 Divisio
2744 2640 2946 2710 psalmi.

2012 2750 2248 2805 Diversis
2278 2749 2657 2805 afﬂictionibus
2695 2752 3022 2817 onerata,~in
3060 2754 3228 2822 prima
3278 2756 3515 2813 sectione

1942 2840 2133 2911 psalmi
2182 2852 2353 2895 mater
2399 2851 2515 2896 orat
2564 2840 2825 2910 Ecclesia,
2858 2843 3132 2897 conlidens
3176 2858 3233 2899 se
3280 2856 3453 2901 tamen
3487 2866 3514 2902 a

1943 2934 2286 2987 smvientibus
2316 2932 2546 2986 inimicis
2592 2946 2715 2988 esse
2764 2933 3111 2988 liberandam.
3142 2936 3384 3004 Secunda
3430 2954 3523 2993 se—

1942 3026 2119 3080 ctione
2159 3026 2400 3095 proprias
2441 3034 2718 3080 enumerat
2776 3026 3047 3094 paSsioncs
3076 3066 3091 3093 ,
3122 3030 3317 3096 gratias
3355 3046 3518 3101 agens

261 3105 483 3158 exilium
507 3119 524 3167 ;
561 3101 700 3165 “nis.
732 3099 820 3168 (ιυί
843 3097 992 3153 ded“
1011 3096 1207 3151 bonum
1232 3096 1347 3149 δίηθ
1374 3093 1480 3147 ﬁne
1504 3105 1836 3189 ξηδηδυτυωο
1868 3084 1914 3148 C
1946 3120 2065 3189 quia
2093 3120 2159 3174 de
2181 3084 2384 3175 crebris
2417 3119 2663 3186 periculis
2690 3118 2762 3172 sit
2789 3127 3000 3187 erepta;
3030 3084 3216 3175 necuse
3245 3084 3521 3178 dicitufor-

262 3196 385 3249 Nam
418 3211 547 3249 cum
595 3191 838 3262 provenit
882 3191 936 3243 in
984 3189 1321 3243 innocentem
1364 3184 1553 3240 mortis
1595 3184 1832 3250 aculeus,

260 3287 454 3339 factum
503 3293 592 3338 est
624 3292 681 3337 ut
702 3284 821 3351 jure
851 3279 1099 3350 perderet
1126 3293 1260 3349 quos
1301 3278 1515 3333 tenebat
1556 3277 1838 3331 obnoxios.

262 3377 553 3447 Deglutivit
573 3375 713 3429 enim
737 3374 973 3427 infernus
997 3385 1144 3426 more
1165 3370 1387 3439 piscium
1408 3369 1627 3425 exitium
1655 3383 1839 3431 suum;

259 3481 311 3522 et
336 3471 427 3537 qui
455 3483 521 3522 se
543 3481 735 3534 capere
774 3464 1005 3533 predum
1034 3461 1279 3526 credidit,
1310 3460 1661 3530 praedatorem
1684 3474 1843 3516 suum

262 3560 431 3624 potius
473 3557 736 3623 deceptus
772 3554 999 3622 excepit.
1047 3551 1196 3607 Unde
1233 3566 1364 3620 papa
1400 3551 1509 3606 Leo
1550 3552 1691 3607 sedis
1731 3566 1844 3607 sua

260 3664 505 3713 compar,
558 3645 775 3713 pn'chre
816 3644 1024 3698 locutus
1058 3654 1141 3698 est
1183 3642 1365 3699 dicens
1410 3642 1603 3715 (Epist.
1647 3644 1737 3707 97,
1774 3644 1843 3695 ad

260 3738 417 3797 ιεωι.
448 3742 617 3807 Aug.,
649 3754 763 3806 cap.
794 3739 894 3806 2):
926 3737 1176 3804 Quamvis
1215 3738 1500 3792 multorum
1551 3744 1844 3806 martyrum

261 3830 309 3882 in
357 3839 665 3896 conspectu
709 3827 924 3881 Domini
969 3828 1199 3896 pretiosa
1250 3842 1395 3882 mors
1441 3827 1616 3891 fuerit,
1652 3826 1846 3880 nullius

258 3933 436 3978 tamen
479 3921 715 3977 insontis
753 3921 953 3975 occisio
991 3919 1090 3974 fuit
1131 3920 1429 3987 redemptio
1476 3929 1842 3987 peccatorum.

257 4017 608 4083 Acceperunt
638 4012 779 4066 enim
804 4010 956 4080 justi,
988 4026 1095 4065 non
1129 4010 1392 4065 dederunt
1415 4024 1672 4075 coronas;
1694 4018 1749 4065 et
1777 4009 1844 4065 de

256 4105 579 4158 fortitudine
608 4103 845 4158 ﬁdelium
872 4102 1114 4178 exempla
1138 4111 1261 4155 nata
1280 4111 1405 4157 sunt
1428 4101 1717 4170 patientiae,
1738 4117 1842 4156 non

256 4196 395 4249 dona
424 4195 677 4265 justitize.
706 4195 1014 4263 singulares
1051 4196 1249 4265 quippe
1281 4196 1332 4248 in
1376 4195 1600 4265 singulis
1644 4206 1845 4250 mortes

254 4286 508 4349 fuerunt,
539 4299 639 4339 nec
665 4286 880 4338 alterius
901 4285 1177 4354 quisquam
1199 4284 1436 4340 debitum
1466 4300 1563 4339 suo
1593 4284 1696 4339 ﬁne
1726 4299 1848 4352 per-

254 4377 442 4428 solvit.
477 4373 625 4429 later
657 4374 791 4429 ﬁlios
822 4385 999 4429 autem
1027 4374 1299 4429 hominum
1322 4391 1458 4431 unus
1474 4377 1619 4430 solus
1643 4377 1847 4430 exstitit

1945 3209 2151 3263 midare
2178 3207 2335 3273 mala,
2353 3224 2469 3277 qua:
2489 3210 2761 3277 cognoscit
2781 3224 2902 3263 esse
2929 3210 3180 3264 celeriter
3205 3212 3516 3268 transitura.

1948 3299 2134 3355 Tertio
2168 3290 2320 3370 187
2356 3301 2473 3353 loco
2503 3300 2554 3353 in
2587 3298 2759 3353 futura
2780 3300 2867 3353 illa
2898 3300 3226 3356 beatitudine
3248 3301 3428 3358 laudes
3457 3317 3519 3357 se

1948 3391 2078 3446 dicit
2109 3390 2336 3444 Domino
2364 3390 2563 3460 jugitcr
2604 3401 2957 3458 cantatur-am,
2985 3394 3071 3462 qui
3121 3410 3237 3448 eam
3267 3395 3334 3451 de
3366 3395 3523 3465 hujus

1946 3483 2127 3538 saeculi
2155 3480 2476 3538 adversitate
2502 3482 2769 3537 liberavit.
2930 3472 2943 3484 ’

2478 3596 2747 3668 Expositio
2787 3601 2999 3669 psalmi.

2018 3710 2174 3766 Vers.
2207 3711 2259 3765 1.
2288 3710 2531 3764 Miserere
2560 3711 2677 3778 mei,
2711 3710 2946 3780 Domine,
2968 3716 3215 3782 quoniam
3249 3718 3521 3770 conculca-

1945 3805 2013 3860 vit
2039 3820 2118 3858 me
2145 3806 2328 3869 homo;
2350 3813 2459 3858 tota
2478 3804 2560 3858 die
2588 3804 2779 3858 bellum
2808 3806 3065 3860 tribulavit
3088 3823 3185 3861 me.
3220 3807 3383 3879 Virgo
3406 3826 3512 3864 ma-

1946 3903 2029 3950 ter
2072 3894 2331 3958 Ecclesia,
2360 3910 2479 3964 quaa
2526 3895 2712 3950 ﬁdeles
2754 3897 2977 3965 p0pulos
3026 3903 3184 3968 parit,
3231 3915 3331 3955 nec
3357 3918 3384 3953 a
3415 3919 3513 3957 sua

1946 3984 2249 4053 integritate
2277 3984 2524 4049 discedit,
2549 3986 2821 4040 cmlcstem
2848 3986 3114 4054 Sponsum
3145 3987 3244 4057 piis
3267 3990 3515 4059 lacrymis

1946 4084 2097 4145 rogat
2120 4090 2188 4129 ne
2215 4089 2276 4130 se
2303 4076 2532 4144 patiatur
2558 4076 2625 4129 ab
2657 4076 2887 4130 inimicis
2913 4078 3169 4145 opprimi,
3194 4094 3314 4147 qua:
3342 4081 3514 4137 adhuc

1948 4169 2001 4222 in
2034 4167 2217 4222 mundi
2245 4171 2395 4221 istius
2418 4168 2762 4238 cognoscitur
2798 4170 3101 4225 calamitate
3126 4174 3352 4232 versari.
3384 4173 3525 4230 Con-

1946 4258 2180 4323 culcaait,
2228 4257 2410 4312 retulit
2456 4259 2602 4328 quod
2648 4258 2700 4313 in
2748 4260 2901 4314 titulo
2950 4261 3084 4316 dixit
3129 4261 3195 4316 ad
3247 4266 3511 4333 torcular,

1947 4352 2069 4418 quia
2100 4360 2306 4405 tantum
2332 4352 2511 4405 vinum
2539 4351 2875 4420 exprimitur,
2897 4362 3151 4421 quantum
3175 4355 3388 4411 enixius
3418 4374 3518 4412 uva

251 4466 541 4531 Christus,
571 4466 663 4534 qui
709 4481 834 4521 vere
862 4476 977 4519 erat
1014 4467 1195 4535 Agnus
1226 4467 1616 4534 immacujaws’
1648 4467 1701 4520 in
1738 4482 1843 4535 quo
1872 4460 1924 4519 Ῑ)
1946 4443 2196 4499 cillentur.
2232 4442 2505 4497 Hontinem
2545 4442 2631 4497 hic
2654 4443 2916 4513 significat
2943 4444 3184 4500 absolute
3212 4446 3513 4515 diabolum,

1950 4538 2088 4591 sicut
2116 4536 2169 4590 in
2200 4536 2490 4605 Evangelia
2518 4537 2585 4591 de
2610 4536 2729 4605 ipso
2760 4537 3013 4591 Dominus
3058 4538 3190 4593 dicit
3222 4557 3233 4592 :
3270 4541 3522 4597 lnimicus

251 4575 457 4613 omnes
500 4556 761 4623 cruciﬁxi,
794 4572 980 4612 omnes
1017 4557 1234 4623 mortui,
1269 4558 1709 4627 omnes'sepulti,
1735 4574 1851 4612 om-

251 4666 355 4704 nes
398 4661 537 4703 sunt
574 4650 739 4703 etiam
785 4648 1047 4703 suscitati.
1082 4648 1302 4710 l’razsta,
1338 4649 1572 4718 piissime
1601 4650 1760 4718 Deus,
1793 4660 1850 4706 ut

249 4742 435 4809 quiin
488 4747 960 4807 assumptacarne
1004 4754 1101 4807 pro
1138 4738 1291 4792 nobis
1322 4738 1569 4807 dignatus
1610 4754 1671 4793 cs
1713 4738 1844 4807 pati,

246 4836 408 4902 regni
449 4834 528 4887 tui
566 4833 833 4886 consortia
873 4831 1024 4885 nobis
1052 4830 1315 4901 largiaris.
1354 4830 1604 4884 Memoria
1632 4846 1844 4899 quoque

247 4925 564 4978 tenendum
586 4932 671 4977 est
690 4924 830 4991 quod
860 4922 945 4976 hic
969 4922 1203 4989 psalmus
1233 4922 1419 4976 tertius
1444 4932 1524 4975 est
1542 4936 1727 4976 eorum
1753 4923 1844 4992 qui

244 5016 319 5070 de
366 5014 637 5084 passione
674 5024 730 5067 et
772 5012 1165 5067 resurrectione
1193 5010 1404 5066 Domini
1431 5011 1587 5065 latius
1614 5021 1739 5065 sunt
1767 5012 1851 5067 lo-

242 5120 385 5158 (ull.

1949 4638 2125 4683 autem
2173 4627 2335 4682 homo
2362 4628 2451 4698 qui
2491 4629 2935 4696 superseminavit
2963 4630 3187 4696 zizania,
3217 4642 3301 4685 est
3329 4632 3520 4687 diabo-

1945 4717 2028 4773 lus
2069 4717 2284 4789 (Matth.
2311 4732 2422 4781 snt,
2447 4717 2563 4786 28).
2595 4718 2845 4785 Sequitur
2874 4736 2888 4772 :
2916 4716 3045 4771 Tota
3082 4720 3165 4772 die
3194 4720 3389 4775 bellan:
3421 4724 3518 4776 tri-

1945 4807 2135 4861 bulavit
2175 4823 2273 4860 me.
2311 4807 2571 4861 Describit
2599 4808 2724 4875 quid
2754 4807 2807 4861 in
2847 4808 2949 4862 hoc
2983 4809 3183 4862 mundo
3208 4822 3393 4865 sancta
3428 4827 3520 4879 pa-

1945 4898 2105 4952 tiatur
2134 4895 2371 4951 Ecclesia
2397 4914 2410 4950 :
2439 4899 2560 4965 quia
2591 4897 2709 4952 sine
2737 4897 2914 4967 aliqua
2960 4898 3356 4957 intermissione
3402 4904 3519 4957 dia-

1945 4990 2052 5045 boli
2102 4992 2439 5058 cognoscitur
2482 4991 2776 5044 certamina
2831 4991 3138 5055 sustinere,
3197 4993 3334 5048 sicut
3388 4996 3520 5051 dicit

1944 5083 2261 5151 Apostolus:
2297 5081 2420 5135 Non
2447 5091 2522 5137 est
2550 5082 2695 5136 nobis
2729 5082 3021 5136 colluctatio
3047 5084 3289 5140 adversus
3313 5103 3517 5142 caruerit

1946 5181 1994 5225 et
2009 5173 2331 5242 sanguinem,
2352 5172 2441 5225 sed
2468 5173 2711 5226 adversus
2739 5173 2995 5242 principes
3015 5183 3062 5227 et
3089 5184 3353 5242 potestates
3381 5186 3520 5232 tene-

1951 5263 2154 5316 brarum
2191 5263 2374 5315 harant
2424 5260 2638 5332 (Ep/tes.
2671 5276 2743 5326 vr,
2774 5260 2885 5328 12).
2927 5261 3131 5316 Bellum
3180 5280 3361 5333 grave,
3392 5268 3515 5336 quia

1950 5356 2245 5419 occultum;
2280 5371 2453 5424 pugna
2497 5354 2753 5421 difﬁcilis,
2782 5356 2905 5424 quia
2935 5371 3056 5410 cum
3107 5357 3331 5415 fortiore
3358 5361 3518 5418 dimi-

1949 5457 2121 5502 catur.
2153 5446 2317 5513 Quale
2343 5456 2425 5499 est
2459 5446 2603 5500 enim
2630 5460 2750 5499 cum
2782 5446 2935 5500 hoste
2978 5446 3287 5516 confligere,
3316 5462 3371 5506 et
3398 5455 3517 5524 ejus

312 5540 553 5595 Titulus
579 5539 666 5593 hic
686 5539 917 5607 duplicia
945 5540 1181 5595 continet
1209 5548 1561 5595 sacramenta.
1581 5538 1692 5593 Una
1719 5551 1842 5605 pars
1950 5536 2168 5592 insidias
2191 5552 2295 5589 non
2324 5535 2537 5591 videre?
2563 5536 2914 5591 Adversarius
2944 5551 3156 5605 quoque
3186 5549 3371 5597 noster
3415 5561 3516 5601 nec

231 5647 321 5690 est
354 5631 651 5697 Evangelii
682 5646 850 5699 usque
901 5629 965 5685 ad
994 5631 1121 5686 illud
1150 5632 1288 5703 quod
1310 5632 1402 5700 ait,
1426 5633 1479 5685 in
1509 5631 1643 5685 tituli
1661 5629 1842 5682 inscri-
1950 5628 2131 5685 labore
2173 5626 2374 5695 deiicit,
2420 5641 2521 5685 nec
2558 5628 2729 5684 victus
2779 5627 3067 5696 aliquando
3117 5630 3372 5703 discedit;
3421 5641 3515 5695 sed

558 5726 823 5786 Ρηιοι..
862 5728 1060 5788 LXX.

3049 5719 3121 5781 13

576 5192 932 5248 EXPOSITIO
970 5193 1035 5247 IN
1075 5192 1397 5248 PSALMUM
1438 5191 1548 5246 LV.

241 5285 312 5339 In
348 5287 550 5351 ﬁnem.
578 5299 670 5350 pro
712 5283 919 5351 populo,
950 5285 1035 5345 qui
1059 5302 1091 5336 a
1124 5285 1312 5337 sanctis
1354 5284 1517 5350 longe.
1546 5287 1706 5350 {actus
1748 5293 1842 5346 est,

324 5356 514 5405 Ιιίιιγὶιλ
551 5356 602 5405 in
647 5355 782 5423 tituli
826 5356 1169 5423 inscriptione,
1206 5356 1407 5421 quando
1439 5362 1701 5405 tenuerunt
1731 5370 1844 5405 eum

313 5426 595 5491 aflupliyli
625 5425 675 5475 in
706 5420 859 5477 Gelli.
