3956 6178
181 223 247 279 597
1107 214 1462 272 EXI‘OSITIO
1499 215 1563 269 IN
1604 209 2064 269 PSXLTERIUM.
2109 208 2298 264 PSAL.
2345 207 2449 265 LV.

3320 188 3423 247 598

176 337 314 403 ponit.
346 333 561 389 Iustitia
612 332 850 397 Domini,
882 346 999 401 qum
1042 340 1254 401 putatur
1302 332 1404 397 ira,
1452 329 1730 399 confringit
1761 333 1810 388 Α
1840 326 1959 379 liter
1990 326 2246 378 Dominus
2276 322 2515 375 omnium
2556 328 2821 386 nostrum,
2857 327 3035 374 tamen
3082 317 3412 377 confidenter

174 426 364 496 populos
395 433 763 479 contumaces.
782 422 911 477 Nam
939 437 1058 477 cum
1090 420 1520 475 tribulationibus
1541 433 1725 471 eorum

173 517 298 573 corda
327 516 683 586 quassaverit,
702 523 753 568 et
779 514 1113 568 diversarum
1146 513 1511 582 angustiarum
1541 527 1727 565 nume-

173 612 358 662 rositate
389 607 757 673 compleverit,
793 607 859 659 ah
888 606 1169 674 iniquitate
1194 604 1451 669 revocati,
1488 602 1729 670 compel-

172 701 324 751 luatur
374 697 601 750 Domino
644 695 922 760 ettnfiteri;
958 706 1011 748 et
1058 711 1151 764 per
1196 696 1328 747 iram
1377 694 1492 761 ejus
1522 692 1731 746 videtur

170 792 280 857 lieri,
318 804 445 843 cum
500 789 588 841 ille
639 788 879 856 placidus
925 798 1084 855 atque
1139 786 1488 839 immutabilis
1543 783 1732 836 salutis

174 892 339 933 nostra:
369 893 564 933 causas
592 887 847 931 noscatur
878 878 1114 945 operari.

228 971 365 1023 Vers.
404 971 460 1024 7.
501 968 670 1021 Vitam
699 984 860 1019 meam
900 966 1196 1020 annuntiavi
1229 966 1350 1027 tibi;
1387 966 1533 1033 posui
1565 965 1735 1033 lacry—

173 1078 255 1114 mas
276 1076 419 1113 meas
449 1060 503 1112 in
545 1067 816 1123 conspectu
846 1066 953 1123 tuo,
986 1058 1117 1111 sicut
1162 1057 1216 1109 in
1261 1055 1594 1123 promissione
1623 1063 1733 1107 tua.

175 1152 320 1204 Vitam
350 1165 508 1205 suam
533 1149 805 1202 annuntiat
828 1148 959 1213 Deo,
984 1148 1075 1216 qui
1117 1156 1331 1215 peccata
1361 1145 1573 1214 propria
1604 1159 1737 1198 con-

174 1246 322 1298 ﬁtetur
341 1284 357 1305 ,
389 1243 537 1297 sicut
565 1241 691 1296 fecit
717 1240 1003 1307 Apostolus
1030 1238 1291 1293 dicendo:
1317 1237 1474 1291 Prius
1497 1238 1575 1306 fui
1605 1237 1739 1289 blas-

172 1338 375 1405 phemus,
440 1342 485 1383 et
532 1339 841 1398 persecutor,
883 1338 930 1382 et
974 1330 1257 1398 injttriosus
1288 1326 1337 1395 (I
1377 1326 1514 1379 Tim.
1552 1342 1592 1389 ι,
1630 1326 1735 1394 15).

177 1428 263 1482 lloc
284 1437 366 1479 est
394 1426 543 1479 enim
565 1423 789 1493 gloriam
824 1423 934 1476 Deo
963 1420 1111 1487 dare,
1137 1430 1194 1473 ttt
1227 1420 1436 1488 publice
1460 1418 1740 1473 denuntie-

173 1536 267 1573 mus
294 1519 486 1588 quales
515 1531 615 1571 nos
644 1518 893 1585 dignatus
920 1514 1079 1570 fuerit
1107 1515 1394 1577 sustinere,
1417 1522 1471 1567 et
1500 1513 1565 1566 ad
1613 1526 1744 1565 con-

171 1614 450 1666 versionem
472 1596 759 1670 adducere.
791 1610 876 1679 qui
904 1609 1244 1663 merebamur
1274 1607 1509 1676 peccatis
1542 1606 1740 1660 facien-

1830 417 2053 469 dicimns
2081 431 2093 467 :
2121 414 2257 468 Deus
2283 428 2447 476 meus,
2481 410 2695 481 quando
2724 410 2792 465 ab
2821 424 2884 465 eo
2913 425 3013 467 nos
3041 412 3238 483 respici
3262 417 3447 484 posso'

1830 507 2152 577 gaudemus.

1906 597 2056 652 Vers.
2091 598 2143 651 9.
2176 596 2242 649 In
2269 595 2375 650 Deo
2403 594 2627 648 laudabo
2647 597 2933 658 verbum,ct
2962 597 3014 648 in
3043 593 3262 651 Domino
3287 598 3428 668 prce;

1832 688 2012 740 dicabo
2031 704 2331 741 sermonem.
2354 687 2555 742 Revera
2580 687 2894 740 orthodoxae
2916 687 3055 742 dicta
3084 702 3423 756 cognoscun-

1838 790 1920 829 tur
1947 777 2219 830 Ecclesia).
2240 777 2296 829 ln
2313 777 2470 831 Patre
2490 791 2548 830 se
2571 778 2833 845 promittit
2850 775 3039 832 Filium
3060 779 3419 846 laudaturum,

1839 880 1891 923 ut
1912 870 2166 941 quidquid
2196 870 2264 925 de
2296 871 2389 924 illo
2408 871 2621 935 dicitur,
2641 871 2707 924 de
2736 870 2837 923 isto
2870 872 3106 937 pariliter
3134 874 3418 929 sentiatur.

1838 963 1967 1016 Nam
1998 977 2117 1017 cum
2151 961 2501 1029 praedicamus
2524 970 2779 1014 aeternum
2805 971 2962 1030 atque
2989 964 3420 1030 omnipotentem

1818 1052 2071 1119 iPatretn,
2105 1060 2362 1103 aeternum
2396 1062 2554 1119 atque
2598 1050 3021 1118 omnipotentem
3070 1051 3262 1107 Filium
3303 1055 3424 1108 sine

1839 1140 2003 1194 dubio
2030 1140 2368 1194 conﬁtemur.
2402 1138 2576 1193 Unum
2617 1147 2701 1192 est
2746 1140 2889 1193 enim
2924 1141 2976 1193 in
3018 1150 3246 1210 utroque
3276 1157 3423 1211 prae-

1841 1234 2078 1297 conium,
2125 1233 2379 1301 quoniam
2433 1246 2538 1285 una
2587 1232 2759 1287 virtus
2813 1234 3116 1296 amborum,
3149 1235 3424 1290 individua

1840 1327 2032 1396 gloria,
2064 1324 2276 1394 quando
2318 1323 2660 1378 indivisibilis
2700 1334 2784 1378 est
2833 1337 3041 1380 natura.
3080 1328 3319 1397 Denique
3345 1328 3425 1385 sic

1844 1417 1958 1483 ipse
1989 1417 2040 1469 in
2070 1414 2356 1484 Evangelia
2384 1423 2608 1469 testatur
2637 1431 2652 1468 :
2688 1414 2797 1484 Ego
2828 1417 2879 1470 in
2914 1416 3090 1483 Patre,
3113 1427 3162 1471 et
3196 1418 3351 1473 Pater
3372 1420 3426 1474 in

1844 1520 1921 1557 me
1952 1514 2023 1558 est
2060 1502 2237 1573 (Joan.
2270 1519 2377 1568 le,
2425 1503 2511 1571 10,
2550 1502 2657 1572 Η).
2694 1506 2850 1572 Quid,
2895 1522 3044 1576 rogo,
3087 1523 3191 1562 non
3231 1509 3428 1566 habent

1849 1596 2099 1665 Filii,qui
2131 1604 2372 1648 naturam
2396 1596 2777 1665 omnipotentis
2810 1597 2928 1651 Filii
2955 1599 3146 1655 habet?
3168 1601 3270 1656 Aut
3296 1603 3426 1671 quid

171 1702 286 1754 titius
303 1702 552 1754 interire.
578 1699 647 1753 Et
672 1699 877 1767 inspice
904 1698 1045 1767 quod
1072 1698 1221 1763 dicit,
1238 1698 1391 1751 vitam
1415 1710 1739 1765 meam,qu:e

1858 1702 1950 1741 ton
1979 1687 2172 1742 habeat
2201 1686 2395 1752 Patris,
2440 1687 2529 1755 qui
2554 1698 2797 1743 naturam
2839 1693 3223 1760 omnipotentis
3253 1694 3427 1751 Patris

170 1808 356 1862 semper
401 1793 663 1861 probatur
688 1806 812 1846 esse
853 1789 1153 1859 culpabilis.
1183 1789 1415 1858 Quando
1444 1789 1584 1844 enim
1630 1803 1737 1843 non

168 1892 243 1933 aut
280 1880 572 1949 regitando
617 1879 999 1950 delinquimus,
1033 1888 1125 1932 aut
1172 1879 1348 1933 verbis
1395 1877 1737 1947 offendimus,

170 1986 241 2026 aut
265 1974 404 2026 lahili
436 1974 647 2027 actione
678 1972 995 2038 peccamus?
1034 1971 1207 2026 Vitam
1234 1985 1363 2041 ergo
1390 1986 1567 2035 suam,
1599 1970 1741 2025 sicut

172 2067 333 2134 perﬁdi
366 2066 732 2132 abscondunt,
758 2067 827 2119 ita
856 2064 1039 2120 fideles
1062 2065 1522 2129 annuntiant;non
1544 2073 1603 2118 ut
1623 2077 1741 2117 eam

170 2154 263 2207 Deo
308 2166 497 2208 notam
557 2153 778 2217 faciant,
830 2155 919 2221 qtti
972 2153 1281 2208 nullatenus
1325 2162 1501 2222 potest
1543 2150 1743 2221 aliquid

174 2244 436 2313 ignorare,
469 2245 566 2299 sed
600 2253 657 2297 ut
691 2259 750 2297 se
778 2245 947 2315 magis
994 2244 1413 2299 condcmnantes
1439 2253 1747 2299 mereantur

172 2339 347 2391 absolvi
365 2383 382 2398 .
413 2338 558 2392 sicut
582 2338 839 2406 propheta
862 2336 1021 2392 dicit:
1051 2336 1144 2391 Dic
1167 2350 1220 2390 tu
1247 2337 1387 2406 prius
1406 2348 1610 2406 peccata
1632 2346 1743 2403 tua,

174 2442 217 2484 tu
232 2432 542 2501 justiﬁceris
575 2429 746 2500 (Psal.
780 2446 934 2496 χχχι,
967 2430 1045 2499 5).
1082 2430 1352 2500 Sequitur,
1382 2428 1545 2484 Posui
1573 2429 1744 2500 lacry-

178 2540 267 2577 om
288 2541 430 2579 meas
446 2526 501 2577 in
525 2534 800 2592 conspecm
821 2533 927 2580 tuo.
952 2521 1218 2594 Lacrymae
1232 2538 1351 2593 qua:
1381 2523 1433 2576 in
1456 2533 1747 2592 conspectu

174 2614 250 2669 Dei
275 2629 554 2686 ponuntur
578 2617 824 2684 jucunda:
864 2624 1023 2677 sunt,
1080 2616 1203 2685 quia
1233 2629 1337 2669 non
1367 2614 1624 2678 cruciant,
1650 2614 1746 2669 sed

169 2719 195 2755 a
219 2707 538 2761 cruciatibus
581 2708 824 2761 liberant.
856 2705 976 2761 Pias
1002 2720 1132 2774 ergo
1167 2706 1430 2775 lacrymas
1462 2702 1743 2772 fundebat,

172 2797 247 2860 qui
287 2814 382 2864 pro
418 2796 652 2853 inimicis
694 2796 949 2867 rogabat,
979 2806 1035 2851 et
1076 2796 1198 2851 ideo
1244 2796 1440 2850 meruit
1485 2794 1745 2857 obtinere,

168 2888 278 2957 quia
308 2900 641 2959 prmceptum
677 2890 885 2944 Domini
912 2890 1171 2959 probatur
1194 2890 1478 2959 implesse.
1513 2888 1747 2952 Addidit,

168 2983 285 3035 sicut
314 2986 369 3037 in
403 2985 744 3051 promissione
789 2994 895 3036 tua.
938 2983 1261 3038 Pollicitatio
1308 2982 1509 3054 quippe
1538 2980 1752 3036 Domini

1849 1778 2044 1832 habet?
2064 1778 2176 1833 Una
2197 1789 2278 1832 est
2309 1793 2493 1833 revera
2514 1780 2967 1850 substantia,quia
2991 1786 3122 1840 nihil
3155 1787 3205 1838 in
3237 1802 3424 1843 eorum

1846 1873 2077 1927 essentia
2107 1871 2371 1927 dissimile
2405 1882 2499 1928 aut
2532 1873 2845 1944 discrepans
2879 1880 3164 1945 reperitur.
3193 1880 3305 1934 Non
3338 1882 3426 1936 hic

1848 1966 2075 2035 amplius
2125 1967 2370 2020 minusve
2420 1968 2646 2035 reperis,
2702 1967 2803 2024 nisi
2855 1972 2996 2039 quod
3047 1974 3148 2026 sibi
3204 1973 3428 2029 hmrcsis

1848 2059 2042 2113 Ariana
2090 2058 2369 2129 contingit.
2404 2059 2528 2114 Hatc
2563 2072 2744 2115 autem
2795 2064 2981 2133 regula
3017 2067 3235 2121 unitatis
3266 2076 3428 2137 atque

1848 2149 2166 2215 :equalitatis
2204 2148 2462 2217 Spiritum
2490 2165 2704 2219 quoque
2751 2162 2995 2209 sanctum
3043 2156 3162 2212 sine
3207 2157 3423 2214 dubita-

1850 2242 1995 2295 tione
2019 2239 2529 2295 consubstantialem
2560 2240 2703 2295 Patri
2734 2241 2979 2314 Filioque
3013 2249 3426 2317 complectitur:

1849 2332 2102 2400 quoniam
2147 2342 2332 2387 sancta
2357 2331 2591 2387 Trinitas
2631 2350 2770 2391 unus
2804 2346 2889 2391 est
2910 2337 3083 2403 Dens,
3118 2356 3217 2395 nec
3255 2351 3430 2406 pctest

1850 2422 1943 2475 uni
1968 2423 2192 2491 gloriam
2223 2423 2378 2489 dare,
2410 2423 2500 2492 qui
2534 2438 2594 2479 se
2634 2440 2741 2479 non
2773 2426 3101 2484 intellexerit
3144 2432 3246 2488 hoc
3280 2448 3432 2489 com-

1853 2514 2082 2569 muniter
2107 2514 2389 2569 obtulisse.
2413 2514 2703 2572 Sciendum
2728 2519 2887 2586 plane
2916 2522 3058 2590 quod
3084 2522 3431 2584 doctissimus

1852 2610 2181 2679 Augustinus
2214 2610 2266 2664 in
2298 2610 2436 2665 libro
2469 2610 2680 2666 decimo
2719 2615 2907 2681 quinto
2961 2617 3241 2674 Trinitatis
3274 2620 3430 2693 (Cap.

1855 2703 1944 2772 17)
1987 2703 2059 2757 ita
2106 2702 2276 2758 dicit:
2308 2702 2781 2772 Spiritussanctus
2805 2710 3099 2765 secundum
3129 2712 3433 2784 Scriptura:

1854 2795 2063 2850 divinas
2110 2810 2211 2850 nec
2257 2795 2430 2850 Patris
2471 2806 2556 2852 est
2596 2798 2783 2863 solius,
2819 2816 2919 2856 nec
2956 2802 3071 2857 Filii
3110 2807 3302 2874 solius,
3336 2810 3432 2863 sed

1853 2902 1976 2943 esse
2014 2897 2228 2943 constat
2273 2887 2580 2944 amborum.
2606 2889 2944 2960 Quapropter
2990 2894 3164 2949 Patris
3211 2907 3266 2951 et
3312 2899 3433 2955 Filii

1857 2982 2091 3037 charitas
2120 2990 2203 3037 est
2243 2981 2413 3046 unita,
2445 2997 2566 3036 cum
2608 2993 2787 3039 tamen
2818 2995 2872 3038 et
2916 2986 3031 3050 ipse
3078 2988 3313 3055 perfecta
3363 2994 3435 3048 sit

168 3086 335 3139 est,ut
366 3078 486 3145 pias
508 3076 776 3144 lacrytnas
802 3092 906 3129 non
932 3074 1147 3139 refutet,
1169 3077 1308 3129 sicut
1338 3076 1388 3129 in
1417 3075 1520 3127 alio
1544 3075 1749 3141 psalmo
1778 3073 1825 3136 C
1858 3074 2117 3129 charitas.
2145 3072 2256 3127 Hoc
2285 3072 2445 3128 etiam
2482 3072 2850 3141 multipliciter
2892 3076 3082 3143 probat
3124 3080 3177 3133 itt
3223 3083 3435 3148 exposi-

172 3166 317 3220 dicit:
338 3168 539 3221 lm-oca
570 3184 647 3220 me
672 3168 725 3219 in
768 3168 849 3221 die
878 3167 1216 3221 tribulationis
1236 3176 1357 3232 tum,
1380 3178 1425 3221 et
1446 3168 1657 3237 eripiam
1683 3176 1750 3231 te,

172 3259 587 3328 ttmagniﬁcabis
614 3276 691 3311 me
722 3257 894 3329 (Psal.
930 3275 1081 3324 XLIX,
1120 3259 1222 3329 ιδ).

236 3350 384 3406 Vcrs.
403 3353 460 3407 8.
481 3350 851 3406 Convertentur
874 3352 1068 3404 inimici
1092 3351 1192 3404 mei
1213 3360 1523 3414 retrorsum;
1546 3351 1599 3403 in
1626 3366 1753 3418 qua-

176 3454 355 3509 cunque
386 3440 473 3493 die
506 3441 803 3492 invocarem
847 3447 915 3503 te,
959 3454 1072 3492 ecce
1097 3438 1305 3510 cognovi
1334 3438 1574 3506 quoniam
1617 3437 1755 3492 Deus

173 3548 297 3585 meus
325 3550 380 3587 es
422 3542 495 3585 tu.
530 3529 902 3585 Convertendos
932 3541 1209 3583 retrorsum
1241 3529 1370 3585 dicit
1404 3529 1654 3594 inimicos,
1688 3546 1755 3583 ne

178 3624 221 3675 in
257 3640 350 3676 suo
394 3624 593 3681 itinere
616 3630 1051 3691 perseverantes,
1081 3621 1345 3691 pessimos
1394 3621 1619 3689 implere
1661 3622 1758 3675 do-

175 3732 387 3773 ceatttur
416 3733 657 3773 errores.
692 3720 731 3772 A
762 3717 903 3771 malo
926 3712 1068 3772 enim
1098 3716 1189 3785 qui
1221 3726 1364 3769 retro
1407 3715 1568 3783 redit,
1600 3717 1759 3785 perfi-

178 3806 267 3862 dia:
302 3827 414 3865 sum
445 3810 709 3880 culpanda
742 3809 1085 3880 tlerclinqttit.
1117 3810 1205 3864 Sit:
1244 3810 1385 3864 enim
1435 3809 1593 3865 Petro
1626 3824 1756 3880 apo-

175 3906 306 3952 stnto
336 3904 602 3957 Dominus
649 3896 774 3955 dicit
806 3902 1100 3971 prapitius,
1132 3915 1238 3955 non
1278 3902 1441 3955 iratus
1474 3919 1489 3955 :
1526 3901 1652 3954 Redi
1681 3918 1759 3955 re-

176 3999 268 4053 tro,
298 3994 525 4045 Satanas
560 3990 755 4058 (Marc.
780 4005 894 4053 Vill.
927 3989 1039 4059 ⁸55).
1074 3988 1217 4043 Istud
1247 3990 1389 4043 enim
1418 3989 1630 4059 quando
1675 4004 1760 4043 cr-

174 4098 259 4134 ran
289 4084 413 4138 ibus
443 4082 893 4149 contingit,crror
926 4080 1162 4150 pristina:
1195 4081 1470 4148 pravitatis
1492 4068 1757 4135 abscedit.

171 4171 447 4239 Sequitur,
479 4174 531 4225 in
563 4188 863 4242 quacunque
882 4173 962 4224 die
986 4158 1281 4225 invocarem
1311 4181 1376 4225 te.
1405 4170 1497 4225 ilic
1527 4172 1762 4226 cienten-

171 4265 295 4317 tiam
332 4264 546 4317 Domini
578 4264 886 4332 pronuntiat
928 4263 1338 4333 mirabilemque
1388 4262 1675 4332 pietatem,
1706 4273 1763 4318 ut

174 4357 222 4408 in
242 4375 547 4425 quacunque
576 4360 661 4410 die
690 4359 947 4412 invocatus
987 4358 1163 4427 fuerit,
1197 4372 1412 4425 semper
1443 4374 1501 4413 se
1539 4360 1762 4413 misera-

1858 3169 2003 3223 tione
2043 3166 2298 3236 Epistolze
2342 3167 2511 3223 sancti
2539 3166 2783 3233 Joannis,
2816 3170 3050 3236 apertius
3100 3173 3315 3228 homilia
3345 3190 3437 3231 sc-

1858 3260 2025 3329 ptima
2048 3259 2236 3314 dicens
2268 3276 2283 3311 :
2313 3258 2446 3327 Quia
2477 3258 2570 3328 qui
2617 3260 2932 3315 charitatem
2983 3277 3087 3315 non
3138 3264 3296 3319 habet
3324 3264 3437 3320 fra-

1855 3356 1978 3419 tris,
2014 3353 2198 3424 utique
2226 3368 2330 3407 non
2364 3351 2526 3408 habet
2569 3351 2824 3421 Spiritum
2859 3363 3123 3409 sanctum.
3158 3355 3431 3426 Sequitur,

1858 3455 1901 3498 at
1926 3446 1980 3497 in
2006 3445 2224 3497 Domino
2269 3443 2559 3513 praedicabo
2603 3460 2903 3498 sermonem.
2931 3445 3025 3499 Hic
3050 3446 3161 3513 jam
3193 3451 3334 3501 venit
3365 3450 3435 3504 ad

1861 3536 2140 3591 Dominum
2180 3535 2474 3597 Christum,
2505 3536 2593 3603 qui
2634 3551 2769 3590 unus
2812 3552 2879 3592 ex
2906 3536 3167 3593 Trinitate
3219 3538 3436 3594 Verbum

1859 3645 1976 3682 caro
2015 3630 2201 3699 factum
2234 3636 2328 3693 est,
2378 3638 2425 3682 et
2474 3629 2715 3682 habitavit
2762 3632 2816 3683 in
2849 3631 2992 3684 nobis
3039 3630 3216 3700 (Joan.
3250 3649 3284 3696 t,
3324 3635 3437 3700 Li).

1859 3718 2026 3788 Cujus
2055 3733 2354 3783 sermones,
2388 3719 2441 3773 id
2470 3728 2551 3774 est
2578 3718 2987 3787 prtedicationes
3020 3724 3212 3777 merito
3234 3739 3293 3778 se
3316 3725 3436 3778 lau-

1860 3810 2099 3865 daturum
2126 3810 2389 3879 promittit
2426 3811 2661 3866 Ecclesia
2689 3856 2702 3875 ,
2734 3813 2855 3881 quia
2884 3812 3117 3867 humano
3141 3818 3322 3884 generi
3355 3817 3436 3870 vi-

1861 3902 2020 3957 vendi
2061 3902 2297 3970 regulam
2335 3903 2579 3969 prtestitit
2618 3912 2672 3958 et
2700 3904 2951 3959 salutem.
2988 3906 3188 3960 Revera
3220 3921 3437 3962 sermo-

1864 4008 1959 4047 nes
1980 3992 2178 4062 ubique
2201 3993 2549 4062 prmdicandi,
2580 4008 2674 4062 per
2701 4010 2836 4063 quos
2862 3997 3043 4049 mundi
3068 3998 3212 4052 salus
3233 4001 3442 4056 cmlesti

1867 4085 2038 4153 potuit
2083 4084 2429 4140 miseratione
2472 4086 2731 4153 reparari.
2772 4086 2897 4140 llzec
2940 4089 3081 4141 enim
3110 4089 3217 4141 duo
3260 4102 3442 4147 sancta

1868 4184 2036 4231 mater
2070 4191 2129 4231 se
2166 4177 2574 4245 prmtlicaturam
2621 4176 2907 4243 promittit,
2942 4194 3061 4246 qua:
3095 4190 3289 4235 nostra:
3320 4181 3445 4237 fidei

1867 4275 2124 4324 :eternam
2189 4268 2429 4321 tribuunt
2487 4269 2842 4335 sospitatcm;
2891 4269 3097 4325 scilicet
3150 4273 3444 4340 patentium

1869 4359 2055 4426 Verbi,
2090 4368 2143 4413 et
2170 4359 2554 4414 humanitatem
2582 4360 2824 4428 ejusdem
2856 4362 3063 4416 Domini
3090 4361 3309 4417 Chrisd.
3342 4364 3447 4421 Sed

171 4458 250 4503 tus
296 4451 597 4521 indulgeat.
634 4452 949 4520 Quacunque
976 4452 1077 4517 die,
1110 4452 1371 4521 significat
1401 4453 1596 4507 diversi
1632 4464 1764 4509 tem-
1793 4448 1844 4508 D
1870 4468 1938 4508 ne
1984 4452 2176 4521 aliquis
2223 4452 2571 4520 pessimorum
2623 4453 2722 4506 ism
2772 4454 2986 4507 nomina
3022 4455 3109 4509 Dei
3143 4463 3198 4510 et
3229 4455 3449 4510 Domini

172 4546 317 4609 poris
364 4543 778 4597 satisfactiones.
812 4543 960 4597 Alter
990 4545 1134 4598 enim
1179 4554 1287 4597 tota
1325 4559 1457 4612 pene
1503 4545 1605 4598 vita
1660 4546 1762 4599 Do-

170 4637 382 4690 minam
425 4636 722 4706 supplicat,
756 4636 891 4691 alter
923 4636 976 4689 in
1011 4636 1182 4690 media
1230 4646 1386 4690 (etate
1412 4637 1759 4701 convertitur,

168 4730 303 4781 alius
330 4732 386 4780 in
410 4729 530 4781 vitre
560 4730 666 4781 fine
691 4728 947 4783 salvatur.
979 4728 1156 4796 ipsum
1184 4738 1267 4782 est
1294 4728 1435 4782 enim
1460 4729 1511 4782 in
1534 4745 1765 4797 quacun-

167 4836 263 4885 σεε
286 4822 418 4885 die,
455 4820 569 4889 qui.
605 4818 864 4873 Dominus
907 4819 1156 4875 clementi
1190 4819 1443 4888 patientia
1487 4820 1767 4887 quodlibet

170 4925 392 4981 tempus
417 4924 610 4966 itast-:1!
641 4911 1006 4966 conversionis
1028 4920 1335 4980 exspectat:
1356 4920 1412 4965 et
1440 4912 1561 4964 ideo
1584 4912 1766 4979 culpa-

171 5006 311 5058 biles
342 5006 596 5068 stistinet,
626 5010 903 5070 esspcctat
924 5009 1186 5067 errantes,
1213 5001 1399 5055 dicens
1426 5016 1439 5053 :
1468 4998 1606 5053 Nolo
1632 5015 1768 5053 mar-

164 5106 262 5147 tem
288 5098 598 5163 peccatoris,
614 5096 703 5147 sed
728 5103 778 5145 ut
796 5102 1118 5146 convertatur
1138 5101 1185 5144 et
1208 5092 1333 5145 vivat
1356 5090 1571 5159 (ΕιεεΙι.
1602 5107 1726 5144 xvm
1751 5132 1767 5157 ,

168 5187 289 5251 .3).
318 5185 511 5239 Solum
534 5194 619 5238 est
648 5186 816 5247 enim,
848 5193 902 5237 ut
946 5186 996 5236 in
1029 5183 1127 5237 hac
1159 5182 1263 5234 vita
1295 5188 1569 5249 peccatum
1609 5197 1769 5236 omne

164 5280 462 5337 fateamur,
489 5279 574 5329 ubi
598 5289 654 5331 et
688 5278 917 5329 humana
949 5275 1232 5342 fragilitate
1256 5273 1639 5342 delinquimus.
1660 5274 1768 5327 Ad-

165 5368 331 5428 drlit,
370 5383 484 5419 ecce
509 5368 692 5437 agnovi
734 5367 973 5433 quoniam
1018 5366 1153 5418 Deus
1201 5381 1361 5417 meus.
1387 5380 1439 5417 es
1488 5374 1563 5417 tu.
1591 5364 1769 5417 Dulcis

162 5458 469 5523 professio,
498 5472 551 5513 et
577 5474 699 5512 veta
732 5458 1011 5526 probatio,
1048 5468 1102 5508 ut
1138 5457 1253 5525 ipse
1293 5466 1643 5524 cognosceret
1676 5457 1772 5508 im-

164 5562 389 5611 pletum
421 5551 557 5619 quod
600 5566 791 5615 tttagnu
840 5550 1111 5603 desiderio
1155 5558 1378 5601 noverat
1421 5548 1769 5615 exquisitum.

162 5640 462 5709 Sequitur.
494 5642 733 5705 quoniam
780 5639 909 5691 [Inus
941 5656 1078 5691 metu
1108 5655 1159 5691 es
1187 5650 1268 5701 tu;
1304 5640 1423 5694 licet
1455 5640 1522 5690 sit
1550 5654 1773 5708 genera-

1868 4543 1967 4596 sub
1992 4544 2315 4599 discretione
2345 4544 2519 4614 aliqua
2562 4544 2899 4610 suscipienda
2939 4544 3222 4613 jttdicaret,
3250 4557 3307 4600 ut
3352 4549 3449 4601 i‘a-

1870 4635 1937 4689 tri
1968 4644 2020 4689 et
2050 4634 2181 4689 Filio
2210 4636 2525 4689 vocabulum
2562 4635 2709 4690 istutl
2747 4635 2953 4689 Domini
2986 4653 3089 4690 non
3120 4639 3449 4693 omnimodis

1869 4726 2075 4782 diceret
2115 4726 2428 4808 convenire,
2472 4728 2525 4779 in
2562 4726 2859 4781 centesimo
2905 4742 3047 4779 nono
3080 4728 3288 4794 psalmo
3316 4744 3443 4797 pro-

1875 4820 2035 4887 pheta
2067 4828 2291 4873 testatur
2319 4819 2506 4872 dicens
2540 4836 2552 4870 :
2596 4818 2735 4872 Dixit
2770 4818 3015 4871 Dominus
3051 4816 3266 4873 Domino
3298 4836 3408 4874 meo

1876 4909 2010 4965 Sede
2030 4926 2062 4962 a
2085 4909 2276 4962 dextris
2305 4908 2426 4961 meis
2457 4907 2628 4978 (Psal.
2655 4922 2760 4972 etv,
2797 4906 2873 4978 1),

1949 5002 2106 5070 189
2145 4999 2299 5054 Vers.
2334 5002 2419 5054 10.
2466 4998 2533 5053 In
2563 5000 2668 5053 Deo
2691 5001 2936 5066 sperabo,
2972 5016 3070 5053 non
3122 5000 3303 5053 timebo
3333 5000 3459 5068 quid

1872 5094 2027 5162 faciat
2057 5094 2179 5147 mihi
2202 5094 2371 5147 homo.
2410 5094 2611 5149 Revera
2637 5110 2740 5146 non
2770 5102 2942 5161 potest
2965 5093 3229 5147 hominem
3258 5094 3457 5153 timere,

1872 5186 2041 5255 quise
2080 5185 2346 5239 mundana
2374 5200 2480 5239 non
2529 5186 2780 5239 formidat
2819 5186 3082 5239 amittere.
3135 5184 3269 5251 Quod
3311 5184 3454 5237 enim

1876 5285 2050 5343 potest
2078 5277 2324 5331 inimicus
2356 5276 2586 5341 auferre,
2618 5276 2719 5328 nisi
2741 5276 2871 5330 illttd
2903 5275 3043 5344 quod
3073 5283 3257 5327 sancta
3287 5282 3462 5325 mater

1876 5383 1903 5420 a
1935 5382 2028 5419 sua
2060 5378 2236 5421 mente
2261 5368 2515 5434 probatur
2544 5368 2819 5434 ahjiccrc?
2861 5367 2955 5419 llic
2988 5366 3257 5419 hominem
3300 5365 3462 5435 (sicut

1876 5460 2119 5523 superius
2145 5457 2340 5509 dictum
2366 5458 2469 5520 est)
2494 5457 2762 5511 diabolum
2796 5457 3052 5510 debemus
3082 5458 3342 5524 accipere,
3368 5458 3461 5523 qui

1877 5556 2114 5600 sanctam
2143 5547 2429 5599 Ecclesium
2461 5549 2633 5616 iniqua
2655 5562 2868 5612 semper
2892 5547 3161 5602 voluntate
3192 5550 3463 5615 persequi-

1881 5650 1983 5693 tur.
2018 5640 2212 5693 Vcrsus
2240 5648 2415 5693 autem
2444 5639 2573 5706 iste,
2608 5648 2660 5694 et
2697 5642 2745 5691 in
2781 5638 2949 5710 prima
2996 5649 3146 5710 parte
3178 5642 3351 5695 tinalzs
3382 5649 3462 5695 cs‘
