3956 6178
542 231 643 287 399

540 442 761 493 ritarum
806 433 1119 504 quibusdam
1164 432 1266 487 illis
1310 431 1703 497 relucentibus,
1748 431 1988 500 parilitas
2017 430 2117 485 sibi

538 531 767 599 partium
792 525 983 580 decora
1008 533 1298 579 constaret.

612 621 760 677 Vers.
797 620 881 672 Η.
916 615 983 670 In
1014 633 1093 671 me
1120 626 1256 681 sunt,
1287 616 1459 683 Deus,
1500 623 1615 669 vota
1643 625 1750 681 tua,
1774 631 1889 685 qua:
1908 616 2117 670 reddant

539 712 862 765 laudationes
920 708 1094 782 [ed.,
1148 705 1368 779 laudes]
1420 706 1531 761 tibi.
1588 706 1743 762 Venit
1789 707 1854 760 ad
1907 708 2118 760 tertium

536 802 859 865 membrum,
916 798 1003 853 ubi
1040 798 1149 867 jam
1180 798 1396 851 liberata
1430 796 1497 852 de
1527 796 1684 851 malis
1712 796 1870 864 hujus
1914 796 2115 861 saeculi,

539 892 871 945 bnnlaturam
912 903 974 944 se
1015 888 1295 943 Dominum
1346 888 1626 957 proﬁtetur
1664 886 1925 942 Ecclesia.
1980 888 2120 941 Dicit

540 986 682 1039 enim
716 985 767 1037 in
798 998 860 1037 se
884 996 1003 1036 esse
1042 992 1162 1034 vota
1196 980 1537 1044 laudationis,
1580 978 1670 1035 Dei
1696 988 1872 1033 tamen
1901 993 2120 1033 munere

536 1075 857 1140 contributa,
889 1088 1009 1144 quae
1039 1074 1089 1126 in
1124 1072 1211 1126 illa
1256 1073 1611 1141 perpetuitate
1660 1072 1928 1127 reddenda
1972 1082 2117 1137 sunt,

538 1170 752 1237 quando
773 1169 880 1235 jam
905 1166 1073 1220 sancti
1109 1164 1391 1220 indefessis
1419 1165 1641 1221 vocibus
1672 1167 1978 1235 persolvent
2008 1166 2121 1221 lau-

537 1263 619 1315 dis
644 1261 979 1329 obsequium.
1026 1261 1127 1313 Ista
1153 1268 1275 1313 sunt
1306 1258 1448 1313 enim
1480 1274 1619 1328 quae,
1653 1273 1774 1313 cum
1806 1259 1971 1315 Deum
1995 1258 2118 1314 dili-

535 1354 739 1423 ginnis,
796 1352 1049 1406 habemus
1097 1366 1310 1419 semper
1349 1350 1699 1419 intrinsecus,
1735 1367 1853 1422 quae
1886 1367 1915 1406 a
1962 1352 2119 1407 nobis

535 1445 856 1499 omnimodis
900 1460 1005 1499 non
1049 1444 1336 1509 recedunt;
1385 1444 1481 1497 sed
1528 1444 1582 1498 in
1630 1444 1721 1499 illa
1763 1445 2121 1514 perpetuitate

535 1536 840 1600 reddimus,
873 1549 994 1589 cum
1037 1549 1250 1602 semper
1295 1533 1555 1588 solvimus
1581 1541 1637 1588 et
1678 1534 1955 1589 debemus.
1986 1534 2117 1609 Nam

535 1629 603 1681 de
630 1630 803 1682 futuro
830 1641 925 1680 nos
955 1634 1008 1680 et
1032 1626 1173 1680 hunc
1216 1641 1429 1680 versum
1470 1626 1673 1682 debere
1713 1628 2009 1696 intelligere
2033 1641 2117 1682 sco

1773 224 1843 279 Μ.
1884 218 2163 280 Αυιιιῑιιι
2202 222 2603 282 CASSIODDRI

536 350 559 417 (
585 346 721 401 sicut
750 352 806 400 et
828 343 913 399 hic
940 343 1146 399 videtur
1167 354 1289 397 esse
1310 336 1632 411 repetitus),
1657 348 1714 394 ut
1734 339 1887 410 quasi
1913 353 2121 408 marga-
2151 342 2199 398 Α

3701 229 3803 283 460

2508 340 2866 396 ΕΧΡΟΞΙΤΙΟ
2908 340 2971 397 ΙΝ
3020 340 3345 399 PSALMUM
3392 340 3521 396 LVI.

2226 426 2291 482 In
2339 430 2527 497 ﬁnem,
2575 448 2636 483 ne
2670 433 2935 499 disperdat
2976 432 3142 488 David
3182 435 3235 487 in
3272 433 3406 486 tituli
3449 431 3802 502 inscriptione,

2442 518 2555 554 cum
2583 502 2778 571 fugeret
2807 520 2838 555 α
2861 505 2993 573 [acie
3022 504 3155 559 Saul
3181 505 3233 558 in
3262 503 3580 573 speluncam.

2293 608 2393 665 Per
2412 612 2568 677 ﬁnem
2590 613 2897 683 frequenter
2914 613 3153 670 diximus
3175 614 3461 669 Dominum
3476 614 3765 683 significari
3786 656 3805 684 ,

2220 703 2345 771 quia
2375 705 2488 773 ipsa
2517 718 2601 761 est
2630 719 2809 763 nostra
2837 710 3093 777 perfec:io
3121 711 3186 765 ad
3215 713 3386 781 ipsum
3432 712 3661 768 feliciter
3687 728 3809 782 per-

2223 800 2427 854 veti'rre.
2478 801 2609 853 Nam
2640 802 2779 856 sicut
2818 818 2937 858 cum
2979 804 3265 858 terminum
3308 804 3550 873 attigeris
3600 805 3811 860 itineris

2220 888 2501 957 destinati,
2530 891 2715 946 labore
2746 894 2896 947 linito
2927 896 2975 947 in
3008 895 3125 949 loco
3154 896 3649 949 desiderantissime
3677 910 3811 949 con-

2221 980 2473 1048 quiescis,
2510 982 2579 1036 ita
2626 998 2747 1037 cum
2786 983 2853 1036 ad
2895 984 3172 1037 Dominum
3207 987 3448 1049 veneris,
3482 986 3708 1041 ulterius
3741 990 3811 1039 nil

2220 1076 2484 1143 requires.
2538 1075 2622 1129 Ne
2662 1075 2933 1144 disperdas
2974 1076 3161 1131 David.
3211 1077 3526 1143 Prohibetur
3574 1079 3745 1133 David
3782 1094 3811 1132 a

2222 1165 2383 1222 Saule
2410 1165 2677 1235 disperdi,
2704 1166 2795 1237 qui
2830 1167 2896 1222 ad
2936 1184 3157 1238 regnum
3190 1169 3365 1224 fuerat
3392 1169 3666 1224 voluntate
3710 1172 3811 1225 Do-

2222 1254 2350 1311 mini
2382 1268 2743 1326 praeparatus,
2772 1259 2911 1313 sicut
2955 1258 3151 1313 factum
3182 1275 3301 1315 esse
3330 1261 3672 1315 manifestum
3704 1274 3810 1315 cst.

2220 1346 2493 1415 Sequitur,
2526 1346 2592 1401 In
2623 1350 2757 1403 tituli
2782 1351 3133 1418 inscriptione.
3158 1351 3269 1405 Hoc
3296 1367 3399 1406 non
3426 1351 3609 1416 David,
3641 1352 3738 1405 sed
3759 1352 3809 1407 in

2223 1439 2470 1507 passione
2492 1438 2707 1494 Christo
2732 1440 2959 1495 Domino
2986 1442 3318 1509 provenisse,
3345 1444 3681 1497 manifestum
3702 1455 3808 1505 est,

2221 1542 2290 1581 ne
2325 1541 2354 1580 a
2398 1528 2586 1582 Pontio
2635 1530 2807 1584 Pilato
2846 1532 3079 1599 scriptus
3119 1532 3305 1586 titulus
3336 1541 3650 1585 mutaretur.
3702 1532 3810 1586 Sed

2222 1618 2341 1687 quia
2368 1620 2599 1673 diximus
2624 1636 2905 1689 personam
2932 1622 3142 1678 Domini
3165 1624 3334 1678 nostri
3359 1624 3648 1678 Salvatoris
3680 1639 3810 1692 por-

536 1719 750 1787 quentia
794 1717 1199 1783 demonstrant,
1250 1732 1372 1787 qua:
1422 1717 1546 1772 huic
1594 1717 1796 1773 mundo
1846 1728 2116 1788 nequeunt

2229 1717 2363 1763 lasse
2394 1709 2556 1765 David
2582 1750 2598 1775 ,
2634 1711 2735 1766 hoc
2767 1729 2903 1767 nunc
2946 1714 3015 1768 de
3042 1715 3158 1784 ipso
3186 1714 3415 1781 dicitur,
3449 1716 3587 1784 quod
3616 1724 3735 1769 crat
3763 1718 3812 1769 in

537 1814 796 1867 ullatenus
826 1811 1131 1865 convenire.

605 1902 760 1959 Vers.
788 1902 873 1957 1‘2.
898 1902 1152 1970 Quoniam
1169 1904 1399 1974 eripuisti
1420 1904 1646 1958 animam
1664 1920 1827 1958 meam
1845 1907 1909 1958 de
1930 1914 2112 1971 morte,

535 1997 707 2049 oculos
730 2010 865 2047 meos
890 2010 920 2046 a
942 1994 1200 2063 lacrymis,
1232 2003 1279 2048 et
1298 1996 1450 2066 pedes
1473 2012 1608 2049 meos
1634 2012 1666 2049 a
1695 1995 1861 2064 lapsu.
1888 1994 2113 2051 Causam

535 2086 711 2139 reddit
739 2099 835 2139 cur
867 2092 993 2139 vota
1022 2084 1190 2139 laudis
1219 2086 1290 2139 sit
1316 2085 1418 2155 piis
1464 2086 1919 2141 immolationibus
1960 2088 2115 2142 obla-

537 2186 685 2239 tura,
729 2175 933 2229 scilicet
976 2174 1098 2244 quia
1129 2176 1317 2245 eripuit
1359 2177 1587 2229 animam
1621 2178 1799 2246 populi
1846 2178 2017 2233 ﬁdelis
2054 2178 2119 2231 de

534 2277 697 2321 niorte
725 2274 1003 2337 perpetua.
1031 2265 1160 2331 Quae
1196 2266 1362 2335 figura
1390 2254 1584 2322 dicitur
1616 2268 1877 2339 mtlologia
1898 2311 1912 2335 ,
1942 2268 1995 2323 id
2035 2278 2118 2324 est

535 2373 709 2412 causw
742 2357 989 2413 redditio.
1018 2357 1089 2412 Et
1127 2357 1263 2413 bene
1304 2371 1455 2414 suam
1485 2359 1714 2416 animam
1738 2368 1923 2414 sancta
1950 2370 2119 2416 mater

532 2468 566 2503 a
589 2458 750 2502 morte
778 2448 908 2503 dicit
944 2457 1204 2517 ereptam,
1234 2464 1353 2515 qua:
1393 2448 1620 2506 filiorum
1650 2450 1963 2506 liberatione
1984 2466 2116 2519 gau-

534 2541 711 2595 debat.
743 2539 1015 2608 Sequitur,
1046 2540 1223 2594 oculos
1242 2555 1379 2595 meos
1399 2557 1430 2593 a
1454 2540 1717 2612 lacrymis,
1741 2552 1786 2596 et
1810 2543 1960 2609 pedes
1980 2557 2119 2594 meos

535 2650 566 2686 a
588 2634 755 2702 lapsu.
786 2631 1019 2702 Singulis
1042 2631 1246 2701 singula
1271 2630 1463 2686 reddit.
1486 2631 1723 2686 Animam
1744 2633 1874 2687 dicit
1892 2642 2117 2703 ereptam

534 2722 599 2776 de
620 2732 795 2787 morte,
825 2723 999 2777 oculos
1029 2738 1061 2774 a
1085 2722 1325 2789 lacrymis
1344 2765 1359 2789 ,
1389 2723 1542 2791 pedes
1571 2738 1701 2778 vero
1733 2739 1769 2776 a
1808 2725 1979 2793 lapsu.
2014 2724 2118 2780 Sed

536 2814 649 2869 lucc
680 2815 779 2868 tria
804 2813 856 2868 in
890 2812 1067 2868 futuro
1094 2815 1291 2868 saeculo
1323 2815 1738 2883 prcestabuntur,
1772 2816 1985 2884 quando
2009 2816 2117 2884 jam

535 2922 635 2963 nec
660 2909 831 2962 anima
862 2906 1132 2976 peccando
1154 2908 1432 2974 morietur,
1466 2922 1564 2963 nec
1586 2907 1724 2961 oculi
1752 2910 1887 2961 mala
1910 2923 2003 2961 sui
2028 2909 2122 2963 dc-

535 3001 760 3068 llebunt,
793 3014 893 3055 nec
925 3000 1073 3069 pedes
1106 3000 1368 3055 labentur.
1410 2998 1541 3054 Nam
1580 2999 1668 3054 hic
1708 3000 1792 3053 cui
1841 2999 2116 3054 beatorum

2219 1801 2413 1857 Christi
2440 1804 2652 1859 Domini
2682 1807 2929 1873 passione
2956 1807 3256 1862 faciendum
3286 1825 3298 1860 :
3330 1824 3395 1861 ne
3430 1808 3813 1875 disperderetnr

2219 1893 2386 1949 David
2416 1896 2483 1952 dc
2521 1912 2688 1967 regno
2732 1898 3018 1968 dcputato,
3053 1901 3189 1955 sicut
3228 1916 3326 1956 nec
3356 1901 3445 1954 illa
3481 1900 3696 1956 Domini
3726 1916 3815 1970 po-

2220 1988 2319 2043 tuit
2350 1988 2490 2044 tituli
2523 1990 2799 2060 inscriptio
2826 1994 3168 2047 commutari.
3199 1992 3437 2059 Addidit,
3472 2009 3590 2045 cum
3618 1996 3815 2063 fugeret

2219 2096 2253 2133 ι
2291 2080 2425 2150 facie
2465 2080 2597 2135 Saul
2637 2082 2690 2135 in
2731 2080 3051 2150 speluncam.
3086 2083 3252 2137 Actus
3291 2082 3394 2137 iste
3422 2091 3476 2137 et
3524 2082 3697 2136 David
3721 2123 3735 2147 ,
3765 2092 3816 2136 ct

2221 2169 2449 2224 Domino
2495 2170 2724 2225 multum
2757 2171 2969 2226 videtur
2992 2185 3112 2227 esse
3153 2173 3468 2228 consimilis.
3511 2172 3646 2226 Nam
3680 2175 3818 2227 sicut

2221 2262 2384 2317 David
2415 2264 2628 2320 Saulem
2655 2264 2862 2334 fugiens
2902 2266 2954 2320 in
3010 2266 3264 2337 spelunca
3303 2282 3362 2321 se
3401 2267 3715 2334 abscondit,
3748 2267 3817 2321 ita

2221 2366 2275 2411 et
2311 2355 2521 2410 Domini
2563 2356 2855 2412 Salvatoris
2886 2358 3058 2412 deitas
3088 2360 3223 2412 intra
3273 2359 3530 2428 templum
3569 2360 3820 2428 corporis

2220 2447 2301 2500 sui
2340 2446 2539 2502 Judzeis
2573 2448 2795 2516 perfidis
2842 2449 3003 2504 fuisse
3046 2451 3299 2518 probatur
3343 2450 3691 2505 abscondita.
3737 2450 3819 2505 Sic

2221 2540 2428 2608 singula
2459 2555 2580 2609 quae
2608 2540 2676 2595 de
2713 2540 2879 2597 David
2921 2551 2974 2597 et
3018 2542 3232 2597 Christo
3262 2552 3622 2612 provenerunt
3662 2544 3818 2607 facta,

2222 2630 2327 2684 illis
2346 2642 2469 2685 sunt
2498 2633 2597 2688 sub
2628 2634 2729 2687 hac
2753 2634 3015 2688 allusione
3040 2636 3366 2689 communia.
3396 2634 3526 2702 Quae
3558 2634 3820 2705 imagines

2223 2737 2403 2776 rerum
2436 2724 2488 2777 in
2519 2724 2617 2778 hoc
2649 2725 2804 2780 titulo
2835 2727 2956 2781 ideo
2983 2726 3302 2795 pra-ludunt,
3334 2727 3458 2796 quia
3500 2734 3648 2779 totus
3686 2727 3819 2797 psal-

2226 2830 2344 2869 mus
2370 2817 2434 2870 de
2463 2818 2671 2872 Domini
2717 2819 2965 2887 passione
2996 2819 3238 2873 dicturus
3263 2828 3366 2874 est.
3405 2818 3497 2873 Sic
3534 2804 3695 2873 enim
3740 2820 3824 2873 ille

2227 2906 2587 2959 truculentum
2612 2906 2863 2976 Saulem,
2892 2909 3029 2963 sicut
3072 2909 3173 2963 iste
3216 2908 3429 2963 Judtcos
3461 2911 3823 2975 nequissimos

2227 2997 2550 3063 perferebat.
2583 2998 2806 3067 Oportet
2837 2999 2999 3067 igitur
3027 3001 3334 3056 meminisse
3379 3003 3650 3069 psalmum
3689 3006 3823 3055 tuine

536 3092 708 3146 “re”
753 3092 1047 3163 lacrymas.
1078 3106 1199 3144 cum
1249 3090 1363 3159 ipse
1408 3090 1551 3143 dim
1583 3107 1596 3143 ε
1627 3089 1773 3142 Βεαιε
1801 3090 1887 3158 qui
1922 3091 2117 3159 ιαθεηι,
2146 3091 2190 3151 C
2224 3086 2469 3155 quintum
2500 3103 2620 3143 esse
2649 3089 2864 3143 illorum
2893 3094 2981 3160 qui
3032 3094 3333 3159 passionem
3372 3104 3425 3146 et
3466 3095 3829 3149 resurrectio-

534 3185 772 3250 quoniam
810 3184 907 3251 ipsi
936 3182 1334 3236 consolabuntur
1359 3180 1577 3250 (Matth.
1609 3196 1660 3245 v,
1695 3179 1791 3249 5)?
1823 3181 1931 3235 Nec
1963 3180 2123 3248 pedes

537 3276 802 3346 iustorum
846 3274 900 3327 in
931 3273 1037 3327 isto
1078 3272 1277 3327 saeculo
1306 3286 1337 3324 a
1384 3272 1536 3340 lapsu
1587 3269 1881 3326 redduntur
1919 3270 2075 3324 aheni
2104 3310 2121 3337 ,

538 3364 661 3435 quia
692 3364 817 3419 dum
846 3362 901 3419 in
932 3363 1034 3417 hoc
1063 3360 1264 3417 mundo
1289 3360 1601 3427 ambulant,
1631 3373 1848 3429 semper
1888 3360 1943 3415 in
1972 3360 2124 3429 lapsu

538 3465 696 3523 sunt;
728 3456 822 3511 sed
851 3454 1028 3509 divina
1078 3453 1447 3507 misericordia
1481 3451 1845 3517 continentur,
1874 3452 2016 3505 sicut
2048 3451 2122 3505 le-

536 3550 714 3619 gitur:
740 3548 939 3615 Septies
956 3546 1089 3599 cadit
1104 3546 1298 3617 justus,
1322 3556 1363 3599 et
1384 3545 1603 3614 resurgit
1624 3543 1811 3613 (Prov.
1836 3558 1982 3609 xstv,
2008 3542 2119 3611 lli).

608 3639 759 3694 Yers.
792 3639 880 3694 15.
914 3636 983 3692 Ut
1024 3639 1252 3706 placeant
1281 3652 1455 3690 coram
1503 3635 1610 3689 Deo
1650 3636 1703 3688 in
1733 3635 1924 3689 tantine
1950 3634 2122 3689 viren-

539 3734 686 3787 tium.
740 3730 877 3786 Dicit
926 3729 1375 3800 quemadmodum
1432 3727 1661 3784 Domino
1707 3726 1909 3797 placere
1956 3725 2125 3795 possit

540 3824 784 3882 Ecclesia
832 3825 884 3878 in
917 3820 1347 3877 manifestatione
1388 3829 1730 3885 sanctorum,
1763 3818 1863 3872 hoc
1909 3828 2019 3885 ess,
2068 3818 2121 3872 in

538 3919 731 3972 tantine
758 3916 1050 3979 viventium,
1105 3914 1377 3984 inquibus
1419 3914 1532 3982 ipsa
1581 3910 1828 3980 pulchra,
1856 3912 1967 3980 ipsa
2007 3912 2124 3967 sine

539 4011 744 4065 macula
766 4049 783 4074 ,
826 4010 939 4078 ipsa
982 4006 1226 4062 redditur
1251 4006 1367 4061 sine
1394 4020 1545 4075 ruga.
1590 4004 1856 4073 Quidquid
1891 4006 2035 4060 enim
2071 4008 2122 4061 in

540 4103 644 4157 illis
674 4100 949 4166 acciderit,
973 4099 1025 4154 in
1055 4099 1201 4152 vultu
1231 4097 1386 4152 istius
1407 4097 1685 4152 elucescit.
1710 4096 1861 4151 Sicut
1892 4095 2122 4151 hominis

538 4209 668 4247 sana
700 4192 904 4247 viscera
944 4190 1175 4246 reddunt
1214 4192 1401 4244 faciem
1430 4188 1824 4257 pulchriorem;
1856 4188 1992 4243 sicut
2025 4190 2123 4245 Sa-

539 4284 721 4337 lomon
760 4282 889 4338 dicit
931 4282 951 4352 (
984 4282 1139 4336 Prov.
1175 4297 1263 4349 xv,
1302 4282 1408 4349 l3)
1443 4298 1455 4337 :
1491 4278 1667 4335 Corde
1699 4280 1914 4336 laetante
1946 4282 2121 4336 vultus

540 4376 692 4429 ﬂoret
728 4391 742 4427 :
781 4374 853 4427 ita
894 4374 1003 4427 oris
1045 4382 1245 4428 sanctae
1289 4373 1543 4427 Ecclesia:
1584 4373 1749 4428 decus
1796 4374 2118 4443 aspergitur,

540 4465 680 4534 quod
711 4467 763 4521 in
790 4466 1065 4521 beatorum
1099 4465 1304 4521 meritis
1332 4464 1624 4521 invenitur.
1700 4470 1703 4471 ⁷

1076 4605 1347 4661 Conclusio
1372 4607 1578 4674 psalmi.

612 4743 826 4798 Peractt
858 4752 982 4797 sunt
1019 4757 1180 4797 verna
1222 4752 1422 4797 sanctte
1466 4742 1686 4817 virginis
1714 4751 1769 4797 ct
1805 4744 1990 4797 matris
2023 4742 2121 4797 Ec-

536 4835 734 4888 clesiae.
770 4833 857 4887 Illa
899 4832 1041 4887 enim
1074 4847 1173 4887 nos
1214 4833 1521 4901 ineorrttpia
1562 4841 1813 4901 generat,
1843 4833 1934 4888 illa
1974 4845 2125 4890 casto

537 4933 690 4978 utero
714 4923 979 4991 profundit
1004 4922 1056 4977 in
1081 4932 1390 4992 perpetuam
1412 4923 1605 4979 lucem.
1635 4925 1738 4978 Sed
1770 4925 1969 4979 utinam
1993 4941 2119 4992 qua-

540 5014 617 5069 les
663 5015 993 5081 baptismate
1033 5014 1123 5069 illa
1167 5023 1418 5082 generat,
1474 5015 1606 5069 tales
1659 5029 1759 5071 nos
1806 5017 1929 5070 vita:
1969 5016 2122 5085 hujus

540 5107 798 5160 terminus
843 5105 1105 5161 inveniret
1139 5108 1152 5160 l
1187 5120 1253 5159 ne
1304 5105 1596 5161 habeamus
1643 5122 1767 5161 cum
1799 5107 1992 5176 pepulo
2023 5124 2123 5163 ne-

537 5195 851 5250 l'andissimo
874 5198 1196 5267 portionem,
1214 5202 1301 5267 qui
1331 5198 1492 5267 (sicut
1514 5199 1697 5252 titulus
1713 5198 1863 5268 dicit)
1880 5214 1906 5251 a
1925 5204 2124 5255 sanctis

536 5291 691 5358 longe
722 5288 920 5342 divisus
945 5305 976 5346 e
1008 5299 1048 5345 t.
1081 5291 1329 5356 Quinimo
1360 5290 1594 5345 torcular
1634 5304 1732 5345 nos
1763 5291 1915 5345 istius
1941 5296 2124 5349 sazcnli

534 5382 829 5447 gaudentes
857 5393 1085 5451 premat,
1115 5393 1168 5435 ut
1198 5398 1298 5451 Cop
1323 5398 1413 5437 osa
1442 5385 1510 5439 de
1551 5384 1705 5438 nobis
1747 5386 1868 5440 vina
1903 5388 2122 5455 profun-

532 5475 643 5527 dat.
674 5476 871 5529 AllliCIi
900 5491 1028 5544 ergo
1055 5477 1251 5544 gratias
1280 5492 1521 5545 agamus,
1552 5479 1856 5533 contristati
1905 5482 2125 5538 tninime

534 5564 900 5630 desperemus,
937 5568 1153 5637 quando
1181 5568 1268 5621 illa
1294 5576 1557 5626 tormenta
1590 5580 1835 5641 prosunt,
1877 5587 1994 5643 qua:
2027 5590 2122 5632 nos

552 5656 616 5709 ad
636 5659 849 5728 ιιτευωὶςι
878 5660 1036 5717 beata
1065 5661 1383 5733 perducunt.

2228 3192 2352 3231 nem
2382 3178 2593 3233 Domini
2624 3181 2724 3236 sub
2755 3181 3014 3236 brevitate
3051 3198 3490 3239 commemorant.

2801 3300 3001 3357 Divisio
3027 3304 3231 3375 psalmi.

2305 3414 2558 3471 Dominus
2597 3416 2844 3472 Christus
2893 3418 2945 3472 in
2977 3420 3145 3487 primo
3171 3419 3361 3474 ordine
3388 3418 3575 3487 psalmi
3612 3430 3739 3476 orat
3764 3419 3826 3475 dc

2226 3523 2321 3563 sua
2367 3509 2616 3579 passione
2649 3511 2950 3579 sollicitus,
2991 3513 3283 3567 secundum
3330 3511 3383 3566 id
3426 3511 3567 3578 quod
3608 3523 3829 3582 propter

2228 3614 2327 3654 nos
2350 3600 2513 3656 homo
2539 3602 2652 3656 fieri
2683 3603 3037 3657 inaestimabili
3083 3603 3277 3672 pietate
3304 3604 3550 3672 dignatus
3578 3617 3701 3660 est.
3734 3604 3830 3658 Fs-

2226 3700 2344 3747 etus
2361 3694 2503 3747 enim
2528 3697 2613 3762 (ut
2638 3694 2707 3749 ita
2735 3694 2992 3765 dixerim)
3016 3694 3335 3752 humanatus
3358 3697 3516 3761 Deus,
3543 3700 3647 3767 qui
3671 3700 3831 3755 etiam

2228 3785 2282 3839 in
2307 3789 2671 3855 assumptione
2700 3788 2876 3845 carnis
2905 3789 3045 3844 Deus
3074 3804 3193 3845 esse
3233 3806 3336 3845 non
3366 3792 3567 3846 destitit
3592 3808 3613 3856 ;
3647 3794 3831 3849 incon-

2226 3882 2484 3938 vertibilis
2510 3898 2754 3948 manens,
2780 3894 3057 3954 assumpto
3081 3885 3417 3941 convertibili
3451 3885 3709 3955 homine,
3742 3904 3826 3941 na.

2229 3982 2399 4029 turam
2432 3989 2581 4028 suam
2612 3989 2718 4029 non
2749 3975 3015 4043 minuens,
3054 3977 3149 4033 sed
3179 3977 3541 4031 conditionem
3585 3981 3826 4034 πηοτιῑώ-

2228 4065 2347 4119 tatis
2378 4064 2639 4120 exaltans.
2675 4063 2819 4120 Unus
2861 4067 3004 4120 enim
3053 4076 3215 4135 atque
3258 4066 3395 4121 idem
3433 4079 3513 4121 est
3562 4068 3827 4123 Dominus

2226 4155 2499 4219 Christus,
2529 4156 2618 4226 qui
2644 4167 2699 4211 et
2743 4158 2796 4210 in
2831 4156 2923 4210 Dei
2967 4156 3138 4212 forma
3169 4168 3418 4228 cperatus
3447 4167 3527 4211 est
3565 4162 3826 4214 lllll'aCUld

2226 4258 2414 4314 magna
2464 4245 2714 4313 virtutis,
2762 4255 2816 4301 ct
2859 4246 3110 4302 informa
3153 4248 3295 4303 servi
3343 4249 3505 4303 subiit
3559 4253 3828 4305 saevitiam

2226 4338 2506 4405 passionis.
2537 4338 2783 4393 Secundo
2808 4338 2996 4393 ordine
3021 4340 3436 4395 resurrectionis
3458 4356 3577 4396 suae
3601 4346 3829 4414 gloriam

2228 4429 2486 4498 stupenda
2514 4432 2768 4486 varietate
2796 4431 3071 4486 describit.
3096 4434 3275 4486 Tertio
3301 4441 3424 4501 post
3450 4433 3826 4490 beatissimam

2233 4535 2476 4575 rcsnrrec
2504 4522 2703 4586 ionem,
2729 4522 2909 4577 laudes
2933 4538 2991 4577 se
3019 4524 3157 4577 l’atri
3189 4523 3415 4579 Domino
3441 4536 3679 4583 cantare
3714 4546 3829 4597 pro.

2232 4610 2423 4676 mittit;
2454 4627 2573 4681 qua:
2604 4613 2842 4668 membra
2886 4612 3251 4683 diaplasmatis
3310 4628 3524 4686 quoque
3582 4619 3827 4686 interpo-

2233 4703 2428 4757 sitione
2457 4712 2789 4773 separantur.

2678 4824 2835 4895 190
2863 4822 3132 4896 Expositio
3159 4825 3366 4895 psalmi.

2300 4939 2449 4994 Vers.
2478 4940 2526 4992 l.
2558 4938 2802 4993 Miserere
2822 4941 2942 5004 mei,
2972 4940 3127 5006 Deus,
3152 4943 3390 4997 miserere
3415 4943 3515 4996 mei
3534 4958 3559 4997 :
3582 4946 3831 5013 quoniam

2226 5031 2277 5083 in
2302 5040 2348 5085 te
2368 5032 2577 5100 conﬁdit
2599 5032 2773 5084 anima
2794 5048 2928 5085 mea.
2952 5032 3198 5086 Christus
3217 5033 3476 5088 Dominus
3498 5034 3831 5088 humanatus

2227 5125 2418 5178 clamat
2437 5126 2501 5177 ad
2528 5124 2757 5189 Patrem,
2783 5139 2847 5178 ex
2875 5140 2940 5179 eo
2962 5124 3103 5193 quod
3135 5126 3360 5179 futuram
3389 5127 3585 5180 metuit
3619 5129 3831 5195 passio-

2229 5229 2386 5280 nem;
2437 5224 2493 5267 ut
2531 5216 2773 5283 quamvis
2817 5215 3172 5268 voluntariam
3213 5218 3511 5283 susciperet
3563 5226 3830 5282 Inetlcut,

2230 5306 2420 5359 anima!
2449 5318 2559 5357 sua:
2584 5304 2881 5358 declararet
2921 5304 3170 5359 absolute
3208 5304 3573 5360 formidinem.
3614 5307 3833 5362 Miseri-

2229 5394 2464 5449 civrdam
2495 5393 2623 5465 petit
2652 5394 2744 5447 Dei
2777 5395 2962 5463 Filius,
2996 5397 3084 5464 qui
3118 5396 3401 5451 miseretur
3424 5400 3710 5459 onmilius,
3745 5400 3829 5467 qui

2231 5496 2372 5539 tanta
2422 5486 2485 5539 ad
2539 5502 2637 5539 nos
2685 5486 2991 5539 liberandos
3044 5487 3341 5541 humilitate
3389 5492 3718 5555 descendit,
3781 5503 3833 5543 ut

2231 5597 2389 5633 unum
2415 5596 2476 5633 es
2508 5580 2751 5634 fidelibus
2773 5580 2851 5635 cla
2863 5595 3006 5635 mare
3026 5590 3200 5649 putes,
3224 5583 3363 5648 (μιοά
3382 5584 3617 5638 Creator
3643 5586 3831 5638 mund.

2230 5679 2514 5741 assumpta:
2557 5673 2735 5727 carnis
2781 5670 3096 5728 infirmitate
3144 5672 3474 5744 deprecatur.
3529 5672 3681 5731 Nam
3711 5693 3829 5731 cum
