3956 6178
130 498 137 507 ,
180 449 271 504 801
360 504 367 511 ,
1060 474 1064 478 »
1137 446 1499 503 EXPUSITIO
1542 448 1604 501 IN
1647 447 2106 505 l’SAL'I'EIilUM.
2154 452 2349 509 PSAL.
2392 454 2519 510 LVI.

3371 454 3470 508 40?.

176 554 296 608 dicit
331 573 343 607 :
381 551 635 610 Miserere
680 558 815 623 mei,
850 556 1018 625 Deus,
1068 562 1301 615 miserere
1352 563 1479 626 mei,
1528 562 1775 632 repetitio
1805 565 1851 626 Α
1880 580 2060 632 gnere,
2084 564 2333 622 viderunt
2354 567 2537 623 lldeles
2554 568 2780 638 populos
2797 569 2863 624 de
2883 569 3047 639 ipsius
3071 574 3471 630 resurrectione

173 648 267 699 ista
301 647 606 716 periculum
640 646 834 703 futuras
880 653 1069 706 mortis
1118 651 1388 718 ostendit,
1422 662 1478 707 ut
1507 667 1650 721 smpe
1684 669 1774 721 po-

170 749 346 793 sceret
376 741 795 794 resurrectionis
842 742 1158 797 miraculum
1183 784 1196 805 .
1226 745 1314 813 qui
1348 745 1628 799 subiturus
1663 749 1779 799 erat

170 830 488 884 discrimina
519 833 810 899 passionis.
835 835 1108 905 Sequitur,
1131 837 1374 905 quoniam
1398 838 1452 890 in
1477 848 1523 891 te
1559 839 1777 906 conﬁdit

170 928 340 979 anima
380 943 513 981 mea.
549 927 736 982 Oratio
767 929 865 983 ista
917 928 1086 983 forma
1141 930 1374 984 ﬁdelium
1424 940 1541 998 est,
1590 942 1648 986 ut
1686 947 1774 999 qu.

173 1033 393 1089 propter
422 1020 654 1073 salutem
688 1030 924 1075 nostram
954 1022 1076 1076 talia
1110 1023 1349 1091 pertulit,
1374 1022 1776 1093 precationibus

172 1129 388 1184 quoque
422 1132 521 1171 nos
547 1117 660 1170 suis
690 1115 807 1185 pius
853 1116 1042 1169 doctor
1074 1116 1383 1170 instrui-ret.
1424 1117 1605 1169 Oravit
1630 1115 1774 1169 enim

170 1218 225 1260 ut
248 1208 497 1275 regulam
534 1207 689 1261 nobis
710 1217 912 1260 sanctae
934 1207 1194 1261 orationis
1215 1206 1543 1261 os‘enderet.
1578 1205 1775 1260 Passus

170 1308 253 1353 est
283 1310 507 1368 propter
540 1314 669 1365 nos,
717 1309 771 1352 ut
803 1298 979 1352 nullus
1012 1314 1109 1366 pro
1156 1298 1272 1367 ipso
1318 1297 1426 1367 pati
1456 1297 1595 1351 velle
1636 1296 1776 1350 rcl'u-

170 1388 298 1456 giat.
336 1388 680 1455 Resurresit,
713 1398 771 1443 ut
800 1388 865 1442 ad
898 1389 1348 1444 resurrectionem
1372 1403 1585 1458 quoque
1609 1388 1776 1457 ipsius

168 1493 293 1545 spes
316 1494 377 1532 se
400 1492 601 1534 nostra:
625 1479 953 1533 inﬁrmitatis
976 1479 1248 1533 extendat.
1273 1479 1363 1533 Ille
1382 1482 1527 1532 enim
1553 1481 1773 1533 iSIarum

170 1586 353 1625 rerum
397 1573 608 1639 inditus
638 1590 742 1626 non
772 1573 899 1638 iuit,
934 1574 1030 1628 sed
1062 1576 1239 1628 omnia
1268 1588 1429 1627 causa
1463 1584 1660 1628 nostra:
1690 1589 1776 1627 sa-

169 1663 299 1716 lutis
330 1663 557 1729 «serpit.
718 1680 721 1681 '
1456 1738 1459 1739 ν

246 1756 271 1795 \
292 1769 404 1807 ers.
435 1756 491 1808 ‘2.
522 1753 582 1805 Et
612 1754 665 1806 in
687 1754 866 1807 umbra
887 1755 1089 1807 alarum
1118 1765 1322 1809 tuarum
1351 1756 1586 1827 sperabo,
1616 1756 1776 1809 donec

166 1855 401 1897 transeat
430 1846 689 1913 iniquitas.
728 1845 1087 1914 lntelligamus
1117 1847 1378 1901 orationis
1410 1848 1564 1902 istius
1595 1849 1773 1915 puris-

1880 655 2130 727 gaudere.
2168 657 2408 713 Dedecus
2439 660 2579 712 enim
2613 674 2765 715 suum
2797 661 2997 730 iudicat
3026 664 3166 718 mala
3188 669 3476 721 censcieu-

1882 749 1985 812 tia,
2023 749 2235 818 quando
2284 752 2497 819 prepria
2525 766 2628 805 non
2670 752 2815 808 videt
2860 754 3067 823 impleri
3101 768 3257 825 posse
3284 755 3469 827 dispoo

1882 853 2008 895 sua.

1954 932 2103 987 Vers.
2131 932 2183 987 5.
2213 935 2356 990 Misit
2379 934 2517 991 Deus
2539 938 2939 992 utisericordiam
2970 954 3117 993 suam
3142 943 3467 997 alacritatem

1876 1041 2038 1079 suam.
2072 1026 2297 1080 latinam
2323 1030 2573 1084 secundae
2605 1031 2768 1098 pattis
2790 1030 3102 1101 ingreditur.
3128 1032 3259 1087 Nam
3282 1049 3472 1103 quam-

1878 1115 1959 1168 vis
1995 1116 2047 1168 in
2080 1118 2340 1186 superiori
2375 1134 2533 1174 versu
2563 1120 2755 1175 similia
2802 1122 2961 1175 verba
2992 1122 3211 1188 dixerit,
3238 1124 3362 1179 hinc
3390 1136 3471 1180 ta-

1880 1221 2000 1259 tncn
2032 1206 2084 1259 in
2112 1207 2401 1275 gratiarum
2428 1211 2692 1265 actionem
2733 1212 3049 1281 prorumpit,
3084 1220 3140 1265 ut
3162 1228 3311 1281 spem
3354 1230 3469 1269 cre-

1877 1294 2116 1348 dentium
2145 1296 2210 1350 de
2240 1312 2339 1352 sua
2384 1299 2736 1368 prosperitate
2763 1300 3025 1355 llrmaret.
3060 1300 3199 1355 Misit
3226 1308 3368 1357 (πω
3401 1304 3469 1359 de

1877 1385 2034 1441 Patre
2056 1386 2206 1453 dicit,
2225 1389 2364 1458 quod
2388 1390 2452 1444 ad
2480 1392 2861 1447 humanitatem
2884 1401 3188 1460 susceptam
3214 1396 3465 1460 pertinet,

1878 1479 2017 1535 sicut
2054 1490 2108 1535 et
2143 1482 2193 1534 in
2229 1482 2519 1550 Evangelio
2559 1486 2672 1540 ait:
2712 1484 2829 1538 Non
2878 1502 2991 1539 sum
3024 1486 3235 1549 mirus,
3276 1487 3376 1539 nisi
3401 1488 3471 1540 ad

1878 1585 1990 1623 oves
2027 1586 2141 1636 qua:
2187 1574 2445 1639 perierunt
2489 1575 2674 1629 domus
2723 1573 2888 1629 Israel
2933 1584 2951 1646 (
2988 1576 3181 1631 Matth.
3217 1576 3401 1642 “,24
3428 1581 3467 1647 ).

1880 1660 2236 1716 Misericordia
2262 1672 2344 1717 cst
2364 1680 2512 1734 ergo,
2541 1665 2660 1735 quia
2687 1668 2917 1720 humano
2938 1668 3121 1736 generi
3148 1669 3197 1720 in
3221 1678 3468 1736 suscepta

1876 1766 2038 1807 carne
2086 1757 2427 1823 compatitur,
2463 1755 2589 1810 dum
2641 1757 2835 1811 clamat
2866 1775 2882 1812 :
2922 1757 3104 1821 Sault’,
3132 1756 3315 1823 Saule,
3350 1760 3470 1825 quid

1877 1859 1957 1896 me
1979 1846 2288 1915 persequeris
2320 1846 2338 1916 (
2364 1847 2478 1899 Act.
2509 1862 2583 1909 ιι,
2610 1847 2643 1899 4
2667 1847 2726 1915 )?
2750 1849 2831 1903 vel
2864 1848 2946 1901 his
2987 1848 3200 1903 similia.
3250 1848 3469 1916 Veritas,

164 1937 369 1989 sitnam
400 1940 760 1991 sanctitatem.
793 1937 971 1990 Primo
996 1952 1151 1991 versu
1185 1937 1431 1991 misereri
1463 1937 1564 1990 sibi
1593 1936 1772 1990 Dumi-
1805 1935 1850 1995 Β
1876 1938 2129 2005 quoniam
2165 1940 2449 2008 unicuique
2482 1956 2574 1994 sita
2601 1941 2736 1995 facta
2764 1942 3035 1996 retribuit.

165 2042 301 2080 num
356 2037 482 2080 ante
530 2027 713 2080 omnia
769 2027 1076 2095 postulavit.
1122 2028 1372 2083 Secundo
1421 2028 1551 2083 dicit
1603 2044 1767 2095 quare

164 2120 373 2175 debeat
423 2120 688 2173 obtinere.
746 2119 927 2175 Tertio
977 2122 1430 2190 quemadmodum
1485 2123 1656 2191 possit
1700 2122 1769 2177 ab

164 2213 479 2269 imminenti
546 2213 921 2283 persecutione
988 2215 1227 2270 liberari.
1288 2217 1504 2269 Alarum
1567 2218 1767 2271 etenim

167 2306 366 2359 umbra
405 2316 539 2361 tecta
582 2315 824 2360 materna
864 2315 1027 2374 sunt,
1065 2322 1185 2374 qua:
1235 2306 1410 2375 pullos
1461 2315 1677 2362 teneros
1715 2316 1771 2362 et

168 2400 548 2455 blandimento
575 2402 805 2469 quodam
848 2402 1058 2467 fovent,
1106 2414 1160 2457 et
1197 2403 1264 2458 ab
1296 2405 1531 2459 irruente
1560 2412 1768 2473 tempe-

165 2503 314 2548 state
344 2493 668 2548 custodiunt.
707 2492 813 2549 Sed
861 2495 984 2562 quia
1035 2494 1147 2547 haec
1197 2494 1489 2549 munimina
1516 2510 1769 2565 magnum

164 2586 435 2639 auxilium
466 2597 719 2640 materna:
752 2587 966 2654 pietatis
997 2585 1315 2651 ostendunt,
1348 2588 1470 2640 talis
1493 2603 1770 2656 compara-

165 2680 236 2731 tio
270 2678 586 2745 t’requenter
612 2680 664 2731 in
688 2678 981 2747 Scripturis
1008 2678 1208 2732 sanctis
1249 2678 1420 2744 posita
1470 2679 1767 2747 reperitur,

162 2773 310 2826 sicut
346 2770 598 2825 Dominus
623 2773 673 2826 in
703 2772 997 2841 Evangelio
1026 2771 1188 2825 dicit:
1213 2771 1527 2836 Jerusalem,
1554 2768 1771 2825 Jerusa-

161 2864 289 2927 lem,
323 2865 517 2928 quoties
546 2864 678 2917 rolui
718 2879 1030 2935 congregare
1074 2862 1208 2929 ﬁlios
1253 2873 1388 2929 tuos,
1417 2864 1549 2913 sicut
1577 2862 1772 2930 gallina

160 2958 347 3021 pullos
375 2972 493 3008 suos
518 2957 607 3009 sub
637 2956 734 3008 alis
756 2956 883 3021 suis,
915 2964 957 3008 et
984 2954 1191 3007 noluisti
1216 2952 1430 3023 (Matth.
1465 2967 1616 3015 χχιιι,
1642 2953 1767 3020 57)!

160 3050 295 3115 Quae
337 3046 502 3115 ﬁgura
530 3047 727 3100 dicitur
766 3046 1038 3115 parabole,
1067 3044 1118 3099 id
1151 3053 1233 3099 est
1257 3045 1607 3112 comparatio,
1641 3059 1772 3111 quo-

162 3144 259 3196 ties
290 3139 393 3194 sibi
428 3154 513 3193 res
534 3155 727 3207 genere
754 3140 1044 3195 dissimiles
1065 3148 1465 3209 comparantur.
1490 3137 1766 3208 Sequitur,

161 3232 333 3284 donec
370 3240 598 3284 transeat
640 3231 895 3301 iniquitas.
942 3231 999 3285 In
1049 3232 1163 3300 ipsa
1209 3230 1609 3298 comparatione
1652 3246 1772 3299 per-

1946 2025 2100 2082 Vcrs.
2130 2024 2183 2082 6.
2219 2027 2425 2099 Eripuit
2454 2031 2678 2084 animant
2707 2047 2870 2085 meam
2897 2033 2961 2085 de
2988 2032 3150 2085 medio
3180 2032 3466 2086 catulorum

1872 2118 2105 2184 leonum;
2130 2118 2346 2174 dormivi
2372 2122 2723 2175 conturbatus.
2755 2122 3024 2177 Cruciﬁso
3066 2136 3323 2191 corpore,
3353 2125 3467 2175 ani-

1872 2228 2007 2265 mant
2036 2227 2186 2268 suam
2217 2213 2346 2267 dicit
2376 2225 2602 2287 ereptam
2632 2230 2651 2269 :
2683 2216 2748 2271 de
2779 2229 2879 2286 qua
2919 2214 3156 2271 maxime.
3204 2230 3299 2270 nos
3332 2229 3469 2283 prte-

1868 2306 2000 2374 cipit
2046 2320 2168 2362 esse
2211 2307 2493 2364 sollicitos.
2541 2309 2736 2364 Totum
2784 2311 2928 2364 enim
2971 2308 3026 2363 in
3074 2320 3189 2363 tuto
3229 2309 3469 2364 redditur

1874 2397 2086 2462 quando
2116 2396 2204 2451 illa
2233 2399 2492 2453 salvator.
2528 2399 2789 2468 Resurget
2820 2399 2963 2455 enim
2995 2414 3192 2467 corpus
3218 2400 3283 2453 ad
3315 2400 3471 2469 spiri-

1872 2486 2067 2541 tualem
2091 2486 2333 2557 gloriam,
2358 2490 2402 2544 si
2427 2490 2511 2543 illa
2536 2505 2643 2545 non
2668 2490 2827 2545 fuerit
2850 2484 3227 2545 obstinationis
3251 2492 3472 2546 vulnere

1869 2575 2127 2630 sauciata.
2157 2576 2366 2631 Catulos
2394 2579 2538 2634 enim
2572 2578 2777 2633 leonum
2826 2580 3034 2650 plebrm
3082 2580 3348 2649 signiﬁcat
3380 2580 3470 2635 iu-

1871 2664 2138 2732 dteorum,
2171 2682 2331 2736 quam
2360 2668 2629 2737 principes
2668 2680 2723 2724 et
2751 2670 3061 2724 sacerdotes
3092 2668 3240 2722 ferali
3282 2669 3471 2724 volun-

1873 2767 1983 2812 tate
2006 2767 2337 2826 genuerunt;
2368 2766 2427 2813 ut
2469 2759 2651 2813 leones
2692 2760 2795 2813 sint
2837 2762 2927 2830 qui
2976 2760 3110 2812 mala
3151 2759 3374 2814 consilia
3401 2758 3470 2814 de

1874 2865 2007 2904 nece
2051 2848 2258 2903 Domini
2285 2859 2669 2905 tractaverunt.
2718 2851 2910 2916 Catuli,
2951 2866 3138 2905 eorum
3173 2851 3347 2921 populi
3377 2852 3469 2918 qui

1877 2956 2155 3011 perperam
2177 2943 2392 2997 inventa
2421 2942 2591 2997 secuti
2618 2951 2761 2995 sunt.
2804 2942 3055 3004 Addidit,
3088 2943 3304 2996 dormivi
3346 2958 3470 2995 con--

1873 3034 2127 3085 turbatus.
2162 3032 2303 3087 Mors
2331 3031 2541 3086 Domini
2572 3032 2801 3087 mirabili
2852 3031 3178 3102 proprietate
3209 3032 3468 3087 describi-

1875 3132 1984 3187 tur,
2013 3124 2101 3192 qui
2142 3124 2472 3177 cOntttrbatus
2504 3122 2718 3177 fremitu
2747 3123 3087 3191 Judtcorum,
3118 3125 3295 3194 quiete
3326 3127 3468 3178 altis-

1874 3216 2008 3270 sima
2035 3215 2318 3269 dormiebat
2349 3231 2369 3269 :
2393 3215 2689 3270 ostendens
2719 3226 2826 3270 tam
2857 3216 2990 3270 nihil
3021 3215 3183 3271 fuisse
3221 3231 3468 3286 persecu-

163 3321 395 3385 mansit,
443 3332 498 3372 ut
543 3320 643 3374 sub
681 3320 867 3374 eadem
918 3322 1096 3373 umbra
1144 3321 1547 3389 requiesceret,
1597 3318 1770 3373 donec

1880 3310 2075 3365 tionem
2094 3309 2402 3378 impiorum,
2424 3317 2483 3363 ut
2497 3309 2707 3364 occisus
2721 3310 3101 3379 perduceretur
3116 3310 3181 3364 ad
3194 3324 3468 3365 somnum.

163 3412 367 3468 [ervida
400 3413 645 3480 iniquitas
667 3420 937 3467 aestuaret.

230 3504 400 3558 ἵει-ε.
429 3505 485 3557 5.
516 3500 759 3557 Clantabo
786 3507 854 3556 ad
903 3502 1070 3557 Deum
1105 3503 1414 3557 altissimum
1436 3543 1452 3569 ,
1496 3503 1662 3558 Deam
1685 3502 1772 3574 qui

165 3595 421 3665 bmsfecit
450 3595 596 3648 mihi.
626 3595 847 3665 Magnus
867 3594 1001 3648 ordo
1032 3594 1132 3662 pia:
1160 3594 1561 3663 prmdicationfs
1590 3606 1772 3653 osten-

165 3688 335 3753 ditur,
363 3688 434 3739 ad
454 3687 778 3741 Altissimum
809 3686 1063 3751 clamare,
1095 3688 1160 3740 ad
1193 3702 1351 3755 quem
1384 3702 1490 3740 non
1521 3702 1650 3741 voce
1680 3702 1772 3741 va-

166 3778 267 3832 lida
294 3818 307 3840 ,
338 3776 441 3831 sed
467 3780 701 3845 puritate
740 3777 1084 3831 conﬁcientia:
1118 3777 1446 3845 pervenitur.
1498 3775 1773 3831 Clariiabat

168 3867 253 3922 ille
276 3868 347 3923 ab
386 3868 728 3921 bumanitau:
758 3877 1029 3936 suscepta,
1053 3882 1081 3920 a
1110 3884 1214 3936 quo
1236 3882 1482 3935 superna:
1511 3877 1772 3921 creatura:

165 3970 321 4024 Opem
349 3973 457 4011 non
478 3957 738 4012 de-sinunt
765 3958 1055 4025 posmlare.
1092 3957 1225 4011 Nam
1256 3957 1397 4026 quod
1422 3957 1571 4024 dicit,
1604 3955 1771 4010 Deum

166 4050 252 4115 qui
301 4049 556 4117 benefrcit
586 4048 731 4112 mihi,
767 4048 1009 4116 designat
1051 4048 1561 4102 excellentissimum
1598 4049 1767 4101 incar-

164 4144 403 4196 nationis
434 4157 715 4207 arcanum,
752 4142 891 4211 quod
936 4144 1165 4196 humano
1193 4142 1377 4211 generi
1404 4142 1570 4211 gratia
1594 4142 1770 4197 divina

164 4233 431 4285 collatum
466 4244 569 4285 εει.

229 4320 394 4375 ἵετε.
432 4321 478 4373 4.
516 4320 662 4372 Misit
688 4318 751 4373 de
778 4320 923 4383 corio,
952 4329 1000 4373 et
1026 4320 1252 4374 liberavit
1280 4336 1393 4384 me;
1419 4322 1559 4374 dedit
1589 4322 1641 4375 in
1675 4340 1769 4391 op-

162 4414 433 4479 probrium
465 4412 826 4463 conculcantcs
870 4427 967 4464 me.
1003 4411 1199 4465 Natura
1232 4413 1579 4467 hutnauitatEs
1621 4417 1768 4468 unita

157 4501 253 4557 Dei
286 4502 432 4557 Filio
454 4503 745 4556 conﬁtetur
771 4502 1051 4556 liberatam
1087 4518 1143 4558 se
1165 4505 1231 4556 ab
1260 4505 1490 4557 humana
1531 4504 1769 4560 imbecil-

156 4595 341 4657 litate,
373 4612 496 4665 qua:
521 4605 641 4663 post
678 4597 1125 4649 resurrectionem
1167 4597 1360 4650 meruit
1387 4598 1646 4650 castorum
1680 4614 1768 4652 re-

1876 3399 2118 3455 Dormire
2150 3400 2293 3456 enim
2326 3416 2430 3455 non
2471 3409 2556 3455 est
2594 3402 2907 3466 conturbati,
2953 3402 3051 3455 nisi
3099 3400 3243 3455 illius
3294 3403 3385 3473 qui
3419 3403 3470 3458 in

1874 3507 2035 3547 cruce
2061 3491 2270 3561 positus
2288 3536 2302 3562 ,
2334 3494 2581 3562 Spiritum
2609 3508 2705 3548 sua
2732 3494 2965 3549 reddidit
2991 3494 3288 3560 voluntate,

1952 3583 2102 3637 Vcrs.
2128 3584 2181 3637 7.
2213 3581 2338 3637 Filii
2378 3583 2669 3652 hominum,
2698 3584 2873 3639 dentes
2918 3601 3096 3639 eorum
3122 3602 3267 3638 arma
3291 3593 3340 3639 et
3386 3602 3471 3639 sa-

1873 3677 2034 3745 gittw,
2066 3684 2113 3729 et
2157 3678 2334 3746 lingua
2362 3692 2539 3730 eorum
2576 3678 2782 3746 gladius
2824 3688 3029 3735 acutus.
3080 3678 3203 3732 Haec
3250 3678 3319 3731 de
3368 3678 3469 3731 illis

1871 3766 2003 3821 dicit
2050 3768 2139 3836 qui
2180 3767 2231 3820 in
2269 3781 2399 3821 nece
2448 3767 2661 3821 Domini
2706 3769 2869 3837 impia
2918 3770 3194 3822 voluntate
3232 3770 3468 3837 grassati

1872 3867 2016 3911 sunt.
2048 3855 2167 3925 Ipse
2193 3856 2336 3911 enim
2368 3858 2597 3926 exponit
2623 3858 2715 3928 qui
2760 3870 2885 3914 sunt
2926 3858 3012 3914 isti
3042 3859 3141 3929 ﬁlii
3175 3857 3465 3923 hominum,

1871 3964 2098 4018 quorum
2130 3950 2303 4004 dentes
2340 3950 2558 4006 fuerunt
2586 3966 2733 4004 arma
2759 3962 2811 4006 et
2851 3952 3085 4022 sagitta;
3110 3966 3296 4006 eorum
3325 3952 3467 4006 scili-

1872 4051 1959 4097 cet
1978 4044 2067 4113 qui
2100 4045 2262 4113 (sicut
2292 4043 2509 4113 legitur)
2539 4058 2703 4113 supra
2724 4058 2844 4099 cum
2874 4045 3123 4099 dentibus
3147 4045 3464 4099 strideban'.
3538 4081 3542 4085 ε

1872 4134 2025 4202 Quod
2056 4149 2151 4203 per
2188 4134 2430 4205 quintam
2478 4136 2714 4203 Speciem
2752 4136 2949 4190 dicitur
2989 4135 3315 4189 deﬁnitionis
3344 4152 3463 4205 qua:

1872 4225 2056 4280 Graace
2103 4226 2400 4294 appellatur
2430 4226 2557 4281 κατὰ
2580 4230 2669 4285 τήν
2707 4226 2869 4290 λέξιν,
2899 4224 3084 4279 Latine
3114 4225 3179 4277 ad
3214 4224 3461 4279 verbum.

1874 4315 2109 4385 Singulis
2137 4316 2281 4369 enim
2313 4315 2487 4370 verbis
2512 4316 2767 4370 delinitur
2798 4316 2927 4386 quid
2955 4316 3065 4370 sint
3094 4316 3265 4368 dentes
3297 4315 3465 4369 homi-

1873 4421 2001 4459 num
2033 4406 2349 4471 lurentium,
2374 4405 2425 4460 id
2449 4416 2530 4461 est
2567 4423 2713 4460 arma
2741 4416 2788 4460 et
2813 4409 3033 4477 sagittae.
3079 4408 3236 4460 Arma
3286 4407 3466 4463 retulit

1871 4499 1938 4553 ad
1964 4499 2185 4553 consilia
2214 4500 2481 4569 pessima;
2508 4503 2718 4573 sagittas
2746 4501 2811 4555 ad
2840 4503 2996 4555 verba
3035 4501 3248 4570 quidem
3283 4503 3467 4555 volan-

1874 4592 1966 4661 tia,
1998 4592 2090 4647 sed
2118 4593 2182 4646 ad
2222 4594 2589 4663 operationem
2632 4594 2822 4649 mortis
2865 4594 3081 4649 emissa.
3129 4596 3380 4661 Addidit,
3412 4606 3459 4649 et

154 4704 260 4757 ιω
300 4688 612 4757 percipere.
643 4684 787 4738 Misit
812 4699 987 4741 autem
1015 4688 1155 4756 quod
1183 4689 1332 4748 dicit,
1360 4704 1463 4741 non
1511 4688 1779 4758 signiticet
1810 4685 1859 4746 D
1884 4684 2062 4754 lingua
2093 4702 2267 4740 eorum
2295 4687 2499 4757 gladius
2528 4696 2727 4741 acutus.
2758 4688 2929 4742 Acuto
2950 4687 3126 4755 gladio
3151 4702 3465 4757 comparan-

154 4782 438 4850 angelom,
468 4796 577 4835 non
618 4779 850 4849 aliquam
888 4789 1222 4847 creaturam;
1266 4780 1355 4833 illa
1404 4782 1548 4835 enim
1604 4796 1780 4850 pcrse

153 4872 394 4937 servire,
425 4887 533 4926 non
565 4872 794 4928 liberare
830 4882 1120 4941 potuerunt
1153 4890 1169 4930 :
1202 4874 1297 4928 sed
1326 4875 1489 4940 misit,
1514 4875 1772 4946 intelligo,

153 4963 427 5013 auxilium
456 4976 707 5029 superna:
739 4963 992 5031 potentia:
1024 4975 1157 5017 sum.
1192 4963 1446 5018 Liberavit
1486 4965 1626 5020 enim
1672 4964 1770 5019 Pa-

154 5060 241 5105 ter
275 5049 325 5107 Ε
328 5051 479 5105 ilium
512 5064 690 5119 suum,
718 5052 857 5108 sicut
886 5054 1173 5123 Apostolus
1195 5056 1324 5109 dicit
1350 5073 1361 5107 :
1390 5055 1611 5126 Propter
1629 5058 1769 5129 quod

154 5157 199 5199 es
236 5146 388 5199 Deus
415 5148 566 5199 illum
596 5148 868 5215 exultavit,
902 5158 948 5202 et
968 5150 1175 5202 donavit
1202 5150 1281 5202 illi
1312 5166 1492 5204 nomen
1536 5150 1674 5220 quod
1695 5162 1769 5205 est

154 5255 317 5305 super
351 5254 501 5292 omne
529 5254 711 5292 nomen
739 5240 963 5309 (Philip.
998 5256 1055 5307 tt,
1086 5241 1161 5311 9).
1200 5240 1438 5297 Liberare
1466 5259 1680 5313 quoque
1709 5259 1769 5300 se

155 5344 326 5391 1055-0
359 5338 411 5380 et
432 5327 601 5383 Filius
633 5330 746 5398 ipse
776 5340 1003 5387 testatur
1024 5332 1210 5388 dicens
1236 5351 1249 5389 ε
1277 5332 1586 5389 Poleslatem
1609 5336 1768 5390 habvo

152 5419 395 5483 ponendi
413 5420 640 5472 animam
666 5436 847 5487 meum,
882 5432 931 5477 et
960 5433 1258 5488 potestatem
1285 5426 1441 5478 habeo
1470 5426 1653 5479 iterum
1679 5444 1772 5480 su-

148 5508 341 5561 εισιάὶ
374 5524 482 5561 eam
515 5507 699 5579 (Joan.
732 5527 787 5577 ι,
824 5511 932 5581 i8).
959 5511 1156 5567 Verum
1205 5514 1319 5567 istm
1359 5515 1652 5571 locutiones
1679 5531 1771 5571 eo.

148 5600 543 5669 operationem
570 5613 772 5657 sancite
799 5602 1075 5658 Trinitatis
1112 5607 1423 5676 ostendunt,
1454 5623 1573 5675 qua:
1606 5624 1767 5663 unum

148 5697 295 5761 ult,
336 5709 510 5749 unum
540 5711 756 5764 semper
815 5708 1089 5767 Operatur.
1127 5699 1359 5768 Addidit,
1392 5698 1549 5754 Dedit
1592 5701 1646 5755 in
1677 5719 1768 5771 op-

148 5788 441 5853 probrium
475 5788 831 5842 consulentes
870 5805 969 5843 me.
1026 5790 1366 5860 Opprobrium
1397 5792 1769 5862 persequenti-

164 5888 267 5935 lJts
294 5880 440 5948 iuit,
480 5880 695 5950 quando
720 5881 905 5950 illum,
930 5898 1089 5953 quem
1136 5900 1195 5940 sc
1231 5888 1527 5946 credebant
1560 5885 1766 5941 exstin-

1884 4787 1970 4833 tur
2019 4794 2181 4834 voces
2227 4780 2335 4835 illa:
2385 4796 2504 4850 qua:
2548 4779 2836 4835 dicebant:
2889 4778 3177 4849 Cruciﬁge,
3226 4781 3467 4848 cruciﬁge

1880 4870 1898 4941 (
1926 4870 2049 4924 Luc.
2074 4888 2225 4937 xxnt,
2256 4870 2321 4924 21
2346 4872 2387 4941 ).
2418 4871 2545 4926 Nam
2575 4872 2713 4927 sicut
2738 4872 2883 4926 ensis
2909 4880 3096 4925 acutus
3125 4871 3460 4924 celerrimum

1874 4972 2130 5029 aperitur
2155 4962 2344 5017 mortis
2370 4960 2641 5029 eliectum,
2666 4963 2736 5016 ita
2759 4972 2813 5016 et
2835 4961 2926 5016 illa
2950 4962 3108 5016 verba
3132 4962 3291 5015 citam
3313 4960 3463 5016 exitii

1873 5056 2213 5124 complevere
2240 5057 2583 5110 sententiam.
2620 5057 2735 5112 Uno
2762 5059 2905 5111 enim
2954 5057 3152 5125 impetu
3189 5056 3288 5110 visi
3338 5064 3461 5110 sunt

1872 5148 2199 5216 peremisse,
2231 5148 2366 5203 sicut
2415 5164 2565 5205 arma
2609 5152 2785 5207 solent
2830 5151 3136 5206 acutissima
3184 5149 3460 5207 desecare.

1875 5238 1977 5294 Per
1999 5254 2116 5308 que
2144 5248 2320 5295 tamen
2344 5241 2608 5296 subtiliter
2632 5242 2999 5307 commOnuit,
3039 5243 3163 5311 quia
3200 5252 3255 5296 et
3285 5242 3463 5311 lingua

1872 5332 2102 5387 saeviens
2132 5333 2299 5401 possit
2326 5334 2609 5401 occidere,
2642 5335 2780 5389 sicut
2808 5334 3062 5389 Salomon
3092 5334 3160 5388 ait
3192 5350 3207 5392 :
3241 5331 3389 5387 Non
3414 5344 3462 5386 et

1871 5429 2045 5481 vitain
2071 5428 2300 5481 manibus
2326 5428 2536 5496 linguae.

1949 5520 2100 5574 Vers.
2133 5521 2186 5575 8.
2224 5518 2469 5573 Exultare
2496 5535 2647 5590 super
2687 5519 2860 5585 caelos,
2891 5516 3059 5581 Deus,
3091 5527 3137 5570 et
3167 5533 3321 5585 super
3354 5535 3463 5571 om-

1872 5628 1988 5665 nem
2037 5623 2224 5665 terram
2270 5611 2439 5682 gloria
2468 5622 2575 5665 tua.
2623 5610 2754 5664 Dum
2798 5610 2852 5666 in
2896 5624 3055 5665 cruce
3106 5610 3229 5664 talia
3260 5610 3461 5667 Christi

1878 5705 2031 5775 l9].
2060 5712 2333 5774 Ρδῑθῖθιυτ
2359 5701 2684 5769 hunnlnitts,
2710 5713 2766 5757 et
2795 5702 3077 5756 Dominum
3123 5703 3244 5757 οωΙί
3288 5702 3459 5762 Juaasi

1872 5796 2180 5849 viderentur
2227 5794 2423 5847 habere
2450 5794 2684 5859 derisui,
2728 5793 2993 5850 exclatnat
3036 5809 3065 5847 a
3094 5794 3261 5847 forma
3294 5797 3455 5863 servi,

1870 5900 2029 5957 quam
2079 5898 2177 5955 pro
2227 5885 2380 5940 nobis
2418 5885 2749 5954 assumpsit:
2797 5882 3044 5940 Exorare
3090 5901 3241 5956 super
3286 5888 3457 5953 calas,
