3956 6178
486 423 592 482 403

1689 379 1772 457 tu.
1817 391 2096 452 AURELII
2135 384 2541 444 CASSIODOttl

3658 364 3758 418 tot
3809 427 3827 443 ‘

484 533 658 600 Deus;
689 529 858 600 utqui
890 525 1090 597 pendes
1122 524 1172 578 in
1204 535 1385 586 cruce,
1416 513 1757 589 cognoscatis
1783 524 1998 578 semper
2025 507 2078 558 in
2108 508 2156 565 Α
2185 513 2323 558 tetur
2365 486 2486 555 esse
2521 510 2781 570 paratum.
2833 493 2937 550 Sed
2965 493 3090 548 dum
3131 489 3217 544 illa
3259 487 3326 542 de
3353 501 3412 540 se
3448 482 3611 545 dicit.
3642 495 3756 542 Iw“.

2388 593 2400 600 .
2515 591 2526 600 .
3051 583 3060 600 ρ
3316 578 3442 600 νυ-.
3477 585 3519 600 η.

486 624 768 694 maiestate
795 632 1036 690 regnare.
1072 615 1187 670 Non
1212 612 1358 669 enim
1389 609 1527 665 Deus
1564 620 1724 676 supra
1763 618 1823 657 se
1853 600 2070 656 exaltari

487 692 716 784 poterat,
755 713 878 780 quia
920 726 1026 764 non
1055 719 1138 764 est
1167 708 1303 761 ultra
1332 719 1438 775 quo
1468 708 1708 762 crescat;
1735 694 1830 751 sed
1869 692 2071 748 exalta-

486 813 644 863 batur
675 805 830 875 plane
873 805 1010 858 inter
1038 800 1282 855 homines
1302 839 1316 861 ,
1347 797 1558 865 quando
1587 792 1752 862 gloria
1784 784 2074 854 maiestatis

487 899 606 970 eius
635 898 911 954 conversis
937 894 1206 950 mentibus
1233 890 1543 960 apparebat.
1577 885 1747 953 Super
1793 882 1943 935 caelos
1987 892 2077 930 au~

489 1001 600 1046 tem
628 990 787 1053 dixit,
810 989 932 1056 quia
956 985 1214 1040 Dominus
1235 995 1289 1038 et
1310 982 1536 1035 virtutes
1557 989 1818 1045 supernas
1842 969 2079 1025 noscitur

493 1081 693 1138 habere
723 1079 1008 1147 subiectas.
1057 1076 1343 1144 Sequatur,
1373 1081 1419 1126 et
1460 1085 1613 1138 super
1661 1079 1858 1119 omnem
1896 1071 2079 1114 terram

493 1172 661 1244 gloria
691 1179 798 1224 tua.
827 1169 936 1223 lloc
970 1177 1253 1246 utrumque
1296 1163 1626 1230 completum
1659 1166 1761 1210 est.
1812 1149 2083 1205 Exultatus

495 1262 638 1316 enint
660 1275 820 1330 supra
849 1239 996 1312 caeloi
1027 1269 1128 1321 est,
1153 1253 1366 1322 quando
1403 1251 1542 1305 sedit
1567 1248 1633 1301 ad
1677 1248 1953 1300 dexteram
1991 1239 2086 1293 Pa-

496 1351 628 1415 tris;
658 1348 983 1419 glorilicatus
1005 1356 1087 1401 est
1117 1359 1270 1410 super
1291 1356 1492 1394 onmem
1521 1350 1732 1400 terram,
1765 1332 1976 1402 quando
2007 1340 2089 1382 to-

497 1450 610 1494 tum
661 1438 919 1492 mundum
971 1434 1233 1490 catholica
1290 1431 1461 1499 replet
1511 1425 1751 1482 Ecclesia
1815 1439 1829 1476 :
1887 1421 1938 1474 in
1986 1433 2087 1488 qua

497 1529 688 1585 laudes
723 1528 948 1583 Domino
983 1525 1182 1594 iugiter
1219 1523 1576 1577 concinuntur
1599 1557 1614 1582 ,
1646 1518 1785 1570 sicut
1835 1512 2092 1568 Dominus

500 1624 632 1679 dicit
660 1641 674 1675 :
709 1621 835 1676 Vivo
865 1637 977 1691 ego,
1012 1619 1140 1676 dicit
1185 1615 1471 1678 Dominus;
1501 1621 1547 1667 et
1591 1607 1884 1680 implebitur
1929 1607 2096 1677 gloria

501 1728 616 1768 mea
644 1713 882 1767 universa
914 1719 1051 1764 terra
1075 1706 1264 1780 (Num.
1297 1720 1414 1774 ittv,
1443 1701 1559 1773 21).
1745 1765 1750 1768 ν

581 1806 736 1861 Vera.
770 1805 823 1860 9.
858 1802 1091 1874 Laqueus
1119 1810 1429 1874 paraverunt
1451 1800 1662 1870 pedibus
1690 1797 1837 1862 meis,
1864 1806 1910 1850 et
1929 1795 2098 1850 incur-

507 1904 745 1950 vaverunt
773 1896 1002 1948 animam
1031 1908 1214 1945 meant.

581 1985 735 2046 Vers.
787 1985 873 2039 10.
915 1981 1181 2038 Foderunt
1224 1993 1341 2036 ante
1384 1981 1569 2049 faciem
1616 1978 2028 2048 meamfoveam,
2057 1986 2103 2028 et

509 2077 611 2144 ipsi
637 2075 925 2130 inciderunt
953 2074 1009 2128 in
1037 2090 1170 2127 eam.
1201 2072 1414 2128 Judaeos
1445 2068 1711 2141 signiﬁcat
1741 2068 2102 2130 insidiatores,

511 2167 602 2237 qui
634 2163 1104 2236 prtedicationibus
1135 2162 1298 2218 rectis
1325 2160 1479 2216 dolos
1526 2175 1586 2214 se
1615 2160 1899 2214 adnectere
1925 2156 2102 2211 credi-

512 2262 741 2323 derunt,
789 2256 927 2310 sicut
972 2255 1298 2322 evangelista
1340 2253 1409 2308 de
1452 2252 1736 2308 Pharisaeis
1781 2251 1942 2314 dicit,
1985 2264 2105 2304 cum

513 2365 642 2412 ante
669 2370 792 2410 eum
823 2354 1138 2408 statuissent
1163 2350 1460 2406 adulteram
1493 2349 1794 2410 mulierem,
1825 2346 2066 2402 dicentes
2091 2363 2106 2400 :

513 2445 674 2502 Hanc
722 2445 1006 2498 inuenimus
1053 2442 1104 2495 in
1155 2441 1412 2494 adulterio
1459 2436 1845 2509 deprehensam.
1903 2434 2110 2506 Moyses

518 2537 654 2592 enim
677 2535 913 2606 precepit
939 2534 1078 2587 nobis
1100 2531 1394 2601 hujusmodi
1421 2528 1691 2599 lapidare:
1721 2537 1776 2581 tu
1801 2535 1971 2589 autem
1990 2529 2110 2597 quid

516 2633 648 2686 dicis
675 2631 693 2698 (
717 2630 877 2686 Joan.
904 2645 1018 2693 vni,
1049 2628 1082 2682 5
1105 2625 1162 2698 )3
1192 2637 1247 2681 et
1272 2636 1464 2680 caitera
1497 2621 1824 2693 huiusmodi,
1857 2636 1976 2691 qua
2000 2635 2112 2674 ma-

519 2722 665 2792 ligna
697 2721 1047 2791 interrogatio
1075 2717 1470 2774 commovebat.
1511 2712 1673 2768 Pedes
1702 2723 1880 2767 autem
1911 2712 2111 2767 Christi

521 2824 649 2869 sunt
691 2814 1082 2882 iucrepationes
1128 2809 1392 2864 malorum
1442 2805 1932 2875 promissionesque
1983 2803 2113 2857 lide-

523 2907 679 2970 lium,
711 2905 904 2976 quibus
943 2903 1032 2958 ille
1057 2902 1109 2956 in
1143 2902 1243 2956 hoc
1284 2897 1485 2954 mundo
1531 2897 1930 2968 evangelizans,
1963 2893 2115 2964 quasi

522 2996 842 3066 quibusdam
876 2995 1098 3064 pedibus
1143 2991 1444 3048 incedebat.
1483 2989 1756 3060 Sequitur,
1786 2998 1832 3042 et
1881 2989 2117 3041 incurva-

525 3097 704 3143 verunt
729 3089 953 3141 animum
982 3101 1165 3140 meum.
1201 3083 1299 3140 Hic
1327 3084 1497 3153 pietas
1517 3081 1729 3136 Domini
1756 3079 2117 3148 sanctitasque

527 3181 868 3238 describitur.
935 3177 1338 3234 Incuruaverunt
1393 3175 1536 3231 enim
1598 3174 1824 3228 animam
1872 3171 2112 3236 Christi,

2175 591 2619 663 quemadmodqu
2648 589 3015 649 conliteamur,
3051 581 3293 637 instituit.
3314 578 3443 631 Nam
3473 585 3524 628 et
3547 580 3757 640 aposto-

2177 687 2260 740 lus
2279 684 2473 739 Paulns
2492 694 2721 751 sequens
2744 677 3080 746 magistrum,
3111 679 3350 740 paratum
3375 683 3434 722 se
3457 666 3754 733 profitetur,

2179 781 2305 834 dum
2337 779 2410 833 ait
2439 795 2452 830 :
2495 775 2796 832 Gloriumur
2838 773 2891 824 in
2919 765 3338 823 tribulationibus
3357 805 3372 824 ,
3403 761 3616 814 scientes
3641 773 3764 820 quo-

2181 874 2318 926 niam
2343 868 2602 923 tribulatio
2621 865 2920 937 patientiam
2949 870 3212 929 operatur,
3241 853 3484 923 patientia
3513 849 3768 920 probatio-

2184 980 2298 1016 nem
2329 960 2505 1031 (liam.
2545 965 2598 1022 v,
2625 956 2712 1026 5),
2737 966 2844 1010 etc.

2259 1072 2408 1126 Vers.
2438 1070 2523 1123 12.
2553 1065 2808 1133 Exsurge,
2840 1061 3006 1132 glaria
3033 1073 3185 1121 mea;
3213 1068 3449 1120 exsurge.
3478 1047 3774 1120 psalterium

2185 1176 2233 1218 et
2255 1162 2453 1217 cithara
2473 1177 2491 1213 :
2508 1172 2779 1226 exsurgant
2795 1151 3047 1208 diluculo.
3069 1149 3170 1204 Per
3187 1143 3537 1214 tropologiam
3561 1153 3777 1206 exsurge

2189 1259 2406 1323 dicitur,
2432 1255 2583 1324 quasi
2607 1265 2768 1321 surge
2797 1250 2863 1302 ad
2906 1244 3219 1300 miraculum
3263 1235 3598 1297 faciundum;
3643 1233 3782 1286 sicut

2192 1352 2448 1419 scriptum
2463 1354 2555 1401 'est
2578 1355 2632 1400 et
2659 1345 2710 1397 in
2737 1340 3018 1397 undecimo
3046 1334 3280 1402 psalmo:
3320 1328 3468 1383 Nunc
3491 1339 3780 1394 exsurgant,

2194 1413 2320 1496 dicii
2352 1439 2601 1494 Dominus
2624 1432 2796 1502 (Psul.
2834 1446 2906 1495 si,
2936 1428 3015 1498 6).
3059 1425 3160 1492 Qui
3192 1434 3371 1477 sermo
3398 1417 3462 1471 ad
3494 1413 3782 1484 petentium

2197 1535 2437 1590 divinam
2471 1538 2688 1600 propter
2713 1521 3088 1593 exprimendus
3117 1530 3306 1571 causas
3332 1513 3398 1564 ab
3427 1518 3658 1563 humana
3691 1507 3784 1559 im—

2197 1599 2491 1682 becillitate
2534 1619 2823 1676 tran~latus
2859 1623 2961 1669 est.
2996 1609 3244 1665 Geminat
3293 1604 3454 1659 etiam
3487 1619 3501 1654 :
3535 1599 3785 1667 Exsurge,

2203 1716 2502 1785 psalterium
2531 1722 2579 1767 et
2606 1711 2825 1765 cithara.
2873 1707 3003 1772 Qum
3035 1704 3198 1770 ligura
3231 1698 3428 1751 dicitur
3466 1690 3792 1760 epetuhasis.

2205 1809 2258 1864 id
2280 1817 2364 1864 est
2401 1804 2613 1861 iteratio
2645 1800 2827 1864 verbi;
2854 1797 2992 1867 quod
3033 1795 3194 1849 etiam
3228 1791 3280 1844 in
3325 1789 3603 1856 superiore
3637 1796 3793 1834 versit

2132 1883 2178 1942 Β
2206 1899 2353 1965 fecit,
2377 1897 2466 1952 ubi
2495 1895 2572 1948 ait
2597 1911 2612 1947 :
2643 1891 2889 1946 Paratum
2918 1904 3007 1940 cor
3033 1899 3219 1946 meum,
3257 1880 3413 1942 Deus,
3448 1885 3693 1943 paratum
3717 1889 3802 1924 cor

2205 2005 2390 2046 meum.
2423 1987 2520 2042 Hic
2547 1985 2690 2040 enim
2723 1990 2913 2035 natura
2939 1984 3227 2043 assumpta:
3255 1969 3599 2024 humanitatis
3625 1962 3795 2032 expri-

2206 2083 2388 2138 mitur.
2422 2075 2734 2132 Psalterium
2772 2070 2904 2135 fuit,
2937 2067 3150 2137 quando
3177 2078 3305 2117 caro
3345 2059 3676 2130 operabatur
3719 2055 3797 2109 di-

2207 2176 2327 2232 vina
2357 2171 2627 2235 mandata,
2659 2176 2719 2219 ut
2745 2173 2926 2219 sancta
2969 2177 3027 2215 se
3075 2159 3484 2212 conversatione
3517 2157 3797 2203 tractaret.

2208 2265 2419 2322 (in/tura
2467 2275 2598 2315 vero
2643 2256 2926 2328 gloriosam
2976 2250 3241 2320 signiﬁcat
3289 2245 3636 2314 passionum,
3692 2253 3802 2308 qua

2211 2358 2379 2414 tensis
2419 2353 2600 2407 nervis
2649 2344 3106 2410 dinumeratisque
3155 2337 3397 2401 uasibus,
3431 2333 3694 2386 virtutem
3724 2345 3804 2397 pa-

2213 2452 2415 2508 tientia:
2467 2441 2813 2502 intellectuali
2867 2438 3096 2507 quodam
3156 2417 3803 2498 earmineipersonabat.

2213 2540 2449 2604 Addidit,
2479 2549 2750 2606 exsurgant
2787 2530 3015 2585 diluculo
3035 2569 3051 2594 ,
3083 2523 3223 2594 quod
3269 2531 3351 2577 est
3377 2520 3521 2574 inter
3554 2518 3805 2569 tenebras

2213 2635 2406 2699 noctis,
2432 2643 2486 2688 et
2511 2629 2620 2683 diei
2643 2626 2937 2682 claritatem
2970 2639 2982 2672 ε
3024 2634 3131 2687 quo
3179 2627 3422 2684 tempore
3471 2626 3594 2664 eum
3633 2621 3806 2662 resur-

2217 2727 2420 2783 rexisse
2461 2718 2729 2790 Evangelii
2771 2714 2929 2770 lectio
2973 2721 3158 2765 sancta
3189 2716 3444 2768 testatur;
3490 2703 3566 2755 ait
3615 2699 3806 2754 enim:

2217 2817 2459 2872 Dilucqu
2476 2813 2620 2868 valde
2645 2809 2772 2864 venit
2801 2804 2968 2860 Maria
2987 2803 3054 2856 ad
3079 2806 3456 2855 monumentum
3475 2791 3636 2864 (Luc.
3673 2806 3810 2854 xxiv,

2217 2915 2242 2967 1
2256 2914 2296 2982 ),
2326 2919 2380 2966 et
2410 2910 2630 2978 reliqua.

2290 3026 2447 3077 Vers.
2476 3022 2561 3075 15.
2591 3014 2881 3086 Conﬁtebor
2919 3012 3008 3065 tibi
3035 3011 3083 3062 in
3116 3007 3352 3080 pupulis,
3385 3002 3652 3065 Domine;
3683 2998 3814 3069 psal-

2220 3131 2358 3168 mum
2379 3112 2544 3165 dicam
2573 3108 2661 3162 tibi
2690 3108 2820 3160 inter
2853 3113 3040 3175 gentes.
3076 3097 3215 3153 lstud
3243 3097 3351 3165 jam
3383 3094 3575 3147 dicitur
3607 3106 3641 3141 a
3677 3100 3821 3158 parte

2223 3204 2604 3268 membrorum,
2633 3199 2755 3268 quia
2783 3196 2955 3262 ipsutn
2978 3184 3189 3246 constat
3213 3185 3354 3242 Patri
3378 3186 3431 3238 in
3460 3181 3676 3252 populis
3703 3196 3816 3232 ωη-

528 3275 744 3345 quando
770 3273 1011 3368 scelerati
1042 3271 1213 3327 Judaei
1234 3269 1456 3325 credere
1478 3267 1784 3322 noluerunt.
1815 3264 1949 3334 ipsis
1973 3265 2116 3320 enim
2144 3246 2193 3312 C
2223 3246 2938 3368 Mardi“
2983 3281 3231 3337 Ecclesia
3270 3246 3536 3348 probamr'
3561 3271 3816 3340 imemgi.

531 3366 865 3424 eondolendo
895 3365 914 3436 (
939 3366 1076 3420 sicut
1103 3373 1162 3420 et
1197 3361 1326 3418 alibi
1359 3359 1532 3431 dicit)
1573 3358 1791 3429 ieiunus
1825 3365 1892 3412 et
1924 3354 2121 3409 sterilis

531 3459 880 3517 reddebatur.
906 3457 1093 3512 Anima
1117 3455 1262 3511 enim
1292 3453 1410 3524 eius
1454 3452 1507 3506 in
1541 3451 1653 3506 suis
1683 3450 1885 3505 actibus
1913 3450 2121 3502 curvari

534 3566 644 3607 non
671 3558 900 3620 poterat,
933 3565 1050 3618 qua:
1075 3547 1277 3618 peccati
1307 3545 1566 3600 maculam
1599 3558 1706 3597 non
1735 3541 1986 3597 habebat.
2015 3542 2126 3595 Ad—
2155 3548 2168 3562 ‘

520 3641 682 3711 iecit.
717 3641 956 3710 foderunt
981 3646 1101 3692 ante
1121 3638 1303 3700 {aciem
1333 3651 1497 3690 meam
1520 3635 1734 3702 foueam.
1763 3632 1907 3686 Bene
1933 3632 2128 3685 dicitur

520 3735 684 3812 χ[ουειι
711 3733 977 3786 sententia
1008 3727 1216 3796 mortis,
1247 3743 1366 3796 qua:
1388 3725 1552 3780 mittit
1573 3723 1639 3778 ad
1668 3722 1897 3778 foveam.
1933 3723 1988 3775 In
2011 3720 2129 3790 eius

539 3823 682 3878 enim
713 3821 905 3879 faciem
938 3822 1188 3876 dixerunt
1217 3836 1232 3874 :
1267 3818 1404 3873 Reus
1425 3826 1500 3871 est
1525 3816 1700 3892 mortis
1722 3812 1940 3884 (Matth.
1977 3827 2124 3878 xxvi,

541 3914 664 3986 66);
693 3927 747 3971 et
778 3914 901 3971 ideo
928 3913 1055 3970 dicti
1078 3923 1202 3968 sunt
1230 3916 1425 3982 foueam
1450 3909 1658 3979 fodere,
1691 3908 1812 3977 quia
1857 3921 1979 3960 eum
2010 3906 2129 3960 neci

541 4010 641 4065 visi
663 4019 791 4064 sunt
832 4007 1132 4064 tradidisse.
1179 4003 1404 4060 Addidit
1431 4000 1754 4056 sententiam
1797 3996 2128 4067 generalem,

543 4112 594 4157 et
613 4103 712 4175 ipsi
731 4103 1016 4157 inciderunt
1041 4101 1092 4154 in
1110 4115 1244 4154 eam.
1275 4097 1462 4152 Omnis
1489 4094 1630 4149 enim
1659 4090 1855 4160 iniusta
1883 4104 1982 4144 vox
2004 4102 2132 4142 suos

543 4195 699 4264 prius
724 4194 942 4249 damnat
965 4203 1236 4258 auctores,
1267 4197 1324 4245 et
1342 4197 1626 4254 antequam
1653 4182 1808 4238 alteri
1837 4189 2049 4244 noceat,
2074 4195 2133 4232 se

548 4286 698 4354 prius
720 4285 832 4354 ipsa
859 4284 1203 4338 condemnat.
1229 4280 1382 4348 Quod
1412 4278 1661 4334 similiter
1689 4285 1744 4329 et
1774 4273 2026 4328 Salomon
2055 4269 2134 4324 di-

549 4381 660 4436 cit:
695 4379 793 4442 Qui
815 4377 945 4446 [odit
976 4378 1172 4446 fat-eam
1193 4374 1378 4428 inridet
1405 4373 1458 4425 in
1488 4388 1597 4425 eam
1628 4367 1815 4437 (Eccli.
1847 4381 1878 4418 χ
1898 4408 1912 4429 ,
1947 4364 2022 4426 8).

625 4467 775 4524 Vers.
812 4471 900 4523 ll.
941 4467 1189 4520 Paratum
1229 4482 1316 4518 cor
1358 4459 1747 4527 meum,.Deus,
1775 4467 2015 4528 paratum
2052 4469 2136 4506 cor

551 4563 977 4628 meum;cantubo
1002 4572 1050 4616 et
1089 4563 1341 4632 psalmum
1367 4561 1534 4613 dicam
1566 4557 1806 4609 Domino.
1851 4555 2133 4621 Postquam

552 4657 686 4712 dixit
714 4657 972 4710 malorum
1003 4655 1210 4709 debitas
1238 4668 1442 4722 pinnas,
1486 4666 1625 4703 nunc
1657 4649 1798 4703 venit
1826 4645 1894 4699 ad
1926 4645 2136 4698 tertiam

553 4756 784 4817 partem,
817 4748 867 4801 in
897 4761 1002 4817 qua
1030 4757 1146 4816 post
1176 4745 1623 4800 resurrectionem
1651 4749 1896 4794 acturum
1927 4751 1986 4790 se
2011 4750 2135 4804 gra-

556 4844 658 4896 tias
689 4840 987 4909 pollicetur.
1027 4838 1133 4893 Sed
1169 4851 1261 4905 per
1303 4835 1433 4889 illud
1476 4833 1675 4902 gratias
1704 4831 1844 4898 agit,
1873 4843 1967 4897 per
1996 4824 2137 4894 qttod

557 4945 616 4988 et
641 4931 935 4988 resurrexit
961 4947 990 4984 a
1021 4929 1263 4987 mortuis.
1291 4929 1561 4983 (lictorum
1593 4924 1765 4977 deitas
1792 4921 1988 4974 Clu-isti
2016 4931 2136 4971 cum

557 5027 718 5082 Patre
737 5035 1030 5090 coaeterna,
1055 5038 1268 5092 semper
1291 5031 1527 5090 praestat,
1548 5031 1762 5083 semper
1777 5015 2138 5080 omnipotens,

558 5131 774 5183 Semper
799 5115 1024 5184 asqualis
1046 5124 1148 5168 est.
1195 5112 1324 5165 Nam
1359 5109 1600 5178 quamvis
1647 5108 1864 5174 laqueos
1907 5108 2146 5170 parasset

559 5208 831 5276 inimicus,
862 5211 1064 5263 loveam
1095 5207 1392 5275 aperuisset
1418 5205 1675 5270 ingratus,
1710 5206 1950 5267 paratunt
1977 5209 2036 5247 se
2063 5192 2142 5244 tli—

560 5308 632 5360 cit
658 5304 725 5360 ad
747 5306 979 5374 agendas
1007 5302 1224 5372 gratias,
1278 5300 1398 5368 quia
1431 5297 1530 5352 silti
1567 5295 1772 5348 sciebat
1799 5287 2146 5344 resurrectio-

563 5398 648 5452 nis
671 5397 895 5466 gloriam
925 5397 1100 5450 modis
1129 5393 1373 5450 omnibus
1402 5389 1706 5443 alitttttratn.
1735 5384 1842 5440 Sed
1872 5386 1922 5436 iti
1947 5398 2053 5449 quo
2078 5381 2150 5434 sit

564 5501 804 5557 paratus,
838 5505 932 5557 per
959 5489 1116 5541 verba
1158 5483 1432 5550 sequentia
1475 5481 1814 5535 declaratur:
1849 5474 2074 5530 Cantabo
2097 5485 2140 5525 et

561 5581 818 5650 psalmum
859 5579 1026 5631 dicam
1078 5575 1314 5627 Domino.
1363 5573 1580 5625 (lentare
1619 5570 1881 5632 diximus,
1925 5565 2147 5619 vocibus

564 5673 784 5740 gratiam
813 5672 1044 5733 referre;
1086 5669 1338 5738 psalmum
1379 5665 1567 5729 dicere,
1599 5658 1925 5731 praedicabili
1970 5654 2148 5710 Domi-

569 5780 696 5834 num
725 5765 936 5818 actione
965 5763 1198 5815 laudare.
1222 5763 1350 5824 Qua:
1377 5759 1484 5812 duo
1510 5755 1768 5824 superiori
1800 5748 2147 5819 geminationi

573 5858 764 5912 merito
789 5856 1038 5911 videntur
1060 5863 1232 5923 aptata
1253 5891 1268 5918 ,
1301 5848 1510 5920 quando
1537 5849 1590 5901 in
1637 5855 1860 5912 utroque
1889 5851 1947 5895 se
1983 5839 2147 5908 proli.

2227 3365 2360 3447 Nam
2387 3387 2527 3459 quod
2555 3385 2646 3450 ait,
2671 3382 2924 3454 psalmum
2957 3378 3128 3430 dicam
3157 3374 3245 3428 tibi
3273 3373 3402 3425 inter
3424 3379 3627 3440 gentes,
3663 3365 3820 3421 etule-

2227 3494 2362 3540 stem
2395 3479 2658 3551 signilicat
2688 3482 2862 3528 actum
2895 3466 3212 3524 unitersalis
3246 3462 3522 3528 Ecclesim,
3564 3451 3700 3527 qnte'
3735 3471 3820 3525 per

2228 3587 2416 3630 omnes
2451 3549 2636 3641 gentes
2668 3564 2861 3632 linguis
2887 3561 3050 3615 variis
3079 3554 3428 3628 psalmodiam
3461 3553 3701 3606 Domino
3731 3549 3822 3602 de-

2230 3678 2352 3725 vota
2376 3672 2556 3718 mente
2581 3657 2853 3730 persolvit.

2305 3789 2456 3843 Vers.
2484 3784 2568 3839 lii.
2599 3780 2852 3848 Quoniam
2890 3774 3216 3847 magni/irata
3257 3779 3331 3823 est
3361 3783 3516 3832 usque
3559 3766 3643 3817 ad
3679 3763 3824 3818 calas

2234 3875 2580 3936 misericordia
2627 3882 2745 3935 tua,
2768 3881 2815 3924 et
2853 3883 3011 3939 usque
3049 3865 3118 3918 ad
3145 3865 3299 3917 nubes
3345 3861 3527 3914 veritas
3557 3868 3680 3910 tua.
3729 3856 3825 3910 lsta

2232 3983 2317 4028 est
2355 3984 2514 4028 causa
2559 3962 2943 4026 confessionis,
2977 3961 3074 4014 ista
3125 3957 3412 4028 promissio
3459 3952 3824 4020 psalmodiis:

2237 4064 2490 4132 Quoniam
2517 4057 2840 4128 magni/irata
2861 4061 2935 4107 est
2963 4048 3306 4103 misericordia
3336 4043 3541 4099 Domini
3574 4057 3743 4103 usque
3765 4041 3828 4090 ad

2235 4160 2421 4220 celos;
2452 4151 2502 4208 id
2526 4159 2612 4207 est
2638 4147 2762 4219 quia
2795 4143 3097 4200 humanitas
3123 4139 3242 4193 Filii
3265 4152 3433 4206 usque
3463 4134 3528 4188 ad
3555 4133 3826 4188 cmloruzu

2236 4262 2396 4315 regna
2435 4244 2683 4311 perducta
2716 4247 2818 4295 est.
2869 4232 3198 4291 Periclitunti
3230 4230 3423 4299 quippe
3472 4226 3712 4290 homini,
3746 4222 3831 4291 qui

2237 4338 2469 4410 peccatis
2528 4332 2807 4390 tenebatur
2858 4326 3159 4387 obnoxius,
3213 4321 3336 4374 fecit
3395 4315 3830 4373 misericordiam

2237 4446 2410 4494 Suam,
2428 4438 2482 4481 ttt
2497 4423 2894 4494 dispensatione
2913 4415 3143 4472 mirabili
3159 4407 3660 4475 lacereteximium,
3676 4420 3833 4478 quem

2242 4521 2454 4579 nefandi
2481 4518 2659 4589 poituii
2685 4513 2881 4584 iudicio
2912 4511 3167 4578 putabant
3194 4513 3521 4560 extremum.
3547 4500 3834 4566 Sequitur,

2170 4631 2215 4689 ι)
2241 4629 2286 4672 et
2319 4631 2470 4684 usque
2498 4611 2562 4664 ad
2594 4608 2748 4661 nubes
2787 4604 2967 4657 ueritas
2999 4612 3102 4654 tua.
3150 4595 3326 4650 Nubes
3356 4589 3669 4662 signiﬁcant
3713 4601 3834 4658 pro-

2248 4683 2455 4778 phetas,
2485 4716 2616 4768 quos
2646 4697 2873 4767 Spiritus
2900 4693 3069 4747 sancti
3103 4690 3298 4758 irrigua
3327 4687 3543 4746 veritas,
3570 4683 3727 4736 velut
3753 4696 3839 4734 co-

2245 4804 2428 4872 pinsus
2454 4796 2625 4852 imber
2655 4789 2910 4858 implevit.
2946 4786 3131 4839 Merito
3174 4780 3319 4834 enim
3363 4775 3519 4830 nubes
3549 4783 3836 4833 vocantur,

2239 4867 2368 4964 quia
2395 4887 2596 4945 caelesti
2630 4884 2776 4937 fonte
2803 4877 2978 4934 satiati
3008 4883 3151 4937 snnt,
3177 4882 3228 4927 et
3260 4885 3417 4938 supra
3447 4867 3671 4922 steriles
3720 4879 3840 4932 pec-

2249 4997 2458 5040 catores
2505 4975 2796 5048 Spiritu-alis
2845 4969 3011 5040 copia:
3055 4968 3194 5022 dona
3238 4963 3526 5024 fuderunt;
3573 4972 3703 5026 qua:
3740 4957 3840 5008 duo

2253 5081 2634 5148 [ll‘iBPOSiCl'alo
2661 5076 2788 5123 sunt
2825 5065 3010 5119 ordine
3033 5061 3314 5116 collocata.
3340 5055 3552 5117 ,Veritas
3583 5063 3673 5105 est
3704 5061 3842 5102 tem-

2253 5185 2379 5238 pore
2408 5164 2663 5226 anterior,
2698 5153 3044 5213 misericordia
3093 5166 3224 5205 vero
3263 5147 3492 5200 adventu
3535 5140 3840 5210 posterior;

2251 5278 2370 5333 qua:
2395 5261 2514 5316 idco
2540 5262 2862 5311 commutata
2899 5257 3053 5310 sunt,
3084 5254 3138 5298 ut
3169 5243 3285 5298 sine
3312 5239 3484 5307 aliqua
3529 5233 3842 5288 differentia

2253 5357 2304 5408 in
2332 5353 2414 5406 his
2442 5349 2698 5419 potuis:et
2729 5358 2890 5397 unum
2921 5339 3106 5403 decus,
3137 5349 3272 5388 unus
3298 5341 3482 5385 auctor
3500 5326 3753 5394 agnosci.

2200 5464 2253 5522 ὃ
2327 5464 2476 5517 V'ers.
2513 5459 2596 5512 l5.
2631 5452 2877 5509 Exalture
2904 5463 3055 5515 super
3081 5446 3250 5510 caelos,
3280 5443 3512 5502 Deus;et
3540 5451 3712 5501 super
3739 5449 3846 5486 om-

2251 5574 2362 5611 nem
2390 5565 2574 5609 terrom
2613 5549 2778 5621 gloria
2817 5555 2926 5598 tua.
2973 5543 3125 5596 Hunc
3163 5551 3372 5592 versum
3415 5541 3468 5586 et
3499 5530 3548 5582 in
3602 5526 3844 5582 secunda

2253 5645 2532 5714 parteiam
2558 5618 2710 5704 dtitit,
2737 5638 2892 5691 tidem
2919 5643 3153 5688 nostram
3183 5626 3270 5681 tali
3307 5618 3670 5694 promissione
3711 5632 3847 5670 cun-

2255 5742 2491 5800 tirmans,
2533 5734 2653 5802 quia
2681 5744 2842 5798 super
2861 5739 3049 5782 omnes
3072 5730 3342 5778 creaturas
3363 5713 3478 5782 eius
3501 5709 3756 5774 nominis
3779 5707 3849 5761 sit

2251 5831 2423 5904 gloria
2453 5830 2753 5896 regnatura.
