3956 6178
242 402 338 457 Γ5

787 515 1057 569 Conclusio
1092 517 1295 587 psalmi.

304 628 438 693 Quis
483 626 729 681 virtwem
780 627 968 695 psalmi
1014 627 1206 697 hujus,
1240 629 1359 697 quis
1399 627 1825 683 benevolentiam

237 723 397 788 digne
427 722 596 792 possit
622 720 766 774 cHari
786 723 806 772 ?
830 723 961 775 Uiat
990 720 1257 785 Christus,
1283 729 1340 776 ut
1370 737 1466 775 nos
1491 721 1714 782 doceat;
1750 735 1828 773 re-

239 814 439 880 surgit,
464 822 522 865 ut
553 828 649 866 nos
686 812 885 882 erigat;
924 811 1110 865 laudes
1152 812 1291 866 Patri
1334 812 1458 865 dicit
1482 852 1495 876 ,
1529 822 1587 865 ut
1624 825 1722 865 nos
1751 812 1829 865 iu-

240 913 430 956 struat.
467 902 650 957 Merito
692 904 773 956 \ia
815 913 1018 967 nostra,
1056 904 1247 957 merito
1288 904 1608 972 redemptio,
1642 906 1834 959 merito

239 996 376 1063 apud
419 996 630 1049 Patrem
674 1004 854 1049 noster
892 996 1048 1066 192
1076 995 1270 1065 legitur
1306 995 1630 1049 AdvoCatus.
1677 1000 1836 1050 Arue-

243 1103 360 1141 mus
395 1088 717 1141 clernentem
760 1085 1136 1151 defensorem,
1179 1102 1245 1142 ne
1286 1088 1550 1156 patiamur
1588 1103 1833 1143 severum

240 1180 499 1246 judicent.
539 1178 681 1232 Ultra
716 1194 929 1230 onmem
963 1192 1085 1233 esse
1115 1187 1321 1231 constat
1360 1179 1647 1232 amentiam
1686 1194 1834 1233 reum

241 1278 352 1321 toto
380 1268 549 1321 corde
581 1284 684 1321 non
730 1280 1017 1334 expetere,
1060 1269 1147 1336 qui
1180 1283 1276 1323 nos
1307 1267 1374 1322 ad
1415 1279 1616 1324 :elerna
1647 1270 1838 1339 gaudia

244 1370 352 1413 tam
386 1360 595 1413 crebris
620 1359 1077 1413 admonitionibus
1102 1362 1444 1430 cognoscitur
1468 1361 1714 1415 invitare.

544 1473 905 1528 EXPUSITIO
936 1475 994 1527 lN
1037 1474 1361 1541 PSALMUM
1396 1476 1551 1531 LVII.

317 1584 382 1639 In
405 1586 584 1652 ﬁnem,
614 1603 674 1639 ne
695 1586 961 1657 disperdas
987 1587 1148 1642 David
1172 1589 1223 1641 in
1251 1590 1389 1643 tituli
1417 1590 1766 1660 inscriptione.

314 1699 575 1765 Quannis
604 1700 762 1753 verba
795 1702 890 1753 ista
923 1700 1229 1767 frequenter
1261 1702 1541 1771 iterantur,
1567 1719 1670 1758 non
1697 1705 1839 1775 pige-

247 1790 324 1843 bit
356 1800 539 1845 tamen
581 1792 769 1845 eadem
801 1807 893 1859 per
918 1793 1119 1861 singula
1148 1794 1261 1848 loca
1294 1795 1589 1864 declarare,
1622 1808 1677 1851 ut
1700 1814 1733 1867 p
1764 1799 1843 1853 al-

1182 403 1543 460 EXPOSITIO
1585 402 1648 457 IN
1691 401 2145 459 PSALTEMUM.
2190 401 2381 459 l‘St’iL.
2425 403 2576 460 LVII.

1860 517 1908 572 A
1937 514 2142 586 legatur
2169 519 2219 571 in
2269 518 2593 587 Evangelio:
2629 520 2804 575 Nolite
2837 522 3101 591 judicare,
3131 538 3190 575 ne
3226 522 3541 587 iudieemint‘

3416 401 3534 462 406“-

1938 607 2086 676 (Luc.
2125 623 2197 674 vi,
2228 608 2341 679 57).
2375 610 2481 667 Sed
2519 613 2615 666 ista
2644 614 2906 667 sententia
2937 628 3041 667 non
3083 614 3237 668 nobis
3287 613 3427 669 tollit
3467 613 3543 669 in.

1938 708 2104 752 totum
2133 700 2395 757 licentiam
2416 702 2723 772 judicandi;
2762 720 2883 758 nam
2916 705 3056 771 quod
3079 706 3230 772 dicit,
3263 706 3527 775 noliteju-

1936 789 2128 851 dicare,
2155 792 2224 846 de
2249 793 2351 847 illis
2373 792 2526 847 lactis
2557 795 2669 849 vult
2713 796 2933 865 intelligi
2960 813 3078 867 qua:
3116 811 3307 851 sensus
3344 805 3525 852 noster

1938 900 2041 939 non
2069 885 2317 952 prmvalet
2344 885 2557 941 intueri.
2591 887 2729 942 Sunt
2758 889 2899 943 enim
2926 889 3165 958 quaedam
3198 890 3372 944 media
3404 904 3518 959 qum

1938 976 2240 1045 ignoramus
2265 991 2371 1045 quo
2415 978 2594 1033 animo
2639 980 2789 1047 tlaut,
2838 982 2963 1050 quia
2996 991 3049 1035 et
3100 981 3241 1035 bono
3282 990 3337 1037 et
3381 984 3525 1083 map.)

1939 1066 2051 1121 ﬁeri
2076 1077 2313 1135 possunt,
2347 1066 2415 1123 de
2452 1070 2643 1139 quibus
2666 1070 3009 1125 temerarium
3039 1080 3122 1125 est
3153 1072 3350 1125 homini
3379 1066 3524 1141 judil

1938 1174 2080 1214 eare.
2104 1160 2199 1215 llic
2226 1172 2408 1217 autem
2432 1162 2673 1231 prmeipit
2704 1164 2858 1218 nobis
2882 1163 2949 1218 de
2979 1164 3060 1217 his
3090 1178 3209 1233 quae
3248 1164 3535 1220 manifesta.

1938 1261 2062 1305 sunt
2081 1253 2226 1321 justo
2239 1254 2497 1322 judicare.
2521 1254 2592 1307 ita
2618 1254 2673 1307 lit
2700 1261 2757 1307 ut
2784 1255 3064 1309 sententias
3093 1255 3232 1317 istic,
3268 1254 3394 1308 dum
3419 1254 3529 1309 dis-

1939 1357 2112 1397 cussa:
2160 1343 2384 1409 iuerint,
2431 1360 2765 1414 nequaquam
2812 1346 2912 1400 sibi
2952 1348 3236 1401 contrariae
3279 1359 3400 1399 esse
3449 1346 3526 1399 vi-

1939 1432 2188 1487 deantur.
2218 1434 2389 1500 Quem
2418 1435 2590 1489 locum
2623 1436 2777 1489 Pater
2800 1437 3127 1506 Augustinus
3163 1436 3231 1491 de
3267 1435 3529 1491 Sermone

1943 1523 2150 1576 Domini
2174 1526 2223 1577 in
2254 1534 2454 1587 nioute,
2487 1524 2623 1581 libro
2651 1526 2887 1581 secundo
2921 1524 3072 1597 (Cap.
3105 1526 3197 1594 28)
3231 1525 3388 1580 latius
3409 1524 3529 1581 dili-

1941 1615 2255 1685 gentiusque
2287 1618 2546 1670 tractavit.

2017 1706 2164 1759 Vers.
2194 1708 2248 1760 2.
2297 1705 2497 1759 Etenim
2538 1710 2590 1761 in
2631 1710 2785 1762 corde
2829 1710 3121 1780 iniquitates
3156 1711 3436 1782 operamini
3476 1711 3529 1763 in

1943 1806 2106 1861 terra;
2133 1798 2447 1865 iniquitatem
2479 1817 2658 1854 manus
2694 1813 2868 1855 vestra:
2906 1804 3233 1856 concinnant.
3271 1804 3346 1857 Ac
3370 1805 3413 1856 si
3443 1803 3553 1875 tli-_

242 1895 457 1933 morum
482 1880 896 1949 possitdiguitas
920 1883 1196 1938 aestimari.
1224 1885 1342 1939 [llas
1364 1887 1626 1954 siquidem
1650 1889 1840 1945 domos
1875 1902 1916 1959 Β
1944 1901 2085 1943 ceret
2120 1906 2134 1944 :
2179 1891 2465 1957 Quomodo
2516 1891 2763 1960 potuistis
2798 1893 2864 1946 de
2905 1907 2989 1947 me
3030 1893 3299 1961 judicare,
3339 1894 3428 1962 qui
3473 1895 3535 1946 in~

241 1971 583 2026 conﬁdenter
600 1974 881 2037 intramus,
901 1990 1125 2044 quarum
1148 1978 1438 2044 penetralia
1462 1978 1514 2032 in
1530 1981 1641 2047 ipsa
1661 1981 1835 2037 fronte

240 2064 641 2129 cognoscimus.
696 2062 760 2118 In
805 2066 959 2133 ﬁnem
1001 2068 1267 2137 signiﬁcat
1303 2069 1611 2137 Christum,
1661 2076 1833 2144 quiin

242 2158 342 2212 hoc
367 2162 579 2226 psalmo
608 2163 883 2218 locuturus
903 2177 1006 2219 est.
1042 2166 1122 2220 Ne
1144 2168 1409 2236 disperde:
1434 2169 1601 2224 David
1621 2172 1673 2224 in
1697 2174 1835 2227 tituli

240 2252 599 2319 inscriptione.
632 2254 697 2307 Et
739 2252 903 2309 David
928 2272 1070 2325 sarpe
1100 2258 1328 2313 diximus
1355 2260 1625 2315 Cbrismm
1665 2264 1829 2332 signi-

242 2342 434 2404 ﬁcare,
482 2344 609 2413 quia
649 2354 701 2399 ct
732 2362 820 2399 rex
852 2356 989 2412 erat,
1017 2358 1071 2403 et
1099 2364 1293 2404 nomen
1325 2350 1441 2419 ejus
1478 2369 1637 2407 manu
1682 2356 1834 2410 fortis

238 2437 351 2489 sive
410 2438 787 2492 desitelerabilis
843 2441 1252 2510 interpretatur,
1312 2446 1453 2515 quod
1504 2457 1558 2501 et
1608 2448 1833 2504 Domino

238 2540 617 2597 competenter
641 2544 872 2599 aptatur.
897 2533 1281 2591 Comumnetnr
1300 2556 1427 2609 ergo
1455 2540 1673 2595 Pontius
1699 2544 1833 2596 i’ila-

240 2631 346 2686 tus,
376 2640 443 2675 ne
462 2626 725 2694 disperdat
760 2628 1013 2695 scriptum
1058 2631 1260 2684 titulum
1300 2634 1385 2699 qui
1423 2634 1619 2703 Regem
1656 2636 1832 2691 Domi-

239 2730 365 2767 num
399 2716 748 2770 declarabat:
784 2722 906 2790 quia
951 2723 1096 2775 reddi
1157 2739 1259 2776 non
1307 2735 1531 2793 poterat,
1564 2727 1827 2783 incassum

235 2807 378 2874 quod
404 2806 583 2861 divina
615 2811 934 2864 noscebatur
952 2812 1195 2882 jusiune
1216 2813 1606 2886 conscriptum.
1633 2820 1827 2891 [legent

234 2899 381 2951 enim
414 2898 564 2952 illum
588 2902 708 2968 quis
741 2913 944 2970 pot-rat
984 2906 1233 2971 abolere,
1284 2926 1438 2977 quem
1482 2921 1686 2964 constat
1712 2930 1831 2968 esse

236 2993 357 3045 caeli
388 3003 657 3064 terraeque
687 3000 1020 3053 creatorem?
1046 3002 1197 3067 Quod
1229 3004 1362 3058 adeo
1407 3007 1713 3072 frequenter
1743 3023 1828 3063 re-

236 3085 464 3153 petitur,
493 3096 549 3139 ut
576 3089 849 3144 excusatio
872 3093 1364 3149 contradicentibus
1390 3096 1683 3153 auferatur.

821 3202 1011 3258 Dii-isio
1044 3207 1249 3275 psalmi.

305 3310 573 3365 Dominus
612 3310 852 3368 Christus
887 3328 939 3370 et
988 3319 1273 3375 virtutibus
1301 3321 1546 3377 Salvator
1574 3333 1628 3379 et
1659 3328 1829 3379 moni-

233 3404 317 3468 tis,
352 3405 410 3457 in
440 3404 610 3473 prima
644 3409 950 3463 narratione
982 3413 1170 3479 psalmi
1214 3414 1521 3471 Judzeorum
1549 3424 1828 3488 cognosci-

236 3506 320 3549 tur
350 3499 693 3565 exprobrare
720 3503 1028 3572 nequitiam.
1056 3504 1160 3561 Sed
1188 3507 1313 3562 dum
1333 3508 1437 3563 illis
1465 3510 1687 3578 imputat
1710 3530 1828 3582 qua:

236 3590 502 3655 iecerunt,
530 3606 628 3645 nos
656 3610 722 3646 ne
752 3592 1011 3650 faciamus
1037 3598 1236 3652 similia
1276 3614 1700 3657 commonemur.
1732 3606 1827 3660 Se.

236 3682 409 3733 canda
479 3686 790 3739 narratione
847 3688 1225 3744 retributiones
1295 3706 1480 3747 eorum
1536 3695 1826 3763 aptissimis

236 3776 733 3843 comparationibus
755 3778 1014 3834 declarat.
1042 3781 1218 3836 Tertia
1244 3784 1415 3852 qualis
1443 3785 1532 3838 liat
1561 3788 1826 3843 correctio

237 3864 285 3933 ju
323 3876 502 3921 turum
534 3868 603 3922 de
634 3878 975 3937 peccatorum
1006 3872 1209 3929 ultione
1241 3886 1583 3931 memoratur.

778 3982 1047 4054 Expositio
1085 3989 1286 4055 psalmi.

308 4093 465 4147 Ver.
497 4095 543 4146 Ι.
571 4094 631 4149 Si
649 4112 759 4151 vere
776 4098 955 4168 utique,
958 4101 1215 4177 justitiam
1235 4103 1517 4170 loquimini,
1530 4107 1674 4177 justo
1688 4109 1826 4176 judi-

236 4197 364 4251 t’a'e,
382 4187 480 4252 ﬁlii
502 4187 785 4241 hominum.
804 4190 1047 4246 Christus
1068 4174 1541 4249 Dominusludteos
1557 4197 1827 4253 invehitur

236 4274 356 4343 lms.
391 4278 482 4342 Α.,
515 4278 789 4351 convenit]
811 4280 877 4334 de
904 4282 984 4336 his
1004 4299 1122 4352 quae
1164 4284 1317 4355 longa
1345 4298 1462 4354 p05t
1492 4296 1646 4341 erant
1670 4298 1827 4345 aetate

237 4366 453 4419 facturi.
492 4366 792 4435 Loqnuntur
812 4371 953 4423 enim
984 4371 1118 4425 falso
1133 4374 1391 4444 justitiam
1417 4376 1569 4445 legis,
1604 4379 1691 4446 qui
1718 4396 1823 4433 non

236 4466 357 4507 sunt
385 4466 531 4510 recta
560 4456 867 4524 judicaturi.
920 4460 1055 4516 Vere
1082 4472 1260 4518 autem
1308 4464 1385 4518 illi
1427 4467 1706 4534 mquabilia
1749 4469 1828 4522 di-

235 4559 384 4612 cunt,
411 4550 504 4619 qui
530 4548 675 4618 justa
701 4550 890 4605 facturi
920 4564 1078 4618 sunt;
1116 4571 1293 4610 sermo
1317 4558 1455 4611 enim
1498 4570 1678 4615 recms
1708 4562 1826 4616 vitae

1938 1982 2090 2034 corde
2134 1994 2312 2036 vestro
2361 1984 2647 2052 iniquitates
2694 1986 3019 2059 operamini,
3072 1986 3158 2039 ubi
3225 1986 3533 2053 perfectum

1938 2073 2138 2126 crimen
2167 2084 2269 2140 est,
2302 2086 2583 2145 antequam
2610 2076 2731 2141 ﬁat,
2765 2086 2818 2129 et
2840 2092 2999 2131 omne
3030 2078 3223 2130 malum
3256 2076 3524 2144 plecribile

1940 2162 2022 2228 lit,
2055 2163 2193 2231 quod
2235 2163 2562 2219 desiderium
2611 2180 2787 2234 prava:
2835 2167 3123 2219 vo'untatis
3161 2167 3411 2220 accusat?
3455 2164 3533 2219 ln-

1938 2266 2071 2307 εει-να
2103 2270 2227 2308 vero
2257 2254 2405 2323 dicit,
2440 2256 2559 2310 sive
2584 2271 2779 2309 arcano
2816 2259 3067 2324 pectoris,
3098 2257 3209 2310 sive
3240 2271 3398 2325 supra
3423 2272 3519 2326 po-

1937 2347 2115 2414 pulum
2144 2350 2228 2402 cui
2258 2352 2522 2418 principes
2554 2362 2606 2404 et
2632 2351 2881 2402 Pharisaei
2924 2366 3155 2417 praesse
3185 2352 3517 2405 videbantur.

1937 2441 2002 2494 Et
2040 2441 2159 2497 vide
2206 2444 2325 2512 quia
2362 2459 2520 2511 supra
2562 2443 2730 2495 cordis
2771 2444 3055 2511 ini-putatos
3106 2445 3279 2512 pOSnit
3314 2462 3327 2495 :
3383 2458 3521 2497 nunc

1935 2532 2092 2584 etiam
2120 2548 2211 2599 per
2232 2551 2410 2585 manus
2432 2550 2518 2588 res
2546 2534 2810 2602 signiticat
2840 2535 3103 2599 :tctttales,
3139 2546 3194 2585 ut
3227 2550 3327 2586 non
3347 2538 3521 2587 solum

1935 2626 2221 2693 ct-gitatum
2241 2626 2436 2689 scelus,
2463 2626 2554 2678 sed
2577 2625 2734 2678 etiam
2759 2627 3080 2692 completum
3106 2642 3224 2678 esse
3241 2627 3516 2679 doceatur.

1935 2717 2252 2770 Conrinnunt
2296 2717 2436 2770 enim
2477 2718 2543 2769 ad
2594 2718 2897 2785 iniquitates
2954 2718 3087 2770 bene
3127 2719 3356 2784 positum
3412 2728 3515 2772 est.

1934 2808 2287 2863 Concinnalio
2318 2819 2495 2862 autem
2540 2810 2825 2878 signitieat,
2857 2809 3069 2877 quando
3094 2825 3157 2862 ex
3189 2813 3369 2864 multis
3394 2824 3518 2878 par--

1936 2902 2079 2956 tibus
2106 2904 2202 2956 sibi
2235 2904 2479 2955 convenit
2509 2902 2735 2953 adunata
2769 2904 3111 2968 perversitas.

2006 2993 2158 3047 Vers.
2190 2991 2242 3046 ὅ.
2291 2993 2511 3045 Alienati
2548 3002 2665 3045 sunt
2706 3003 2990 3061 peccatores
3035 2992 3096 3043 ab
3126 3002 3268 3044 utero
3313 2991 3462 3062 [cd.,
3488 3008 3527 3044 ας

1932 3083 2428 3155 culoa],erraverunt
2447 3100 2477 3137 a
2498 3095 2686 3148 ventre,
2712 3082 2865 3136 locuti
2886 3093 3000 3135 sunt
3023 3083 3176 3152 fit/sa.
3198 3082 3383 3135 Merito
3407 3096 3518 3149 pec-

1934 3189 2141 3232 calores
2173 3187 2423 3246 tanquam
2464 3176 2763 3241 abortivus,
2800 3177 3065 3242 projectos
3097 3175 3164 3227 ab
3207 3184 3358 3227 utero
3386 3172 3517 3228 dicit

1859 3274 1904 3336 C
1937 3268 2216 3334 Ecclesize,
2243 3268 2332 3337 qui
2368 3266 2511 3320 nulla
2558 3265 2813 3320 doctrinm
2860 3267 3263 3319 conﬁrmatione
3294 3264 3515 3333 perfecti

1930 3368 2083 3421 sunt;
2112 3359 2205 3411 sed
2234 3367 2484 3427 tanquam
2515 3366 2710 3410 tenerae
2759 3355 2976 3420 pecudis
3023 3356 3217 3409 latuata
3248 3356 3515 3419 mollities,

1931 3465 2037 3503 non
2066 3450 2132 3504 ad
2156 3450 2331 3505 lucem
2362 3450 2592 3508 vitalem,
2625 3446 2717 3500 sed
2757 3448 2810 3499 iu
2844 3449 3078 3516 perlidim
3110 3449 3359 3502 tenebras
3391 3462 3516 3516 pro-

1932 3541 2126 3596 bzmtur
2168 3542 2379 3613 abjccti.
2422 3541 2570 3597 Juste
2610 3545 2806 3612 quippe
2838 3552 3033 3595 uterum
3076 3541 3276 3594 habere
3323 3540 3518 3594 dicitur

1932 3637 2194 3703 Ecclesia,
2224 3654 2343 3707 qua:
2374 3653 2469 3692 no;
2499 3653 2653 3691 sacro
2678 3637 2992 3705 baptismate
3022 3636 3291 3703 profundit
3322 3636 3373 3688 in
3398 3650 3520 3703 per-

1930 3742 2141 3798 petuam
2192 3731 2385 3785 lucem.
2429 3712 2535 3785 seu
2581 3746 2660 3783 va:
2690 3730 2794 3783 illis
2832 3731 2921 3798 qui
2974 3730 3241 3784 immaturi
3292 3729 3359 3781 ab
3402 3726 3519 3796 ejus

1929 3822 2221 3875 visceribus
2248 3822 2521 3875 exierunt!
2547 3824 2819 3889 Sequitur,
2846 3830 3138 3873 erraverunt
3169 3838 3200 3872 α
3225 3831 3413 3883 centre,
3440 3819 3518 3870 lo-

1924 3912 2033 3965 cuti
2055 3922 2173 3965 sunt
2194 3914 2346 3981 falsa.
2383 3912 2690 3965 Erraverunt
2718 3913 2899 3979 utique
2922 3926 2953 3962 a
2976 3922 3163 3976 ventre,
3193 3911 3281 3978 qui
3305 3917 3519 3963 contra-
3609 3932 3615 3939 ’

1931 4004 2009 4059 ria
2041 4005 2195 4057 matri
2227 4003 2474 4073 dogmata
2504 4013 2627 4057 sunt
2674 4003 2873 4067 secuti,
2922 4016 3019 4056 nec
3057 4002 3233 4055 alvum
3275 4010 3521 4053 sanctam

1928 4097 2010 4166 pia
2057 4097 2339 4152 devotione
2384 4106 2729 4151 venerantur.
2780 4097 2884 4164 Ipsi
2917 4097 3060 4149 enim
3093 4104 3146 4149 et
3189 4098 3320 4165 falsa
3356 4094 3515 4146 locuti

1928 4197 2068 4253 sunt,
2102 4189 2191 4257 qui
2220 4189 2287 4241 ab
2316 4189 2435 4256 ejus
2455 4186 2653 4240 sanctis
2679 4186 3050 4240 traditionibus
3072 4196 3403 4238 erraverunt.

2006 4281 2155 4335 Vcrs.
2183 4282 2233 4335 4.
2261 4281 2354 4335 Ira
2381 4281 2483 4334 illis
2508 4280 2786 4333 secundum
2812 4278 3204 4333 similitudinem
3236 4278 3505 4346 serpentis,

1928 4371 2056 4424 sicut
2079 4371 2270 4439 aspidis
2296 4372 2465 4425 surda:
2486 4379 2533 4423 et
2554 4371 2836 4423 obturantis
2858 4386 3004 4422 aures
3024 4385 3162 4422 suas.
3191 4368 3279 4421 ινα
3304 4367 3516 4422 Judaeu-

1932 4478 2047 4515 rum
2082 4479 2174 4530 per
2208 4462 2612 4517 similizudinem
2663 4462 2822 4515 nimis
2868 4462 3199 4529 aptissimam
3240 4460 3513 4514 delinitur.

1930 4556 2327 4610 Obstinatorum
2353 4555 2547 4626 quippe
2594 4556 2866 4609 hominum
2914 4554 3386 4609 itairrev0cabilis
3412 4565 3493 4608 est

236 4638 393 4694 debet
419 4656 541 4695 esse
567 4643 884 4698 consimilis,
918 4646 1088 4699 Voccs
1119 4662 1247 4718 ergo
1279 4649 1395 4702 illas
1433 4650 1516 4703 hic
1541 4652 1713 4720 arguh
1734 4652 1825 4707 λιι-
1856 4650 1905 4707 D
1932 4647 2019 4715 qui
2042 4692 2055 4714 ,
2098 4663 2165 4701 ne
2190 4648 2497 4702 docentium
2533 4647 2945 4714 pr.cdicationes
2985 4648 3293 4710 exaudiant,
3328 4662 3517 4715 procu-

236 4732 499 4796 d.corum,
529 4733 746 4801 quando
770 4738 1007 4802 Captiose
1030 4738 1279 4792 dicebant
1302 4756 1314 4791 :
1352 4739 1619 4811 uagina,
1642 4744 1827 4797 scimus

236 4823 356 4890 quia
394 4841 426 4876 a
478 4823 591 4876 Deo
638 4827 850 4893 venisti,
898 4840 947 4880 et
992 4832 1123 4882 viam
1174 4832 1264 4885 Dei
1304 4833 1359 4885 in
1406 4837 1609 4889 veritate
1654 4837 1823 4891 (loces.

238 4914 454 4981 (fault.
486 4933 624 4981 ιιιι,
666 4918 768 4989 16).
806 4923 905 4974 lsm
939 4922 1151 4989 quidem
1176 4925 1321 4994 jttsla
1347 4937 1518 4991 erant,
1544 4929 1633 4980 sed
1661 4928 1732 4982 illi
1766 4945 1824 4981 ezi

240 5008 504 5061 veraciter
543 5008 766 5065 minime
808 5012 1180 5078 loquebantur:
1223 5016 1475 5083 quoniam
1524 5019 1566 5069 si
1607 5018 1829 5073 fuissent

238 5100 538 5153 certissima
596 5114 777 5155 mente
821 5104 1057 5170 prolata,
1110 5106 1601 5175 irrepreheusibilia
1640 5125 1827 5166 eorum

241 5199 525 5256 potuerant
555 5207 680 5247 esse
721 5193 957 5261 judicia;
992 5212 1088 5251 nec
1120 5208 1304 5265 postea
1350 5199 1609 5255 dixissent
1643 5202 1829 5257 Pontio

242 5281 408 5336 l’ilato
441 5299 455 5335 :
489 5285 775 5355 Cruci/Ege,
806 5289 1075 5360 cruciﬁge,
1105 5290 1226 5355 quia
1265 5308 1319 5345 se
1358 5290 1454 5345 Dei
1486 5292 1681 5347 Filium
1724 5311 1832 5349 esse

239 5374 507 5439 conﬁrmat
538 5376 721 5446 (Jaan.
760 5392 868 5441 ιιι,
902 5381 956 5444 6,
978 5378 1057 5450 8).
1081 5381 1169 5436 Sic
1193 5383 1334 5437 enim
1354 5384 1746 5453 judicavcrunt.
1774 5398 1826 5444 ut

240 5479 346 5517 non
376 5476 559 5533 recte,
609 5467 703 5521 sed
746 5467 865 5524 ﬁcte
908 5469 1064 5524 locuti
1080 5473 1341 5543 justitiam
1386 5478 1822 5545 contprobcntur.

243 5552 355 5606 lloc
381 5567 752 5625 argumentum
796 5560 846 5611 in
877 5562 1065 5629 topieis
1093 5562 1288 5621 dicitur
1312 5580 1342 5619 a
1371 5568 1659 5622 contrario.
1686 5567 1826 5624 Con-

240 5648 457 5701 trarium
502 5659 590 5703 est
633 5652 772 5703 enim
815 5662 957 5707 recta
996 5656 1171 5724 loqui,
1221 5669 1275 5711 et
1334 5675 1580 5729 perversa
1624 5659 1821 5716 facere.

235 5734 486 5792 Nonnulli
534 5756 665 5795 vero
715 5742 838 5796 hinc
885 5745 1081 5799 iaciunt
1126 5753 1514 5815 quaestionem.
1557 5753 1817 5819 dlCCIllCS.

240 5830 329 5883 hic
374 5835 585 5900 quidem
634 5847 953 5904 praeceptum
1006 5853 1121 5893 esse
1157 5861 1169 5898 ;
1200 5844 1348 5899 Justa
1382 5844 1644 5911 jndicnte,
1700 5860 1815 5901 cum

1934 4748 2053 4791 ram
2070 4740 2167 4792 sibi
2188 4739 2538 4793 voluntariam
2558 4738 2893 4791 surditatem.
2916 4738 3013 4791 Cui
3032 4737 3172 4791 malo
3188 4738 3518 4790 consuetudo

1932 4832 2124 4895 aspidis
2146 4840 2511 4898 comparatur,
2534 4846 2651 4899 qua:
2680 4845 2749 4884 ne
2773 4832 2933 4884 verba
2980 4828 3303 4883 incantantis
3352 4844 3521 4881 exau-

1930 4924 2053 4987 dial,
2092 4937 2324 4993 suasque
2352 4922 2581 4977 latebras
2612 4923 2969 4992 derelinquat,
3004 4937 3163 4975 uuam
3187 4936 3369 4975 aurem
3402 4935 3517 4974 cau-

1932 5016 2015 5069 da:
2050 5030 2161 5071 sua:
2208 5016 2511 5070 inﬂectione
2536 5014 2731 5069 dicitur
2760 5014 3037 5078 obturare,
3069 5012 3289 5067 alteram
3319 5026 3443 5065 vero
3467 5014 3519 5065 in

1934 5116 2130 5161 terram
2155 5106 2475 5175 deprimere.
2508 5106 2604 5160 Cui
2637 5105 2825 5160 merito
2846 5104 3015 5159 ιιιάωί
3048 5102 3339 5173 comparati
3368 5113 3519 5167 sunt,

1933 5201 2020 5269 qui
2045 5200 2222 5255 cordis
2244 5201 2464 5253 auribus
2486 5200 2769 5265 obturatis,
2796 5207 2998 5254 sanctze
3016 5199 3307 5268 Scriptura:
3332 5196 3519 5250 audire

1936 5292 2221 5346 noluerunt
2240 5290 2643 5345 saluberrimam
2670 5291 2988 5361 jussionem.
3025 5289 3277 5344 Obturare
3316 5289 3459 5343 enim
3489 5305 3517 5341 ιι

1934 5384 2302 5439 sacerdotibus
2351 5392 2574 5438 tracttnn
2606 5393 2717 5449 est,
2752 5384 2839 5454 qui
2874 5397 3030 5436 aures
3066 5394 3191 5435 suas
3235 5382 3391 5435 thure
3432 5397 3513 5433 re-

1933 5476 2165 5543 plebant,
2194 5490 2260 5529 ne
2277 5476 2573 5546 peregrinis
2594 5474 2771 5528 verbis
2798 5472 3271 5537 intercedentibus,
3296 5471 3516 5526 contusa

1928 5566 2225 5620 Crlrllllllum
2259 5568 2511 5620 memoria
2541 5568 2862 5620 turbaretur.

2004 5656 2152 5710 Vers.
2180 5656 2231 5710 5.
2269 5656 2396 5723 Qua:
2420 5674 2516 5709 non
2558 5658 2793 5710 exaudiet
2836 5671 3001 5708 vocem
3039 5657 3444 5719 tncantantium,
3471 5666 3517 5708 et

1930 5749 2165 5817 veneﬁcia
2192 5765 2302 5818 qua:
2326 5751 2645 5805 inmutantur
2674 5768 2703 5803 α
2736 5751 2979 5813 sapiente.
3015 5750 3067 5804 In
3096 5750 3407 5820 experienda
3440 5752 3515 5802 si-

1930 5848 2228 5902 militudine
2273 5857 2604 5915 perscvetat.
2654 5847 2783 5902 Dicit
2817 5847 2955 5901 enim
2986 5850 3050 5902 de
3080 5849 3260 5915 aSpitlc
3284 5862 3392 5915 quw
3415 5863 3513 5899 non
