3956 6178
369 384 466 443 407

1584 376 1650 430 Μ.
1694 369 1974 431 AURELH
2015 366 2424 423 CASSIODORI

3534 360 3645 419 408

366 499 572 556 madas
597 512 766 555 uocem
802 495 1169 551 incantantium
1190 512 1208 549 :
1234 493 1417 562 utique
1449 492 1700 561 quoniam
1724 485 1943 541 auribus
1975 484 2016 541 A
2048 490 2252 550 pereat.
2278 481 2606 551 Auferentur,
2623 480 2772 547 dicit,
2802 497 2831 537 a
2855 487 3142 550 conspectu
3163 477 3401 543 Domini,
3428 475 3645 548 quando

366 592 631 647 damnatis
659 590 957 653 obsurduit,
986 602 1087 643 nec
1114 601 1269 657 passa
1296 594 1381 641 est
1410 585 1593 647 audire
1616 596 1803 637 vocem
1834 593 1953 647 qute

366 684 511 737 illam
534 681 748 737 trahere
770 679 1032 748 potuisset
1053 678 1118 731 ad
1146 678 1342 733 lucem.
1369 676 1414 731 0
1439 675 1729 730 humanum
1751 685 1919 741 genus
1939 670 1953 724 !

366 773 472 828 nisi
498 772 824 827 illuminetur
846 771 1215 827 misericordia
1244 770 1446 834 divina,
1472 767 1825 822 caecissimum
1843 772 1955 818 est:

362 873 605 918 creatum
639 860 794 932 193
823 862 888 915 ad
938 861 1224 926 imaginem
1254 860 1383 921 Dei,
1411 856 1816 917 similitudinem
1848 852 1960 906 vult.

368 956 567 1011 habere
588 954 873 1023 serpentis.
911 952 1206 1021 Sapientem
1235 967 1362 1011 vero
1386 953 1526 1006 hunc
1550 949 1779 1005 dicimus
1807 962 1962 999 nfun-

368 1048 521 1101 danze
545 1046 675 1101 artis
701 1054 1064 1115 oper-alerent,
1089 1048 1179 1113 qui
1208 1047 1542 1117 prepositam
1572 1056 1707 1102 rem,
1734 1038 1960 1095 Domino

368 1154 429 1195 se
454 1138 691 1208 iuvante,
721 1146 893 1192 astuta
915 1136 1151 1206 complet
1180 1136 1463 1191 industria.
1488 1133 1619 1189 Nota
1649 1133 1807 1201 igitur
1837 1145 1962 1195 quo-

368 1230 511 1286 niam
531 1229 781 1285 dicuntur
802 1232 1070 1298 sapientes
1094 1239 1147 1283 et
1164 1230 1214 1284 in
1239 1229 1399 1289 malo,
1422 1228 1489 1282 de
1510 1228 1704 1298 quibus
1726 1226 1921 1289 legitur
1946 1242 1960 1277 :

375 1323 473 1378 Ubi
497 1323 716 1390 sapiens,
748 1322 833 1375 ubi
859 1323 1025 1376 scriba
1048 1319 1100 1392 (I
1124 1320 1245 1376 Cor.
1270 1337 1308 1384 ι.
1337 1321 1456 1387 90)?
1483 1330 1537 1375 et
1558 1320 1642 1374 his
1671 1319 1887 1374 similia.

439 1414 590 1469 Vers.
619 1412 672 1467 6.
709 1413 844 1467 Deus
869 1423 1087 1468 conteret
1108 1413 1282 1467 dentes
1309 1430 1478 1467 eorum
1504 1414 1557 1466 in
1586 1428 1673 1465 ore
1691 1412 1920 1482 ipsorum
1943 1427 1961 1473 ,-

370 1508 533 1561 molas
557 1506 759 1560 leonum
787 1508 1072 1577 confringe:
1116 1502 1390 1559 Dominus.
1428 1502 1683 1559 Introitus
1710 1503 1962 1557 secundze

371 1595 696 1659 narrationis
749 1596 1003 1664 aperitur,
1064 1595 1114 1648 in
1169 1609 1272 1662 qua
1328 1592 1651 1647 describitur
1692 1608 1813 1662 quae
1857 1593 1966 1645 sint

375 1689 515 1743 mala
561 1688 766 1758 passuri
794 1687 884 1758 qui
930 1694 1391 1755 contempserunt,
1436 1694 1491 1738 ut
1518 1683 1755 1750 asnides,
1785 1682 1961 1735 divina

374 1779 755 1847 praedicatione
784 1777 1001 1833 salvari.
1031 1777 1266 1831 Primum
1291 1775 1613 1830 dicitdentcs
1634 1790 1809 1827 eorum
1840 1788 1964 1840 spc-

2062 575 2112 627 in
2143 572 2405 643 gehennae
2437 582 2703 627 tormenta
2732 571 2977 626 mittendi
3008 579 3150 625 sunt.
3177 568 3419 636 Denique
3446 568 3524 621 sic
3551 579 3646 622 se-

2060 662 2260 732 quitur,
2290 677 2445 729 super
2475 676 2559 714 eos
2591 661 2769 715 cecidit
2797 661 2952 731 ignis,
2987 667 3034 711 et
3062 674 3161 711 non
3200 657 3434 710 viderunt
3464 654 3647 709 solem.

2062 751 2242 823 Ignem
2268 752 2396 807 dicit
2433 753 2585 807 malre
2618 753 2813 806 mentis
2838 754 3104 812 artiorem,
3135 764 3292 819 quem
3326 749 3376 800 in
3411 748 3509 803 ltoc
3538 758 3649 801 sa:-

2062 828 2185 900 culo
2214 845 2429 899 caecatis
2454 844 2702 899 sensibus
2725 845 3056 907 hauserunt;
3088 844 3174 910 qui
3200 840 3443 894 tenebrat
3470 837 3650 908 potius

2064 954 2223 1008 quam
2264 938 2553 1004 illuminat,
2605 938 2693 1007 qui
2736 953 2840 991 non
2887 937 3084 1004 aperit,
3132 934 3224 989 sed
3265 932 3467 988 claudit
3494 946 3653 1000 aspe-

2063 1040 2231 1084 ctum.
2259 1029 2404 1083 Talis
2429 1029 2571 1083 enim
2609 1028 2747 1097 ignis
2770 1043 2928 1096 super
2953 1025 3143 1091 impios
3172 1026 3350 1091 cadit,
3394 1032 3453 1077 ut
3477 1023 3652 1078 solem

2062 1135 2271 1183 verum,
2299 1119 2349 1173 id
2378 1129 2460 1174 est
2501 1119 2783 1172 Dominum
2818 1118 3146 1172 Salvatorem
3181 1116 3360 1170 vitlcre
3388 1129 3494 1168 non
3527 1129 3653 1184 pos-

2064 1210 2199 1275 sint;
2223 1211 2365 1264 sicut
2394 1218 2448 1264 ct
2473 1210 2571 1278 ipsi
2605 1210 2655 1262 in
2680 1209 2885 1279 judicio
2916 1208 3092 1263 futuro
3120 1206 3313 1261 dicturi
3341 1214 3466 1262 sunt
3496 1224 3511 1259 :
3557 1205 3658 1261 Sol

2065 1323 2165 1358 non
2197 1317 2336 1360 ortus
2367 1314 2438 1360 est
2477 1306 2649 1373 nobis,
2684 1315 2729 1359 et
2743 1306 2966 1377 justitiw
3002 1303 3170 1356 lumen
3214 1319 3313 1356 non
3348 1302 3476 1355 luxit
3513 1301 3658 1355 nobis

2014 1416 2017 1417 ν
2066 1394 2222 1466 (Sap.
2251 1414 2304 1460 v,
2345 1396 2422 1466 6).
2452 1396 2601 1449 illum
2626 1398 2767 1449 enim
2799 1396 2965 1450 solem
3009 1395 3317 1463 conspicere
3349 1403 3641 1463 nequeunt,

2067 1490 2167 1542 nisi
2209 1489 2295 1559 qui
2325 1505 2443 1541 eum
2478 1490 2689 1543 mundis
2730 1500 2784 1544 et
2812 1489 3012 1542 sanctis
3054 1488 3318 1543 mentibus
3349 1487 3646 1540 intuentur.

2145 1582 2292 1637 \‘ers.
2329 1583 2382 1636 9.
2429 1581 2740 1651 Priusquam
2783 1582 3068 1650 producant
3096 1584 3258 1647 spintc
3282 1592 3455 1636 uestra:
3473 1583 3657 1635 rham-

2067 1691 2158 1727 nos
2187 1690 2206 1728 :
2234 1675 2360 1727 sicut
2396 1674 2634 1738 viventes,
2663 1674 2793 1729 sicut
2819 1678 2871 1728 in
2901 1676 2980 1727 ira
3000 1674 3231 1728 absorbet
3252 1691 3357 1729 eos.
3391 1675 3660 1729 Rhamnus

2067 1768 2339 1835 spinarum
2392 1780 2558 1833 genus
2611 1774 2694 1819 est
2742 1764 3153 1834 permolestum,
3206 1765 3349 1834 quod
3401 1766 3551 1833 prius
3602 1766 3659 1819 in

374 1871 582 1927 cialiter
621 1871 951 1925 εοηωηηάοε
972 1911 987 1933 ,
1016 1868 1229 1939 quando
1272 1870 1461 1924 dolosa
1502 1868 1666 1923 verba
1719 1867 1955 1935 ipsorum
1994 1873 2037 1931 Β
2069 1857 2285 1912 herbam
2315 1856 2682 1911 mollissimam
2713 1855 2989 1925 pubescit;
3026 1854 3122 1910 sed
3150 1853 3237 1909 ubi
3270 1853 3451 1909 adulta
3492 1864 3659 1908 :ctate

373 1972 429 2015 et
474 1962 729 2029 captiosae
769 1959 1218 2029 interrogationes
1262 1958 1660 2014 deduci-bantur
1702 1958 1768 2011 ad
1816 1956 1959 2011 nihi-

375 2053 517 2119 lum;
545 2054 685 2108 sicut
709 2052 790 2109 eis
818 2054 1041 2123 contigit
1063 2052 1277 2120 quando
1298 2050 1522 2106 subdole
1553 2049 1960 2118 interrogabant

377 2142 463 2199 cui
492 2158 744 2198 nummus
776 2142 1007 2198 Caesaris
1035 2143 1380 2211 penderetur.
1412 2141 1517 2196 Sed
1539 2142 1645 2196 tale
1667 2157 1697 2195 a
1736 2139 1963 2194 Domino

373 2249 691 2304 responsum
725 2248 1015 2301 recepere,
1049 2245 1106 2289 ut
1138 2233 1279 2289 unde
1310 2241 1653 2288 tentaveraut
1684 2232 1955 2298 mordere,

373 2329 626 2384 contritis
673 2328 922 2383 dentibus
962 2328 1273 2383 viderentur
1303 2328 1613 2382 abscedere.
1648 2328 1735 2382 Ait
1771 2329 1912 2382 enim
1944 2345 1959 2383 :

380 2420 598 2475 Reddite
632 2420 823 2475 Caesari
862 2437 975 2491 qua
1020 2433 1135 2476 sunt
1180 2420 1433 2489 Cwsaris,
1480 2431 1527 2475 ct
1571 2421 1677 2475 Deo
1716 2437 1829 2491 qute
1872 2421 1964 2477 Dei

375 2522 496 2567 sunt
525 2510 736 2585 (Matth.
759 2528 889 2574 xxu,
920 2514 983 2567 2|
1006 2511 1048 2581 ).
1076 2513 1358 2581 Sequitur,
1386 2514 1440 2567 in
1466 2530 1552 2566 ore
1587 2513 1817 2582 ipsorum
1847 2530 1959 2567 mo.

378 2608 456 2662 las
479 2608 678 2662 leonum
700 2607 985 2680 confringet
1021 2605 1288 2661 Dominus.
1320 2606 1417 2661 llic
1444 2607 1628 2661 nescio
1657 2607 1784 2675 quid
1813 2607 1965 2661 vitie-

380 2710 468 2753 tur
498 2712 830 2763 excrescere,
855 2696 1066 2769 quando
1091 2708 1144 2752 et
1167 2699 1335 2751 leones
1363 2687 1725 2752 nominavitet
1750 2700 1916 2751 molas
1944 2716 1963 2754 :

378 2789 501 2844 illos
530 2789 782 2844 videlicet
807 2788 1134 2859 significans,
1163 2790 1251 2871 qui
1287 2804 1389 2842 non
1420 2789 1527 2858 jam
1559 2789 1698 2856 capti
1740 2791 1811 2842 sis
1846 2806 1967 2844 ver-

379 2884 482 2948 bis,
515 2883 608 2937 sed
641 2882 875 2937 belluino
925 2883 1137 2937 fremitu
1165 2883 1218 2936 in
1266 2897 1451 2937 necem
1493 2884 1704 2937 Domini
1735 2900 1964 2938 consur-
2020 2930 2027 2933 Α

380 2989 509 3045 gere
535 2982 893 3029 tentaverunt.
922 2974 1148 3044 ASpides
1178 2985 1358 3040 erant,
1385 2976 1599 3043 quando
1629 2976 1679 3030 ei
1708 2976 1968 3031 insidiose

380 3067 629 3122 dixerunt
659 3083 675 3121 :
715 3066 857 3120 Licet
894 3067 1018 3119 dare
1054 3066 1296 3119 tributum
1333 3065 1523 3119 (ἐτεθανὶ
1573 3064 1815 3133 (Ibidem,
1844 3066 1967 3139 l7)?

382 3157 577 3214 Leones
609 3157 851 3223 fuerunt,
889 3158 1102 3227 quando
1150 3170 1376 3213 cruento
1412 3174 1506 3212 ore
1555 3160 1962 3214 clamaveruut:

2065 1948 2309 2011 caluerit,
2356 1946 2689 2001 rumusculos
2738 1945 2986 2016 producit
3033 1944 3389 2010 acuminatos,
3433 1955 3661 2015 postea-

2066 2053 2171 2108 que
2217 2041 2336 2107 ejus
2365 2036 2525 2092 sudes
2553 2038 2843 2091 durescunt
2888 2037 2941 2091 in
2991 2036 3271 2092 arboream
3323 2038 3659 2091 firmitatem.

2066 2128 2178 2184 Hoc
2224 2144 2354 2198 ergo
2398 2128 2598 2183 ludatis
2665 2141 2906 2197 praesens
2955 2128 3224 2182 sententia
3276 2127 3660 2191 comminatur,

2065 2221 2209 2291 quod
2243 2222 2387 2289 prius
2433 2220 2821 2276 absorbeantur
2856 2234 3015 2289 quam
3059 2220 3211 2288 longa
3261 2227 3418 2275 astate
3466 2234 3661 2274 eorum

2065 2311 2269 2366 malitia
2300 2310 2670 2374 convalescat,
2702 2312 2843 2365 sicut
2890 2319 2946 2365 et
2975 2310 3026 2364 in
3052 2310 3158 2365 alio
3206 2310 3324 2365 loco
3366 2311 3433 2366 de
3464 2311 3662 2365 talibus

2065 2402 2195 2457 dicit
2229 2420 2241 2455 :
2282 2401 2393 2456 Viri
2410 2404 2718 2473 sanguinum
2746 2413 2793 2456 et
2829 2403 2996 2457 dolosi
3025 2420 3127 2456 non
3164 2403 3501 2457 dimidiabunt
3549 2406 3662 2457 dies

2064 2510 2181 2548 suos
2212 2493 2385 2563 (Psal.
2439 2495 2703 2562 tim-24).
2759 2493 3012 2563 Sequitur
3059 2495 3305 2549 celeritas
3346 2494 3663 2564 perditionis

2067 2599 2278 2651 eorum,
2309 2586 2440 2639 sicut
2464 2586 2701 2650 viventes,
2732 2586 2864 2638 sicut
2891 2586 2942 2638 in
2990 2585 3070 2639 ira
3095 2584 3325 2639 absorbet
3364 2601 3469 2639 eos.
3517 2585 3664 2641 Bene

2068 2677 2218 2740 dicit,
2250 2678 2382 2732 sicut
2413 2681 2652 2745 viventes,
2697 2678 2818 2748 quia
2847 2678 3028 2734 vivere
3076 2679 3323 2733 videntur
3360 2690 3414 2733 et
3464 2679 3663 2737 mortui

2067 2779 2213 2824 sunt.
2245 2770 2430 2823 Omnis
2461 2771 2603 2823 enim
2636 2779 2879 2837 peccator
2908 2770 2958 2823 in
3002 2769 3261 2840 pravitate
3290 2770 3489 2841 degens
3517 2771 3664 2825 veri-

2071 2860 2168 2913 tati
2198 2858 2451 2925 moritur,
2482 2862 2621 2913 sicut
2652 2860 2724 2913 ait
2749 2860 3039 2928 Apostolus
3071 2879 3084 2915 :
3121 2857 3289 2915 Vidua
3320 2878 3433 2930 qum
3454 2862 3504 2915 in
3530 2862 3664 2916 deli-

2069 2951 2159 3003 ciis
2188 2960 2280 3015 est,
2300 2955 2463 3003 vivens
2486 2960 2688 3005 mortua
2714 2962 2786 3004 est
2811 2939 2861 3023 ('1
2903 2952 3038 3007 Tim.
3086 2968 3139 3019 v,
3174 2953 3252 3025 ϐ).
3300 2954 3451 3019 Quod
3480 2962 3664 3009 autem

2069 3043 2283 3111 adjecit,
2312 3044 2443 3096 sicut
2473 3043 2525 3096 in
2554 3044 2634 3097 ira
2668 3044 2897 3098 absorbet
2921 3061 3029 3113 eos,
3060 3045 3186 3100 illud
3217 3047 3501 3115 significat,
3532 3048 3663 3116 quia

2075 3135 2331 3189 Dominus
2361 3146 2609 3205 tanquam
2643 3136 2828 3201 iratus,
2870 3148 3178 3205 peccatores
3213 3139 3424 3193 videtur
3448 3143 3665 3210 percel-

382 3251 655 3321 (Zruciﬁge,
676 3250 917 3321 cruci/iga
944 3248 1093 3319 (Luc.
1126 3264 1278 3316 xxut,
1304 3248 1419 3319 2i).
1449 3249 1521 3303 ita
1552 3250 1756 3303 insania
1779 3266 1962 3306 eorum
1991 3243 2037 3305 C
2072 3226 2185 3321 Ifre
2237 3228 2577 3321 "miratus;
2610 3227 2677 3281 de
2705 3242 2813 3294 quo
2865 3228 3121 3297 δθτίβίυτη
3156 3239 3239 3284 θδί
3270 3247 3284 3282 ³
3337 3229 3415 3283 Tu
3467 3242 3664 3299 πίθητ’

384 3354 490 3394 non
517 3340 691 3393 solum
723 3352 930 3393 veneno
957 3337 1223 3407 serpentis
1243 3380 1258 3403 ,
1284 3338 1377 3393 sed
1411 3339 1733 3395 immanibus
1777 3340 1968 3395 belluis

385 3440 691 3500 comparata
730 3430 1069 3486 describitur.
1112 3428 1180 3484 In
1210 3447 1296 3484 ore
1332 3440 1510 3486 autem
1551 3433 1782 3498 ipsorum
1821 3434 1971 3488 molae

387 3523 860 3593 confringebantur,
888 3523 1100 3592 quando
1128 3521 1286 3578 dictis
1317 3537 1420 3578 non
1463 3531 1711 3591 poterant
1749 3538 1972 3595 respon-

387 3616 516 3670 dere
544 3615 859 3669 verissimis.
1468 3626 1471 3631 '

458 3704 612 3760 Vens.
640 3705 692 3758 7.
716 3702 793 3759 Ad
815 3703 1030 3757 nihilum
1056 3705 1317 3759 devenient
1338 3705 1473 3759 velut
1494 3723 1630 3777 aqua
1656 3707 1926 3760 decurrens
1953 3722 1972 3762 :

387 3796 603 3850 intendit
631 3811 809 3849 arcum
829 3811 975 3849 suum
998 3798 1156 3850 donec
1183 3795 1526 3861 inﬁrmentur.
1568 3796 1709 3851 Dixit
1744 3798 1971 3865 aspides,

388 3888 522 3943 dixit
542 3886 708 3941 leones
736 3903 754 3941 :
780 3903 922 3943 nunc
942 3889 1091 3942 venit
1115 3887 1182 3941 ad
1211 3898 1476 3943 torrentes
1494 3929 1508 3953 ,
1534 3890 1623 3957 qui
1653 3888 1971 3944 hiemalibus

389 3977 649 4032 imbribus
697 3978 980 4041 concitati,
1014 3977 1189 4032 subita
1229 3977 1579 4033 inundatione
1616 3977 1971 4033 descendunt.

389 4068 448 4122 In
481 4068 583 4124 hoc
610 4068 901 4135 terribiles,
932 4067 1052 4134 quia
1090 4067 1399 4137 improvisi;
1430 4068 1483 4123 in
1515 4070 1616 4122 hoc
1661 4068 1970 4137 periculosi,

390 4160 512 4226 quia
542 4159 860 4230 praecipites.
884 4159 989 4215 Sed
1013 4174 1134 4214 mox
1154 4168 1210 4214 ut
1234 4160 1434 4226 impetu
1461 4170 1795 4227 transeunte,
1818 4161 1970 4230 quasi

391 4252 592 4307 atrocia
638 4252 771 4306 colla
822 4251 1112 4319 posuerint,
1158 4266 1353 4305 sereno
1388 4252 1527 4306 coelo
1569 4252 1847 4316 deﬁciunt,
1878 4253 1969 4321 qui

395 4343 625 4398 nubibus
672 4342 1097 4411 compluentibus
1163 4344 1542 4398 intumescunt.
1617 4345 1747 4410 Quae
1806 4344 1973 4413 ﬁgura

393 4434 589 4489 dicitur
628 4432 1071 4503 synatbroismos,
1106 4433 1156 4488 id
1186 4444 1270 4489 est
1312 4435 1674 4503 congregatio,
1719 4434 1806 4487 ubi
1834 4434 1972 4489 mul-

393 4536 477 4579 tas
506 4539 594 4581 res
618 4535 674 4580 et
706 4524 928 4580 crimina
963 4526 1063 4580 sub
1102 4526 1277 4596 aliqua
1309 4527 1616 4580 narratione
1642 4526 1971 4595 colligimus.

2073 3318 2292 3371 Domine
2321 3320 2585 3381 uirtutum,
2613 3332 2726 3372 cum
2748 3321 3118 3390 tranquillitate
3134 3322 3342 3392 judicas
3371 3321 3522 3393 (Sap.
3552 3338 3665 3388 xu,

2072 3412 2186 3481 i8).
2215 3411 2344 3464 Nam
2370 3411 2511 3479 quod
2536 3411 2735 3465 dictum
2768 3420 2872 3479 est,
2904 3414 3135 3466 absorbet
3167 3430 3272 3481 eos,
3304 3428 3487 3467 eorum
3516 3416 3668 3468 subi-

2075 3513 2184 3555 tum
2214 3501 2533 3572 signiﬁcavit
2578 3502 2874 3568 interitum,
2935 3504 3057 3571 quia
3107 3514 3305 3572 quanta
3356 3505 3579 3559 Domino
3611 3508 3668 3563 in

2072 3592 2385 3647 sustinendo
2418 3593 2670 3661 patientia
2708 3592 2825 3660 fuit,
2861 3601 3005 3647 tanta
3049 3595 3152 3649 erit
3188 3597 3459 3661 percussio
3490 3597 3540 3650 in
3571 3612 3670 3652 ccc

2074 3683 2281 3738 leritate
2307 3683 2512 3753 jutlicii.
2549 3684 2617 3737 Et
2633 3685 2838 3753 respice
2858 3686 2980 3755 quia
3008 3687 3147 3743 sicut
3170 3691 3418 3758 superius
3445 3691 3661 3745 duobus

2072 3777 2318 3830 versibus
2351 3777 2400 3830 in
2423 3777 2654 3845 peccatis
2680 3780 2921 3833 auxesim
2946 3779 3090 3849 fecit,
3123 3782 3192 3836 ita
3215 3792 3269 3838 et
3299 3784 3383 3839 hic
3400 3800 3492 3854 per
3515 3801 3650 3855 qua-

2075 3879 2195 3923 tuor
2219 3869 2416 3923 crescit
2445 3871 2494 3923 in
2527 3871 2719 3939 ptenis.

2154 3959 2303 4015 Vers.
2336 3960 2422 4015 10.
2468 3959 2749 4015 Laetabitur
2789 3965 2963 4035 justus
3003 3981 3120 4020 cum
3168 3967 3346 4022 viderit
3390 3970 3673 4025 rindictam

2075 4049 2381 4113 impiorum;
2406 4066 2585 4103 manus
2623 4067 2742 4104 suas
2780 4052 2964 4108 (arabit
2990 4056 3044 4109 in
3084 4059 3335 4127 sanguine
3360 4064 3674 4129 peccatoris.

2077 4140 2373 4193 Membrum
2415 4143 2586 4195 tertirc
2634 4143 2957 4199 narrationis
2994 4146 3313 4216 ingreditur,
3348 4151 3398 4205 in
3445 4167 3553 4220 quo
3579 4152 3678 4220 ju-

2074 4242 2276 4286 storum
2310 4233 2543 4287 laetitiam
2571 4243 2625 4289 ct
2649 4238 3034 4292 sceleratorum
3062 4241 3221 4294 etiam
3257 4243 3308 4297 in
3338 4245 3441 4298 isto
3466 4248 3680 4302 szecuio

2077 4325 2207 4379 dicit
2253 4327 2533 4391 provenire
2587 4327 2897 4383 vindictam.
2958 4331 3158 4385 Videbit
3201 4336 3345 4389 enim
3389 4337 3678 4393 vindictam

2074 4416 2345 4486 impiorum
2360 4417 2555 4485 justus,
2579 4432 2698 4472 cum
2726 4433 2819 4473 eos
2837 4423 3131 4490 respexerit
3151 4425 3271 4479 talia
3299 4425 3497 4489 facere,
3522 4431 3681 4486 unde

2076 4521 2289 4574 semper
2314 4508 2542 4562 debeant
2570 4508 2885 4567 formidare.
2916 4513 3087 4569 Omne
3115 4517 3257 4570 enim
3289 4519 3484 4571 malum
3512 4533 3680 4575 suam

395 4618 440 4670 0
468 4615 705 4670 inaudita
735 4615 934 4670 srevitia
968 4588 1304 4670 Judzeorum!
1339 4617 1726 4683 Comparantur
1758 4588 1862 4669 illis
1893 4626 1969 4669 tot
1998 4610 2050 4670 D
2077 4607 2275 4666 Porta'.
2307 4588 2432 4652 dum
2481 4599 2852 4667 committitur.
2893 4603 3189 4672 ultionem.
3224 4607 3347 4677 quia
3386 4620 3682 4679 torquente

395 4707 802 4777 ingentiamala,
823 4706 1228 4763 undeimmania
1258 4707 1497 4760 novimus
1515 4706 1693 4762 venire
1721 4707 1976 4776 pericula,

395 4800 611 4855 Addidit
637 4816 658 4856 :
686 4800 913 4857 Intendit
945 4819 1119 4856 arcum
1138 4817 1283 4857 suum
1312 4802 1473 4854 donec
1496 4802 1839 4870 inﬁrmentur.
1881 4802 1979 4856 llic

395 4892 681 4948 clementia
705 4893 898 4947 divinze
928 4893 1137 4947 virtutis
1160 4892 1480 4958 ostenditur,
1506 4893 1659 4962 cujus
1680 4909 1831 4947 arcus
1854 4900 1973 4945 ten-

397 4985 541 5039 ditur
563 4985 631 5038 ad
651 4978 900 5039 salutem.
933 4983 1073 5039 Deus
1100 4985 1243 5038 enim
1272 4993 1455 5038 contra
1490 4984 1660 5038 malos
1687 4998 1835 5038 arma
1863 4998 1973 5037 sure

397 5075 679 5145 potestatis
726 5076 980 5140 intendit,
1021 5083 1075 5129 et
1123 5076 1303 5130 taudiu
1335 5084 1499 5130 terret
1538 5075 1697 5129 donec
1726 5074 1976 5143 infirmati

398 5167 630 5235 cedant,
671 5177 727 5223 et
772 5167 839 5222 ad
894 5167 1245 5224 confessionis
1298 5169 1524 5222 salutem
1584 5167 1861 5222 meliorata
1915 5182 1975 5222 se

398 5271 582 5316 mente
609 5269 947 5316 convertant.

470 5349 629 5405 Vers.
658 5350 711 5404 8.
738 5349 885 5405 Sicut
907 5366 1022 5404 cera
1046 5350 1321 5420 liquefacta
1348 5352 1679 5418 auferentur;
1705 5362 1858 5415 super
1889 5362 1975 5399 eos

398 5441 580 5495 cecidit
608 5441 764 5512 ignis,
795 5449 968 5496 etnon
998 5441 1227 5495 viderunt
1250 5440 1429 5494 solem.
1464 5439 1718 5507 Superius
1751 5438 1885 5494 dixit
1913 5438 1979 5492 de

404 5528 485 5585 bis
514 5546 650 5600 quos
686 5532 1075 5587 convertendos
1112 5545 1230 5586 esse
1264 5531 1471 5585 Domini
1506 5539 1706 5586 terrore
1736 5545 1977 5599 pronun-

403 5624 532 5688 tiat;
566 5638 705 5678 nunc
724 5624 949 5693 exponit
984 5638 1079 5679 eos
1117 5625 1230 5690 qui,
1264 5622 1487 5692 perﬁdia
1521 5623 1769 5687 faciente,
1804 5623 1855 5676 in
1884 5636 1979 5676 sua

404 5712 760 5769 obstinatione
785 5716 957 5768 durati
997 5726 1142 5769 sunt.
1182 5714 1305 5768 istis
1327 5713 1484 5783 digna
1512 5714 1820 5767 vicissitudo
1858 5714 1982 5767 red-

406 5805 580 5871 ditur,
607 5816 664 5859 ut
693 5806 781 5859 illa
805 5808 983 5861 cordis
1021 5807 1213 5860 duritia
1253 5809 1383 5861 sicut
1415 5824 1531 5861 cera
1567 5806 1839 5876 liquefacta
1871 5804 1977 5860 dis-

2083 4698 2409 4752 conscientia
2453 4698 2566 4767 ipse
2598 4700 2651 4753 in
2693 4714 2752 4755 se
2794 4701 3048 4770 probatur
3097 4704 3323 4773 implere
3350 4707 3679 4763 vindictam.

2080 4786 2275 4842 Contra
2309 4788 2482 4859 justus
2522 4790 2675 4845 Itetus
2704 4804 2808 4859 est,
2848 4794 3089 4861 quamvis
3123 4797 3489 4853 molestiarum
3520 4798 3685 4857 fasce

2080 4877 2444 4947 deprimatur;
2469 4883 2647 4937 animo
2674 4883 2817 4937 enim
2852 4884 2984 4940 liber
3012 4895 3113 4952 est,
3152 4888 3291 4943 unde
3321 4904 3443 4944 vera
3475 4892 3679 4948 laetitia

2080 4983 2293 5038 semper
2322 4972 2580 5044 exsurgit.
2612 4973 2702 5028 Sic
2743 4987 2967 5045 utraque
2992 4993 3191 5045 genera
3227 4982 3501 5036 hominum
3534 5000 3684 5052 qua-

2079 5064 2259 5117 litates
2304 5078 2516 5117 suarum
2572 5065 2625 5118 in
2662 5079 2721 5119 se
2768 5068 3032 5122 suSIinent
3064 5071 3357 5125 actionum.
3392 5073 3681 5141 Sequitur,

2080 5176 2258 5213 manus
2281 5177 2400 5214 suas
2429 5160 2616 5214 lavabit
2640 5162 2694 5214 in
2732 5165 2982 5232 sanguine
3014 5176 3352 5231 peccatorum.
3401 5168 3537 5233 Quid
3586 5182 3685 5226 est

2081 5249 2202 5311 lino,
2235 5251 2377 5318 quod
2428 5252 2515 5305 ille
2544 5252 2635 5319 qui
2667 5256 2923 5322 praecepit
2968 5271 3123 5311 orare
3173 5274 3270 5325 pro
3313 5261 3567 5326 inimicis,
3614 5263 3678 5317 in

2080 5353 2395 5413 peccatorum
2412 5344 2661 5411 sanguine
2684 5344 2889 5412 piorum
2918 5363 3099 5401 manus
3123 5352 3314 5405 asserit
3343 5351 3629 5408 abluendas
3648 5358 3682 5409 .’

2087 5436 2193 5491 Sz-d
2224 5438 2344 5501 hoc,
2377 5436 2419 5490 si
2451 5436 2758 5505 diligentius
2788 5438 3073 5505 intuemur,
3106 5444 3453 5498 correctionis
3484 5447 3678 5513 potius

2087 5542 2243 5597 quam
2291 5527 2506 5580 smvitize
2539 5529 2812 5595 prtestabit
2840 5533 3169 5599 exemplum.
3219 5533 3348 5588 Nam
3378 5551 3498 5590 cum
3543 5555 3679 5593 san-

2086 5622 2201 5690 guis
2231 5621 2510 5687 peccatoris
2531 5619 2838 5687 effunditur,
2874 5640 3078 5685 manus,
3114 5624 3165 5680 id
3196 5638 3279 5682 est
3306 5638 3457 5682 actus
3476 5630 3681 5697 justis-

2089 5713 2210 5766 simi
2238 5713 2595 5782 corriguntur.
2629 5714 2795 5782 lmpio
2823 5716 2962 5769 enim
2991 5730 3263 5785 pereunte,
3293 5733 3683 5779 commonetur

2090 5806 2335 5860 innoxius
2363 5806 2575 5859 cautius
2598 5819 2658 5860 se
2693 5806 3100 5880 diligentiusque
3143 5820 3391 5866 tractare.
3421 5812 3494 5867 Ita
3526 5814 3587 5867 ﬁt
3610 5827 3680 5869 ut
