3956 6178
201 351 303 410 C09

1143 354 1501 413 EXPOSITIO
1539 356 1606 413 IN
1643 355 2097 414 PSALTERIUM.
2143 361 2333 418 PSAL.
2374 364 2549 421 LVIII.

3372 374 3475 429 ΜΩ

198 486 382 521 manus
405 467 537 538 justi
565 483 670 524 non
705 470 1015 535 crudeliter,
1044 474 1136 527 sed
1167 476 1254 542 pie
1294 478 1506 544 sanguis
1538 483 1785 542 peecato-
1816 474 1863 532 A
1896 477 2152 547 sacrilega
2193 481 2423 533 somniat
2467 481 2749 551 iniquitas;
2782 484 2875 539 sed
2928 486 2979 539 in
3022 485 3228 543 duabus
3270 492 3474 546 naturis

206 576 266 613 ης
296 562 588 624 eutundet;
638 563 773 617 sicut
813 564 1064 619 Salomon
1094 566 1222 619 dicit
1251 584 1265 619 :
1297 567 1474 622 Stulto
1520 578 1779 638 pereunte,

200 652 401 714 sapiens
428 654 644 703 astutior
665 653 722 720 ﬁt
750 652 936 720 (Prov.
968 670 1060 708 ut
1079 696 1094 719 ,
1128 654 1239 725 11).

270 739 429 792 Vers.
458 740 543 794 il.
590 740 653 794 Et
688 742 820 794 dicet
849 742 997 795 homo
1022 761 1049 809 :_
1078 744 1137 798 Si
1166 745 1341 815 utique
1364 755 1438 800 est
1470 749 1669 817 fructus
1689 748 1785 816 ju-

189 841 295 895 sto,
330 832 508 900 utique
537 839 609 884 est
646 832 783 885 Deus
820 834 1068 903 judicans
1096 851 1181 888 eos
1211 837 1263 889 in
1311 846 1465 890 terra.
1520 837 1652 892 Cum
1687 839 1784 893 ista

194 922 357 986 fiunt,
392 939 507 993 qua:
530 925 776 991 superius
804 925 943 980 dicta
974 934 1121 992 sunt,
1169 936 1295 981 tunc
1337 928 1507 983 fidelis
1539 930 1787 998 intelligit

192 1025 363 1082 atque
395 1016 567 1070 dicit:
605 1016 663 1070 Si
715 1017 843 1085 justi
896 1018 1055 1071 etiam
1112 1015 1199 1072 hic
1248 1017 1516 1073 bonorum
1570 1035 1785 1074 suorum

194 1108 421 1172 prazmia
444 1118 864 1177 consequuntur,
886 1108 1223 1163 manifestum
1251 1118 1334 1163 est
1362 1119 1416 1163 et
1446 1110 1496 1163 in
1517 1109 1617 1165 hac
1646 1120 1788 1166 terra

193 1196 259 1248 de
292 1199 383 1249 eis
407 1197 647 1265 judicare
666 1198 971 1259 Dominum.
996 1199 1084 1266 qui
1111 1214 1204 1253 eos
1232 1200 1425 1270 degere
1456 1201 1784 1256 infructuosa

194 1288 493 1339 sanctitate
524 1303 624 1340 non
680 1289 894 1355 patitur.
929 1289 1052 1343 Vult
1085 1291 1226 1343 enim
1271 1292 1488 1358 intelligi
1526 1293 1647 1363 quia
1690 1308 1787 1346 nec

197 1378 324 1429 mali
366 1378 418 1430 in
451 1378 550 1431 hoc
571 1380 767 1432 Stcculo
788 1383 1007 1433 omnino
1031 1397 1057 1433 a
1083 1395 1238 1448 pmna
1260 1390 1385 1434 sunt
1416 1382 1590 1446 liberi,
1608 1398 1791 1452 quatu-

192 1468 275 1519 vis
303 1468 510 1524 ﬂorere
540 1470 842 1534 \itleantur;
877 1487 978 1526 nec
1033 1473 1152 1526 boni
1195 1489 1223 1527 a
1283 1474 1544 1529 beneficio
1596 1490 1789 1544 seque-

190 1561 386 1617 strati.
434 1559 586 1630 194
624 1562 748 1613 licet
797 1562 1078 1615 mundanis
1107 1564 1358 1617 oneribus
1388 1564 1785 1630 imprimantur.

190 1651 352 1714 Quod
388 1660 750 1719 argumentum
781 1651 973 1705 dicitur
1016 1668 1043 1705 a
1074 1654 1560 1722 consequentibus,
1612 1669 1786 1723 quan-

186 1743 275 1806 do,
313 1758 443 1797 cum
462 1744 604 1809 justo
632 1743 824 1797 dantur
856 1746 1090 1810 prtemia,
1120 1745 1298 1812 justus
1328 1756 1407 1800 est
1436 1745 1710 1801 Dominus.

728 1858 1001 1913 Conclusio
1039 1861 1241 1928 psalmi.

246 1970 406 2025 Ecce
454 1985 608 2025 verus
657 1972 744 2027 Sol
777 1972 865 2041 qui
909 1972 1158 2027 tenebras
1188 1981 1402 2028 nostras
1422 1973 1783 2042 caligincsque

178 2062 513 2127 discutiens,
539 2063 660 2131 quid
690 2064 742 2117 in
788 2064 1015 2119 veritate
1044 2065 1245 2119 sentire
1269 2065 1559 2120 debeamus
1603 2076 1783 2120 osten-

177 2155 270 2208 dit.
301 2155 435 2209 Jam
469 2170 618 2209 nemo
644 2157 713 2209 sit
740 2156 953 2221 dubius,
1002 2172 1160 2209 nemo
1206 2165 1603 2212 remurmuret:
1655 2158 1779 2227 quia

178 2248 228 2300 in
260 2250 380 2301 i510
412 2248 606 2301 mundo
630 2249 794 2303 Deum
825 2248 1037 2303 occulte
1059 2264 1147 2302 res
1178 2249 1441 2303 humanas
1469 2251 1778 2305 examinare

178 2336 581 2405 cognouimus,
606 2338 748 2405 quod
778 2339 829 2392 in
858 2338 957 2393 hoc
986 2339 1184 2393 sarculo
1211 2338 1391 2392 facere
1440 2339 1779 2396 manifestius

178 2429 586 2494 comprobatur.
620 2429 809 2483 Merito
855 2444 981 2498 ergo
1034 2431 1190 2483 istum
1221 2429 1403 2485 Solem
1436 2431 1774 2486 verissimum

178 2519 320 2573 diem
361 2520 608 2586 dicimus,
648 2522 736 2590 qui
778 2522 844 2576 ad
890 2537 1169 2577 numerum
1198 2523 1448 2578 horarum
1500 2539 1594 2593 per
1644 2524 1781 2579 duo-

176 2614 362 2668 decim
390 2616 545 2667 nobis
574 2616 848 2684 apostolos
876 2615 1057 2670 lumen
1106 2630 1216 2669 sua:
1270 2616 1508 2671 veritatis
1564 2617 1772 2671 infudit.

177 2705 306 2758 Nam
345 2717 398 2759 et
427 2708 541 2771 ipse
562 2709 638 2762 sic
664 2712 793 2763 diett
818 2725 833 2761 :
858 2709 1114 2762 Abraham
1136 2710 1422 2779 concupivit
1445 2711 1614 2780 videre
1640 2711 1775 2764 diem

178 2814 351 2849 meum
376 2813 397 2851 :
419 2800 565 2865 vidit,
595 2809 641 2851 et
663 2801 864 2870 gavisus
883 2810 955 2853 est
986 2799 1167 2863 (Joan.
1198 2816 1309 2862 vnt,
1345 2798 1456 2870 5ft).
1491 2801 1613 2856 Dies
1670 2803 1771 2858 iste

176 2887 448 2942 bonarum
479 2890 750 2955 mentium,
783 2889 899 2945 dies
933 2891 1032 2945 iste
1058 2891 1319 2959 justorum
1347 2902 1431 2945 est
1457 2909 1472 2945 :
1529 2894 1615 2945 cui
1676 2909 1774 2948 nec

176 2980 399 3032 nubium
427 2980 601 3048 caligo
629 2981 905 3049 prmpedit,
926 2996 1026 3035 nec
1051 2997 1152 3035 nox
1177 2982 1462 3048 aliquando
1488 2985 1771 3038 tenebrosa

177 3072 448 3126 succedit.

441 3212 804 3267 EXPOSITIO
848 3212 914 3266 IN
966 3212 1286 3268 PSAIAIUM
1336 3211 1516 3268 LVIII.

179 3321 239 3376 In
291 3327 482 3393 ﬁm‘m,
533 3342 593 3377 ne
641 3326 904 3394 disperdas
954 3324 1118 3377 David
1156 3327 1206 3378 in
1234 3326 1370 3378 tituli
1397 3326 1769 3396 inscriptione:

247 3398 467 3465 quando
492 3396 626 3468 misit
651 3396 800 3468 Sani.
825 3406 871 3449 et
898 3397 1166 3468 custodiuit
1194 3396 1402 3449 domum
1423 3401 1554 3468 ejus,
1581 3408 1636 3448 ut
1655 3413 1772 3450 cum

240 3464 553 3531 interﬁceret
576 3464 626 3535 (l
648 3466 772 3536 Rt-g.
806 3481 915 3532 ιιι,
942 3467 1054 3533 li).
1390 3474 1400 3484 '

250 3582 313 3635 In
355 3582 539 3648 ﬁnem,
587 3577 695 3646 jam
742 3578 940 3629 dictum
970 3585 1052 3630 est
1098 3578 1212 3631 sine
1243 3578 1367 3631 line.
1407 3576 1485 3630 Ne
1509 3577 1770 3643 disperdas

184 3674 342 3727 Darid
365 3674 422 3725 in
456 3670 591 3723 tituli
609 3670 973 3735 inscriptione;
1012 3678 1065 3721 et
1098 3669 1197 3721 hoc
1228 3684 1438 3736 quoque
1470 3670 1772 3737 frequenter

182 3769 417 3835 ponitur,
447 3774 504 3815 ut
528 3761 714 3815 Passio
738 3760 944 3813 Domini
976 3776 1067 3826 per
1090 3760 1205 3847 hate
1228 3759 1421 3813 indicia
1445 3760 1767 3813 declaretur.

183 3858 331 3912 lrrite
358 3854 625 3921 siquidem
660 3852 899 3905 tentabat
931 3851 1242 3917 disperdere
1270 3850 1577 3904 .Iudzeorum
1614 3851 1760 3904 IIISiI-

180 3952 287 4010 nia,
318 3947 463 4017 quod
494 3947 671 3999 divina
702 3944 859 3997 toties
884 3944 1153 3997 interdixit
1183 3945 1493 3997 auctoritas.
1530 3945 1628 3997 Per
1668 3944 1768 3997 Int-

178 4042 257 4108 ius
289 4042 437 4095 enim
467 4038 604 4092 tituli
638 4038 1093 4102 incorruptibiletn
1144 4038 1547 4103 inscriptionem,
1596 4038 1767 4089 mani-

178 4134 250 4187 les
279 4143 333 4185 at
366 4131 515 4197 regni
554 4127 764 4182 Domini
793 4126 1281 4199 incommutabilem
1312 4126 1639 4179 firmitatem.
1670 4126 1768 4181 Se-

177 4230 376 4294 quitur,
408 4224 614 4291 quando
636 4220 939 4285 misitSaul,
967 4229 1014 4272 et
1043 4220 1308 4272 custodiri!
1327 4219 1531 4271 domum
1553 4219 1687 4280 eius,
1716 4227 1770 4271 tit

178 4335 291 4370 cum
338 4312 803 4381 ioter/iceretJloc
829 4326 1039 4381 quoque
1089 4310 1154 4364 ad
1209 4310 1508 4377 passionem
1561 4309 1767 4363 Domini

180 4410 566 4462 convenienter
622 4411 853 4471 aptatur.
914 4399 1105 4454 Domus
1159 4402 1302 4454 enim
1362 4400 1768 4454 indicatmonu-

178 4507 419 4553 mentum
456 4497 543 4548 ubi
577 4494 818 4547 triduana
855 4501 1027 4547 morte
1084 4493 1364 4561 requievit,
1408 4492 1472 4546 ad
1501 4494 1641 4560 quod
1671 4508 1767 4545 cu-

177 4590 524 4645 stodiendum
556 4588 821 4639 miserunt
846 4586 1114 4655 principes
1158 4584 1485 4651 Judasorum,
1543 4585 1609 4638 ad
1660 4586 1776 4655 glo-
1803 4586 1853 4644 ι)

178 4684 315 4735 riam
342 4680 576 4734 nominis
608 4678 725 4743 ejus
755 4677 902 4745 quasi
927 4675 1335 4743 disperdendam
1372 4694 1384 4728 :
1411 4692 1478 4731 ne
1506 4692 1601 4745 per
1628 4677 1767 4729 frau—

176 4772 300 4823 dem
334 4772 607 4824 diceretur
635 4782 933 4837 resurgere,
958 4767 1097 4836 quod
1122 4767 1333 4819 auditus
1381 4768 1551 4821 fuerat
1603 4765 1764 4821 Chri-

175 4873 294 4917 stus
335 4872 491 4914 antea
525 4858 868 4928 prmdicasse.
900 4858 1002 4914 Sed
1036 4857 1225 4911 melius
1251 4858 1390 4926 quod
1436 4857 1634 4911 inimici
1670 4873 1765 4925 per

176 4967 236 5005 se
258 4952 569 5003 maluerunt
600 4949 878 5013 probrare,
910 4956 963 5001 ut
993 4955 1132 4999 totus
1162 4946 1393 5008 mundus
1421 4945 1617 5001 factum
1671 4946 1765 5000 fir-

179 5042 325 5093 mius
358 5041 618 5108 potuisset
642 5052 951 5107 agnoscere.
982 5036 1335 5092 lndttbitatum
1382 5036 1637 5104 Siquidem
1699 5046 1770 5091 te.

176 5133 495 5186 stimouium
524 5141 631 5195 est,
665 5128 807 5197 quod
839 5138 1054 5197 praestat
1085 5128 1354 5197 ingratus;
1388 5136 1441 5181 et
1474 5144 1576 5179 non
1595 5136 1771 5196 potest

176 5222 478 5291 gratiosum
510 5220 637 5283 dici,
687 5219 828 5288 quod
884 5217 1165 5275 confirmat
1214 5219 1303 5272 ille
1355 5218 1442 5286 qui
1495 5234 1616 5273 reus
1663 5228 1767 5274 est.

179 5320 524 5380 Quapmpter
553 5325 745 5366 causas
772 5310 900 5364 istas
923 5311 1097 5363 nullus
1124 5309 1355 5376 ambigat
1380 5310 1444 5361 ad
1470 5309 1769 5378 passionem

180 5402 402 5459 Dutmini
435 5403 728 5471 pertinere.
780 5400 918 5455 unde
959 5400 1195 5471 psalmus
1237 5401 1338 5454 iste
1385 5399 1625 5454 dicturus
1665 5410 1767 5455 est.

180 5495 292 5549 Sed
331 5494 427 5548 hoc
452 5494 681 5548 sollicite
704 5492 975 5547 debemus
1006 5492 1324 5561 intelligere,
1360 5503 1415 5545 ttt
1439 5492 1652 5562 quando
1692 5493 1769 5545 lo-

176 5587 373 5651 quitur
394 5584 653 5639 Dominus
674 5583 941 5653 Christus,
969 5584 1209 5654 qmedam
1232 5587 1299 5641 ‘ab
1327 5585 1627 5639 humilitate
1653 5599 1771 5640 car-

178 5678 291 5735 nis,
324 5676 568 5743 quaedam
593 5675 662 5730 ab
688 5676 998 5730 excellentia
1029 5674 1322 5731 divinitatis
1372 5676 1487 5744 ejus
1524 5674 1768 5744 accipere

176 5766 480 5821 debeamus
511 5786 527 5823 :
571 5782 678 5822 non
709 5766 842 5822 duos
872 5766 1011 5821 ﬁlios
1053 5776 1323 5837 putantes,
1363 5767 1508 5824 sicut
1536 5766 1767 5827 Nestorii

1890 568 2049 620 unitis
2096 579 2252 638 atque
2304 573 2553 639 perfectis
2622 589 2934 642 permanere
2990 577 3271 633 Dominum
3321 580 3473 635 Citri-

1889 667 2054 722 stum,
2104 660 2242 714 sicut
2287 662 2717 718 doctissimorum
2768 664 2983 720 Patrum
3017 680 3213 723 sanctae
3242 669 3468 725 Chalce-

1889 749 2143 803 donensis
2208 753 2480 821 synodalis
2538 764 2756 808 testatur
2825 758 3137 816 auctoritas.
3193 761 3280 812 Ait
3325 764 3466 814 enim

1888 838 2070 908 (Parte
2100 856 2165 908 tt,
2197 851 2299 895 act.
2332 842 2386 910 5)
2415 860 2426 894 :
2471 843 2643 898 Unum
2674 846 3025 911 eumdemque
3072 847 3259 900 Filium
3296 849 3468 901 Domi-

1890 948 2015 985 num
2048 942 2287 988 nostrum
2335 934 2513 989 Jesum
2540 937 2807 991 Christum
2838 938 3076 992 conﬁteri
3111 954 3468 994 consonanter

1889 1040 2076 1079 omnes
2107 1026 2421 1081 instruimur
2458 1037 2513 1082 et
2553 1029 2846 1084 docemur:
2893 1032 3187 1097 perfectum
3218 1034 3461 1085 eumdem

1890 1115 1943 1169 in
1973 1115 2265 1179 divinitate,
2300 1125 2352 1169 et
2384 1119 2674 1185 perlectum
2705 1120 2949 1174 eumdem
2977 1121 3028 1172 in
3057 1136 3245 1184 carne;
3296 1122 3461 1176 Deum

1890 1211 2150 1260 veraciter
2173 1206 2549 1276 hominemque
2582 1209 2851 1272 eumdem,
2896 1209 3067 1277 ipsum
3110 1211 3372 1265 veraciter
3398 1228 3463 1267 ex

1890 1298 2063 1350 anima
2103 1297 2346 1351 rationali
2401 1307 2453 1352 et
2485 1314 2739 1366 corpore;
2792 1300 3047 1372 ὁμούσιον,
3083 1301 3133 1354 id
3184 1313 3264 1354 est
3310 1303 3465 1357 unius

1891 1387 2137 1440 essentite
2184 1387 2325 1441 Patri
2368 1390 2659 1441 secundum
2718 1390 3071 1455 divinitatem,
3127 1400 3181 1445 et
3221 1392 3463 1462 ὁμούσιον

1890 1476 2043 1530 nobis
2081 1477 2325 1529 eumdem
2374 1479 2544 1545 ipsum
2590 1478 2881 1531 secundum
2929 1478 3329 1545 humanitatem,
3362 1498 3456 1550 per

1891 1567 2068 1619 omnia
2099 1568 2251 1620 nobis
2278 1568 2479 1635 absque
2503 1569 2838 1622 solummodo
2870 1580 3083 1637 peccatu
3103 1573 3460 1627 consimilem.

1892 1659 2029 1712 Ante
2057 1661 2250 1712 saecula
2274 1659 2484 1727 quidem
2514 1659 2581 1713 de
2605 1658 2758 1713 Patre
2800 1670 2979 1714 natum
3014 1666 3304 1718 secundum
3332 1665 3460 1719 dit-i-

1891 1750 2129 1811 nitatem,
2166 1748 2217 1801 in
2252 1750 2554 1803 novissimis
2592 1760 2765 1804 autem
2800 1751 2986 1806 diebus
3015 1754 3258 1806 eumdem
3290 1755 3459 1821 ipsum

1811 1838 1855 1895 Β
1886 1850 2099 1907 promer
2146 1855 2242 1894 nos
2288 1848 2342 1894 et
2385 1851 2601 1908 propter
2641 1852 2878 1896 nostram
2927 1843 3153 1897 salutem
3186 1859 3251 1898 ex
3297 1845 3457 1898 Maria

1890 1928 2103 1999 Virgine
2130 1939 2336 1993 natum,
2366 1929 2609 1995 θεοτόκον,
2644 1930 2694 1984 id
2732 1942 2814 1985 est
2842 1932 2931 1986 Dei
2962 1932 3232 1987 Genitrice
3260 1949 3420 1987 secuu
3440 1962 3454 1972 -

1884 2020 2007 2075 dum
2038 2021 2417 2077 humanitatem
2454 2039 2469 2076 :
2504 2038 2666 2075 unum
2698 2024 3051 2093 ettmdcmque
3073 2025 3341 2081 Christum
3374 2026 3457 2081 Fi-

1884 2111 2015 2166 lium
2068 2111 2180 2175 Dei,
2215 2112 2495 2166 Dominum
2528 2114 2858 2183 unigenitum
2882 2156 2897 2179 ,
2931 2117 2981 2169 in
3010 2117 3216 2171 duabus
3256 2120 3457 2173 naturis

1881 2202 1997 2256 sine
2051 2201 2392 2267 confusione,
2459 2205 2576 2258 sine
2620 2205 2995 2270 conversione,
3042 2208 3157 2261 sine
3202 2208 3460 2263 divisione

1879 2304 1933 2349 et
1960 2295 2076 2350 sine
2104 2295 2441 2362 separatione
2468 2295 2819 2350 noscendum.
2850 2296 3119 2364 Nusquam
3146 2307 3454 2353 naturarum

1879 2385 2239 2441 differentiam
2272 2400 2369 2455 per
2396 2387 2653 2440 unitatem
2695 2391 2906 2456 penitus
2944 2398 3308 2457 amputatam;
3342 2405 3458 2444 ma-

1878 2480 1959 2549 gis
1988 2489 2162 2532 autem
2206 2479 2354 2531 salva
2385 2479 2710 2547 proprietate
2739 2481 3014 2550 utriusque
3056 2490 3283 2548 natura,
3327 2486 3454 2537 etin

1878 2589 2032 2627 unam
2074 2581 2299 2628 coeunte
2350 2587 2650 2641 personam,
2708 2590 2972 2640 unamque
3020 2575 3451 2641 subsistentiam;

1877 2680 1975 2718 nec
2005 2664 2056 2719 in
2110 2665 2240 2719 duas
2284 2665 2510 2719 divisum
2544 2664 2903 2733 partitumque
2949 2680 3237 2734 personas,
3293 2680 3455 2720 unum

1875 2760 2226 2827 eumdemque
2253 2757 2443 2811 Filium
2468 2756 2810 2827 unigenitum,
2842 2756 3007 2811 Deum
3036 2772 3240 2821 verum,
3265 2756 3446 2812 Iesum

1874 2850 2141 2903 Christum
2176 2848 2454 2902 Domiuttm
2499 2848 2838 2901 confitemur.
2876 2848 3066 2902 Sancta
3101 2848 3251 2910 fides,
3283 2850 3452 2901 invio-

1875 2942 1975 2996 lata
2009 2942 2225 3007 veritas,
2265 2939 2632 3002 amplectenda
2675 2938 2999 3009 praedicatio,
3046 2954 3201 3005 quam
3258 2941 3446 2993 merito

1877 3048 1967 3101 per
1996 3032 2249 3101 Spiritum
2279 3040 2518 3083 sanctum
2548 3031 2931 3083 convenienter
2969 3027 3211 3096 elTusatn,
3248 3044 3339 3098 per
3372 3040 3450 3081 to-

1874 3133 1983 3178 ttttu
2012 3124 2269 3178 tuundum
2313 3122 2572 3176 catholica
2604 3122 2887 3175 confitetur
2920 3121 3173 3175 Ecclesia.

2446 3234 2638 3289 Divisio
2689 3236 2892 3303 psalmi.

1948 3352 2127 3406 Primo
2182 3350 2421 3419 ingressu
2452 3350 2638 3417 psalmi
2689 3357 2808 3403 orat
2856 3350 3111 3404 Dominus
3161 3350 3445 3419 Christus,

1875 3462 1979 3500 non
2009 3462 2075 3501 ex
2112 3460 2177 3499 eo
2212 3445 2348 3513 quod
2380 3444 2449 3498 de
2482 3445 2634 3497 Patre
2672 3452 2825 3497 natus
2861 3455 2945 3498 est
2981 3445 3141 3509 Deus,
3170 3445 3263 3499 sed
3295 3460 3359 3500 ex
3389 3461 3454 3500 en

1873 3536 2012 3605 quod
2032 3537 2096 3590 de
2113 3534 2270 3589 Maria
2300 3534 2511 3603 Virgine
2538 3533 2706 3587 factus
2729 3544 2811 3587 est.
2836 3533 3018 3597 homo,
3076 3550 3142 3590 ne
3169 3537 3216 3589 ei
3248 3535 3453 3591 initnit-i

1876 3628 2042 3694 ipsius
2069 3642 2262 3681 nocere
2291 3625 2648 3694 przevaleant:
2677 3625 2743 3678 ad
2776 3626 2947 3678 instar
2971 3626 3188 3680 lumiu's
3206 3627 3454 3681 materia.

1875 3720 1939 3773 lis
1981 3736 2046 3773 ex
2095 3720 2202 3772 imo
2248 3732 2489 3788 surgens,
2520 3718 2588 3771 ad
2625 3719 3029 3773 resurrectionis
3069 3733 3178 3771 suae
3209 3719 3456 3784 paulatim

1874 3811 2240 3865 conscendens
2265 3809 2771 3864 excellentissimam
2802 3810 3182 3864 summitatem.
3209 3812 3457 3867 Secundo

1875 3901 2234 3970 prosequitur,
2277 3900 2725 3968 quemadmodum
2769 3902 2821 3955 in
2866 3901 2969 3955 fine
2999 3902 3177 3955 saeculi
3232 3917 3457 3956 conver~

1876 3982 2021 4045 tendi
2072 3994 2177 4045 sint
2206 3991 2412 4053 Judaei,
2441 4001 2494 4045 et
2526 4007 2621 4059 pro
2658 3992 2734 4044 eis
2778 3993 2950 4046 oratio
3000 3993 3226 4048 mirabili
3269 3996 3459 4062 pietate

1873 4082 2223 4151 depromitur.
2274 4068 2455 4137 Tertio
2502 4082 2749 4150 designat
2778 4098 2894 4151 qua:
2950 4082 3138 4136 facturi
3184 4085 3291 4136 sint
3343 4094 3459 4151 post

1872 4176 2296 4241 conversionem,
2327 4182 2380 4226 et
2407 4188 2465 4226 se
2492 4173 2543 4225 in
2572 4172 2771 4226 sanctis
2802 4172 2913 4225 suis
2940 4172 3177 4242 gaudere
3207 4182 3454 4228 testatur.

1873 4268 2002 4331 Quae
2056 4274 2234 4335 partes
2285 4266 2651 4331 diapsalmatis
2701 4268 2931 4321 termino
2980 4267 3337 4325 dividuntur:
3395 4278 3455 4323 ut

1873 4372 1979 4411 non
2008 4368 2113 4411 tam
2153 4358 2428 4427 exquisita:
2453 4372 2611 4427 quam
2641 4358 2817 4412 minus
2847 4360 3100 4429 neglecta:
3123 4374 3243 4415 esse
3271 4360 3456 4417 decla-

1874 4459 2083 4504 rentur.

2408 4562 2680 4630 Expositio
2716 4564 2922 4634 psalmi.

1948 4672 2101 4728 Vers.
2151 4673 2202 4727 1.
2273 4671 2431 4740 Eripe
2475 4690 2554 4726 me
2583 4673 2645 4726 de
2673 4673 2895 4728 inimicis
2939 4675 3084 4740 meis,
3118 4674 3253 4730 Deus
3300 4694 3459 4743 meus,

1873 4764 2001 4818 etab
2028 4766 2398 4835 insurgentibus
2424 4766 2477 4817 in
2518 4782 2598 4819 mc
2626 4766 2786 4819 libera
2833 4782 2931 4819 me.
2981 4767 3111 4820 Dum
3157 4768 3458 4820 humanitas

1875 4855 2081 4908 Domini
2116 4854 2404 4910 Salvatoris
2433 4856 2561 4924 eripi
2582 4870 2641 4909 se
2660 4856 2727 4910 ab
2748 4857 3073 4909 inimicorum
3095 4856 3452 4925 spiritualium

1871 4942 2083 5000 insidiis
2115 4944 2431 5012 postularet,
2482 4945 2674 5013 quibus
2719 4955 2894 5000 tamen
2929 4961 3032 4999 non
3064 4946 3347 5000 tenebatur
3370 4947 3461 4999 ob-

1874 5036 2029 5091 noxia
2048 5077 2062 5097 ,
2091 5036 2227 5090 sicut
2256 5037 2370 5104 ipse
2400 5036 2525 5090 dicit
2552 5055 2563 5088 :
2597 5036 2770 5091 Veniet
2806 5042 3041 5105 princeps
3069 5038 3225 5109 hujus
3260 5040 3462 5104 mundi,

1874 5139 1919 5181 et
1941 5128 1991 5181 in
2017 5145 2095 5182 me
2116 5145 2215 5180 non
2243 5129 2456 5181 inveniet
2476 5130 2751 5199 quidquam
2797 5129 2975 5200 (Joan.
3012 5148 3117 5191 xw.
3163 5132 3278 5200 50),
3309 5131 3461 5184 nobis

1875 5220 2014 5288 quod
2061 5216 2361 5275 necessarie
2393 5231 2635 5290 petamus
2680 5225 2931 5275 ostendit.
2980 5221 3072 5276 Ille
3104 5221 3297 5289 quippe
3344 5224 3461 5276 sine

1876 5310 2081 5363 macula
2129 5322 2487 5377 peccatorum,
2537 5312 2828 5376 diabolum,
2882 5313 2964 5366 vel
3024 5312 3297 5365 ministros
3343 5309 3459 5379 ejus

1872 5402 2087 5456 Iudaeos
2115 5408 2281 5456 averti
2311 5418 2338 5455 a
2366 5419 2423 5457 se
2452 5404 2720 5471 proposita
2767 5405 3068 5458 humilitate
3096 5404 3445 5470 deprecatur;

1874 5508 1972 5548 nos
1993 5504 2170 5547 autem
2203 5495 2279 5547 sic
2312 5495 2557 5561 petimus,
2596 5505 2651 5548 ut
2692 5496 2830 5563 capti
2870 5490 3029 5563 atque
3057 5494 3201 5548 noxii
3254 5495 3322 5547 ab
3364 5494 3461 5548 im-

1875 5586 2085 5639 mundis
2115 5585 2388 5652 spiritibus
2418 5587 2596 5640 divina
2622 5574 2983 5641 misericordia
3016 5586 3332 5641 liberemur.
3363 5585 3459 5641 Ca«

1872 5684 1966 5745 put
2012 5684 2252 5729 nostrum
2305 5677 2405 5730 hoc
2432 5677 2644 5746 quidem
2694 5678 2843 5747 petit,
2898 5679 2992 5731 sed
3037 5676 3154 5732 sine
3184 5678 3300 5748 lege
3333 5691 3457 5747 pec-

1870 5766 1975 5824 cati
2005 5787 2017 5823 :
2052 5766 2288 5822 membra
2323 5781 2451 5823 vero
2486 5767 2735 5824 similiter
2766 5774 2974 5837 rogant,
3004 5768 3097 5825 sed
3127 5766 3338 5824 delictis
3363 5766 3460 5822 ob-
