3956 6178
553 392 646 449 lii

1790 397 1855 448 Μ.
1903 392 2173 448 AERLLH
2214 390 2613 447 CASS!()DORI

3679 393 3772 447 412

553 512 728 563 noxia.
763 508 1092 562 Inimicorum
1122 517 1296 561 autem
1346 515 1571 576 quatuor
1622 520 1738 559 CSSC
1788 522 1983 572 genera
2036 520 2131 571 per
2162 505 2209 563 Α
2234 501 2319 570 jus
2346 519 2497 556 suum
2532 505 2750 558 exitium
2784 505 2923 573 juste
2949 493 3215 577 perderet,
3248 506 3341 559 nisi
3371 507 3431 561 ad
3470 511 3583 564 vitas
3608 523 3774 575 perve-

556 603 694 654 hunc
741 612 791 654 et
822 602 981 654 alium
1015 616 1224 653 versum
1271 599 1547 653 evidenter
1593 599 1844 651 ostendit.
1896 598 2128 649 Primum

555 693 688 744 dixit
718 693 847 755 eripi
868 706 926 745 se
956 690 1018 743 ab
1046 691 1263 743 inimicis
1308 700 1530 754 tantum,
1562 668 1990 757 «(nudis-positum
2019 688 2135 756 qui-

555 782 677 834 dem
722 781 947 835 nocendi
981 780 1178 835 habere
1220 790 1499 849 poterant:
1529 796 1632 833 non
1688 792 1884 841 tamen,
1916 789 1971 831 ut
2001 794 2133 833 cou-

556 872 735 927 i'estitn
766 873 1042 936 lmdereut,
1073 871 1345 925 ardentius
1382 872 1723 940 appetebant.
1776 871 2004 923 Additur
2047 884 2134 923 se-

555 968 813 1033 cundum,
838 978 883 1022 et
928 969 991 1021 ab
1034 967 1404 1036 insurgentibus
1440 967 1489 1018 in
1522 982 1601 1018 me
1629 966 1784 1017 libera
1821 982 1917 1018 me.
1962 964 2035 1017 Ab
2062 965 2145 1016 in-

558 1059 882 1127 surgentibus
915 1056 1062 1121 dicit,
1106 1057 1254 1124 quasi
1297 1056 1404 1123 jam
1438 1055 1727 1122 iniquitatis
1780 1070 1888 1107 sua:
1938 1062 2144 1121 tempe-

559 1157 699 1201 state
738 1146 1043 1207 commotis,
1088 1156 1139 1200 et
1188 1145 1378 1199 futuris
1420 1144 1657 1198 cladibus
1690 1144 1848 1197 animi
1900 1143 2143 1212 indigna-

566 1238 713 1293 tione
744 1238 1075 1306 praeparatis.

637 1327 790 1383 Vers.
821 1329 877 1380 2.
918 1326 1077 1397 Eripe
1106 1344 1181 1377 me
1227 1327 1290 1379 de
1344 1326 1667 1395 operantibus
1720 1325 2058 1395 iniquitatem,
2102 1333 2149 1379 et

561 1419 627 1474 de
648 1421 767 1474 viris
798 1421 1105 1490 sanguinum
1127 1418 1284 1471 libera
1314 1434 1412 1471 me.
1449 1417 1584 1470 Dicit
1617 1420 1827 1470 tertium
1869 1433 2055 1484 genus,
2094 1426 2153 1472 ut

561 1510 640 1564 illi
692 1512 781 1578 qui
834 1512 1235 1565 insurrexerunt
1284 1519 1460 1563 mente
1512 1510 1721 1578 durata,
1778 1512 1932 1580 195
1976 1513 2153 1565 scelus

560 1602 722 1657 etiam
774 1604 1087 1671 Operatione
1140 1600 1501 1669 complerent;
1569 1615 1665 1653 nec
1731 1602 2145 1670 cogitationibus

562 1698 765 1744 tantum
797 1690 1131 1759 iniquitatem
1165 1704 1340 1753 suam,
1385 1689 1478 1743 sed
1510 1689 1689 1757 operis
1717 1704 1925 1758 quoque
1977 1690 2152 1758 ipsius

561 1781 1018 1834 consummatione
1065 1788 1443 1833 monstrarent.
1492 1780 1776 1849 Sequitur,
1828 1789 1874 1833 et
1923 1782 1986 1833 de
2035 1781 2155 1835 viris

2240 594 2406 647 nis‘et
2452 605 2745 649 auctorem.
2801 596 2890 650 Sic
2942 598 3090 651 triste
3137 597 3297 664 frigus
3338 600 3576 656 veniente
3616 619 3778 676 lt'liiil'L‘

2239 682 2549 737 dissolvitur
2579 701 2592 737 :
2636 685 2711 738 sic
2741 700 2841 738 nos
2878 686 3153 740 tenebrosa
3188 686 3425 750 discedit,
3456 693 3653 756 quando
3680 696 3775 745 clx-

2243 772 2371 825 ritas
2392 788 2603 827 serente
2641 775 2773 828 luris
2802 775 3100 829 advenerit.
3135 775 3241 829 Sed
3271 776 3381 829 hrcc
3411 778 3473 831 de
3503 794 3557 831 se
3578 796 3691 834 vero
3710 782 3777 833 di-

2243 864 2317 917 cit
2353 862 2520 931 Caput
2552 878 2813 921 n05trutu.
2848 866 3106 919 Ca-terunt
3140 866 3238 920 ista
3272 869 3522 935 professio
3554 874 3778 929 ιιιοιιιὶιτις

2246 970 2352 1008 non
2382 966 2553 1023 potest
2588 957 2874 1011 convenire
2909 956 3183 1026 subjectis.

2325 1047 2472 1100 Vcrs.
2504 1049 2554 1101 4.
2600 1047 2725 1102 Sine
2746 1049 3012 1118 iniquitate
3045 1051 3269 1113 cucurri,
3310 1060 3357 1101 et
3397 1051 3636 1121 tfirigebnr
3664 1070 3679 1105 :
3710 1072 3783 1106 er-

2247 1155 2397 1209 surge
2422 1141 2473 1192 in
2504 1157 2765 1194 occursum
2809 1143 2954 1208 mihi,
2987 1154 3032 1195 et
3062 1144 3191 1195 vide.
3245 1143 3427 1197 Potest
3470 1147 3583 1214 quis
3615 1165 3791 1202 curres

2250 1240 2433 1284 etnon
2485 1233 2661 1304 dirigi,
2691 1242 2747 1288 ut
2792 1234 2866 1287 illi
2897 1250 3124 1304 quorum
3156 1236 3262 1289 vita
3315 1240 3563 1292 tortuosis
3605 1243 3787 1295 semitis

2257 1322 2541 1389 irrotatur;
2572 1340 2669 1379 nec
2699 1326 2762 1379 ad
2794 1336 2993 1380 rectum
3041 1328 3362 1393 perveniunt
3406 1329 3506 1384 iter
3543 1332 3631 1400 qui
3673 1334 3795 1384 nulla

2255 1416 2477 1469 veritate
2508 1416 2824 1485 diriguntur.
2855 1419 3098 1471 Christus
3132 1420 3274 1472 enim
3310 1421 3622 1474 mundanam
3654 1423 3792 1476 vitam

2255 1515 2401 1557 recto
2430 1506 2643 1561 tramite
2691 1512 3035 1573 transcurrit;
3088 1525 3186 1564 nec
3218 1510 3472 1578 iniquitas
3512 1512 3583 1565 illi
3610 1514 3800 1568 obviare

2259 1596 2452 1663 potuit,
2485 1613 2604 1666 qua:
2635 1607 2782 1651 actus
2816 1615 3031 1667 semper
3069 1603 3415 1655 humanitatis
3451 1603 3713 1673 intorquet.
3743 1607 3800 1659 De

2260 1686 2374 1753 ipso
2395 1687 2535 1739 enim
2567 1696 2785 1740 octavus
2824 1688 3061 1743 decimus
3105 1690 3340 1758 psalmus
3371 1693 3441 1744 ait
3473 1710 3484 1743 :
3542 1692 3797 1746 Exsultat-it

2262 1785 2312 1827 ut
2340 1775 2484 1844 gigas
2518 1776 2585 1828 ad
2613 1778 2915 1829 currendum
2944 1779 3073 1831 viam
3105 1795 3123 1832 :
3150 1797 3180 1832 a
3214 1796 3416 1833 summo
3460 1783 3581 1834 cazlo
3616 1785 3803 1850 egressio

562 1873 869 1941 sanguinum
909 1873 1069 1925 libera
1118 1888 1217 1925 me.
1256 1871 1413 1925 Venit
1440 1870 1505 1924 ad
1553 1880 1801 1941 quartum
1848 1885 2038 1940 genus,
2089 1882 2146 1926 ut
2174 1868 2221 1926 Β
2248 1868 2381 1931 eius,
2430 1875 2477 1920 et
2514 1884 2752 1921 occursus
2791 1871 2898 1939 ejus
2930 1888 3085 1939 usque
3129 1873 3194 1924 ad
3238 1889 3491 1927 sumntum
3521 1878 3625 1945 ejus
3655 1875 3802 1940 (ιεεηι.

562 1961 652 2015 isti
682 1962 876 2016 inimici
903 1977 1008 2015 non
1046 1962 1188 2015 solas
1235 1961 1583 2016 contumelias
1614 1971 1867 2030 appetere
1895 1961 2143 2015 videren-

564 2060 670 2117 tur,
693 2052 787 2107 sed
821 2053 990 2120 ipsum
1021 2068 1232 2122 quoque
1262 2054 1575 2121 sanguinem
1616 2052 1888 2108 eﬂundere
1924 2055 2146 2110 festina-

565 2152 702 2196 rent.
734 2143 828 2196 llic
869 2153 1044 2196 autem
1092 2142 1357 2213 significat
1403 2142 1640 2208 Judteos,
1700 2143 1793 2208 qui
1844 2144 2146 2200 innocentis

564 2233 874 2300 sanguinem
917 2233 1176 2302 sacrilego
1224 2233 1449 2287 crimine
1480 2232 1891 2300 damnaverunt,
1933 2236 2147 2300 quando

566 2322 853 2375 dixerunt:
904 2322 1176 2392 Cruciﬁge,
1217 2324 1457 2393 cruci/ige
1508 2322 1657 2390 (Luc.
1712 2340 1872 2391 um,
1918 2325 2047 2395 ‘21);
2097 2336 2151 2379 et

567 2414 759 2468 iterum
793 2431 807 2467 ε
842 2415 1065 2485 Sanguis
1094 2420 1202 2486 ejus
1249 2433 1402 2487 super
1449 2435 1540 2472 nos
1582 2427 1630 2472 et
1677 2434 1831 2485 super
1868 2418 2005 2486 ﬁlios
2051 2437 2147 2472 no-

567 2513 699 2557 stros
722 2502 933 2572 (Matth.
980 2520 1156 2571 xxv",
1186 2505 1302 2576 9.5).
1330 2508 1429 2575 Qui
1470 2508 1663 2564 merito
1700 2510 1795 2563 viri
1839 2510 2151 2580 sanguinum

568 2593 696 2649 dicti
746 2604 887 2659 sunt,
936 2597 1186 2665 quoniam
1238 2613 1398 2665 supra
1440 2614 1498 2653 se
1529 2600 1727 2670 injuste
1763 2601 1950 2654 mortis
1988 2617 2152 2656 onera

568 2697 934 2753 susceperunt.
972 2686 1105 2739 Petit
1140 2702 1266 2756 ergo
1296 2704 1353 2742 se
1382 2689 1449 2741 ab
1476 2690 1555 2744 eis
1602 2706 1697 2757 pro
1732 2689 1959 2744 humana
2002 2691 2155 2744 inlir-

568 2778 754 2831 mitate
796 2779 923 2845 eripi
960 2789 1007 2831 et
1043 2780 1268 2846 liberari,
1310 2780 1399 2850 qui
1440 2792 1604 2835 totum
1643 2792 1817 2836 tamen
1853 2782 2155 2837 voluntarie

569 2870 882 2924 sustinebat.
918 2872 978 2925 Et
1006 2873 1222 2927 intende
1266 2874 1384 2942 quia
1419 2889 1511 2940 per
1548 2874 1766 2941 figuram
1803 2873 2152 2941 epembasim,

570 2974 690 3029 qua:
747 2960 954 3014 iteratio
1011 2972 1376 3031 nuncupatur,
1426 2964 1477 3016 in
1527 2964 1610 3017 his
1656 2964 1863 3019 duobus
1910 2964 2155 3020 versibus

574 3051 736 3106 verba
766 3053 1068 3121 geminavit,
1100 3054 1240 3120 eripe
1272 3070 1370 3120 me,
1413 3064 1459 3108 et
1496 3054 1652 3107 libera
1678 3072 1775 3108 me.

642 3139 797 3196 Vers.
830 3141 883 3195 5.
929 3143 1059 3206 Quia
1106 3159 1219 3197 ecce
1257 3153 1629 3212 occupaverunt
1683 3146 1910 3199 animam
1970 3162 2153 3213 meam,

2247 1973 2373 2011 xvut
2397 1998 2412 2021 ,
2442 1958 2495 2023 6,
2526 1959 2603 2027 7).
2637 1960 2747 2015 Hoc
2775 1963 2915 2015 enim
2950 1972 3065 2016 erat
3104 1962 3283 2033 dirigi,
3335 1965 3473 2019 unde
3513 1980 3732 2019 venerat.
3764 1978 3806 2019 ut

2247 2047 2465 2129 rediret.
2518 2048 2623 2102 Sed
2652 2049 2727 2104 sic
2764 2052 2911 2105 venit
2953 2068 2981 2104 a
3032 2053 3204 2120 Patre,
3239 2066 3297 2108 ut
3336 2070 3443 2109 non
3493 2057 3748 2112 recederet
3781 2074 3804 2109 ιι

2250 2140 2439 2205 Patre;
2468 2141 2545 2195 sic
2573 2142 2813 2197 discessit
2837 2158 2863 2195 a
2914 2146 3130 2210 mundo,
3173 2158 3233 2199 ut
3273 2161 3380 2200 non
3409 2148 3671 2202 desereret
3700 2150 3808 2201 lide-

2250 2228 2361 2294 les,
2394 2229 2530 2284 sicut
2552 2230 2664 2297 ipse
2694 2235 2765 2283 ait
2792 2250 2805 2285 :
2842 2231 2961 2286 Non
2982 2250 3069 2286 vos
3098 2235 3359 2288 dimittant
3384 2238 3633 2303 orpltanos
3653 2236 3805 2306 (Joan.

2249 2334 2363 2387 XIV,
2412 2320 2534 2391 l8);
2564 2332 2639 2387 et,
2686 2321 2818 2376 Ecce
2857 2340 2950 2393 ego
2994 2325 3251 2377 vobiscum
3280 2332 3396 2378 sum
3440 2344 3593 2393 usque
3625 2328 3687 2379 ad
3713 2344 3808 2378 con-

2251 2414 2824 2467 summationemswculi
2850 2414 3062 2484 (Matth.
3085 2430 3254 2468 ιιι-ιιι
3274 2457 3290 2481 ,
3323 2416 3441 2481 20).
3474 2417 3510 2470 S
3532 2433 3605 2482 qu
3632 2428 3724 2475 tur,
3745 2434 3809 2466 rr-

2252 2518 2401 2573 surge
2434 2506 2486 2557 in
2517 2521 2781 2559 occursum
2806 2504 2950 2558 mihi.
2986 2505 3081 2559 Hic
3105 2505 3216 2573 jam
3252 2507 3474 2574 tropicis
3503 2506 3812 2558 allttsio..ilms

2256 2597 2486 2663 potentia
2506 2598 2909 2652 resurrectionis
2921 2598 3261 2667 exprimitur,
3288 2609 3341 2651 ut
3363 2609 3508 2668 petat
3524 2600 3717 2652 Patrem
3732 2598 3810 2647 biiii

2254 2703 2554 2754 occurrere,
2584 2690 2647 2741 ad
2675 2704 2735 2743 se
2772 2691 2975 2744 scilicet
2999 2690 3346 2755 venientem;
3381 2707 3501 2743 cum
3532 2704 3624 2745 nec
3653 2690 3730 2742 ille
3760 2692 3813 2737 alt

2256 2780 2371 2848 ipso
2399 2780 2682 2848 aliquando
2710 2781 3035 2844 discesserit,
3061 2796 3158 2835 nec
3186 2782 3291 2836 iste
3322 2782 3389 2834 ad
3416 2796 3556 2843 eum,
3590 2790 3811 2847 quantum

2258 2873 2321 2925 ad
2353 2887 2634 2941 supernam
2668 2883 2903 2926 naturam
2936 2874 3183 2938 pertinet,
3226 2872 3369 2927 facie
3401 2870 3648 2924 novitatis
3673 2868 3814 2921 adve-

2258 2964 2432 3016 nerit:
2464 2962 2556 3015 scd
2583 2962 2717 3015 sicut
2759 2962 2868 3029 ipse
2902 2962 2950 3015 in
2986 2961 3277 3027 Evangelia
3308 2962 3475 3014 dicit:
3512 2959 3618 3027 Ego
3644 2959 3690 3009 in
3727 2956 3813 3007 Pa-

2257 3062 2352 3116 tre,
2377 3062 2421 3105 et
2452 3051 2607 3105 Pater
2633 3053 2685 3105 in
2714 3069 2791 3105 me
2815 3061 2885 3105 est
2931 3050 3109 3123 (Joan.
3145 3067 3259 3118 xw,
3312 3054 3419 3121 il).
3474 3049 3618 3118 Quod
3663 3057 3815 3101 autem

2258 3141 2481 3205 addidit,
2513 3152 2559 3196 et
2586 3144 2714 3206 vide,
2749 3142 3030 3209 significat,
3077 3141 3158 3195 fac
3212 3144 3421 3203 videri;
3455 3143 3589 3194 sicut
3622 3140 3818 3192 Abrahae

572 3231 827 3284 irruerunt
854 3232 907 3283 in
927 3249 1004 3284 me
1024 3234 1213 3300 fortes;
1239 3249 1398 3303 neque
1426 3234 1668 3304 iniquitas
1692 3249 1827 3299 mea,
1854 3250 2016 3304 neque
2042 3253 2160 3306 pec-
2187 3226 2232 3287 C
2262 3232 2457 3285 dictum
2498 3242 2580 3285 est
2609 3250 2621 3285 :
2677 3231 2827 3285 Nunc
2856 3234 3065 3302 cognovi
3088 3234 3336 3301 quoniam
3370 3232 3542 3302 diligis
3574 3231 3817 3283 Dominum

575 3329 746 3375 catum
789 3338 978 3387 meum,
1012 3322 1243 3375 Domine.
1273 3323 1459 3375 Anima
1492 3323 1577 3376 hic
1603 3322 1801 3377 dicitur
1826 3325 1929 3376 vita
1962 3339 2156 3393 corpo-

573 3412 720 3467 ralis.
753 3413 1014 3467 C:eterum
1053 3416 1279 3466 animam
1307 3412 1517 3467 Domini
1552 3413 1846 3468 Salvatoris
1876 3414 2019 3468 nulla
2061 3432 2156 3483 po-

574 3508 677 3563 tuit
704 3508 997 3563 adversitas
1035 3524 1307 3578 occupare,
1337 3524 1454 3578 quae
1482 3510 1628 3563 unita
1666 3509 1776 3563 Deo
1816 3510 2157 3585 immaculata

575 3612 635 3653 se
663 3598 1071 3653 conversatione
1121 3598 1386 3652 tracmit.
1426 3597 1531 3653 Sed
1564 3614 1686 3653 cum
1734 3586 1929 3654 dicitur
1982 3600 2157 3655 anima

577 3700 863 3758 occupata,
913 3700 1122 3759 tempus
1178 3691 1479 3746 ostenditur
1529 3692 1815 3758 passionis.
1871 3693 2157 3762 Sequitur,

577 3781 832 3834 irruerunt
859 3783 911 3834 in
941 3798 1018 3836 me
1047 3783 1221 3848 fortes.
1253 3780 1437 3836 Fortes
1459 3782 1724 3837 diabolum
1742 3782 2010 3852 signiﬁcat
2034 3799 2158 3839 cum

579 3876 865 3940 tulnistris;
897 3877 1038 3931 sicut
1066 3877 1179 3947 ipse
1211 3877 1263 3931 in
1313 3877 1605 3945 Evangelio
1635 3877 1765 3929 dicit
1792 3894 1804 3929 :
1857 3876 2024 3931 Nemo
2068 3895 2160 3948 po-

577 3976 670 4020 test
697 3968 885 4020 intrare
912 3967 967 4020 in
996 3968 1203 4020 domum
1233 3969 1402 4036 fortis,
1434 3976 1482 4022 et
1504 3983 1623 4021 vasa
1640 3969 1750 4036 ejus
1788 3969 2031 4039 diripere,
2063 3971 2160 4023 nisi

577 4056 722 4123 prius
748 4055 1033 4124 alligaverit
1058 4056 1239 4124 fortem
1264 4055 1454 4123 (Marc.
1486 4069 1578 4121 ιιι,
1621 4054 1737 4123 27).
1769 4056 1875 4125 ipsi
1923 4056 2066 4111 enim
2106 4058 2159 4111 in

580 4146 747 4201 corde
771 4146 923 4202 Judae
943 4146 1324 4213 ascenderunt,
1357 4153 1417 4199 ut
1446 4145 1691 4201 Salvator
1734 4147 1893 4200 morti
1921 4147 2163 4202 tradere-

580 4247 687 4292 tur.
716 4236 821 4307 lpsi
848 4239 1098 4307 populum
1124 4237 1369 4307 pessimis
1392 4237 1827 4307 instigationibus
1851 4237 2158 4303 incitarunt,

582 4340 639 4382 ut
694 4329 1054 4383 Liberatorem
1114 4329 1332 4383 humani
1381 4328 1594 4399 generis
1638 4328 1838 4398 perfida
1890 4330 2164 4384 voluntate

580 4423 916 4475 damnarent.
949 4420 1050 4488 Qui
1076 4422 1233 4489 fortes
1261 4420 1379 4474 ideo
1405 4421 1672 4489 dicuntur,
1700 4424 1820 4491 quia
1855 4421 2161 4475 mortalium

582 4520 841 4578 superant
891 4500 1104 4579 fragiles
1147 4511 1561 4567 imbecillitates.
1594 4510 1861 4566 Caeterum
1911 4512 2163 4580 potentia:

2265 3323 2423 3375 Deum
2449 3333 2593 3376 tuum
2622 3322 2769 3393 (Gen.
2818 3339 2956 3385 χιιι,
3008 3321 3129 3389 19.);
3181 3324 3233 3376 id
3293 3334 3402 3386 est,
3432 3322 3672 3392 cognosci
3719 3318 3819 3371 feci.

2261 3414 2482 3481 Tropica
2510 3424 2591 3468 est
2618 3415 2757 3467 enim
2784 3414 2878 3466 ima
2906 3415 3121 3477 locutio,
3152 3424 3206 3466 et
3236 3416 3288 3467 in
3323 3413 3616 3481 Seripturis
3645 3408 3815 3462 div‘nis

2260 3505 2579 3558 creberrima
2602 3504 2984 3558 consuetudine
3007 3506 3231 3557 semina'
3246 3520 3332 3558 ur.

2337 3603 2482 3656 Vers.
2525 3604 2576 3656 5.
2620 3602 2684 3654 Et
2724 3613 2805 3670 tu,
2857 3600 3070 3656 Dum’ne
3103 3603 3241 3658 Deus
3275 3607 3549 3665 virtutum,
3593 3601 3716 3654 Deus
3755 3596 3818 3649 Ιεο

2261 3692 2393 3758 mel,
3558 3694 3564 3698 ’

2335 3788 2483 3840 Vers.
2516 3788 2568 3841 6.
2612 3790 2824 3842 Intende
2872 3790 2938 3841 ad
2969 3790 3250 3842 visitandas
3301 3807 3482 3843 omnes
3503 3798 3664 3859 gentes
3689 3802 3707 3839 :
3736 3800 3818 3835 non

2262 3880 2544 3931 miserearis
2574 3879 2802 3930 omnibus
2830 3878 2917 3945 qui
2938 3888 3212 3947 operantur
3243 3880 3593 3947 iniquitatem.
3623 3879 3723 3929 Duo
3749 3872 3818 3925 isti

2262 3972 2502 4025 versiculi
2534 3972 2584 4023 in
2615 3985 2721 4025 uno
2748 3972 3045 4038 exponendi
3076 3982 3225 4039 sunt,
3276 3973 3539 4040 quoniam
3567 3970 3629 4023 de
3656 3983 3708 4022 se
3742 3968 3811 4020 in-

2262 4066 2427 4119 vicem
2462 4063 2691 4129 pendere
2721 4072 3028 4116 noscuntur.
3082 4061 3214 4115 Post
3264 4062 3678 4117 resurrectionis
3702 4058 3829 4127 igitur

2264 4157 2555 4210 mirabilem
2595 4155 2974 4218 narrationem;
3024 4154 3141 4221 pius
3188 4155 3509 4209 Advocattts
3554 4151 3823 4220 interpellat

2264 4262 2358 4316 pro
2380 4246 2557 4309 nobis,
2592 4244 2772 4298 dicens
2802 4244 2889 4317 ad,
2920 4245 3124 4298 Patrem
3153 4261 3167 4297 :
3233 4245 3303 4298 Et
3337 4256 3415 4309 tu,
3466 4244 3679 4299 Domine
3723 4240 3833 4292 Deus

2261 4340 2521 4400 virtutum,
2554 4334 2693 4387 Deus
2716 4332 2911 4400 Israel;
2956 4335 3046 4405 qui
3090 4351 3194 4388 non
3228 4337 3446 4404 putaris
3469 4336 3568 4389 nisi
3603 4333 3727 4385 Deus
3762 4343 3834 4379 sit-

2263 4426 2362 4479 lins
2396 4424 2579 4491 Israel,
2611 4424 2662 4477 id
2693 4433 2777 4479 est
2804 4426 2958 4479 unius
2979 4424 3150 4494 gentis
3176 4442 3189 4478 :
3215 4426 3437 4480 intende
3480 4439 3618 4479 nunc
3640 4423 3701 4474 ad
3727 4419 3827 4472 visi-

2263 4519 2442 4570 tandas
2518 4533 2689 4569 omnes
2752 4525 2961 4585 gentes,
3028 4526 3085 4568 ut
3142 4515 3237 4568 tibi
3302 4516 3641 4570 credentium
3706 4507 3834 4575 copia

582 4600 778 4655 Christi
818 4600 980 4655 fortes
1020 4616 1141 4656 esse
1173 4618 1275 4655 non
1307 4611 1573 4670 poterant,
1615 4600 1702 4670 qui
1734 4615 1827 4655 eos
1855 4601 2048 4655 divinis
2076 4601 2157 4654 vi-
2192 4603 2237 4659 D
2263 4620 2468 4664 crescat
2507 4625 2568 4662 ex
2602 4607 2843 4677 gentibus
2867 4646 2884 4671 ,
2927 4608 3047 4674 quia
3094 4608 3451 4663 sterilitatem
3505 4606 3622 4661 ﬁdei
3672 4605 3717 4657 in
3761 4599 3835 4653 .ltt-

583 4693 731 4746 ribus
760 4691 1013 4762 alligavit.
1065 4692 1299 4757 Addidit,
1342 4708 1499 4761 neque
1540 4691 1781 4761 iniquitas
1826 4706 1957 4754 mea,
2008 4707 2168 4757 ne;ue

582 4792 844 4852 peccatum
884 4800 1090 4851 nteant,
1164 4783 1394 4837 Domine.
1473 4784 1727 4848 Quamvis
1778 4783 1830 4835 in
1884 4782 2163 4837 Dominum

585 4874 919 4929 Salvatorem
984 4875 1245 4929 diabolica
1302 4876 1559 4928 fortitudo
1614 4878 1949 4941 surrexerit,
2006 4877 2165 4931 modo

584 4980 707 5020 eum
752 4966 804 5021 in
847 4969 1009 5036 pinna
1057 4968 1239 5035 templi
1272 4970 1668 5031 constitttvndo,
1706 4969 1862 5020 modo
1892 4968 2165 5022 oll‘ercndo

583 5058 840 5115 divitias:
886 5070 1061 5115 tamen
1097 5060 1226 5112 nihil
1268 5062 1371 5114 tale
1420 5063 1471 5115 in
1520 5076 1638 5113 eum
1670 5075 1998 5129 prtesumere
2050 5060 2166 5113 ausi

584 5162 731 5216 sunt,
777 5153 953 5222 qualia
1004 5152 1156 5206 nobis
1201 5154 1448 5205 vitiorum
1496 5163 1821 5206 tentameuta
1873 5152 2168 5208 efficaciter

586 5245 832 5313 ingerere
858 5254 1205 5297 consuerunt.
1248 5243 1501 5312 Iniquilas
1550 5243 1634 5296 hic
1664 5260 1758 5308 pro
1789 5243 2167 5298 malevolentia

586 5334 923 5403 intelligenda
955 5346 1074 5399 est;
1115 5346 1375 5402 peccatum
1409 5348 1535 5386 vero
1568 5332 1796 5399 pertinet
1838 5332 1904 5384 ad
1946 5333 2167 5389 sceleris

585 5424 974 5488 operationem,
1001 5440 1118 5492 qua:
1149 5422 1471 5475 omnimodis
1500 5436 1527 5474 a
1574 5421 1797 5475 Dttllliﬂ.)
1841 5422 2005 5476 fuisse
2038 5438 2164 5491 pro-

584 5514 777 5568 bantur
804 5525 1077 5569 extranea.
1106 5514 1301 5567 Natura
1329 5514 1469 5567 enim
1502 5513 1848 5568 humanitatis
1878 5528 1903 5564 a
1939 5512 2166 5568 Domino

586 5616 854 5673 assumpta
897 5607 1146 5673 probatur
1186 5620 1330 5669 esse,
1362 5623 1465 5660 nun
1493 5608 1681 5674 culpa;
1720 5608 1819 5661 sed
1867 5619 2043 5663 tamen
2087 5611 2161 5679 ip-

585 5712 702 5751 sum
760 5700 943 5752 fortem
987 5698 1237 5753 sustinuit
1284 5709 1625 5764 letttatorcm,
1659 5701 1778 5769 quia
1809 5716 2024 5754 Carnem
2061 5718 2158 5753 tto-

587 5799 709 5845 stra:
742 5790 1039 5857 fragilitatis
1066 5794 1385 5861 assumpsit;
1422 5809 1516 5847 nec
1548 5792 1699 5846 aliter
1758 5791 1870 5845 fieri
1908 5791 2074 5858 potuit
2108 5801 2159 5843 ut

2267 4702 2418 4754 daico
2465 4700 2661 4768 populo
2711 4698 3040 4766 comperiSti.
3096 4697 3161 4749 Et
3210 4701 3435 4767 respice
3497 4697 3630 4766 quod
3692 4706 3836 4745 onmcs

2262 4803 2433 4863 gentes
2456 4792 2632 4855 dicat,
2678 4789 2926 4858 quoniam
2967 4789 3031 4842 de
3072 4789 3351 4844 universis
3386 4789 3685 4844 nationibus
3710 4788 3837 4838 erant

2264 4885 2511 4955 (Domino
2537 4882 2774 4951 juvante)
2805 4880 3093 4939 credituri;
3125 4879 3269 4934 sicut
3307 4892 3396 4936 est
3428 4883 3555 4935 illul
3589 4898 3600 4932 :
3631 4878 3689 4930 Et
3718 4874 3829 4926 dabo

2268 4977 2355 5029 tibi
2387 4986 2558 5047 gentes
2602 4973 2945 5027 hwreditatem
2985 4983 3155 5035 luant,
3189 4982 3239 5024 et
3296 4973 3668 5040 possessionem
3711 4976 3829 5019 tuam

2268 5067 2503 5118 terminos
2527 5073 2671 5118 terra:
2717 5060 2885 5131 (Psal.
2912 5078 2978 5127 tl,
3007 5061 3082 5131 8).
3119 5062 3221 5115 Ubi
3246 5072 3437 5118 autem
3482 5061 3750 5116 revertitur
3782 5049 3833 5105 ad

2268 5155 2501 5220 Iudaeos,
2532 5154 2693 5206 dicit:
2729 5151 2847 5205 Non
2895 5151 3178 5204 miserearis
3228 5152 3476 5205 omnibus
3517 5150 3600 5221 qui
3646 5158 3831 5216 aperan-

2270 5254 2354 5298 tur
2403 5245 2731 5309 iniquitatem.
2779 5242 2902 5295 lltcc
2945 5243 3113 5294 oratio
3160 5240 3236 5308 (si
3291 5243 3437 5297 bene
3484 5232 3833 5306 conspiciatur)

2273 5334 2547 5401 praeceptis
2569 5333 2682 5401 ejus
2703 5332 2754 5385 in
2785 5332 2925 5385 nulla
2950 5338 3097 5400 parte
3125 5330 3415 5386 dissentit.
3444 5329 3672 5387 Dicendo
3692 5325 3833 5380 enim:

2277 5426 2397 5479 Non
2434 5425 2713 5479 miserearis
2742 5424 2994 5487 omnibus,
3028 5422 3272 5476 ostendit
3312 5425 3423 5478 illis
3450 5440 3570 5477 esse
3602 5422 3832 5474 miseren-

2272 5516 2394 5570 dum
2426 5514 2513 5584 qui
2546 5530 2679 5584 puro
2711 5513 2884 5569 studio
2910 5510 3316 5582 supplicabunt.
3361 5514 3499 5567 Nam
3534 5514 3652 5565 licet
3679 5520 3839 5561 omne.~

2272 5608 2513 5661 homines
2535 5617 2801 5675 operentur
2824 5607 3161 5676 iniquitatem,
3199 5605 3311 5659 illis
3340 5615 3521 5660 tamen
3546 5601 3834 5673 parcendum

2271 5716 2386 5754 esse
2417 5715 2521 5753 non
2543 5699 2758 5752 dubium
2782 5708 2862 5751 est
2886 5698 2971 5765 qui
2998 5695 3373 5764 praedestinati
3404 5706 3551 5761 sunt,
3577 5704 3625 5746 et
3655 5690 3711 5744 ad
3739 5697 3837 5735 cum

2274 5792 2457 5845 devota
2494 5800 2670 5843 incute
2700 5789 3024 5856 confugiunt.
