3956 6178
233 439 338 494 H3

1161 435 1518 493 EXPOSITIO
1557 436 1621 491 lli
1661 437 2120 493 PSALTEIHUM.
2169 439 2364 494 PSAL.
2406 440 2580 494 LVI".

3409 439 3514 498 ιιι

304 552 462 609 Vcrs.
488 553 540 606 7.
585 551 944 608 Convertenlur
966 553 1032 607 ad
1055 568 1328 622 vesperam,
1350 564 1395 605 et
1418 554 1602 622 famem
1630 553 1819 620 patien-
1851 558 1902 613 Α
1929 552 2132 605 habebis
2175 571 2347 608 onines
2391 567 2587 623 gentes.
2620 555 2919 609 lrridendos
2949 572 3040 612 eos
3069 557 3394 625 pronuntiat,
3421 557 3512 628 qui

229 655 316 700 tur
341 653 399 698 ut
429 659 605 711 canes,
647 652 695 697 et
731 644 1016 698 circuibunt
1045 645 1315 697 civitatem.
1352 643 1576 697 Vcnluttt
1626 653 1707 697 est
1750 643 1815 696 ad

231 737 423 806 psalmi
445 735 665 806 januam
694 736 980 789 secundam
1008 743 1023 801 ,'
1060 736 1111 789 in
1139 749 1237 802 qua
1281 735 1481 788 Judaici
1527 735 1706 802 populi
1745 734 1822 787 fu-

233 838 348 882 tura
401 827 686 897 conversio
732 826 1051 880 declaratur.
1107 827 1382 895 Significat
1434 809 1560 894 ergo
1615 827 1664 878 in
1718 825 1822 880 tine

233 919 421 974 mundi
458 935 523 974 ex
555 919 636 974 eis
675 919 986 973 innumeros
1037 919 1266 972 Domino
1313 932 1432 972 esse
1477 917 1818 982 credituros;

229 1012 370 1080 quod
397 1021 454 1067 et
475 1011 762 1081 Apostolus
795 1010 925 1065 dicit
952 1031 965 1064 :
992 1009 1132 1064 Nolo
1179 1026 1263 1063 vos
1298 1012 1560 1078 ignorare,
1611 1014 1817 1075 fratres,

230 1104 531 1173 mysterium
583 1103 698 1168 hoc,
744 1113 800 1156 ut
836 1119 940 1156 non
970 1104 1080 1156 sitis
1108 1102 1372 1169 vobisipsis
1397 1103 1668 1170 sapientes,
1701 1101 1822 1171 quia

226 1199 437 1250 accitas
480 1211 545 1249 ex
568 1205 712 1264 parte
742 1193 910 1248 Israel
939 1195 1150 1266 conligit
1176 1236 1190 1260 ,
1223 1195 1381 1247 donec
1400 1194 1663 1265 plenitudo
1693 1211 1820 1264 gen-

231 1291 358 1341 tium
412 1287 688 1352 introiret,
761 1297 806 1340 et
859 1287 935 1339 sic
995 1286 1159 1339 omnis
1225 1283 1392 1338 Israel
1459 1287 1628 1339 salvus
1680 1285 1821 1354 ﬁeret

234 1371 414 1438 (fiam.
450 1391 536 1442 si,
566 1375 682 1445 25),
718 1386 822 1430 etc.
857 1375 1020 1430 Vides
1050 1387 1103 1431 et
1131 1376 1202 1430 ibi
1237 1377 1558 1444 promissum
1588 1391 1727 1439 esse,
1767 1387 1822 1429 ut

231 1471 480 1536 quamvis
525 1482 672 1534 sera,
729 1478 906 1522 tamen
952 1468 1238 1536 aliquando
1277 1468 1548 1521 salutifera
1595 1483 1821 1521 convcr-

229 1561 382 1613 sione
413 1561 724 1623 solventur;
761 1568 816 1613 et
846 1558 964 1611 ideo
995 1557 1058 1610 ad
1089 1559 1493 1611 similittnlinem
1532 1559 1657 1619 diri,
1703 1558 1823 1611 linis

228 1651 417 1703 tnundi
463 1666 674 1721 vespera
735 1661 1105 1717 cctnpctentcr
1161 1650 1404 1702 edicitur.
1449 1651 1721 1718 Sequitur,
1769 1661 1818 1703 et

229 1748 420 1814 famem
451 1732 708 1810 patientur
735 1751 788 1793 ut
817 1756 988 1793 canes.
1032 1739 1176 1794 illius
1223 1742 1477 1807 temporis
1516 1741 1820 1795 intimorum

228 1837 501 1905 significat
544 1834 905 1898 voluntatem,
939 1834 1058 1903 quia
1115 1835 1252 1888 sicut
1282 1850 1421 1887 nunc
1452 1835 1820 1888 Cl‘lltlcllSSlftlil

1930 645 2331 710 prmdicatinnes
2364 657 2536 698 rectas
2578 647 2765 701 audire
2805 648 3102 712 noluerint,
3159 651 3296 703 sicut
3323 659 3406 702 est
3449 649 3516 702 il-

1925 734 2010 787 lud
2057 736 2396 789 Salomonis:
2435 735 2561 788 Meis
2608 748 2780 790 autem
2808 739 3243 805 increpationibus
3290 756 3392 792 non
3434 741 3517 793 in-

1925 827 2330 891 tendebatis,svd
2356 827 2501 887 irrita
2543 829 2736 894 facieba
2763 830 2803 880 is
2849 829 3063 882 consilia
3115 845 3264 892 mea;
3307 831 3517 898 ideoque

1924 927 1969 969 et
2001 935 2090 988 ego
2122 919 2173 970 in
2205 932 2369 971 vestra
2400 920 2682 986 perditione
2729 921 2904 973 ridebo
2934 961 2948 984 ,
2994 924 3292 989 gratulabor
3313 925 3516 990 quando

1925 1017 2263 1072 supervenerit
2293 1007 2426 1059 vobis
2458 1010 2688 1061 interitus
2721 1008 2904 1078 (Prov.
2949 1026 2985 1073 I,
3027 1010 3121 1076 232i,
3153 1011 3273 1080 ‘26).
3305 1009 3514 1067 Derisui

1926 1099 2068 1151 enim
2096 1107 2271 1163 erunt,
2307 1098 2519 1166 quando
2566 1099 2751 1154 inanes
2782 1111 2834 1154 et
2865 1099 2998 1153 fatui
3036 1101 3104 1154 ab
3149 1105 3335 1156 :eterni
3367 1106 3518 1172 regni

1927 1191 2332 1246 intromissione
2360 1194 2644 1258 pellantur.
2683 1195 2960 1263 Sequitur,
2999 1213 3093 1265 pro
3123 1197 3284 1250 nihilo
3315 1200 3517 1253 habebis

1927 1301 2098 1339 omnes
2140 1297 2330 1356 gentes.
2377 1285 2584 1350 Gentes,
2617 1296 2670 1340 et
2700 1288 2750 1340 in
2788 1289 2926 1341 bono
2953 1291 3078 1342 etin
3110 1293 3248 1343 malo
3271 1295 3390 1358 poni
3424 1307 3519 1344 no-

1929 1379 2192 1433 tissimum
2222 1387 2327 1433 est.
2364 1379 2458 1433 llic
2486 1390 2661 1434 tamen
2696 1381 2816 1434 illos
2860 1383 2988 1436 dicit
3021 1385 3108 1451 qui
3156 1385 3518 1439 obstinatione

1927 1471 2127 1524 crudeli
2175 1471 2229 1524 in
2261 1488 2352 1524 sua
2385 1473 2619 1540 nequitia
2655 1485 3019 1542 perseverant.
3055 1477 3200 1544 Ipsos
3230 1478 3374 1531 enim
3425 1497 3520 1548 pro

1927 1565 2089 1616 nihilo
2121 1565 2265 1618 habet
2298 1565 2575 1628 Dominus,
2615 1567 2702 1634 qui
2732 1583 2851 1620 eum
2889 1581 3249 1623 creaturarum
3282 1571 3517 1625 omnium

1927 1671 2031 1708 non
2061 1669 2385 1710 venerantur
2422 1668 2714 1710 auctorem.
2762 1660 2888 1712 Nam
2926 1661 2968 1713 si
3009 1661 3112 1714 hoc
3142 1662 3516 1715 universalitcr

1925 1745 2122 1800 dictum
2167 1749 2456 1817 intelligas,
2509 1751 2656 1803 unde
2701 1752 2804 1803 erit
2855 1752 3090 1804 Ecclesia
3123 1752 3331 1807 Duniui
3377 1769 3505 1806 con-

1927 1839 2215 1891 struenda?
2249 1839 2351 1894 Sed
2381 1856 2494 1893 tuos
2519 1851 2600 1893 est
2646 1842 2938 1910 Scriptum:
2969 1842 3160 1894 (Ιίνῖειιῐξ
3203 1844 3385 1897 dicere
3416 1861 3511 1911 pro

229 1928 594 1984 obstinatione
620 1927 792 1981 durati
833 1938 976 1990 sunt,
1011 1925 1079 1980 ita
1105 1937 1158 1979 et
1190 1938 1315 1980 tunc
1358 1926 1479 1980 [idei
1509 1927 1817 1980 avidissima
1850 1927 1896 1988 Β
1925 1941 2071 1996 parte
2097 1940 2288 1992 totum,
2331 1931 2626 1985 secundum
2669 1933 2794 1985 illud
2847 1932 3054 1985 Domini
3100 1933 3298 1986 dictum
3327 1950 3340 1984 :
3378 1933 3516 1987 Nam

229 2019 498 2075 desideria
525 2017 811 2087 patientur.
835 2019 930 2082 Qui
959 2018 1149 2072 merito
1175 2017 1396 2072 ciuibus
1419 2029 1816 2089 comparamur,

230 2112 487 2179 quoniam
511 2109 898 2164 Anticltristum
923 2109 1067 2162 illum
1095 2110 1536 2164 immanissimatu
1567 2111 1820 2178 belluam,

229 2202 358 2257 ﬁttei
384 2203 564 2256 calore
590 2201 805 2270 raptati,
853 2201 1115 2269 religiosis
1146 2201 1426 2256 latratibus
1452 2202 1817 2271 insequentur.

228 2295 396 2349 Canes
417 2296 558 2349 enim
584 2309 612 2347 a
643 2295 883 2349 canendo
915 2295 1036 2348 dieti
1065 2305 1209 2349 sunt.
1237 2294 1485 2350 Meliores
1511 2310 1670 2349 erunt
1694 2305 1821 2350 tunc

226 2404 406 2454 canes,
439 2402 596 2456 quam
629 2402 768 2440 nunc
800 2386 906 2441 sint
954 2387 1241 2441 homines:
1290 2387 1502 2456 quando
1551 2386 1720 2456 legem
1766 2387 1819 2441 in

226 2495 334 2550 qua
378 2479 540 2532 modo
566 2479 902 2548 delinquunt,
939 2492 1063 2531 tunc
1096 2478 1327 2532 fideliter
1353 2478 1633 2533 defensare
1667 2479 1823 2550 196

225 2570 576 2625 contendunt.
611 2569 743 2623 Nam
791 2569 929 2638 quod
963 2569 1112 2633 dicit,
1144 2569 1356 2637 famem,
1407 2570 1644 2623 caelestis
1673 2570 1819 2624 verbi

225 2662 496 2731 signiﬁcat
522 2661 605 2715 avi
631 2663 865 2726 litatem,
909 2663 1048 2716 sicut
1083 2663 1157 2716 ait
1203 2663 1504 2731 propheta:
1553 2661 1687 2715 Ecce
1733 2663 1818 2716 in-

224 2754 363 2807 duco
387 2755 572 2824 famem
603 2769 754 2821 super
781 2764 990 2820 terram,
1018 2769 1119 2806 non
1143 2753 1327 2824 famem
1367 2753 1538 2822 panis,-
1571 2769 1727 2824 neque
1746 2753 1791 2807 si
1802 2782 1822 2794 -

225 2850 323 2903 tim
351 2865 524 2918 aqum,
545 2849 634 2903 sed
663 2849 848 2919 famem
881 2849 1119 2903 audiendi
1146 2849 1346 2902 verbum
1379 2848 1471 2903 Dei
1503 2849 1680 2920 (Amos
1706 2866 1819 2918 Vill,

228 2939 350 3006 lt).
380 2937 623 3006 Addidit,
663 2949 710 2993 et
741 2941 1025 2994 circuibunt
1069 2942 1342 2995 civitatem.
1375 2941 1431 2996 In
1458 2941 1647 2997 eadem
1677 2959 1824 2996 com-

227 3029 516 3099 paratione
541 3031 852 3098 permansit.
873 3035 1075 3087 (Janum
1098 3032 1239 3088 enim
1268 3034 1599 3088 consuetudo
1623 3043 1705 3089 est
1735 3035 1820 3090 illa

229 3123 350 3177 loca
383 3122 687 3190 defendere,
722 3127 771 3178 in
800 3125 990 3196 quibus
1017 3140 1075 3180 se
1103 3135 1296 3181 norunt
1325 3127 1634 3183 alimoniam
1665 3145 1822 3198 repe-

230 3213 379 3269 rire:
409 3215 478 3268 ita
506 3225 559 3268 et
581 3213 750 3270 Judwi
776 3215 884 3284 jam
912 3219 1157 3272 conversi
1187 3220 1476 3287 civitatem,
1512 3220 1566 3274 id
1588 3231 1671 3277 est
1697 3236 1821 3278 san-

1927 2039 2040 2074 cum
2085 2023 2272 2074 venerit
2307 2019 2473 2076 Filius
2521 2023 2760 2084 hominis,
2817 2033 2961 2087 putas
3000 2023 3213 2076 inveniet
3260 2023 3415 2090 ﬁdem
3462 2025 3517 2076 in

1927 2121 2060 2166 terra
2104 2113 2256 2181 (Luc.
2289 2128 2450 2176 xvnt,
2503 2114 2604 2180 8)?
2649 2114 2797 2179 Quod
2856 2124 2911 2167 et
2964 2116 3008 2168 si
3045 2114 3146 2167 hoc
3199 2115 3518 2180 generaliter

1923 2203 2055 2258 velis
2078 2206 2337 2272 accipere,
2366 2205 2560 2273 quibus
2588 2205 2875 2257 dicendum
2907 2214 2990 2258 est
3015 2222 3029 2257 :
3068 2203 3264 2266 Venite,
3310 2207 3516 2258 benedi-

1923 2295 1991 2348 cti
2020 2294 2188 2346 Patris
2213 2295 2330 2358 mei,
2361 2295 2612 2361 possidete
2641 2302 2878 2363 paratum
2923 2296 3060 2346 vobis
3090 2310 3300 2360 regnum
3335 2311 3367 2347 a
3397 2310 3521 2348 con-
3567 2358 3572 2363 η

1921 2386 2182 2439 stitutione
2205 2385 2381 2438 mundi
2413 2385 2628 2456 (.lfatth.
2663 2401 2792 2446 xxv,
2829 2385 2962 2453 5i)?
2995 2386 3176 2440 R--stat
3199 2403 3326 2454 ergo
3355 2396 3409 2440 ut
3437 2389 3520 2442 hic

1924 2491 2098 2529 omnes
2121 2486 2290 2545 gentes
2312 2490 2408 2531 eos
2434 2476 2698 2545 intelligas
2727 2476 2814 2545 qui
2858 2477 3074 2544 perfidia
3124 2477 3348 2531 faciente
3373 2479 3520 2531 dam-

1924 2569 2085 2621 nandi
2127 2577 2274 2622 sunt.
2325 2568 2460 2623 Sunt
2489 2567 2632 2620 enim
2678 2583 2742 2620 ex
2791 2567 3042 2620 omnibus
3089 2569 3334 2636 gentibus
3383 2572 3516 2636 peri-

1926 2658 2051 2722 turi,
2077 2658 2212 2710 sicut
2233 2659 2407 2727 justos
2429 2667 2642 2711 constat
2668 2672 2734 2711 ex
2759 2657 3009 2711 omnibus
3042 2658 3348 2712 nationibus
3393 2674 3520 2712 con-

1931 2753 2164 2822 gregari.

1998 2843 2148 2898 chs.
2207 2845 2286 2899 l0.
2346 2843 2728 2899 Fortitudinem
2777 2863 2941 2898 meam
2991 2846 3058 2898 ad
3099 2856 3146 2899 te
3189 2848 3518 2911 custodiant,

1921 2943 2062 3012 quia,
2099 2940 2255 3007 Deus,
2284 2952 2542 3012 susceptor
2570 2958 2711 2994 meus
2759 2959 2832 2995 es.
2862 2942 3123 3008 Superius
3164 2942 3328 2994 fortes
3379 2942 3518 2995 dixi-

1924 3047 2043 3086 mus
2080 3047 2200 3086 esse
2243 3033 2514 3085 diabolum
2543 3047 2663 3084 cum
2716 3031 2997 3094 ministris,
3030 3033 3119 3097 qui
3165 3030 3519 3100 fortitudinem

1922 3142 2071 3180 suam
2097 3127 2146 3178 in
2189 3141 2250 3180 se
2296 3136 2580 3200 ponentes,
2614 3125 2680 3180 ab
2713 3117 2912 3179 atterna
2959 3124 3278 3178 celsitudine
3307 3138 3520 3201 col-rue-

1926 3228 2066 3272 runt.
2103 3217 2207 3271 Sed
2243 3217 2496 3271 Dominus
2528 3216 2773 3271 Christus
2799 3217 3046 3269 humanae
3081 3217 3391 3284 ignorantia:
3416 3216 3520 3269 for-

233 3314 372 3359 ctam
406 3303 700 3359 Ecclesiam
728 3305 1030 3368 defendent,
1081 3322 1239 3376 quam
1275 3310 1532 3363 correctis
1565 3311 1824 3378 praedica-
1855 3297 1901 3359 C
1932 3324 2070 3362 mam
2124 3324 2217 3362 ver
2241 3307 2362 3362 tatis
2413 3308 2728 3371 ostendens,
2780 3306 3128 3377 fortitudinem
3179 3307 3521 3360 humanitatis

233 3396 470 3451 tionibus
496 3398 798 3451 circuibunt.
825 3397 986 3452 Canes
1026 3401 1167 3452 enim
1199 3400 1448 3457 ﬁdelibus
1490 3415 1828 3474 comparatos

234 3485 513 3558 Evangelii
558 3488 833 3558 SCriptura
891 3500 1140 3544 testatur.
1199 3491 1334 3546 Dicit
1383 3495 1579 3563 quippe
1637 3497 1830 3550 mulier

235 3577 580 3634 Chananaaa:
615 3578 818 3650 Utique,
866 3578 1080 3634 Domine
1114 3597 1131 3634 :
1160 3599 1276 3635 nam
1298 3593 1344 3635 et
1385 3600 1532 3638 canes
1578 3587 1736 3639 edunt
1767 3587 1830 3641 de

237 3671 379 3723 micis
432 3685 550 3741 qua:
601 3673 790 3722 cadunt
864 3669 926 3724 de
982 3687 1153 3724 mensa
1221 3672 1550 3726 dominorum
1615 3691 1828 3728 suorum

238 3763 431 3833 (Marc.
466 3780 575 3830 vn,
618 3763 734 3834 28).
773 3763 882 3819 Hoc
925 3764 1140 3819 schema
1171 3766 1362 3820 dicitur
1392 3782 1640 3836 mmgma,
1668 3768 1719 3822 id
1748 3778 1830 3823 est

239 3856 462 3910 obscura
494 3856 784 3923 sententia,
813 3872 932 3926 quae
976 3865 1031 3912 et
1077 3858 1192 3925 ipsa
1247 3860 1480 3926 pertinet
1523 3860 1590 3913 ad
1629 3860 1829 3931 allego-

240 3945 406 4012 riam;
438 3945 588 4001 aliud
617 3946 758 4001 enim
788 3947 938 4012 dicit,
975 3960 1028 4003 et
1060 3949 1199 4004 aliud
1231 3951 1514 4020 significat.

312 4042 462 4097 Vers.
495 4043 549 4096 8.
594 4040 727 4096 Ecce
763 4044 861 4114 ipsi
904 4044 1173 4113 loquentur
1203 4045 1254 4098 in
1279 4033 1508 4110 ore‘suo,
1552 4055 1600 4098 et
1627 4045 1830 4114 gladius

242 4133 462 4187 inlabiis
509 4149 728 4188 eorum:
781 4137 1017 4204 quoniam
1065 4138 1177 4206 quis
1240 4137 1484 4191 audivit?
1534 4135 1832 4207 Loquentur

243 4226 395 4294 plane
423 4237 553 4281 tunc
581 4227 633 4279 in
661 4243 747 4280 ore
767 4243 881 4291 suo,
915 4227 1054 4296 quod
1085 4243 1224 4281 nunc
1256 4225 1452 4283 habere
1485 4243 1589 4283 non
1621 4245 1834 4284 meren-

244 4323 328 4369 tur
357 4317 408 4369 in
438 4316 630 4383 corde,
663 4317 904 4386 aliosque
933 4318 998 4370 ad
1044 4320 1180 4372 bona
1211 4331 1542 4384 convertant,
1576 4338 1694 4390 quae
1731 4321 1832 4390 ipsi

245 4407 389 4475 prius
434 4407 659 4462 credere
691 4409 995 4461 noluerunt.
1031 4409 1302 4479 Sequitur,
1352 4421 1400 4464 et
1427 4413 1630 4483 gladius
1659 4413 1710 4465 in
1748 4411 1831 4466 la-

245 4494 333 4549 biis
366 4512 564 4550 eorum.
602 4497 715 4550 Erit
745 4499 926 4567 utique
955 4499 1008 4551 in
1053 4500 1199 4552 labiis
1226 4516 1401 4553 eorum
1429 4502 1634 4571 gladius
1664 4503 1829 4558 (ταξιο-

245 4587 361 4652 stis,
391 4586 480 4656 qui
514 4587 708 4656 legitur
752 4588 833 4643 bis
873 4600 1080 4656 acutus,
1114 4605 1178 4645 ex
1211 4602 1436 4661 utroque
1485 4593 1830 4649 Testamento

1929 3415 2060 3468 suat,
2097 3399 2302 3453 Domini
2333 3399 2461 3454 dicit
2510 3399 2782 3454 beneficiis
2830 3398 3232 3466 applicandam;
3282 3409 3338 3450 ut
3384 3398 3522 3452 sicnt

1931 3507 2028 3561 per
2058 3489 2208 3544 illum
2254 3490 2622 3544 insidiatorem
2656 3489 2812 3543 noxia
2841 3489 3147 3555 didicimus,
3183 3490 3254 3542 ita
3283 3504 3377 3558 per
3426 3506 3522 3542 ve-

1931 3599 2048 3636 rum
2079 3581 2515 3650 Redemptorem,
2556 3599 2673 3650 quae
2723 3591 2846 3637 sunt
2895 3583 3168 3652 profutura
3212 3597 3520 3637 noscamus.

1930 3673 2062 3728 Nam
2095 3673 2235 3742 quod
2261 3677 2354 3738 ait,
2386 3675 2452 3728 ad
2476 3684 2521 3727 te
2551 3675 2857 3743 custodiam,
2890 3683 3088 3728 mutata
3123 3675 3326 3746 syllaba
3358 3675 3525 3742 signi-

1933 3765 2050 3820 ﬁcat
2074 3781 2166 3833 per
2191 3774 2242 3819 te
2266 3767 2550 3819 custodiant
2571 3767 2924 3837 fortitudinem
2947 3783 3132 3830 meam;
3153 3765 3291 3833 quod
3314 3766 3365 3818 in
3388 3767 3472 3819 Sc'
3490 3763 3524 3818 i-

1932 3857 2100 3927 pturis
2141 3857 2336 3912 divinis
2377 3859 2572 3925 smpius
2620 3858 2905 3912 invenitur.
2952 3859 3081 3922 Qua:
3123 3860 3287 3927 figura
3331 3857 3522 3910 dicitur

1932 3947 2234 4018 prothesios
2257 3943 2545 4016 parallage,
2577 3965 2697 4001 cum
2725 3951 2894 4001 altera
2923 3949 3214 4016 propositio
3240 3963 3336 4013 pro
3355 3948 3521 3999 altera

1933 4038 2163 4106 ponitur.
2197 4038 2468 4107 Sequitur,
2502 4039 2642 4105 quia,
2676 4038 2832 4101 Deus,
2855 4048 3118 4106 susceptor
3145 4053 3281 4090 meus
3305 4053 3376 4087 es.
3399 4037 3524 4088 Me-

1934 4131 2038 4187 rito
2081 4129 2159 4184 illi
2189 4145 2340 4185 suam
2391 4129 2743 4199 fortitudine»:
2797 4129 3104 4197 pronuntiat
3143 4129 3521 4197 deputandum,

1935 4238 2092 4294 quem
2123 4234 2464 4288 susceptorem
2485 4237 2638 4275 suum
2673 4237 2795 4276 esse
2821 4222 3095 4278 noscebat.

2011 4312 2158 4368 Vers.
2211 4314 2296 4366 il.
2339 4312 2474 4366 Deus
2515 4329 2676 4375 meus,
2723 4315 3072 4367 misericordia
3114 4314 3222 4383 ejus
3255 4313 3524 4382 praeveniet

1936 4419 2015 4457 me
2044 4418 2063 4456 :
2085 4401 2224 4458 Deus
2248 4420 2407 4470 meus,
2439 4404 2643 4458 oszende
2665 4406 2789 4457 mihi
2819 4405 2950 4457 inter
2977 4405 3209 4457 mimicas
3234 4420 3386 4457 meos.
3423 4403 3525 4456 Ex-

1938 4495 2086 4564 ponit
2115 4495 2254 4564 quod
2296 4498 2546 4564 superius
2596 4497 2767 4549 dixit:
2821 4494 3207 4550 Fortitudinem
3255 4512 3418 4548 meum
3461 4497 3527 4550 ad

1939 4596 1987 4640 te
2020 4589 2323 4642 custodiam.
2352 4589 2486 4641 Nihil
2519 4588 2660 4641 enim
2703 4588 2750 4642 ci
2792 4587 3009 4657 dignum
3063 4589 3254 4642 obtulit
3297 4588 3526 4642 humana

246 4677 456 4739 feriens,
493 4685 548 4730 et
587 4677 655 4729 ad
682 4678 963 4732 sanitatem
994 4680 1176 4735 felices
1207 4682 1413 4733 animas
1456 4698 1548 4734 sua
1587 4683 1834 4736 vulnera-
1862 4681 1914 4740 D
1939 4680 2195 4745 conditio,
2215 4690 2270 4732 ut
2294 4691 2592 4733 mereretur
2623 4681 2859 4734 muneris
2877 4681 2993 4749 ejus
3014 4679 3254 4749 largitate
3276 4680 3524 4748 gaudere.

246 4765 387 4820 tiene
427 4766 748 4836 perducens,
783 4769 848 4823 de
895 4787 1000 4839 quo
1031 4772 1105 4824 ait
1136 4774 1422 4836 Apostolus
1452 4790 1465 4825 :
1503 4772 1566 4826 Et
1607 4774 1837 4846 gladium

247 4857 475 4924 spiritus,
502 4859 646 4928 quod
677 4869 747 4911 est
794 4861 996 4913 verbum
1028 4861 1119 4914 Dei
1151 4860 1370 4930 (Ep/tes.
1399 4879 1447 4916 v1
1469 4903 1484 4929 ,
1525 4866 1634 4934 Π).
1670 4864 1836 4918 Addi-

249 4946 345 5012 dit,
377 4950 618 5016 quoniam
638 4951 751 5020 quis
780 4952 1014 5005 audivit?
1038 4954 1179 5007 Bene
1211 4954 1464 5023 prtetnisit
1492 4957 1544 5009 in
1575 4955 1723 5010 labiis
1749 4974 1826 5011 eo-

249 5054 360 5092 rum
380 5055 496 5094 esse
529 5041 781 5110 gladium,
815 5043 865 5096 id
893 5053 972 5097 est
1006 5045 1057 5096 in
1088 5059 1183 5098 ore
1230 5045 1462 5113 ipsorum
1494 5049 1828 5114 praedicatio-

251 5144 342 5182 1ης
365 5128 824 5200 frequentissimas
850 5174 863 5194 ,
895 5133 1144 5202 quoniam
1195 5151 1345 5189 rarus
1375 5137 1590 5206 gentilis
1622 5137 1830 5192 auditu-

254 5233 341 5272 rus
367 5230 466 5284 est,
495 5237 620 5275 cum
665 5221 717 5275 in
764 5227 1024 5277 scelerata
1073 5226 1386 5280 Antichristi
1429 5227 1684 5296 religione
1715 5245 1833 5297 per-

255 5314 558 5367 tinuerint.
595 5313 720 5379 Quis
770 5316 933 5379 enim,
989 5331 1113 5369 eum
1165 5318 1402 5385 pondere
1449 5320 1829 5388 proferendum

255 5411 353 5464 est,
376 5405 520 5471 quasi
554 5420 688 5471 penu:
711 5407 903 5470 nullus,
936 5406 1088 5476 quasi
1120 5409 1340 5462 omnino
1387 5412 1712 5464 rarissimus.
1745 5413 1831 5466 Si-

255 5492 462 5559 gnificat
509 5495 651 5550 enim
716 5499 827 5549 lucc
873 5499 1075 5568 syllaba
1135 5499 1445 5568 frequenter
1495 5503 1718 5571 nullum,
1778 5515 1834 5558 ut

257 5582 400 5653 illud,
443 5586 570 5652 Qui:
627 5590 802 5641 :imilis
845 5590 931 5642 tibi
974 5589 1158 5662 (illic/1.
1211 5608 1312 5656 VII,
1373 5595 1498 5656 I8)?
1551 5596 1836 5664 aliquando

257 5687 518 5744 uumn,ut
554 5679 682 5732 illud
713 5695 726 5734 :
753 5682 876 5744 Quis
923 5681 1062 5734 dabit
1110 5697 1172 5736 ea:
1217 5684 1345 5740 Sion
1389 5687 1620 5740 salutare
1667 5687 1834 5742 Israel

258 5762 425 5830 (ριιιι.
457 5783 550 5821 sui
569 5808 584 5832 ,
617 5769 715 5835 η’(

334 5856 475 5916 \'crs.
512 5861 568 5916 9.
614 5859 679 5916 Et
712 5870 785 5932 tu,
821 5859 1056 5928 Domine,
1090 5864 1336 5926 deridebis
1375 5883 1500 5930 eos;
1538 5881 1632 5933 pro
1674 5868 1834 5927 nihilo

1944 4770 1985 4824 Ο
2017 4786 2137 4824 vere
2185 4771 2354 4837 pictas
2391 4771 2648 4838 stupenda
2689 4767 2987 4825 Creatoris!
3025 4772 3096 4824 De
3125 4786 3183 4825 se
3231 4788 3326 4823 nos
3375 4771 3530 4826 docet

1937 4861 2078 4930 quod
2109 4859 2160 4913 in
2193 4863 2343 4913 nobis
2373 4863 2668 4929 intelligere
2696 4870 2747 4915 et
2787 4862 3059 4916 custodire
3086 4861 3398 4915 debeamus.
3426 4862 3527 4915 Sed

1938 4951 2150 5005 vzeillis
2178 4951 2268 5019 qui
2320 4951 2456 5005 hanc
2503 4953 2742 5022 regulam
2785 4953 3140 5016 declinantes,
3190 4953 3241 5007 in
3297 4953 3532 5006 hominis

1935 5053 2121 5113 putant
2143 5044 2363 5096 arbitrio
2391 5047 2710 5110 consistere,
2747 5057 2802 5099 ut
2829 5057 3098 5100 mereatur
3122 5045 3189 5098 ad
3220 5047 3391 5113 aliqua
3438 5043 3529 5097 Dei

1936 5151 2156 5190 munera
2205 5136 2522 5203 pervenire!
2562 5136 2677 5205 Ipse
2707 5137 2846 5190 enim
2894 5137 3077 5200 donat,
3131 5145 3188 5188 ut
3231 5136 3364 5188 bona
3395 5133 3530 5188 veli-

1939 5243 2084 5292 mus;
2121 5228 2234 5297 ipse
2267 5229 2492 5297 perlicit,
2524 5240 2579 5283 ut
2607 5228 2670 5281 ad
2699 5227 2818 5298 ejus
2847 5229 3064 5297 pra-mia
3096 5226 3380 5297 pervenire
3412 5240 3534 5294 pos-

1939 5322 2138 5384 simus;
2172 5322 2312 5389 quod
2343 5322 2631 5390 Apostolus
2656 5321 2983 5376 lucidissime
3013 5321 3310 5376 declaravit
3343 5336 3354 5370 :
3398 5318 3535 5384 Quid

1937 5424 2106 5467 autem
2151 5413 2306 5467 habes
2333 5417 2466 5485 quod
2509 5433 2608 5468 non
2634 5415 2910 5486 accepisti?
2952 5414 3012 5469 Si
3052 5422 3220 5466 autem
3265 5411 3534 5479 accepisti,

1939 5509 2060 5575 quid
2083 5506 2341 5576 gloriaris,
2376 5509 2523 5576 quasi
2546 5525 2645 5560 non
2668 5504 2987 5575 acceperis“
3015 5503 3132 5558 Cor.
3163 5520 3234 5569 tv,
3265 5502 3358 5571 7)?
3389 5502 3539 5558 Desi-

1942 5606 2032 5650 nat
2070 5612 2199 5666 ergo
2246 5597 2532 5667 Pelagiana
2563 5599 2783 5653 lustresis
2825 5596 3088 5650 redivivas
3129 5594 3390 5649 suscitare
3449 5607 3539 5645 ca-

1943 5689 2188 5742 lunmias.
2233 5686 2377 5740 Nihil
2409 5689 2530 5742 boni
2563 5704 2630 5742 ex
2681 5685 3078 5754 nobismetipsis
3111 5684 3308 5740 habere
3336 5699 3400 5751 po
3415 5696 3538 5739 ssu-

1943 5795 2077 5843 tnus,
2114 5779 2212 5831 nisi
2267 5780 2366 5831 hoc
2413 5796 2438 5830 a
2498 5779 2721 5831 Domino
2775 5780 3186 5846 sumpserimus.
3247 5777 3525 5848 Sequitur,

1945 5869 2077 5925 Dens
2121 5887 2286 5931 meus,
2312 5872 2516 5924 ostende
2547 5870 2670 5923 mihi
2712 5871 2842 5924 inter
2870 5869 3101 5928 inimicos
3134 5887 3288 5926 meos.
3331 5870 3532 5928 Secun-
