3956 6178
16 6068 209 6139 ΑΧ

408 431 509 489 415
1615 406 1683 460 Μ.
1729 397 2010 457 AUltELll

2135 390 2446 451 .SSlODORl
3580 367 3635 420 ιι
3649 366 3680 421 ὅ

404 542 535 599 dum
580 539 713 595 dicit
744 545 936 589 munus
963 526 1232 591 beneﬁcii,
1278 530 1337 579 ut
1378 522 1539 578 etiam
1585 527 1719 571 inter
1766 514 1998 567 inimicos
2032 512 2076 571 A
2104 523 2183 561 nte
2209 506 2379 576 (l’sal.
2410 520 2482 569 vt,
2510 502 2565 570 ‘2,
2589 510 2635 556 et
2656 496 2946 569 sxxvnﬂ).
2969 496 3200 552 Abusive
3225 493 3421 565 quippe
3442 501 3670 548 tractum

409 633 575 703 ipsius
619 629 786 682 virtus
830 622 1119 691 majestatis
1150 618 1266 688 ejus
1297 614 1467 685 possit
1507 611 1744 673 ostendi;
1786 607 1989 662 scilicet

410 702 467 776 ut
492 720 559 774 de
585 715 906 785 blasphemis
931 712 1058 766 ﬁant
1088 707 1343 778 religiosi,
1377 714 1431 759 et
1462 703 1529 757 de
1560 702 1739 770 iniqua
1767 710 1993 752 convcr-

412 811 621 866 satione
643 805 944 878 iustissimi.

489 898 639 954 Vers.
675 896 758 949 12.
807 894 889 947 Ne
940 888 1183 944 occideris
1206 903 1311 953 eos,
1364 883 1631 951 nequando
1691 877 1994 933 obliviscan-

411 999 495 1042 tur
535 989 657 1057 legis
688 997 822 1039 tum:
869 983 1101 1053 disperge
1126 978 1244 1033 illos
1284 981 1339 1031 in
1366 977 1547 1028 virtute
1586 984 1695 1036 tua,
1717 984 1765 1024 et
1794 972 1995 1023 destrue

414 1098 519 1149 eos,
562 1088 815 1150 protector
838 1091 979 1128 meus
1030 1072 1263 1125 Domine.
1297 1069 1411 1123 lloc
1455 1065 1704 1134 estquod
1751 1062 1996 1129 superius

414 1174 569 1234 dixit,
601 1168 802 1223 ostende
829 1166 954 1219 mihi
995 1166 1123 1218 inter
1168 1160 1400 1215 inimicos
1430 1172 1603 1219 meos;
1635 1153 1885 1222 quoniam
1928 1151 1997 1204 ab

416 1263 531 1319 istis
562 1260 812 1322 inimicis,
843 1257 932 1327 qui
977 1256 1086 1309 Deo
1117 1254 1378 1323 largiente
1418 1247 1670 1303 credituri
1703 1256 1847 1305 sum.
1880 1242 1999 1296 ideo

418 1352 498 1408 ira
518 1348 878 1419 suspenditur,
907 1360 973 1401 ue
1006 1343 1215 1397 Domini
1239 1341 1406 1410 legem
1433 1352 1600 1405 usque
1631 1335 1682 1388 in
1711 1334 1869 1386 ﬁnem
1897 1347 2001 1384 sa:-

419 1449 523 1503 culi
565 1447 814 1519 ignorare
863 1441 1160 1504 videamur,
1212 1446 1266 1491 et
1310 1434 1564 1501 incipiant
1594 1431 1669 1483 sic
1700 1428 1896 1497 perire,
1945 1433 2005 1479 ut

421 1515 694 1594 nullusvex
723 1538 801 1590 eis
850 1534 1017 1603 possit
1062 1531 1231 1585 bonos
1275 1527 1475 1581 fructus
1521 1534 1812 1590 emergere.
1855 1515 2000 1570 ()bli-

422 1630 631 1683 viscitur
653 1627 793 1681 enim
832 1626 990 1693 legem
1026 1620 1115 1691 qui
1162 1619 1279 1686 ejus
1311 1622 1572 1685 praecepta
1615 1628 1721 1666 non
1751 1608 2003 1677 complet,

423 1722 663 1791 quamvis
702 1720 881 1773 animo
907 1717 1068 1771 verba
1101 1714 1268 1781 ipsius
1294 1721 1475 1765 tenere
1504 1707 1769 1791 videatur.
1812 1704 2007 1757 Preca-

426 1823 513 1868 tur
541 1827 666 1881 ergo
693 1825 760 1865 ne
790 1824 918 1879 gens
945 1806 1249 1862 Judazorum
1276 1801 1512 1855 funditus
1544 1782 1746 1868 p-ereat,
1775 1793 1868 1848 sed
1898 1809 2007 1846 ma-

2093 609 2176 655 est
2205 600 2271 653 ab
2318 595 2643 661 hominibus,
2678 592 2799 661 quia
2826 589 3037 661 quando
3066 588 3292 657 aliquam
3314 585 3527 654 culpam
3554 584 3675 637 vitt-

2093 693 2355 757 dicamus,
2388 701 2669 759 perperam
2704 685 2856 739 iactis
2906 682 3209 735 irascimur.
3238 679 3497 732 Cancrum
3529 674 3676 732 Deus

2094 783 2273 837 omnia
2326 782 2427 834 sub
2473 776 2855 847 tranquillitate
2890 772 3163 841 diiudicat,
3195 770 3314 838 quia
3347 768 3516 822 nescit
3548 781 3675 835 per-

2099 872 2417 925 turbationis
2452 869 2717 922 sustinere
2744 864 2986 920 confusa.
3022 858 3518 916 Consummationem
3546 873 3679 910 vero

2099 970 2244 1025 illam
2274 969 2422 1032 dicit,
2449 979 2607 1034 quant
2639 958 3004 1028 unusquisque
3043 954 3261 1024 patitur,
3296 950 3511 1020 quando
3559 965 3676 1001 nte-

2099 1077 2219 1115 mor
2269 1066 2608 1129 peccatnrum
2660 1064 2876 1106 suorum
2940 1048 3148 1100 interna
3214 1059 3273 1095 se
3327 1041 3683 1107 castigatione

2101 1152 2410 1206 discruciat.
2434 1148 2551 1200 Non
2577 1152 2726 1199 erunt
2756 1140 2935 1209 utique
2958 1134 3191 1204 superbi,
3218 1132 3340 1186 dum
3363 1146 3454 1182 eos
3470 1139 3684 1183 constet

2102 1245 2167 1295 ad
2216 1240 2527 1294 humilitatis
2558 1231 2922 1305 pmnitentiam
2955 1242 3073 1282 esse
3104 1233 3375 1278 venturos.
3405 1219 3683 1289 Sequitur,

2104 1341 2150 1386 et
2175 1333 2331 1385 scient
2352 1330 2471 1399 quia
2505 1324 2640 1380 Deus
2658 1322 3002 1377 dominabitur
3029 1316 3209 1375 Jacob,
3234 1324 3280 1367 et
3306 1315 3484 1380 [inium
3509 1321 3684 1366 terrm.

2111 1424 2242 1478 Cum
2271 1421 2438 1475 Judtei
2473 1417 2668 1471 fuerint
2710 1412 2939 1483 perfecta
2967 1409 3223 1478 religione
3246 1405 3507 1460 veraciter
3533 1403 3690 1454 insti-

2106 1517 2225 1579 tuti,
2260 1521 2387 1567 tunc
2436 1516 2729 1580 agnoscent
2756 1505 3027 1557 Christum
3066 1500 3342 1554 Dominum
3375 1510 3497 1551 CSSU
3520 1494 3690 1548 Jacob

2110 1603 2425 1675 patriarcha":
2478 1600 2581 1660 sui,
2631 1596 2772 1665 quod
2814 1595 3059 1662 prim7tus
3117 1605 3221 1643 non
3261 1588 3574 1642 credebant.
3622 1585 3694 1638 Et

2110 1698 2288 1767 ﬁniunt
2333 1704 2500 1757 teme,
2551 1690 2601 1744 id
2651 1697 2733 1743 est
2778 1685 3057 1743 catholica:
3101 1681 3374 1745 Ecclesiae,
3427 1694 3543 1749 qum
3576 1684 3693 1730 toto

2112 1788 2242 1840 orbe
2268 1784 2456 1839 diliusa
2486 1790 2590 1846 est,
2628 1778 2768 1849 quod
2801 1777 2959 1831 modo
3011 1774 3199 1827 durato
3243 1771 3407 1825 corde
3445 1781 3546 1823 non
3599 1784 3694 1821 sa-

426 1907 505 1974 gis
536 1918 743 1959 errasse
768 1919 825 1957 se
856 1902 1092 1971 gloriosa
1115 1896 1479 1953 satisfactione
1508 1902 1816 1961 cognoscat.
1848 1888 2011 1943 Addi-
2048 1882 2095 1944 B
2125 1878 2293 1947 piunt.

427 1995 527 2061 dit,
571 1995 804 2064 disperge
843 1992 961 2045 illos
987 1992 1040 2044 in
1080 1990 1266 2044 virtute
1314 1997 1425 2042 tua.
1471 1986 1547 2039 De
1572 1983 1774 2040 Judaeis
1805 1981 1906 2035 hoc
1935 1980 2017 2034 di-

428 2098 573 2142 ctum
616 2095 838 2141 testatur
886 2099 1071 2139 eorum
1119 2082 1257 2135 facta
1304 2079 1598 2147 dispersio,
1650 2084 1703 2129 ut
1748 2088 1883 2143 pene
1923 2086 2017 2141 per

433 2189 601 2234 totum
628 2178 882 2232 mundum
930 2175 1091 2230 divisi
1120 2172 1456 2241 dispersique
1491 2170 1848 2224 declarentur.
1884 2164 2017 2219 Nam

434 2268 792 2338 quamvisjuri
819 2262 1391 2339 [ed.,jugo‘1anano
1429 2261 1538 2315 sint
1566 2258 1782 2322 subditi,
1815 2271 1911 2309 suo
1942 2266 2019 2310 ta-

436 2374 559 2412 men
608 2371 757 2411 more
788 2357 968 2409 vivunt
1008 2355 1203 2423 ubique
1233 2353 1481 2421 dispersi.
1516 2350 1627 2404 Hoc
1665 2357 1784 2403 est:
1834 2346 1915 2401 Ne
1937 2362 2021 2398 or-

437 2450 620 2502 cideris
641 2463 760 2511 eos;
787 2460 907 2499 nam
927 2448 968 2499 si
995 2444 1244 2508 fuissent,
1271 2454 1328 2495 ttt
1359 2440 1722 2499 merebantur,
1752 2436 2021 2500 exstincti,

440 2552 565 2605 spes
618 2535 989 2592 conversionis
1030 2549 1216 2588 eorum
1260 2533 1494 2587 funditus
1534 2529 1843 2585 interiisset.
1906 2526 2024 2579 Dis-

442 2630 575 2699 persi
605 2645 730 2697 ergo
761 2638 880 2681 sunt
904 2626 1097 2691 Judaei,
1125 2625 1240 2679 site
1271 2634 1327 2677 ut
1348 2623 1412 2676 ad
1442 2620 1809 2676 conversionis
1833 2631 2025 2686 provo-

440 2728 693 2775 carentur
718 2717 928 2782 studia;
961 2731 1055 2771 seu
1086 2716 1249 2782 (sicut
1276 2713 1491 2782 quidam
1540 2711 1745 2777 volunt)
1792 2717 1849 2761 ut
1886 2707 2025 2761 inter

443 2811 814 2866 contentiones
858 2809 1255 2871 haereticorum,
1305 2806 1371 2859 ab
1414 2803 1640 2857 inimicis
1683 2801 1793 2855 suis
1833 2799 2026 2854 veteris

445 2901 576 2969 legis
602 2910 841 2968 paratum
874 2898 1236 2952 testimonium
1273 2897 1494 2949 haberet
1523 2892 1788 2957 Ecclesia;
1816 2892 1942 2944 dum
1967 2888 2025 2942 il-

445 2992 533 3045 lttd
579 2992 942 3046 indubitanter
991 2990 1250 3056 creditur,
1297 2987 1438 3057 quod
1490 2985 1796 3040 adversario
1833 2982 2027 3038 Sotira-

448 3093 609 3153 gante
663 3082 925 3137 ﬁrmatur.
980 3080 1247 3150 Sequitur,
1299 3091 1346 3132 et
1386 3078 1591 3130 destrue
1629 3092 1737 3140 eos,
1778 3082 2031 3141 protector

449 3188 587 3225 meus
608 3170 841 3225 Domine.
873 3170 1061 3225 Adhuc
1103 3171 1155 3223 in
1186 3168 1370 3222 iisdem
1402 3166 1876 3237 supplicationibus
1909 3181 2031 3234 per-

2192 1980 2343 2033 Vers.
2379 1976 2462 2030 15.
2497 1973 2861 2028 Convertentur
2889 1968 2957 2020 ad
2983 1981 3259 2034 vesperam,
3290 1970 3337 2017 et
3388 1966 3573 2031 [autem
3600 1976 3697 2029 pa-

2118 2072 2306 2124 tientur
2325 2076 2379 2120 ut
2408 2080 2575 2129 canes,
2607 2069 2655 2115 et
2702 2058 2983 2113 circuibunt
3011 2056 3283 2109 civitatem.
3319 2052 3444 2106 Pest
3472 2049 3697 2105 secundi

2119 2158 2482 2230 diaplasmatis
2526 2152 2972 2223 iutcrjectionem,
3027 2147 3094 2203 atl
3137 2147 3439 2215 ingressum
3472 2144 3695 2197 tertium

2120 2256 2266 2310 venit
2294 2271 2309 2307 :
2335 2251 2423 2305 ubi
2447 2254 2635 2303 iterum
2664 2245 2943 2300 conversio
2963 2241 3269 2297 Judteorum
3294 2246 3348 2293 et
3372 2235 3700 2290 resurrectio

2123 2345 2333 2402 Domini
2361 2341 2656 2399 Salvatoris
2686 2336 3008 2392 ostenditur.
3068 2332 3136 2386 Et
3182 2329 3432 2400 quoniam
3462 2340 3705 2396 prasens

2127 2453 2335 2503 versus,
2380 2436 2467 2506 qtti
2497 2437 2550 2491 in
2580 2431 2812 2489 secunda
2839 2436 2988 2499 parte
3031 2426 3141 2495 jam
3168 2422 3372 2493 positus
3397 2431 3479 2475 est
3509 2417 3704 2473 iisdem

2125 2530 2322 2595 verbis,
2341 2528 2434 2582 sed
2458 2541 2564 2580 non
2584 2526 2700 2593 ipso
2721 2520 2990 2578 intellectu
3013 2516 3291 2584 repetitur,
3315 2510 3531 2582 quodin
3552 2507 3705 2563 Scri-

2125 2621 2295 2693 ptnris
2342 2615 2540 2671 divinis
2569 2615 2743 2668 inesse
2795 2624 2940 2681 saepe
2982 2609 3091 2677 jam
3136 2607 3395 2661 diximus.
3432 2603 3525 2657 [lle
3554 2601 3707 2655 enim

2128 2714 2332 2784 primus
2362 2710 2592 2780 pertinet
2621 2707 2685 2761 ad
2710 2705 2867 2759 ﬁnem
2898 2701 3097 2780 saeculi,
3128 2702 3229 2755 iste
3251 2699 3315 2753 ad
3343 2697 3549 2751 Domini
3583 2709 3709 2764 pas-

2127 2805 2365 2868 sionem;
2391 2802 2468 2855 sic
2492 2800 2633 2854 enim
2666 2806 3011 2863 utrorumque
3038 2790 3313 2859 sequentia
3339 2786 3711 2849 manifestam,

2128 2905 2184 2952 et
2213 2896 2330 2948 ideo
2356 2890 2644 2947 secundum
2668 2901 2857 2943 causas
2885 2884 3166 2955 praedictas
3204 2895 3389 2935 eorum
3415 2888 3500 2934 est
3527 2878 3713 2931 inten-

2132 2984 2203 3037 tio
2222 2980 2594 3051 perquirenda.
2617 2978 2671 3031 In
2703 2975 2963 3044 superiori
2998 2974 3138 3029 enim
3161 2972 3422 3026 divisione
3444 2984 3712 3039 vesperam

2133 3073 2369 3128 diximus
2415 3070 2571 3125 ﬁnem
2621 3068 2801 3123 saaculi
2856 3066 3189 3136 signiﬁcare;
3235 3061 3330 3115 sed
3378 3059 3461 3113 hic
3498 3059 3715 3112 initium

2135 3166 2307 3236 ipsum
2358 3170 2523 3216 sextae
2578 3162 2750 3214 relatis
2795 3157 3114 3221 osmnditur,
3149 3152 3290 3222 quod
3343 3161 3428 3206 est
3474 3164 3713 3214 vespera,

451 3268 680 3326 severat,
715 3272 773 3314 ut
801 3261 1045 3315 destructi
1096 3259 1264 3313 Judaei
1295 3259 1348 3312 in
1396 3259 1584 3312 melius
1632 3265 2027 3323 construantur,
2056 3245 2103 3307 C
2136 3254 2349 3325 quando
2380 3251 2632 3305 Dominus
2658 3252 2906 3307 Salvator
2936 3245 3134 3300 mundo
3181 3240 3433 3295 salutaris
3461 3236 3713 3291 advenit.

452 3351 626 3419 sitque
654 3352 903 3405 salutaris
930 3350 1157 3404 elevatio
1189 3359 1305 3418 post
1331 3349 1559 3402 ruinam.
1588 3347 1703 3401 Non
1725 3350 1865 3401 enim
1898 3347 2033 3400 Pau-

460 3445 542 3498 lus
570 3443 840 3511 apostolus
873 3452 1178 3497 surrexerat
1222 3442 1289 3494 ad
1328 3441 1573 3505 salutem,
1609 3440 1709 3494 nisi
1749 3439 1815 3492 ad
1847 3452 2030 3493 vocem

457 3535 663 3589 Domini
692 3533 880 3588 cadere
903 3533 1205 3586 meruisset.

532 3629 684 3698 197
714 3626 968 3681 Vers.15.
1006 3624 1200 3677 Πείὶετα
1231 3624 1332 3677 oris
1362 3636 1555 3689 eorum,
1582 3637 1747 3674 sermo
1775 3620 2022 3673 labiorum

457 3722 704 3791 ipsorum,
742 3727 787 3771 et
830 3715 1321 3785 comprehendantur
1358 3714 1412 3765 in
1464 3712 1701 3781 superbia
1746 3728 1872 3777 sua,
1904 3722 1948 3763 et
1976 3711 2040 3763 de

459 3812 802 3867 exsecratione
842 3820 888 3862 et
936 3807 1202 3861 mendacio
1226 3804 1521 3858 evellentur.
1573 3803 1770 3856 Delicta
1816 3804 1919 3855 oris
1950 3817 2036 3855 eo-

460 3918 599 3966 rum,
632 3899 793 3954 idest
846 3898 1225 3966 cogitationum
1275 3896 1494 3948 insania:
1550 3896 1780 3956 fuerunt,
1828 3892 2040 3962 quando

466 3990 748 4045 consilium
780 3988 1020 4043 fecerunt
1047 3997 1103 4040 ut
1132 3986 1249 4041 neci
1299 3987 1569 4039 traderent
1612 3985 1894 4038 Dominum
1927 3982 2044 4037 Sal-

468 4091 729 4134 vatorem.
762 4078 942 4133 Sermo
964 4092 1171 4147 quoque
1198 4076 1444 4130 labiorum
1467 4077 1691 4142 ipsorum
1718 4073 2045 4129 detestabilis

469 4169 589 4235 fuit,
617 4170 825 4240 quando
849 4169 1096 4223 dixerunt
1124 4185 1138 4224 :
1174 4168 1309 4222 Reus
1351 4176 1425 4221 est
1456 4168 1627 4219 mortis
1656 4164 1868 4235 (Matth.
1899 4179 2043 4229 sxw,

472 4263 585 4333 66).
617 4259 683 4315 In
711 4262 948 4331 superbia
965 4261 1307 4332 comprehensi
1330 4270 1468 4323 sunt,
1485 4258 1695 4327 quando
1720 4256 1874 4309 iidem
1898 4254 2048 4308 dixe-

469 4362 596 4409 runt
621 4369 635 4407 :
668 4352 792 4417 Quis
822 4352 911 4404 tibi
954 4351 1092 4403 dedit
1133 4350 1263 4401 hanc
1293 4348 1626 4418 potestatem?
1656 4346 1723 4399 Et
1752 4348 1802 4398 in
1831 4361 1930 4414 qua
1953 4361 2047 4413 po-

475 4452 651 4498 testate
673 4443 779 4497 Itwc
805 4444 931 4511 facis
955 4440 1143 4510 (lbid.,
1175 4457 1288 4507 χχι,
1308 4440 1435 4510 2'5)?
1460 4440 1654 4509 Captos
1677 4443 1818 4494 enim
1840 4446 2052 4493 constat

474 4535 529 4587 in
559 4532 795 4605 superbia
823 4549 936 4597 sua,
961 4531 1171 4599 quando
1192 4531 1435 4584 viderunt
1458 4539 1637 4599 postea
1659 4538 2047 4599 resurgentem,

2136 3348 2227 3403 Sic
2262 3344 2402 3400 enim
2432 3342 2501 3397 de
2547 3341 2663 3409 ipso
2693 3339 2823 3393 dicit
2852 3338 3065 3407 Moyses
3098 3353 3110 3387 :
3143 3331 3395 3387 ()ccidetis
3425 3344 3619 3401 agnam
3648 3326 3721 3380 ad

2136 3452 2394 3506 vesperam
2439 3431 2635 3507 (Exod.
2669 3446 2765 3495 xu,
2814 3428 2901 3497 6);
2950 3434 3069 3495 post
3101 3424 3251 3492 cujus
3302 3419 3719 3474 resurrectionis

2140 3530 2459 3585 miraculum
2480 3522 2760 3578 multitudo
2785 3516 3346 3574 crediditJudzeorum.
3372 3511 3644 3580 Sequitur,
3672 3515 3724 3562 et

2140 3627 2328 3693 {amem
2354 3618 2607 3690 patientur
2633 3624 2688 3667 ut
2710 3630 2877 3666 (anes.
2906 3609 3083 3676 Canis,
3101 3607 3501 3662 voracissimum
3521 3601 3725 3656 animal

2143 3722 2303 3780 atque
2329 3710 2711 3778 importunum,
2740 3703 3018 3759 consuevit
3046 3700 3165 3753 illas
3195 3698 3384 3752 domos
3433 3696 3719 3748 latratibus

2144 3800 2429 3857 delendere
2457 3799 2510 3851 in
2536 3797 2729 3867 quibus
2776 3789 3093 3850 edacitatem
3146 3802 3296 3843 suam
3328 3789 3473 3840 novit
3497 3792 3727 3852 accepto

2146 3909 2281 3963 pane
2300 3891 2503 3946 satiari.
2523 3889 2619 3943 His
2635 3886 2826 3941 merito
2842 3890 3221 3954 comparantur
3247 3878 3437 3941 Judaei,
3454 3876 3543 3944 qui
3566 3873 3729 3927 Chri-

2148 3985 2333 4038 stianae
2362 3981 2484 4035 ﬁdei
2516 3992 2737 4033 munere
2766 3974 3012 4045 saginati,
3051 3971 3342 4028 Ecclesiam
3367 3968 3457 4021 Dei
3485 3965 3729 4021 clamosa

2148 4074 2528 4144 prtedicatione
2554 4067 2843 4124 defendere
2868 4064 3219 4127 l'estinabunt;
3249 4060 3385 4115 sicut
3410 4056 3573 4109 Paulo
3590 4071 3729 4125 apo-

2150 4164 2288 4219 stolo
2313 4161 2557 4230 contigit,
2586 4170 2642 4214 ut
2673 4157 2763 4228 qui
2805 4168 2929 4211 ante
2965 4156 3060 4209 luit
3090 4162 3400 4224 persecutor
3423 4148 3729 4204 Christiani

2152 4252 2402 4314 nominis,
2437 4258 2619 4319 postea
2648 4246 2826 4301 divino
2855 4260 3076 4299 munere
3100 4244 3418 4313 jitngeretur
3443 4239 3735 4308 apostolis.

2153 4346 2387 4410 Addidit,
2418 4354 2465 4397 et
2518 4343 2801 4397 circuibunt
2850 4342 3120 4395 civitatem.
3149 4339 3429 4394 Civitatem
3458 4336 3735 4404 signiﬁcat

2152 4437 2469 4502 Jerusalem,
2493 4450 2612 4504 qua:
2666 4433 3038 4489 universaliter
3076 4446 3170 4500 per
3202 4428 3458 4483 mundutn
3490 4428 3735 4480 noscitur

2155 4546 2274 4585 e~se
2298 4527 2509 4582 diﬁusa.
2541 4525 2687 4580 Hanc
2735 4539 2865 4593 ergo
2890 4524 3127 4577 circuisse
3172 4520 3424 4583 Paulum,
3463 4517 3733 4573 salutares

478 4638 636 4695 quem
661 4623 805 4692 prius
836 4622 1123 4677 iacientem
1152 4621 1405 4675 miracula
1422 4630 1759 4690 respuerunt.
1776 4621 2046 4689 Sequitur,
2080 4618 2129 4677 D
2156 4622 2338 4693 generi
2360 4623 2871 4674 humanotestantur
2896 4615 3169 4685 Epistolas,
3197 4628 3318 4681 qua:
3338 4626 3431 4678 per
3446 4610 3736 4663 universas

476 4726 523 4773 ct
549 4717 610 4769 de
637 4717 975 4770 exsecratione
990 4723 1036 4767 et
1053 4713 1314 4768 mendacio
1336 4713 1605 4768 evellentur
1618 4730 1635 4778 ;
1657 4712 1862 4767 scilicet
1887 4728 2051 4782 quau-

478 4809 549 4863 do
572 4807 639 4862 ab
660 4808 738 4862 eis
762 4817 878 4876 post
899 4805 1301 4861 conversionem
1334 4803 1568 4861 dedecus
1593 4815 1890 4870 amovetur,
1910 4804 2050 4873 quod

477 4900 532 4953 itt
563 4898 770 4953 cunctis
793 4895 1037 4967 gentibus
1062 4910 1203 4951 nunc
1232 4895 1430 4951 habere
1458 4904 1767 4949 noscuntur.
1804 4894 1878 4947 De
1912 4910 2052 4949 men-

477 4992 625 5044 dacio
674 4990 834 5044 iidem
885 4990 1176 5054 evellentur,
1238 4991 1448 5060 quando
1492 4990 1794 5059 Scripturas
1840 4991 2045 5045 divinas

479 5082 657 5135 veraci
680 5081 1066 5135 illuminatione
1086 5083 1451 5150 cognoverint,
1477 5096 1607 5150 quas
1630 5096 1767 5134 nunc
1795 5081 1893 5135 sub
1909 5084 2047 5137 salsa

477 5172 915 5242 interpretatione
934 5171 1257 5239 suscipiunt.

550 5264 703 5329 Yers.
739 5261 825 5317 14.
861 5259 927 5314 In
965 5262 1043 5314 ira
1073 5260 1523 5314 consummationis
1563 5270 1606 5312 et
1651 5276 1751 5312 non
1796 5271 1975 5326 erant;
2006 5270 2052 5314 et

479 5355 636 5411 scient
663 5354 785 5424 quia
832 5335 972 5406 Deus
1014 5351 1354 5405 dominabitur
1383 5350 1565 5414 Jucob,
1599 5361 1643 5403 et
1670 5350 1852 5419 ﬁnium
1882 5361 2049 5404 terrm.

482 5443 576 5498 Ira
603 5444 811 5498 Domini
843 5442 1052 5496 duobus
1096 5441 1290 5495 dicitur
1318 5441 1488 5495 modis
1513 5456 1526 5493 :
1561 5441 1673 5495 sive
1703 5442 1913 5510 quando
1939 5443 2055 5494 vin-

482 5538 624 5592 dicat
639 5539 705 5591 ad
726 5536 973 5598 salutem,
1003 5544 1061 5589 ut
1081 5544 1163 5588 est
1192 5534 1319 5587 illud
1356 5551 1368 5586 :
1405 5531 1661 5604 Flagellat
1682 5534 1827 5588 enim
1857 5550 2055 5587 omnem

485 5634 651 5704 ﬁlium
674 5650 823 5702 quem
848 5634 1029 5700 recipit
1056 5630 1244 5703 (Hebr.
1282 5645 1375 5696 xtl,
1407 5628 1495 5699 6);
1524 5629 1637 5683 sive
1662 5631 1873 5698 quando
1899 5629 2057 5683 tttittit

486 5725 542 5781 itt
566 5727 737 5794 ignem
764 5725 1128 5787 :eternum,de
1154 5739 1258 5793 quo
1273 5722 1408 5776 alius
1432 5722 1667 5790 psalmus
1694 5722 1798 5775 ait:
1818 5720 2051 5786 Domine,

477 5831 550 5868 .ne
582 5819 635 5870 in
663 5819 735 5868 ira
762 5823 850 5869 tua
876 5829 1064 5884 arguas
1092 5828 1191 5878 me,
1219 5831 1375 5885 neque
1400 5814 1450 5867 in
1481 5815 1656 5883 furore
1695 5822 1782 5867 tuo
1810 5812 2059 5880 corripias

2154 4725 2340 4785 gemes
2371 4713 2521 4768 velut
2541 4724 2693 4765 sacra
2737 4710 2915 4763 divina
2961 4715 3270 4762 tenuerunt.
3300 4704 3344 4760 0
3375 4719 3547 4757 cariem
3573 4703 3737 4755 istum

2155 4803 2401 4871 beatum!
2454 4802 2543 4871 qui
2592 4801 2819 4869 populos
2867 4800 3200 4868 persequitur
3251 4796 3539 4861 inﬁdeles,
3590 4794 3740 4848 iures

2154 4896 2339 4966 abigit,
2382 4903 2438 4947 et
2476 4893 2637 4946 ovilia
2683 4901 2865 4945 sancta
2911 4890 3176 4956 custodit;
3206 4891 3358 4956 cujus
3388 4888 3613 4942 latratus
3641 4902 3738 4956 per

2154 4996 2320 5039 totum
2348 4983 2603 5038 mundum
2627 4981 2775 5051 quasi
2808 4981 3129 5050 grandisona
3157 4979 3278 5033 tuba
3304 4977 3647 5044 concrepuit.

2229 5087 2379 5143 Vers.
2433 5087 2519 5142 16.
2556 5084 2665 5156 Ipsi
2696 5085 3052 5154 dispergentur
3082 5084 3149 5136 ad
3194 5082 3643 5143 manducandum;
3699 5082 3745 5134 si

2154 5196 2269 5234 vero
2298 5194 2399 5232 non
2428 5178 2616 5248 fuerint
2645 5176 2883 5241 saturati,
2915 5185 2963 5229 et
3013 5175 3423 5227 murmurabnnt.
3472 5171 3561 5224 l‘ti
3611 5186 3748 5236 ergo

2158 5271 2244 5337 qui
2269 5282 2446 5322 veram
2480 5276 2793 5320 meruerunt
2846 5265 3041 5319 habere
3071 5264 3395 5325 doctrinam,
3425 5262 3492 5314 ad
3523 5261 3751 5313 mandu-

2159 5361 2378 5414 candum
2410 5359 2797 5427 disperguntur,
2830 5356 3005 5411 cibum
3060 5355 3265 5410 scilicet
3290 5354 3663 5423 Spiritualem;
3690 5364 3753 5408 ut

2161 5456 2542 5503 convertantur
2572 5457 2757 5516 gentes
2805 5446 2870 5499 ad
2900 5448 3056 5499 ﬁdem
3079 5445 3396 5498 catholicam
3427 5444 3749 5504 venientes:

2163 5540 2305 5593 sicut
2336 5537 2496 5591 Petro
2518 5539 2761 5606 apostolo
2786 5538 2837 5591 in
2861 5538 3064 5592 visione
3081 5536 3277 5590 dictum
3309 5546 3391 5589 est
3430 5552 3442 5587 :
3477 5535 3673 5596 Macta,
3702 5547 3752 5588 et

2165 5631 2416 5687 manduca
2451 5628 2586 5699 (Act.
2628 5646 2682 5694 ι,
2719 5629 2828 5699 l5).
2874 5628 3150 5699 Sequitur,
3202 5629 3245 5681 si
3290 5643 3405 5681 vero
3432 5643 3534 5681 non
3556 5629 3748 5697 fuerint

2167 5719 2400 5782 satitrati,
2430 5727 2473 5769 et
2502 5720 2909 5773 murmttrubunt.
2935 5719 3249 5772 Saturantur
3276 5718 3546 5776 doctores.
3573 5734 3745 5787 quan-

2168 5810 2236 5863 do
2259 5809 2662 5879 pt-zedicationes
2683 5824 2809 5864 suas
2848 5808 3079 5865 viderint
3107 5808 3330 5879 populos
3368 5807 3750 5865 desideranter
