3956 6178
303 184 393 241 ιη

1226 185 1586 241 ΕΧΡΟΞΗΙΟ
1626 187 1689 241 ΙΝ
1730 188 2185 246 PSALTERIUM.
2230 191 2418 248 PSAL.
2463 193 2593 251 LIX.

3473 216 3577 272 H8

299 314 595 354 assumere.
654 303 851 355 Contra
906 299 1074 369 jejuni
1121 313 1463 369 murmurant,
1498 303 1543 357 si
1594 304 1756 360 verba
1781 321 1874 361 sua
1906 316 1953 369 Λ
1980 311 2343 364 conﬁtentium
2391 312 2819 380 desiierandum!
2849 313 2894 368 Ο
2922 330 3016 385 pir
3043 315 3345 385 benignitas
3376 328 3425 372 et
3466 339 3569 391 po-

297 393 624 447 fructiticare
652 409 756 446 non
786 395 1205 462 cognoverintin
1231 396 1497 450 mentibus
1519 396 1870 465 perﬁdorum.

297 485 404 537 llos
424 499 554 553 ergo
575 485 719 538 verbi
746 484 954 538 Domini
971 485 1350 541 distributores
1367 504 1687 540 murmurare
1714 503 1876 557 posse

293 575 443 642 dicit,
476 574 521 627 si
554 589 659 627 non
692 574 891 629 fuerint
922 577 1237 645 populerum
1265 577 1578 632 credulitate
1622 584 1841 633 saturati
1858 596 1878 645 ;

293 666 430 717 sicut
468 664 588 733 ipse
615 663 746 720 dicit
774 673 829 719 et
870 666 924 719 in
959 666 1235 736 trigesimo
1281 676 1475 735 quarto
1502 670 1747 737 psalmo:
1780 672 1881 726 Re-

296 756 581 809 tribuebant
600 758 730 810 mihi
748 759 886 810 mala
906 773 1000 827 pro
1024 757 1187 824 bonis,
1212 759 1524 814 sterilitatem
1548 763 1733 817 anima:
1757 780 1881 817 mete

294 846 466 916 (Pshl.
497 862 686 915 xxxiv,
708 847 821 916 η).

368 936 521 990 Vers.
572 938 657 989 17.
718 935 830 1006 Ego
860 945 1030 991 autem
1075 940 1293 993 cantabo
1342 941 1580 994 virtutem
1621 952 1780 1010 tuam,
1834 956 1881 997 et

292 1026 562 1079 multabo
613 1041 759 1079 mane
804 1028 1206 1081 misericordiam
1233 1040 1373 1083 luant
1418 1047 1436 1085 :
1484 1033 1602 1099 quia
1631 1034 1800 1101 factus
1827 1051 1880 1088 es

292 1130 558 1186 susceptor
586 1135 744 1175 meus.
773 1128 820 1173 et
845 1120 1105 1190 refugium
1135 1138 1299 1175 meum
1326 1124 1377 1175 in
1406 1123 1489 1177 die
1533 1125 1881 1180 tribulationis

293 1227 438 1266 mea.
471 1211 759 1279 Postquam
802 1212 868 1265 de
923 1210 1225 1265 Iudaeorum
1275 1215 1627 1269 conversione
1674 1216 1882 1270 loeutus

292 1311 396 1367 est,
425 1303 493 1355 ad
534 1303 744 1355 Patrem
791 1301 969 1355 subito
1018 1302 1174 1355 verba
1215 1305 1498 1358 convertit.
1550 1305 1678 1370 Qua:
1712 1310 1877 1375 ﬁgura

292 1394 487 1447 dicitur
541 1392 917 1461 pr0phonesis,
959 1392 1145 1447 Latine
1191 1396 1529 1449 exclamatio.
1580 1396 1695 1465 Ipse
1738 1397 1880 1450 enim

293 1476 517 1538 cantabit
545 1486 599 1539 in
620 1485 818 1540 sanctis
846 1487 979 1551 Suis,
999 1486 1125 1539 dum
1155 1487 1273 1556 ejus
1296 1490 1531 1542 membra
1554 1490 1878 1559 gaudebunt.

297 1578 357 1630 Et
375 1577 539 1646 quale
584 1586 669 1631 est
698 1577 826 1630 illud
872 1577 1119 1646 gaudium
1161 1578 1227 1631 de
1260 1579 1468 1634 Domini
1505 1594 1720 1649 semper
1749 1596 1881 1635 con-

294 1667 644 1736 templatione
672 1668 933 1736 gaudere!
994 1668 1125 1721 Nam
1152 1668 1290 1723 sicut
1332 1671 1495 1723 virtus
1540 1671 1715 1725 divina
1750 1688 1884 1726 nun-
1917 1692 1957 1749 Β

292 1775 450 1827 quam
483 1759 686 1825 deﬁcit,
718 1760 791 1813 ita
818 1775 915 1814 nec
946 1761 1193 1830 gaudium
1226 1763 1366 1831 quod
1395 1763 1461 1817 de
1489 1764 1656 1832 ipsius
1703 1766 1879 1833 insiie-

290 1852 469 1904 ctione
493 1851 818 1920 provenerit.
854 1852 1125 1921 Sequitur,
1170 1864 1216 1908 et
1244 1856 1510 1909 exsultatio
1539 1873 1687 1910 mane
1729 1858 1877 1910 rrrise—

291 1942 573 1995 ricordr'am
604 1952 765 1995 tuam.
792 1942 948 1995 Mane
976 1943 1198 2008 scilicet,
1232 1961 1351 1999 cum
1378 1960 1484 2000 uox
1512 1948 1691 2001 saeculi
1723 1948 1876 2001 istius

291 2033 521 2087 obscura
561 2033 857 2098 transierit,
897 2034 1106 2103 quando
1145 2035 1253 2104 jam
1288 2036 1640 2090 misericordia
1663 2038 1873 2091 Domini

290 2124 339 2178 in
368 2134 683 2178 sanctorum
714 2123 1146 2179 remuneratione
1174 2125 1460 2190 elucescit;
1495 2126 1563 2179 ibi
1587 2128 1730 2179 enim
1757 2126 1873 2195 ipse

288 2215 657 2269 exsultaturus
675 2224 757 2269 est
780 2226 1025 2284 tauquam
1065 2216 1179 2270 Rex
1214 2226 1267 2270 et
1300 2215 1574 2284 Dominus,
1604 2218 1689 2272 uhi
1717 2233 1872 2272 suum

290 2306 546 2374 pupulum
588 2305 642 2359 in
691 2320 750 2360 se
790 2306 1020 2373 gaudere
1066 2307 1423 2376 conspexerit.
1469 2308 1705 2377 Addidit,
1754 2310 1873 2375 quia

294 2397 465 2465 factus
495 2412 548 2449 es
575 2406 833 2466 suscep'or
870 2411 1028 2449 meus.
1067 2397 1323 2466 Exposuit
1369 2414 1535 2468 quare
1575 2398 1629 2452 in
1663 2399 1873 2454 Christo

290 2487 526 2541 Domino
544 2488 813 2541 exsultauit
841 2488 1160 2555 humanitas,
1179 2491 1301 2559 quia
1330 2492 1497 2561 factus
1514 2502 1584 2545 est
1612 2502 1874 2562 susceptor

286 2595 447 2632 meus.
483 2579 607 2647 Ipse
645 2578 785 2633 enim
818 2579 1122 2647 suscipitur,
1157 2581 1369 2648 quando
1414 2582 1652 2636 Ecclesia
1682 2593 1874 2637 cuncta

285 2671 556 2735 salvator;
581 2670 739 2739 quale
766 2680 847 2725 est
881 2671 1008 2725 illud
1037 2672 1131 2726 :Si
1161 2673 1274 2740 quis
1303 2674 1423 2743 fecit
1452 2676 1621 2729 unica:
1648 2677 1869 2729 minimis

285 2765 420 2829 istis,
450 2765 580 2817 mihi
607 2764 725 2833 fecit
755 2763 967 2832 (Matth.
992 2781 1118 2828 xxv,
1152 2754 1870 2837 #1)).Adjecit,etrefugium

284 2875 455 2911 meum
506 2858 561 2909 in
608 2858 690 2910 die
729 2857 1072 2910 tribulationis
1100 2874 1242 2911 ntere.
1275 2858 1319 2911 Ο
1346 2875 1502 2925 quant
1549 2872 1757 2928 gratum
1787 2870 1870 2913 est

284 2949 570 3019 refugium,
616 2947 828 3016 quando
855 2955 887 3000 t.
906 2947 1209 3001 ihulatiauis
1237 2959 1475 3017 tempore
1496 2953 1864 3005 condonatur!

284 3042 473 3095 Omnis
504 3040 645 3094 enim
672 3054 798 3094 caro
820 3049 1061 3108 suspecta
1109 3050 1212 3104 est,
1245 3042 1477 3110 quandiu
1507 3043 1684 3095 audiat
1716 3059 1729 3098 :
1776 3044 1867 3095 Ve-

285 3136 411 3197 nite,
440 3134 689 3187 benedicti
725 3132 899 3187 Patris
942 3135 1039 3187 mei
1081 3132 1269 3203 (Ibid.,
1321 3135 1438 3205 54),
1470 3145 1574 3190 etc.
1609 3134 1711 3190 Sed
1742 3145 1867 3191 tunc

283 3236 545 3278 attentum
574 3225 831 3296 refugium
857 3222 1108 3290 efﬁcitur,
1160 3226 1373 3294 quando
1402 3227 1467 3279 ad
1496 3226 1650 3279 istam
1680 3241 1865 3280 vocem

283 3315 796 3369 desideratissimam
829 3316 1155 3384 pervenitur.
1193 3316 1323 3381 lloc,
1354 3317 1493 3371 sicut
1523 3326 1575 3371 et
1629 3315 1680 3370 in
1711 3331 1869 3385 supe-

282 3409 518 3464 rioribus
546 3408 798 3475 diximus,
824 3408 1187 3478 accipiendum
1220 3420 1300 3463 est
1337 3424 1366 3463 a
1400 3419 1548 3478 parte
1588 3409 1862 3465 membro-

284 3515 423 3554 rum.

359 3592 514 3647 \‘ers.
551 3592 638 3647 18.
666 3592 885 3663 Adjutor
935 3610 1096 3659 meus,
1129 3593 1220 3646 tibi
1262 3594 1503 3663 psallam,
1532 3596 1671 3665 quia,
1704 3594 1865 3662 Deus,

284 3696 549 3753 surrep'or
574 3700 717 3737 meus
746 3700 824 3749 es,
857 3681 994 3737 Deus
1017 3700 1156 3737 mens
1178 3684 1525 3737 misericordia
1550 3701 1681 3739 mea.
1720 3686 1866 3739 Dixi-

286 3790 404 3829 mus
433 3774 699 3843 psalmum
731 3774 798 3828 ad
824 3775 1083 3828 actualem
1112 3774 1381 3842 pertinere
1408 3777 1679 3837 virtutem.
1708 3792 1867 3847 quam

286 3880 413 3918 caro
456 3859 670 3917 Domini
719 3862 1011 3918 Salvatoris
1056 3864 1214 3917 etiam
1244 3864 1297 3917 in
1327 3865 1425 3917 hoc
1454 3866 1652 3919 mundo
1683 3877 1868 3920 sancta

285 3966 340 4009 et
364 3953 661 4009 venerabili
709 3955 1018 4023 operatione
1063 3955 1399 4009 monstravit.
1447 3954 1661 4025 Repetit
1704 3958 1865 4013 etiam

288 4046 597 4115 lrequenter
627 4045 901 4109 beneﬁcia,
921 4055 976 4098 ut
999 4046 1633 4115 nobis,quemadmodutn
1666 4050 1867 4119 gratias

286 4153 440 4207 agere
468 4139 780 4203 debeamus,
810 4138 1078 4193 ostendat.
1130 4137 1410 4209 Susceptor
1438 4141 1580 4194 enim
1610 4141 1861 4196 humani-

287 4234 404 4285 tatis
455 4242 656 4285 nostra:
704 4230 860 4300 198
886 4229 1117 4283 Verbum
1149 4238 1251 4295 est,
1286 4231 1423 4300 quod
1466 4248 1582 4287 eam
1608 4233 1658 4286 in
1690 4234 1866 4288 Mariti:

290 4321 521 4393 Virginis
553 4334 708 4376 utero
730 4321 827 4375 sibi
851 4322 1061 4376 sociare
1090 4332 1248 4390 atque
1279 4323 1434 4377 unire
1455 4324 1726 4393 dignatum
1759 4334 1863 4390 est,

287 4428 620 4484 nequaquam
641 4413 773 4469 facta
798 4414 1114 4470 confusione
1139 4418 1219 4470 vel
1245 4416 1600 4485 permixtione
1618 4419 1858 4473 substan-

284 4505 495 4570 tisrum,
529 4508 624 4561 sed
650 4510 851 4561 unTtate
875 4508 1127 4562 ineﬁ'abili
1168 4519 1327 4577 atque
1360 4509 1701 4565 inenarrabili
1736 4528 1859 4580 per-

287 4608 557 4653 manente.
584 4598 810 4666 Adjecit,
835 4598 975 4652 Deus
995 4615 1159 4665 meus,
1182 4600 1530 4654 misericordia
1553 4619 1682 4657 mea.
1705 4604 1863 4658 Mira-

288 4688 406 4742 bilis
434 4701 485 4742 et
514 4688 877 4756 amplectenda
902 4689 1188 4744 sententia.
1207 4689 1338 4743 Nam
1369 4706 1486 4745 cum
1512 4693 1675 4748 multa
1698 4694 1864 4749 dixis-

286 4788 385 4843 set,
416 4795 517 4834 nec
545 4790 721 4833 tamen
754 4781 977 4835 fuissent
998 4781 1173 4833 omnia
1215 4782 1633 4852 comprehensa,
1666 4786 1731 4839 ad
1769 4803 1863 4856 p0-

285 4880 539 4924 stremnm
592 4884 701 4923 uno
750 4870 913 4924 verbo
934 4870 1247 4937 cowplexus
1298 4882 1416 4925 est:
1453 4874 1589 4940 Quid
1618 4884 1696 4929 est
1728 4876 1863 4931 Deus

287 4977 440 5025 meus,
465 4964 515 5016 id
541 4971 644 5026 est,
679 4962 1034 5017 Misericordia
1063 4979 1193 5015 mea.
1226 4962 1299 5018 lbi
1337 4969 1514 5019 omnia
1545 4978 1671 5021 sunt
1702 4969 1864 5023 hune-

288 5054 425 5117 ﬁcis,
453 5056 543 5107 ubi
564 5054 812 5107 universa
832 5068 1051 5107 munera
1085 5052 1378 5120 designata.
1410 5056 1546 5123 Quid
1573 5058 1714 5111 enim
1735 5060 1859 5114 honi

288 5159 390 5198 non
420 5148 670 5212 sentitur,
700 5146 785 5200 ubi
814 5145 1161 5199 misericordia
1183 5146 1375 5200 donata
1408 5151 1790 5221 cognoscitur?

814 5288 1083 5343 Conclusio
1124 5294 1326 5361 psalmi.

357 5427 664 5495 Didicimus,
693 5430 916 5484 Domine
941 5430 1173 5497 Christe,
1219 5451 1378 5503 quam
1428 5433 1599 5487 multa
1621 5434 1670 5488 in
1700 5450 1858 5492 carne

293 5520 581 5583 pertuleris,
612 5534 664 5576 ct
704 5523 825 5589 quia
872 5540 965 5590 pro
1009 5527 1443 5594 persecutoribus
1487 5529 1590 5581 tuis
1645 5544 1858 5593 semper

288 5614 531 5668 oraveris.
579 5614 625 5667 0
675 5628 799 5670 vere
851 5614 1090 5673 Judicetn
1140 5620 1305 5690 pium,
1355 5620 1457 5675 sub
1480 5637 1587 5690 quo
1619 5624 1743 5678 milli
1776 5634 1857 5679 est

1984 402 2180 453 testas!
2211 400 2343 454 Nam
2375 403 2464 469 qui
2498 418 2591 471 pro
2609 404 2840 460 inimicis
2867 409 3147 475 oi-as.quis
3163 418 3373 462 tuorum
3398 422 3563 475 possit

1983 490 2270 544 formidare
2298 495 2437 560 quod
2476 497 2687 560 pereat?
2717 496 2863 551 Dona
2922 500 3095 554 facere
3124 516 3242 570 quae
3277 502 3559 569 praecipis;

1981 580 2118 634 dona
2146 581 2371 649 implere
2400 584 2538 650 quod
2568 589 2784 656 expedit
2817 608 2827 643 :
2856 590 2977 654 quia
3008 595 3146 645 sicut
3192 594 3323 645 nihil
3362 608 3555 659 praner

1984 680 2035 724 te
2059 688 2262 733 smnus,
2296 673 2364 726 ita
2396 684 2569 728 tecum
2612 678 2734 731 boni
2792 690 2958 733 totum
3011 698 3292 749 possumus
3328 684 3556 751 implere

1981 764 2123 831 quod
2155 764 2390 818 nitimur.

2272 873 2625 929 EXPOSITIO
2668 877 2731 932 IN
2771 879 3090 936 PSALMUM
3132 884 3265 939 LIX.

1985 958 2049 1011 In
2077 961 2368 1038 finenr,_pr_o
2389 964 2469 1038 [iis
2510 966 2598 1038 qui
2643 968 3066 1038 immutabuntur,
3116 973 3169 1024 in
3199 972 3335 1027 tituli
3362 975 3552 1028 inscri-

2052 1037 2223 1099 ptione
2248 1034 2344 1099 ipsi
2379 1033 2538 1087 David
2560 1038 2612 1087 in
2644 1038 2931 1091 doctrinam
2963 1054 2980 1091 :
3013 1033 3127 1092 cum
3157 1046 3412 1098 succendit
3446 1046 3556 1098 Me-

2052 1104 2389 1176 sOpotamiam
2422 1105 2700 1176 Syritepet
2757 1110 2961 1176 Syriam
3013 1110 3192 1174 Sobal,
3225 1123 3270 1166 et
3314 1118 3559 1168 convertit

2053 1168 2205 1254 .‘l‘oab,
2238 1180 2284 1224 et
2311 1168 2553 1254 percussit
2576 1168 2947 1254 _7Edorn__v[ed.,
3000 1168 3309 1254 Idumteam]
3347 1190 3400 1237 tn
3428 1186 3561 1239 valle

2056 1240 2354 1294 Saturarum
2372 1244 2638 1297 duodecim
2662 1240 2842 1301 millid.

2055 1349 2262 1403 Titulus
2283 1352 2387 1418 hic,
2411 1353 2510 1406 nisi
2546 1357 2920 1425 compendium
2945 1375 3267 1428 qmeramus,
3292 1362 3558 1432 interpre-

1985 1440 2181 1495 tatione
2242 1445 2512 1498 nominum
2582 1456 2635 1501 et
2719 1454 3229 1507 commemoratione
3282 1455 3550 1511 bellorum

1990 1531 2212 1583 omnino
2236 1532 2468 1598 prolixus
2491 1545 2592 1587 est.
2620 1536 2673 1588 In
2706 1540 2877 1604 primo
2908 1543 3133 1608 positum
3159 1561 3187 1596 c
3222 1554 3239 1596 t
3270 1562 3281 1595 :
3316 1544 3379 1597 In
3403 1547 3556 1612 ﬁnem

1987 1619 2065 1672 liis
2090 1622 2175 1687 qui
2204 1622 2619 1677 immutabuntur.
2662 1627 3046 1683 Commutantnr
3078 1645 3254 1687 autem
3284 1636 3335 1687 in
3380 1638 3555 1702 ﬁnem,

1986 1711 2075 1778 qui
2098 1713 2292 1766 veteris
2323 1715 2553 1769 hominis
2583 1732 2767 1772 errore
2820 1720 3084 1788 deposito,
3118 1724 3341 1778 Domino
3371 1726 3558 1780 Salva-

1983 1800 2079 1853 tori
2134 1815 2263 1870 pura
2310 1804 2503 1858 mentis
2558 1805 2857 1863 intentione
2885 1810 3242 1888 l'amplantur;
3274 1816 3339 1869 de
3364 1817 3557 1885 quibus

1979 1887 2173 1943 dicitur
2198 1909 2209 1943 :
2237 1888 2433 1945 Fuistis
2463 1895 2595 1948 enim
2625 1898 2905 1968 aliquando
2949 1887 3186 1969 tenebrte,
3221 1921 3353 1957 rtunc
3383 1918 3555 1959 autem

1978 1979 2069 2032 tua:
2092 1981 2144 2033 in
2174 1980 2393 2036 Domino
2436 1984 2654 2055 (Ephes.
2708 2004 2757 2053 v,
2802 1990 2877 2061 8).
2923 1992 3381 2058 Quemadmodum
3429 2013 3556 2051 vero

1978 2072 2183 2139 possint
2214 2074 2492 2141 immutari,
2519 2079 2703 2133 subter
2725 2083 3035 2150 exponit,in
3064 2086 3201 2139 tituli
3227 2088 3556 2156 inscriptione

1979 2158 2146 2213 David
2174 2162 2225 2215 in
2254 2162 2559 2220 doctrinam.
2579 2166 2734 2222 Tituli
2755 2171 3043 2241 inscriptio,
3070 2176 3251 2231 Jesum
3284 2176 3555 2234 Christum

1977 2252 2240 2321 significat
2268 2254 2486 2325 Regem.
2522 2259 2613 2314 Sic
2659 2276 2787 2331 ergo
2816 2274 3110 2331 mutentur,
3144 2279 3204 2321 ut
3244 2270 3557 2328 deserentes

1976 2342 2274 2413 diabolum,
2325 2345 2524 2416 Regem
2570 2350 2675 2405 sibi
2717 2352 2986 2409 Christum
3038 2371 3157 2411 esse
3210 2371 3555 2427 cognoscant.

1975 2432 2144 2488 David
2169 2437 2313 2490 enim
2341 2451 2483 2507 saepe
2512 2438 2743 2497 diximus
2808 2443 3091 2501 Dominum
3121 2447 3442 2516 signiﬁcare.
3487 2449 3555 2505 In

1976 2527 2280 2594 doctrinam,
2304 2529 2440 2585 adde
2462 2531 2667 2587 scilicet
2688 2533 3042 2592 Christianam
3076 2555 3092 2592 :
3125 2540 3248 2609 quia
3275 2557 3375 2595 non
3399 2542 3553 2596 sorti--

1974 2617 2309 2687 citeuiquam
2346 2621 2491 2675 illum
2538 2623 2734 2693 Regem
2782 2641 2938 2681 suum
2968 2628 3169 2695 dicere,
3218 2631 3317 2685 nisi
3350 2643 3405 2686 et
3436 2636 3553 2699 ejus

1974 2707 2062 2775 qui
2094 2709 2305 2764 studeat
2330 2715 2608 2781 prmceptis
2631 2715 2868 2771 obedire.
2896 2718 3167 2789 Sequitur,
3197 2739 3311 2774 cum
3335 2738 3550 2777 succen-

1973 2800 2047 2852 dit
2067 2798 2485 2869 Mcaopotamiam
2518 2804 2705 2875 Syriae,
2722 2819 2826 2861 etc.
2848 2808 2951 2863 llas
2978 2811 3244 2877 victorias,
3269 2825 3547 2881 ptistqltrm

1976 2889 2119 2944 Sauli
2144 2894 2397 2947 successit
2424 2893 2474 2948 in
2498 2910 2685 2964 regno,
2718 2897 2908 2952 fecisse
2939 2900 3101 2953 David
3136 2900 3336 2971 Regum
3371 2903 3537 2956 histo~

1977 2982 2053 3035 ria
2082 2985 2481 3050 comprehendit
2512 2984 2598 3053 (H
2633 2987 2763 3060 Reg.
2810 2992 2943 3057 vni),
3003 3006 3136 3060 quas
3193 2993 3543 3059 incongruum

1898 3063 1941 3124 C
1973 3072 2179 3127 videtur
2208 3074 2308 3128 sub
2332 3077 2428 3131 hac
2453 3078 2814 3133 concinnitate
2835 3080 3171 3147 depromere,
3205 3084 3421 3152 quando
3468 3084 3543 3137 ibi

1971 3164 2227 3221 latissime
2275 3179 2488 3223 narrata
2532 3180 2842 3226 noscuntur.
2892 3172 3001 3226 lloc
3048 3182 3224 3227 tamen
3276 3176 3536 3230 debemus

1970 3257 2266 3322 advertere,
2300 3260 2437 3313 bella
2466 3260 2560 3313 iota
2590 3260 2881 3329 figuraliter
2925 3263 3093 3328 posita
3127 3274 3344 3331 prepter
3374 3266 3541 3318 victo-

1970 3347 2075 3401 rias
2107 3347 2318 3401 Domini
2346 3348 2664 3415 Salvatoris,
2694 3367 2826 3422 quas
2854 3354 2904 3406 in
2938 3363 3048 3406 toto
3070 3356 3267 3409 mundo
3297 3357 3363 3409 de
3388 3373 3546 3427 paga-

1970 3438 2058 3493 nis
2085 3440 2193 3509 agit
2218 3448 2271 3494 et
2295 3442 2529 3509 perﬁdis,
2559 3459 2784 3511 quorum
2807 3444 2965 3499 verba
2987 3445 3219 3513 psalmus
3244 3447 3344 3501 iste
3370 3448 3543 3502 dictu-

1974 3549 2068 3588 rus
2093 3544 2203 3599 est,
2234 3545 2289 3589 ut
2338 3552 2525 3591 revera
2555 3537 2811 3593 destructi
2860 3552 2889 3592 a
2944 3532 3324 3607 superstitione
3352 3546 3542 3609 veteri,

1971 3633 2277 3681 mereantur
2307 3644 2402 3696 per
2432 3630 2655 3697 gratiam
2685 3631 2807 3684 novi
2836 3630 3067 3686 hominis
3097 3634 3384 3689 itnmutari.

2541 3741 2735 3796 Divisio
2767 3744 2973 3814 psalmi.

2042 3846 2271 3917 Populus
2294 3848 2383 3904 ille
2410 3852 2501 3920 qui
2531 3862 2649 3907 erat
2678 3854 2868 3923 priscis
2895 3857 3168 3911 errozihus
3199 3859 3450 3930 illigatus,
3484 3865 3537 3919 in

1971 3952 2163 3991 novam
2192 3940 2418 4007 gratiam
2452 3950 2652 3997 sancta:
2700 3944 2979 4014 religionis
3027 3946 3337 4013 adveniens,
3375 3952 3545 4016 primo

1970 4028 2142 4096 capite
2166 4030 2445 4098 supplicat,
2491 4040 2547 4086 ut
2577 4044 2696 4100 post
2740 4034 3113 4101 alﬂietionem,
3145 4054 3303 4105 quam
3328 4041 3542 4095 satisfa-

1971 4119 2163 4174 ciendo
2192 4135 2378 4189 passus
2409 4132 2512 4187 est,
2548 4123 2791 4179 beneﬁcii
2841 4129 3077 4181 novitate
3120 4138 3417 4195 reparetur.
3444 4132 3546 4186 Se-

1971 4209 2167 4275 cundo,
2220 4211 2626 4280 interpositione
2675 4214 3044 4283 diapsalmatis
3087 4219 3367 4285 collocata,
3404 4221 3546 4276 idem

1972 4300 2200 4368 populus
2227 4312 2380 4372 rogat
2414 4312 2470 4357 ut
2501 4316 2618 4372 post
2647 4305 3019 4361 tribulationes
3049 4322 3181 4376 quas
3205 4308 3438 4377 pertulit,
3463 4311 3547 4366 de~

1973 4394 2197 4449 ducatur
2218 4413 2249 4448 ει
2269 4396 2494 4450 Domino
2522 4398 2573 4451 in
2606 4397 3016 4452 munitissimam
3032 4399 3300 4455 civitatem
3321 4443 3335 4466 ,
3362 4412 3549 4470 petens

1969 4484 2225 4540 auxilium
2255 4485 2357 4541 sibi
2379 4486 2447 4541 de
2484 4488 2828 4542 tribulatione
2869 4489 3115 4557 concedi,
3137 4491 3279 4561 quod
3309 4492 3410 4547 soli
3441 4493 3549 4548 Do-

1967 4576 2111 4632 mino
2145 4578 2397 4647 probatur
2426 4594 2546 4634 esse
2576 4580 2853 4648 possibile.

2498 4691 2768 4763 Expositio
2798 4693 3005 4764 psalmi.

2036 4799 2189 4855 Vers.
2226 4800 2275 4853 l.
2308 4800 2466 4865 Dens,
2500 4804 2728 4873 repulisti
2756 4820 2849 4857 nos
2876 4816 2921 4858 et
2954 4806 3252 4859 destruxisti
3281 4822 3407 4873 nos;
3430 4808 3539 4861 ira-

1972 4898 2056 4943 tus
2117 4906 2169 4944 es
2227 4902 2274 4944 et
2329 4893 2566 4948 misertus
2608 4911 2661 4948 es
2700 4898 2864 4949 nobis.
2921 4897 3153 4964 Populus
3194 4898 3282 4951 ille
3307 4901 3541 4966 quierat

1966 4981 2157 5050 priscis
2188 4983 2462 5037 erroribus
2492 4985 2746 5053 illigatos,
2779 4988 3040 5057 repulsura
3063 5004 3123 5043 se
3160 4998 3207 5042 et
3232 4990 3546 5045 destructum

1964 5074 2062 5128 sub
2092 5075 2382 5145 gratiarum
2415 5078 2626 5133 actione
2660 5090 3079 5145 commemorat;
3107 5091 3162 5135 ut
3192 5090 3397 5149 strages
3426 5084 3545 5138 il'as

1966 5167 2355 5224 debellaturum
2397 5173 2657 5240 gentium,
2721 5188 2854 5242 quas
2903 5173 3089 5227 titulus
3142 5190 3321 5244 regem
3384 5175 3548 5231 David

1968 5259 2158 5315 fecisse
2192 5263 2474 5329 praecinuit
2508 5263 2667 5333 (sicut
2708 5264 2907 5318 dictum
2943 5265 3048 5334 est)
3081 5279 3243 5318 manu
3290 5264 3444 5318 fortis
3493 5277 3547 5320 et

1966 5351 2339 5408 desiderabilis
2374 5353 2623 5413 Christus
2656 5357 2706 5411 in
2740 5357 2994 5411 universo
3026 5356 3225 5410 mundo
3254 5357 3430 5425 potius
3459 5372 3548 5427 pe-

1964 5446 2166 5515 regisse
2194 5445 2520 5513 declaretur,
2572 5465 2677 5503 non
2714 5449 2878 5512 ferro,
2914 5448 3008 5503 sed
3039 5448 3411 5502 conversionis
3435 5459 3548 5502 sta-

1962 5536 2084 5601 dio;
2109 5551 2213 5590 non
2248 5553 2342 5605 per
2373 5538 2548 5611 ignem
2582 5540 2872 5605 visibilem,
2899 5537 2993 5593 sed
3026 5553 3121 5608 per
3150 5535 3425 5592 charitatis
3455 5556 3546 5592 aro

1965 5629 2180 5703 dorem;
2213 5629 2484 5695 quomodo
2518 5630 2777 5686 Divinitas
2802 5628 3074 5687 debellare
3105 5641 3168 5684 ac
3198 5628 3420 5685 vincere
3461 5630 3541 5686 irt-
