3956 6178
436 185 532 239 “9

1662 168 1728 222 Μ.
1773 165 2047 221 AURELH
2089 165 2477 218 (I.\SSi0l)UR|
2526 192 2532 196 -

3559 167 3646 224 £20

438 291 720 347 visibiliter
765 289 1064 344 consuevit.
1126 286 1224 353 Qui
1280 285 1504 354 populus
1551 284 1812 351 supplicat
1861 292 1917 334 ut
1969 298 1998 334 a
2036 288 2074 342 Α
2105 282 2313 334 devoto.
2359 282 2588 334 Ostendit
2631 280 2772 336 enim
2824 281 2954 334 dura
3007 279 3248 333 fidelibus
3291 281 3418 346 suis,
3458 287 3647 352 quando

396 365 399 369 ’
437 394 616 437 vetere
633 382 1010 450 superstitione
1034 379 1359 437 destructus,
1378 385 1432 428 ct
1461 376 1510 428 in
1527 382 1709 428 Sancto
1727 373 2004 441 proposito

435 483 812 535 commutatus,
857 483 1007 522 nova:
1057 466 1482 536 regenerationis
1540 465 1763 533 gratiam
1814 479 2002 518 conse-

434 576 644 631 quatur.
664 564 768 616 Nec
800 567 1011 613 moveat
1033 557 1175 627 quod
1208 571 1460 610 numerus
1482 556 1700 624 pluralis
1721 553 2005 622 adjunctus

435 667 536 709 est.
575 654 803 720 Pupulus
830 652 972 705 enim
997 664 1117 702 cum
1167 649 1382 714 dicitur,
1414 650 1591 717 plures
1623 649 1672 700 in
1704 663 1770 702 eo
1798 647 2003 715 signiti-

435 743 541 798 cari
574 755 728 809 posse
768 756 872 793 non
905 739 1124 792 dubium
1156 746 1257 792 est.
1303 739 1430 790 Nam
1462 752 1582 791 cum
1613 737 1814 801 dicunt,
1842 751 1997 806 repu-

435 833 561 894 luti,
594 830 876 884 ostendunt
938 829 1124 883 divino
1173 843 1396 881 munere
1439 841 1469 880 a
1525 827 1701 881 studio
1741 825 2004 880 scelerum

436 937 495 974 se
525 921 688 972 fuisse
718 927 1016 981 revocatos,
1077 933 1142 970 ne
1175 917 1226 970 in
1259 917 1439 985 pravis
1471 915 1807 982 dogmatibus
1823 929 2006 969 eorum

435 1013 536 1064 \ita
575 1011 836 1063 ﬁniretur.
876 1007 1148 1078 Sequitur,
1180 1016 1227 1060 et
1261 1006 1560 1060 destruxisti
1585 1021 1697 1059 nos.
1730 1005 1920 1060 Merito
1940 1003 2007 1058 ad

435 1101 726 1173 gratiarum
757 1100 1018 1153 actionem
1070 1098 1214 1152 venit
1273 1101 1370 1153 ista
1402 1098 1717 1162 destructio,
1773 1112 1891 1166 quas
1931 1095 2009 1152 sic

435 1195 630 1247 evertit
654 1201 709 1246 ut
741 1200 1047 1260 construat,
1073 1191 1149 1245 sic
1167 1189 1388 1260 deponit
1427 1199 1485 1246 ut
1507 1189 1704 1258 erigat,
1737 1188 1814 1242 sic
1838 1187 2009 1241 humi-

435 1286 529 1338 liat
563 1293 621 1337 ut
670 1283 1024 1336 adcmlorum
1059 1297 1222 1351 regna
1266 1281 1539 1350 perducat.
1565 1279 1690 1333 llaec
1715 1279 1856 1333 enim
1886 1293 2010 1332 ver-

440 1378 504 1430 ba
537 1391 642 1428 non
674 1375 996 1445 ingratorum
1034 1374 1312 1441 suscipias,
1347 1372 1439 1426 sed
1473 1369 1640 1438 magis
1663 1368 2007 1438 gaudentium

434 1480 554 1521 rsse
581 1478 896 1534 cognoscas.
917 1463 1154 1526 Addidit,
1180 1463 1342 1514 iratus
1367 1464 1419 1514 e's
1442 1473 1485 1514 et
1510 1461 1744 1513 misertus
1769 1475 1818 1512 es
1842 1459 2004 1512 nobis.

439 1554 460 1605 1
471 1565 634 1618 ratus,
658 1557 970 1608 adversatos
985 1554 1240 1607 debemus
1258 1551 1559 1611 advertere,
1575 1565 1798 1619 quorum
1815 1565 2005 1620 supcr-

2108 382 2398 442 n'artyrum
2461 382 2700 426 catervas
2760 373 2915 425 saevis
2981 372 3313 440 passionibus
3374 376 3645 442 acquisivit.

2109 460 2339 514 Ostendit
2369 460 2508 514 enim
2546 461 2598 514 in
2642 461 2742 513 hoc
2773 461 3060 514 transitum
3107 461 3302 516 mundo
3337 462 3485 528 justis
3511 466 3648 531 dura,

2108 561 2163 604 ut
2190 552 2377 606 reddat
2408 552 2459 604 in
2492 550 2578 604 illa
2607 553 2904 606 aeternitate
2926 552 3178 619 pretiosa.
3203 554 3315 606 Non
3353 556 3486 609 enim
3514 556 3654 626 jubet

2108 654 2296 694 vacare
2329 639 2556 695 famulos
2586 655 2730 701 suos,
2763 654 2860 694 nec
2887 639 2956 694 de
2986 639 3262 694 latitudine
3286 657 3344 696 se
3369 644 3526 698 otiosa
3555 657 3653 700 tra-

2108 738 2288 785 ctare:
2317 729 2410 784 sed
2442 739 2518 792 ut,
2544 730 2692 783 duris
2722 730 2992 784 laboribus
3017 731 3311 797 exercitati,
3342 734 3404 787 ad
3445 737 3656 801 palmam

2107 819 2226 887 ejus
2274 819 2654 872 misericordia:
2705 831 3006 875 mereantur
3052 821 3262 876 adduci.
3315 824 3400 878 Sic
3434 826 3659 883 enim-et

2109 910 2302 965 Paulus
2325 911 2452 965 dicit
2485 925 2500 963 :
2535 909 2702 964 Nemo
2739 920 3031 978 coronatur,
3062 913 3163 966 nisi
3202 914 3417 984 legitime
3457 929 3662 975 certatus

2109 1005 2261 1074 fuerit
2288 1001 2375 1074 (11
2407 1003 2540 1058 Tim.
2581 1019 2637 1068 tt,
2673 1003 2752 1074 5).
2784 1004 3017 1067 Addidit,
3061 1003 3254 1059 Potasti
3285 1024 3375 1061 nos
3402 1009 3512 1062 vino
3538 1027 3662 1064 com-

2111 1095 2420 1162 punctionis.
2449 1093 2582 1148 Vina
2609 1103 2915 1162 comparata
2937 1104 3018 1148 est
3037 1096 3224 1160 virtus,
3255 1113 3375 1165 quas
3401 1097 3451 1150 in
3481 1101 3662 1155 bonum

2111 1185 2438 1254 propositum
2489 1183 2724 1239 studium
2775 1195 2972 1239 nostra:
3009 1186 3299 1242 voluntatis
3343 1189 3594 1255 immutat,
3617 1201 3665 1247 et

2110 1275 2234 1328 facit
2279 1283 2420 1329 recta
2466 1289 2672 1343 sapere,
2706 1285 2982 1344 postquam
3013 1291 3070 1330 se
3101 1276 3224 1332 inde
3262 1282 3549 1334 meruerint
3575 1283 3664 1337 ltu-

2111 1365 2281 1419 miues
2306 1365 2488 1419 divina
2516 1365 2757 1434 largitate
2782 1367 3072 1434 complere.
3117 1367 3312 1422 Contra
3360 1370 3458 1423 hoc
3498 1373 3669 1426 huma-

2111 1471 2236 1510 num
2268 1457 2515 1524 poculum
2557 1457 2838 1510 sanitatem
2876 1458 3066 1512 mentis
3095 1460 3390 1524 excutiens,
3423 1462 3669 1518 intromit-

2111 1549 2171 1601 tit
2196 1548 2356 1601 verba
2379 1547 2646 1603 vanitatis.
2670 1548 2774 1603 Sed
2800 1558 2954 1618 potus
2977 1551 3064 1604 ille
3087 1567 3188 1611 non
3216 1553 3350 1616 oris,
3375 1555 3467 1608 sed
3494 1559 3671 1610 tuentis

442 1645 686 1697 stiliones
712 1653 762 1698 et
788 1643 1147 1712 vitiajustiiiae
1169 1657 1278 1694 sua}
1298 1642 1491 1695 virtute
1516 1640 1822 1707 prostravit.
1845 1641 2008 1695 Nmis
2038 1653 2086 1712 Β
2110 1648 2220 1700 est;
2263 1652 2360 1694 nec
2411 1637 2639 1691 humana
2686 1640 2943 1694 industria
2991 1653 3344 1710 pra-paratur,
3375 1644 3468 1698 5rd
3507 1646 3672 1702 divina

437 1749 665 1804 congrue
691 1735 916 1803 populus
945 1741 1000 1787 et
1041 1733 1232 1785 iratum
1257 1733 1355 1786 sibi
1397 1731 1522 1785 dit-it
1553 1731 1854 1797 Dominum,
1886 1745 2006 1784 cum

437 1835 702 1897 peccaret,
733 1836 779 1877 et
811 1827 1093 1888 misertttm,
1126 1826 1251 1877 dum
1280 1823 1345 1877 ad
1375 1823 1742 1877 conversionis
1774 1825 2006 1877 remedia

438 1918 786 1987 confugisset.
812 1919 900 1972 Sic
922 1925 1176 1984 utrasque
1205 1931 1394 1970 causas
1418 1915 1641 1984 singulis
1672 1915 2009 1968 sermonibus

438 2009 562 2064 fecit
594 2009 840 2079 intelligi.
885 2009 1015 2076 Qua:
1061 2009 1226 2078 figura
1275 2009 1471 2061 dicitur
1527 2006 1817 2074 eritphasis,
1850 2007 1899 2060 id
1929 1997 2012 2060 est

439 2099 799 2169 exaggeratio,
853 2099 1136 2151 clariorem
1188 2095 1434 2164 prabens
1483 2095 1810 2150 intellectum
1851 2110 2008 2164 quam

439 2193 598 2246 verba
631 2205 723 2256 per
751 2189 929 2256 seipsa
961 2188 1254 2242 declarant.
1303 2187 1382 2240 Ira
1417 2187 1740 2242 misericors.
1771 2187 2010 2257 indigna-

439 2282 514 2335 tio
539 2281 808 2345 salutaris,
835 2278 1124 2348 captivitas
1152 2278 1340 2339 libera,
1373 2277 1681 2332 adversatio
1720 2278 2007 2332 fructuosa.

439 2371 610 2425 Iratus
639 2379 711 2424 est
741 2386 890 2439 ergo,
935 2369 1148 2438 quando
1195 2370 1610 2438 superstitiones
1661 2375 1848 2424 eorutn‘
1877 2371 2009 2425 sub-

439 2462 632 2527 vertit;
665 2462 924 2522 misertus,
954 2458 1167 2527 quando
1185 2474 1280 2514 eos
1308 2457 1374 2513 ad
1401 2461 1599 2514 cultum
1627 2474 1766 2514 vera:
1797 2459 2010 2529 religio«

441 2555 523 2608 nis
548 2553 790 2608 adduxit.

515 2645 667 2701 Vers.
691 2646 745 2698 2.
778 2644 1104 2699 Commoviin
1129 2653 1317 2698 terram
1347 2651 1395 2699 et
1424 2644 1739 2698 conturbasti
1766 2659 2007 2700 eamus-

441 2752 506 2789 na
537 2735 863 2790 corn-itiones
889 2737 1019 2804 ejus,
1051 2737 1169 2805 quia
1201 2745 1340 2788 mota
1385 2745 1478 2790 est.
1521 2734 1754 2803 Terram,
1801 2738 2013 2790 univcr-

440 2843 557 2880 sum
599 2840 933 2894 peccatorem
965 2827 1223 2882 debemus
1268 2825 1590 2896 intelligere,
1643 2829 1729 2896 qui
1784 2829 2011 2881 adventu

445 2920 651 2973 homini
671 2932 972 2975 commotus
995 2932 1108 2986 est;
1139 2922 1277 2976 sicut
1306 2930 1361 2976 et
1389 2922 1440 2978 in
1468 2922 1574 2976 alio
1607 2924 1813 2990 psalmo
1833 2923 2009 2978 dictu-

2113 1727 2455 1796 i.»spiratione
2483 1729 2814 1795 conceditur,
2857 1731 2993 1786 sicut
3039 1736 3285 1800 superius
3335 1737 3528 1794 dictum
3556 1750 3672 1796 est:

2114 1819 2181 1874 Et
2210 1822 2448 1888 poculum
2477 1832 2616 1876 tuum
2645 1823 2900 1878 inebrians
2921 1842 3072 1894 quam
3092 1828 3402 1895 praeclarum
3420 1845 3487 1885 est
3512 1831 3673 1902 (Psal.

2111 1928 2239 1978 χχιι,
2272 1915 2360 1981 5)!
2392 1915 2522 1969 Nam
2552 1915 2677 1984 quid
2714 1917 2784 1971 sit
2827 1917 2966 1972 istud
3013 1921 3279 1987 poculum,
3330 1923 3544 1991 pulchre
3569 1926 3677 1982 bre-

2112 2004 2350 2075 viterque
2375 2005 2662 2062 definitum
2683 2015 2786 2072 est,
2809 1996 2872 2064 id
2907 2019 3008 2076 est,
3035 2012 3207 2066 uinum
3237 2015 3294 2066 in
3339 2031 3445 2084 quo
3476 2031 3576 2070 non
3603 2029 3678 2071 est

2111 2096 2296 2149 vitiosa
2328 2097 2502 2167 copia,
2531 2098 2623 2151 sed
2652 2101 3058 2170 compunctionis
3088 2103 3330 2156 ubertas.

2185 2188 2335 2243 Vers.
2377 2189 2431 2242 4.
2478 2188 2675 2244 Dedisti
2721 2193 3054 2248 metuentibus
3080 2203 3126 2247 te
3153 2195 3601 2265 signiﬁcationem,
3630 2208 3678 2248 ut

2111 2281 2312 2351 fugiant
2349 2296 2381 2332 a
2420 2281 2552 2348 facie
2595 2297 2765 2335 arcus.
2817 2283 2970 2338 Dedit
2997 2283 3318 2339 timentibus
3347 2286 3680 2356 signiﬁcatio-

2112 2384 2256 2436 nem,
2299 2369 2514 2438 quando
2559 2386 2653 2440 pcr
2701 2372 3004 2442 Scripturas
3051 2390 3176 2430 suas
3219 2377 3446 2432 edocuit
3494 2380 3543 2432 in
3593 2379 3683 2432 hoc

2114 2461 2314 2516 mundo
2343 2461 2620 2530 passiones
2647 2463 2985 2532 multiplices
3009 2478 3134 2519 suos
3166 2464 3515 2522 fidelissimos
3538 2469 3686 2522 susti-

2113 2565 2263 2616 nere,
2287 2552 2425 2606 sicut
2451 2553 2504 2606 in
2531 2553 2815 2623 Evangelia
2844 2555 2974 2610 dicit
2999 2573 3012 2609 :
3047 2555 3278 2610 Tradens
3309 2560 3445 2612 enim
3472 2575 3554 2613 vos
3581 2569 3686 2612 ants

2113 2660 2252 2715 reges
2280 2654 2327 2698 et
2353 2645 2616 2715 prmities,
2641 2657 2688 2702 et
2721 2647 2772 2699 in
2795 2648 3066 2718 synagogis
3087 2650 3192 2704 suis
3219 2650 3567 2722 ﬂagellabant
3592 2668 3688 2714 vos,

2111 2743 2160 2788 et
2188 2735 2327 2789 eritis
2357 2735 2476 2789 odio
2515 2737 2748 2790 omnibus
2787 2739 3016 2810 gentibus
3064 2750 3283 2809 propter
3323 2759 3506 2796 nomen
3536 2759 3689 2797 meum

2117 2827 2332 2896 (Matth.
2376 2844 2431 2892 ι,
2475 2829 2561 2893 l7,
2593 2831 2706 2892 l8).
2749 2829 2938 2886 Petrus
2973 2831 3184 2902 quoque
3213 2836 3500 2902 apostolus
3529 2835 3690 2889 dicit:

2121 2916 2338 2986 Tempus
2373 2929 2446 2973 est
2483 2929 2538 2973 ut
2563 2921 2823 2989 judicium
2855 2922 3065 2990 incipiat
3093 2941 3126 2977 a
3153 2923 3321 2980 domo
3349 2926 3447 2981 Dei
3477 2926 3528 2998 (I
3558 2926 3693 2980 Petr.

441 3027 530 3065 rus
554 3021 634 3065 est
665 3030 676 3064 :
715 3011 874 3076 Vidit,
901 3020 946 3064 et
977 3020 1227 3064 commota
1272 3022 1344 3065 est
1377 3022 1510 3066 terra
1551 3011 1722 3083 (Psal.
1755 3028 1898 3078 xcvr,
1927 3012 2008 3082 4).
2041 3006 2085 3068 C
2121 3023 2195 3074 tv,
2220 3009 2331 3080 17).
2366 3009 2524 3065 Vides
2547 3025 2672 3078 ergo
2701 3013 2820 3082 quia
2846 3013 3279 3084 signiﬁcationem
3309 3018 3453 3072 dedit
3484 3019 3694 3072 timenti-

444 3100 636 3154 Comnu
656 3103 693 3154 ti
717 3112 832 3154 sunt
861 3117 988 3170 ergo
1016 3113 1348 3176 peccatores,
1372 3103 1586 3172 quando
1626 3108 1860 3159 cufturas
1887 3119 2010 3160 suas

443 3192 549 3242 “(70
575 3205 937 3260 cognoverunt
965 3193 1352 3248 abominabiles
1374 3194 1665 3261 exstitisse,
1693 3197 1907 3264 quando
1938 3196 2013 3250 si-

440 3283 590 3333 tnnlau
612 3299 668 3335 ra
714 3297 807 3335 sua
853 3283 1066 3337 tandem
1119 3284 1406 3354 aliquando
1456 3286 1838 3342 intellexerunt
1891 3303 2013 3344 esse

441 3375 667 3441 lapidea.
699 3375 1205 3431 Auimadverlerunt
1231 3378 1391 3432 etiam
1413 3379 1626 3432 divitias
1657 3389 1709 3434 et
1756 3383 2011 3448 honores,

438 3480 734 3534 czceraquc
765 3467 945 3520 mundi
979 3467 1134 3536 hujus
1177 3469 1314 3536 apud
1349 3470 1511 3523 Deum
1559 3479 1845 3538 postrema,
1878 3487 1997 3540 qua:

440 3567 562 3612 ante
606 3570 858 3626 putaverc
908 3561 1196 3629 prmcipua.
1251 3559 1554 3615 Conturbati
1604 3571 1724 3616 sunt
1777 3579 2010 3632 quoque,

437 3652 650 3718 quando
679 3652 818 3705 inter
845 3653 1116 3707 doctrinas
1145 3641 1278 3708 alias
1303 3655 1605 3710 audierunt.
1641 3657 2012 3726 Apprehendite

438 3743 782 3808 disciplinam,
833 3745 990 3814 199
1031 3746 1296 3814 nequando
1348 3747 1602 3800 irascatur
1651 3747 1914 3813 Dominus,
1963 3760 2012 3804 et

437 3837 654 3902 pereatis
683 3836 748 3888 de
778 3837 864 3888 via
879 3838 1026 3906 justa
1056 3837 1227 3908 (Psal.
1277 3854 1335 3904 ll,
1380 3839 1492 3908 12).
1527 3840 1592 3894 Et
1621 3839 1740 3895 vide
1769 3842 2011 3896 ordinem

439 3924 624 3990 psatmi
693 3925 1050 3994 pulcherrima
1102 3930 1410 3983 narratione
1458 3929 1810 3999 dispositum;
1867 3933 2012 4001 prius

437 4013 580 4066 enim
609 4015 726 4078 fttit,
759 4025 817 4068 ut
847 4029 1350 4083 commoverentur;
1385 4029 1522 4088 post,
1556 4029 1613 4073 ut
1641 4023 2007 4077 conturbareri-

438 4112 538 4156 tnr.
592 4105 886 4175 Sequitur,
917 4123 1045 4161 sana
1074 4111 1404 4163 contritiones
1437 4114 1572 4182 ejus,
1601 4113 1721 4181 quia
1751 4125 1884 4167 mata
1912 4123 2006 4171 est.

438 4193 652 4248 lecsti
685 4196 890 4251 Medico
908 4199 1207 4266 produntur
1233 4201 1474 4267 vulnera,
1504 4210 1562 4254 ut
1589 4203 1834 4258 contritis
1854 4206 2010 4274 :rgris

433 4295 746 4352 competens
808 4288 1074 4342 medicina
1131 4301 1428 4345 succurrat.
1486 4291 1589 4348 Sed
1648 4294 2005 4363 intelligamus

2117 3101 2208 3154 bus
2239 3101 2467 3156 se..liacc
2499 3101 2618 3157 ideo
2665 3102 2774 3156 fieri
2821 3114 2878 3157 ut
2920 3103 3078 3158 futuri
3119 3105 3320 3174 judicii
3355 3124 3509 3178 pinna
3539 3110 3693 3179 possit

2114 3189 2286 3243 evadi.
2315 3189 2428 3257 Ipsa
2450 3191 2590 3245 enim
2619 3205 2778 3246 causa
2806 3192 3166 3263 subsequitur,
3202 3209 3263 3250 ut
3290 3199 3500 3268 fugiant
3520 3217 3551 3251 a
3574 3200 3690 3268 faris

2115 3293 2283 3355 arcus.
2317 3277 2496 3334 Facies
2525 3297 2674 3335 arcus
2705 3281 2843 3336 diem
2889 3283 3073 3353 judicii
3113 3287 3408 3344 evidenter
3450 3291 3691 3352 ostendit,

2116 3370 2202 3424 ubi
2229 3369 2358 3426 Novi
2391 3383 2441 3427 et
2474 3373 2678 3428 Veteris
2703 3375 3029 3430 Testamenti
3065 3379 3219 3446 quasi
3249 3380 3465 3436 duobus
3497 3381 3693 3444 inﬂexis

2109 3461 2252 3531 jugis
2291 3467 2467 3518 omnis
2511 3467 2735 3534 populus
2768 3467 3053 3536 iudicatur.
3087 3469 3194 3524 Sed
3226 3473 3323 3528 ille
3352 3475 3421 3527 ab
3451 3474 3554 3528 isto
3583 3489 3695 3525 arcu

2115 3554 2385 3623 sagittam,
2435 3554 2488 3609 id
2537 3566 2619 3611 est
2657 3559 2974 3612 sententiam
3016 3576 3119 3614 non
3151 3564 3408 3632 suscipit.
3443 3565 3533 3633 qui
3562 3579 3618 3618 se
3649 3566 3693 3615 in

2116 3644 2463 3702 humilitatem
2493 3647 2842 3704 confessionis
2871 3650 3058 3705 devota
3111 3654 3422 3710 intentione
3472 3665 3697 3723 prostra-

2113 3733 2270 3790 verit.
2303 3737 2535 3806 Agamus
2565 3751 2692 3808 ergo
2736 3739 2959 3794 Domino
2997 3744 3218 3810 gratias,
3251 3746 3347 3814 qui
3381 3761 3480 3814 per
3507 3745 3697 3815 signiﬁ-

2113 3827 2334 3882 cationes
2364 3828 2799 3896 praedicationum
2840 3832 3015 3887 timeri
3044 3832 3169 3888 fecit
3200 3835 3351 3890 hunc
3382 3853 3585 3901 arcum,
3617 3851 3698 3902 per

2112 3929 2268 3984 quem
2297 3917 2348 3970 iu
2375 3916 2571 3984 judicio
2602 3918 2812 3974 Domini
2844 3919 3016 3975 omnis
3064 3925 3373 3990 percutitur
3403 3925 3696 3979 iudevotus.

2187 4007 2336 4062 Vers.
2377 4005 2430 4062 5.
2462 4009 2529 4063 Ut
2563 4011 2836 4064 liberentur
2879 4011 3054 4067 dilecti
3095 4013 3172 4067 tui
3205 4030 3228 4069 :
3257 4016 3466 4078 salvum
3505 4033 3584 4070 me
3629 4016 3700 4082 {ac

2111 4099 2321 4152 dextera
2353 4111 2457 4164 tua,
2486 4111 2534 4154 et
2557 4103 2742 4155 exaudi
2767 4119 2862 4157 me.
2886 4104 3116 4172 Populus
3145 4104 3241 4160 ille
3273 4106 3548 4172 fidelium,
3575 4107 3700 4159 divi.

2113 4190 2193 4244 nis
2239 4193 2347 4257 jam
2396 4193 2679 4248 virtutibus
2731 4195 3079 4264 subjugatus,
3133 4200 3448 4253 secundam
3505 4208 3700 4269 partem

2112 4285 2510 4352 supplicationis
2551 4287 2874 4356 ingreditur,
2930 4290 3230 4356 deprecans
3281 4297 3341 4345 tit
3401 4291 3494 4345 Dei
3546 4292 3702 4343 virtus

433 4375 667 4443 quandiu
697 4391 790 4430 eos
820 4377 950 4430 dicit
990 4378 1243 4444 afﬂictos,
1266 4391 1322 4434 ut
1365 4397 1532 4450 usque
1558 4383 1622 4438 ad
1647 4386 2009 4442 contritiones
2040 4371 2092 4430 D
2118 4374 2481 4429 tribulationes
2511 4392 2695 4431 eorum
2728 4377 2778 4430 in
2803 4379 2979 4446 gaudii
3023 4380 3366 4436 alacritatem
3409 4390 3700 4437 convertat.

435 4467 743 4534 pervenisse
772 4469 1072 4523 videantur.
1100 4471 1202 4523 ista
1233 4482 1316 4525 est
1345 4475 1597 4527 contritio
1622 4491 1738 4542 quae
1766 4492 1863 4531 nos
1886 4478 2004 4530 effi-

433 4560 506 4612 cit
530 4557 780 4612 fortiores
807 4575 821 4611 :
854 4559 953 4613 ista
984 4570 1066 4613 est
1091 4562 1524 4631 debilitatioqutc
1548 4565 1721 4618 reddit
1745 4566 2004 4620 valentes.

432 4649 771 4704 Conterimur
787 4651 926 4705 enim
955 4663 1156 4718 mente,
1190 4656 1402 4722 quando
1426 4655 1490 4708 ad
1520 4656 1870 4712 humilitatem
1897 4669 2004 4713 tota

436 4741 600 4795 animi
649 4742 947 4820 intentione
994 4745 1403 4811 descendimus,
1434 4750 1574 4803 sicut
1602 4750 1652 4804 in
1683 4751 2010 4820 quinquage-

433 4835 568 4885 simo
622 4835 826 4901 psalmo
856 4835 1052 4890 dictum
1083 4848 1203 4892 est:
1239 4839 1337 4892 Cor
1378 4844 1651 4894 contritum
1691 4854 1735 4896 et
1763 4843 2006 4898 humilia-

432 4934 534 4975 tum
570 4923 704 4978 Deus
736 4942 836 4979 non
865 4929 1054 4995 spernit
1081 4927 1254 4995 (I’sal.
1291 4945 1338 4990 ι..
1394 4931 1501 4997 19).
1534 4931 1598 4984 Et
1627 4945 1682 4984 ut
1705 4931 2009 4987 misericor-

433 5017 571 5064 dam
601 5014 1005 5069 cletnrntissimi
1044 5016 1247 5070 .ludicis
1280 5019 1608 5087 impetraret,
1633 5020 1858 5087 addidit,
1885 5023 2006 5088 quia

431 5112 572 5155 mota
594 5114 686 5171 est,
711 5104 760 5157 id
787 5115 867 5158 est
892 5121 919 5158 a
946 5108 1170 5174 pristino
1195 5124 1381 5164 errore
1407 5111 1662 5164 translata
1687 5120 1801 5174 est;
1836 5122 1889 5165 ut
1914 5113 2005 5166 tibi

432 5193 656 5247 Domino
690 5205 894 5263 pareat,
923 5213 1039 5267 qua:
1073 5208 1195 5253 ante
1227 5199 1380 5253 idolis
1402 5201 1688 5254 serviebat.

506 5283 652 5339 γει-μ.
808 5286 1079 5340 Ostendisti
1120 5289 1308 5358 populo
1356 5299 1442 5341 tuo
1489 5291 1652 5351 dura;
1692 5291 1876 5356 potasti
1907 5307 2001 5344 nos

429 5379 545 5430 uino
592 5381 1012 5448 compunctiouis.
1067 5380 1192 5433 Post
1241 5378 1489 5433 victorias
1557 5381 1814 5433 salutares
1863 5396 1999 5451 quas

429 5466 681 5523 Dominus
712 5471 776 5525 de
811 5471 991 5524 mundi
1024 5471 1178 5524 is:ius
1206 5470 1635 5525 reconciliatione
1661 5471 1874 5539 perfecit
1907 5487 2002 5538 per

428 5563 671 5624 gravant,
700 5562 822 5616 dicit
857 5566 1042 5630 populo
1070 5556 1179 5626 tuo,
1211 5560 1260 5614 id
1291 5570 1370 5616 est
1402 5560 1492 5615 tibi
1534 5562 1811 5631 suljugato
1841 5575 1998 5630 atque

2113 4464 2175 4517 Et
2220 4465 2353 4519 bene
2385 4477 2632 4536 precatur
2662 4469 2887 4537 pOpulus
2925 4471 3022 4525 iste
3054 4479 3108 4523 ut
3141 4473 3324 4526 salvus
3355 4471 3456 4542 ﬁat"
3479 4473 3700 4536 dextera,

2109 4557 2228 4625 quia
2257 4558 2307 4610 in
2333 4557 2446 4626 ipsa
2469 4568 2617 4626 parte
2641 4561 2828 4614 staturi
2853 4569 2996 4625 sunt,
3028 4563 3115 4629 qui
3145 4575 3423 4631 perpetua
3459 4563 3702 4622 felicitate

2107 4650 2430 4718 gaudebunt.
2474 4651 2687 4707 Poterat
2735 4653 3038 4722 supplicare
3069 4663 3124 4705 ut
3163 4654 3362 4722 salvus
3397 4655 3550 4710 fieret
3574 4663 3627 4708 ct
3656 4656 3702 4705 in

2115 4739 2214 4794 hoc
2256 4743 2479 4808 saeculo,
2525 4746 2662 4796 sicut
2710 4742 2761 4796 in
2797 4744 3135 4812 languoribus
3190 4746 3429 4814 petitur,
3474 4748 3612 4802 sicut
3655 4744 3702 4798 in

2113 4831 2535 4888 tribulationibus
2567 4833 2865 4902 postulatur
2898 4836 3030 4888 :sed
3073 4836 3298 4890 dextera
3344 4838 3564 4892 Domini
3607 4836 3708 4889 sal-

2108 4936 2225 4974 vum
2256 4936 2314 4976 se
2345 4923 2456 4989 ﬁeri
2478 4923 2811 4992 deprecatur,
2846 4925 2934 4980 ubi
2963 4933 3161 4980 acterna
3197 4928 3356 4981 salus
3388 4940 3498 4995 est,
3520 4928 3705 4982 etsino

2111 5011 2214 5070 line
2243 5013 2440 5066 betitia.

2184 5101 2337 5158 Vers.
2371 5103 2422 5157 6.
2460 5102 2591 5157 Deus
2618 5104 2816 5158 locutus
2857 5114 2928 5157 est
2969 5106 3019 5160 in
3053 5116 3239 5161 sancto
3270 5126 3370 5162 suo
3399 5125 3420 5163 :
3450 5109 3700 5170 Lte'abor,

2103 5201 2150 5245 et
2197 5193 2422 5246 dividant
2479 5193 2790 5259 Sichimam,
2833 5205 2880 5248 et
2922 5195 3208 5250 convallem
3257 5199 3703 5253 tabernaculorum

2106 5285 2334 5340 metibor.
2364 5286 2496 5339 Deus
2527 5286 2680 5342 Pater
2707 5287 2902 5340 locutus
2924 5297 2994 5340 est
3023 5289 3072 5340 in
3101 5298 3295 5342 sancto
3324 5307 3445 5356 suo,
3477 5291 3525 5343 id
3550 5298 3631 5344 est
3652 5290 3702 5340 in

2105 5375 2335 5437 Christo,
2375 5377 2584 5444 quando
2618 5376 2844 5430 Verbum
2890 5391 3013 5430 caro
3057 5377 3267 5432 factum
3321 5390 3409 5432 est
3442 5389 3497 5436 et
3527 5378 3702 5434 mundi

2104 5467 2344 5521 Salvator
2373 5467 2638 5535 apparuit.
2677 5468 2896 5521 Locutus
2921 5479 2992 5521 est
3022 5478 3207 5521 autem
3242 5470 3519 5540 significat
3548 5486 3702 5524 evan-

2104 5560 2327 5628 gelicatu
2357 5561 2654 5626 veritatem,
2698 5575 2792 5628 per
2835 5576 2990 5630 quam
3042 5561 3199 5614 venit
3235 5563 3546 5632 redemptio
3575 5563 3700 5616 iide-
