4000 6172
227 188 315 241 tsi
1173 183 1527 240 rxvusmo
1569 182 1629 237 ιχ
1675 157 2126 244 rstmemuu.
2182 192 2371 249 l‘SAL.
2420 194 2529 249 [ιχ

3377 204 3480 260 ιέἳ

212 302 337 353 .ium
387 307 441 352 et
490 301 759 353 beatitudo
812 312 1133 355 sanctorum.
1191 305 1424 369 Addidit,
1477 305 1703 369 lurtabnr,
1748 315 1794 356 et
1826 309 1867 362 A
1900 306 2166 359 sissitnam
2198 313 2643 365 resurrectionem
2690 330 2837 368 suam
2876 318 3092 372 contulit
3138 322 3250 388 spei
3286 333 3481 379 nostra;

206 392 440 442 dividam
494 391 797 443 Sichimam.
856 392 1004 445 Juste
1064 394 1344 449 lmtabatur
1401 398 1657 464 populus,
1711 396 1795 449 cui

204 496 470 549 prospere
515 483 714 536 locutus
750 486 914 552 fuerat
959 486 1229 542 Dominus.
1270 490 1372 542 Sed
1422 490 1534 543 hinc
1580 491 1795 544 Hebrma

202 573 453 636 nomina,
486 587 582 641 per
606 573 745 628 hunc
773 586 825 628 et
847 576 978 629 alios
1008 585 1324 653 trestversus
1356 580 1444 645 qui
1476 590 1793 648 sequuntur,

199 664 371 715 mixta
395 662 597 718 Graecis
621 665 927 734 Latinisque
956 672 1315 734 sermonibus,
1348 672 1568 739 figuram
1600 672 1797 726 faciunt

198 758 525 819 sardi-mos,
556 773 677 823 qua:
703 758 759 812 ﬁt
785 758 1117 813 diversarum
1168 764 1553 817 commixtione
1598 765 1795 832 lingua

199 863 342 900 rum.
392 848 547 902 Nunc
592 848 659 902 ad
704 852 1015 916 exponenda
1045 853 1204 906 verba
1236 854 1529 908 veniamus.
1564 854 1795 910 Sic/timo

203 939 598 1006 interpretatur
623 938 859 1005 humeri;
884 950 938 994 et
962 942 1211 1011 quoniam
1233 945 1297 997 ad
1319 960 1453 998 onus
1481 947 1795 1012 portandum

201 1027 452 1081 divinum
491 1028 698 1082 humeri
744 1028 997 1084 decenter
1035 1042 1303 1099 aptantur,
1335 1034 1419 1088 hic
1447 1036 1577 1088 dixit
1606 1052 1620 1089 :
1653 1035 1795 1089 Divi-

204 1120 330 1169 dam
377 1118 684 1184 Sichimam,
718 1120 766 1173 id
795 1132 876 1174 est
907 1135 1041 1176 onus
1070 1123 1369 1179 devotionis
1410 1126 1622 1191 divinae,
1656 1130 1795 1195 quod

202 1211 500 1281 unicuique
539 1213 744 1267 ctelesti
793 1213 1169 1268 disuihutioue
1215 1218 1541 1270 conceditur.
1578 1218 1686 1271 lloc
1714 1231 1795 1273 est

205 1315 349 1355 onus
368 1302 511 1370 quod
540 1304 583 1355 si
605 1303 829 1359 defuerit
854 1303 1115 1373 cadimus,
1143 1306 1187 1359 si
1217 1316 1486 1373 portamus
1506 1310 1792 1378 erigimur;

203 1388 269 1441 de
302 1405 412 1457 quo
443 1393 699 1457 scriptum
728 1400 810 1445 est
841 1409 855 1444 :
885 1390 1074 1462 Iugum
1104 1410 1266 1448 meum
1289 1412 1441 1450 suave
1470 1409 1560 1459 est,
1593 1407 1639 1450 et
1669 1416 1795 1453 onus

172 1478 378 1534 'meum
398 1483 741 1554 lerc(.ilatth.
770 1502 843 1550 XI,
876 1484 985 1555 50).
1017 1487 1191 1541 Laetus
1238 1504 1366 1559 ergo
1415 1491 1635 1559 populus
1665 1494 1796 1546 divi-

203 1575 332 1625 dere
359 1588 420 1627 se
452 1573 581 1627 dicit
624 1589 784 1643 supra
829 1575 1081 1631 humeros
1117 1594 1243 1633 suos
1272 1581 1493 1653 gratiam
1524 1584 1793 1637 servitutis

1900 398 2326 461 eopiosissimum
2358 402 2618 457 fructum?
2653 408 2788 459 sicut
2826 409 2875 459 in
2907 409 3191 477 Evangelia
3224 417 3482 471 Dominus

1898 487 2066 542 dicit:
2097 490 2212 543 Nisi
2249 511 2461 561 granum
2505 498 2661 550 tritici
2695 500 2880 552 cadens
2923 504 2973 555 in
3004 512 3189 557 terram
3226 521 3482 563 mortuum

1906 580 2082 647 fuerit,
2116 584 2279 649 ipsum
2318 588 2482 638 solum
2515 601 2710 654 manet;
2738 594 2781 643 si
2817 605 2981 646 autem
3019 608 3274 650 mortuum
3305 602 3477 667 fuerit,

1898 671 2112 722 multant
2142 672 2367 739 fructum
2402 676 2552 741 alfrrt
2579 679 2753 739 (Joau.
2805 699 2896 749 xu,
2930 685 3043 753 ἓξ).
3078 688 3307 759 Ailjccit,
3337 692 3479 745 Iuda

1896 774 1988 811 rer
2028 776 2190 813 meus.
2237 760 2378 815 Juda
2408 765 2651 822 Christus
2679 771 3024 838 signiﬁcatur,
3063 778 3147 845 qui
3184 781 3477 834 secundum

1897 861 2113 905 carrum
2146 850 2211 905 de
2242 852 2393 906 Judaz
2433 858 2599 925 stirpe
2635 859 2929 917 descendit.
2965 866 3066 919 lste
3094 884 3221 938 ergo
3254 875 3477 939 populus

1897 954 1924 990 a
1972 942 2108 994 tituli
2158 943 2245 997 illa
2298 947 2644 1015 inscriptione
2692 969 2795 1006 non
2840 956 3129 1024 discrepat,
3169 964 3253 1028 qui
3298 981 3475 1032 regem

1898 1028 1995 1081 sibi
2024 1030 2235 1098 Judam,
2276 1035 2324 1087 id
2356 1044 2437 1089 est
2467 1038 2798 1094 Salvatorem
2841 1059 2960 1098 esse
2990 1056 3228 1103 testatur.
3263 1052 3325 1105 Et
3354 1028 3475 1108 cum

1899 1122 2251 1178 exsultatione
2279 1127 2562 1199 dicendum
2596 1142 2675 1187 est
2710 1152 2721 1186 :
2748 1134 2890 1190 ludo
2918 1157 3009 1192 rer
3038 1158 3195 1206 meus,
3225 1148 3475 1214 quoniam

1898 1212 2012 1265 Ι]ωο
2035 1224 2117 1269 est
2148 1216 2377 1271 ﬁdelium
2402 1222 2632 1288 gloriosa
2662 1226 2947 1282 confessio.

1970 1303 2125 1359 Vers.
2164 1306 2217 1361 8.
2259 1307 2409 1361 Moab
2441 1312 2544 1365 olla
2572 1317 2680 1380 spei
2702 1334 2855 1382 metu;
2896 1322 2947 1374 in
2982 1321 3261 1379 Iduma’am
3301 1338 3474 1383 exten-

1899 1395 2018 1448 dam
2038 1399 2433 1454 calceamentum
2463 1422 2660 1469 meum;
2694 1411 2819 1463 mihi
2845 1414 3091 1484 allophyli
3118 1420 3306 1473 subditi
3335 1432 3471 1475 sunt.

1900 1484 2053 1539 lloab
2080 1502 2175 1556 pro
2200 1492 2445 1555 gentibus
2469 1498 2703 1565 ponitur,
2729 1502 2867 1556 unde
2888 1510 3308 1576 congregandam
3340 1528 3475 1581 prie-

1898 1576 2107 1631 dicebat
2147 1579 2465 1635 Ecclesia'n.
2512 1585 2628 1639 Ulla
2668 1592 2777 1658 apri
2818 1594 3089 1649 tribulatio
3116 1576 3471 1666 signiﬁcatur.

203 1675 255 1717 et
285 1664 438 1729 ﬁdei,
467 1680 624 1733 quam
656 1667 805 1721 novit
828 1668 1097 1724 levissimo
1123 1670 1265 1725 fasce
1295 1682 1524 1740 portare.
1556 1676 1790 1743 Addidit,
1828 1666 1871 1723 Β
1899 1668 1991 1721 sed
2045 1669 2133 1722 illa
2182 1686 2337 1739 quam
2371 1674 2422 1726 iu
2462 1676 2560 1729 hoc
2604 1680 2801 1733 mundo
2844 1664 3177 1738 sanctissimi
3213 1691 3475 1747 sustinent

202 1768 249 1809 et
270 1758 563 1811 convallem
586 1761 1031 1815 tabernaculorum
1054 1765 1280 1819 metibor.
1308 1752 1611 1822 Patrlarclia
1634 1769 1797 1823 Jacob

205 1850 535 1916 supellectili
570 1851 954 1921 pecoribusque
982 1853 1293 1922 ditissimus,
1321 1871 1442 1911 cum
1471 1873 1531 1913 se
1554 1875 1583 1913 a
1616 1859 1793 1914 Laban

203 1954 407 1994 socero
439 1956 537 1994 suo
567 1942 796 2010 migrare
837 1944 1179 2011 decrevisset,
1208 1947 1353 2002 venit
1390 1949 1455 2003 ad
1500 1952 1794 2007 conval'em

205 2031 408 2100 Syrize,
466 2032 555 2085 ubi
588 2034 916 2089 mansionem
950 2051 1171 2103 ponens,
1203 2052 1331 2093 oves
1377 2038 1492 2108 ejus
1532 2041 1797 2110 quievisse

207 2138 524 2191 narrantur,
573 2125 689 2181 loco
721 2128 817 2195 ipsi
865 2144 929 2182 ex
980 2128 1305 2186 habitatione
1334 2147 1426 2186 sua
1460 2134 1796 2188 tabernacula

206 2232 413 2271 nomen
462 2218 777 2287 imponens;
810 2230 861 2273 et
890 2221 1010 2289 quia
1046 2236 1174 2276 oves
1218 2223 1385 2278 Jacob
1434 2225 1522 2279 hic
1564 2225 1796 2281 Judaic.e

209 2307 359 2375 plebi
404 2311 789 2364 convenienter
844 2318 1128 2380 aptantur,
1185 2315 1438 2382 populum
1481 2316 1569 2383 qui
1615 2325 1793 2387 typum

208 2408 415 2451 sancta:
469 2408 614 2453 tenet
665 2400 915 2455 Ecclesia:
955 2401 1133 2455 dicit:
1171 2403 1387 2457 Mclibor
1431 2415 1477 2459 et
1521 2411 1796 2461 convallem

209 2488 681 2553 tabernaculorum,
710 2492 759 2543 Μ
789 2500 889 2555 est,
919 2492 986 2547 de
1007 2493 1223 2548 Judaica
1248 2495 1563 2551 collectione
1591 2496 1795 2553 habebo

210 2596 323 2633 non
356 2581 630 2634 minimam
663 2583 985 2649 portionem.
1015 2584 1235 2639 Constat
1261 2587 1401 2640 enim
1428 2587 1494 2641 de
1520 2587 1679 2641 variis
1705 2602 1791 2641 na-

209 2673 453 2725 tionibus
481 2673 768 2726 Ecclesiam
792 2673 1026 2741 Domini,
1053 2677 1203 2745 quasi
1221 2692 1284 2731 ex
1300 2676 1525 2731 diversis
1553 2677 1792 2743 ﬂoribus,

209 2764 258 2813 iu
302 2778 405 2813 una
440 2778 652 2817 corona:
682 2765 863 2831 specie
890 2779 1007 2819 esse
1040 2765 1337 2821 formatam.
1368 2766 1625 2821 Cortrallis
1654 2770 1795 2823 enim

208 2853 355 2905 dicta
384 2862 470 2907 est
491 2855 639 2922 quasi
673 2866 858 2909 cavata
888 2856 1055 2909 vallis.

287 2944 443 2999 νει-8.
477 2948 527 2999 7.
559 2945 705 2999 .lleus
738 2957 810 3001 rst
839 2946 1060 3015 Calaad,
1092 2959 1137 3002 et
1165 2966 1301 3003 meus
1333 2962 1403 3003 est
1438 2950 1719 3015 Manasses,
1750 2962 1795 3005 et

1900 1759 2211 1826 Christiani,
2246 1779 2364 1831 quae
2395 1767 2457 1819 ad
2486 1783 2635 1836 spem
2667 1771 2783 1825 vita:
2815 1783 3047 1840 sclerum,
3082 1777 3120 1830 Ι)
3144 1780 3302 1833 οιιιὶηο
3334 1798 3473 1850 prte-

1900 1860 2095 1915 stante,
2130 1855 2437 1923 porrigitur,
2465 1859 2602 1913 sicut
2636 1862 2766 1917 dicit
2807 1865 3097 1933 Apostolus
3135 1891 3147 1921 :
3180 1870 3475 1926 (flor-famur

1898 1939 1951 1992 in
1980 1942 2408 2011 tribulationibus,
2450 1950 2658 2002 scientes
2700 1953 2819 2018 quia
2868 1956 3127 2009 tribulatio
3177 1962 3473 2027 patientiam

1899 2044 2137 2102 aperatur
2164 2051 2183 2089 .'
2214 2038 2457 2105 patientia
2481 2053 2650 2094 autem
2681 2044 3054 2116 probationem,
3087 2052 3315 2116 probatio
3355 2070 3474 2108 veo

1898 2140 2059 2194 spem,
2086 2142 2199 2196 spes
2222 2136 2388 2179 autem
2418 2146 2515 2182 non
2544 2134 2808 2200 confundit
2834 2135 3009 2201 (Rom.
3034 2155 3086 2202 v,
3117 2139 3195 2207 4),
3225 2153 3328 2195 etc.
3358 2144 3476 2197 ()lla

1901 2230 2031 2269 vero
2056 2225 2110 2271 et
2141 2218 2192 2270 in
2225 2220 2413 2272 malam
2456 2231 2657 2285 partem
2708 2226 2942 2292 ponitur,
2972 2244 3035 2281 eo
3060 2231 3199 2296 quod
3234 2234 3284 2285 iu
3313 2250 3475 2289 sensu

1899 2321 2062 2376 pravo
2093 2310 2237 2363 velut
2272 2310 2408 2364 unda
2439 2310 2765 2367 decoctionis
2795 2326 3088 2383 exaestuat;
3122 2322 3187 2375 de
3218 2322 3315 2376 hac
3347 2325 3477 2377 scri-

1898 2411 2045 2467 ptttm
2082 2410 2162 2453 est
2196 2418 2209 2452 :
2245 2398 2363 2453 Olla
2402 2418 2645 2460 succensa
2691 2406 2741 2458 in
2791 2407 3038 2475 Aquilone
3079 2410 3211 2481 (Jcr.
3261 2429 3298 2478 ι,
3354 2416 3474 2485 15>ς

1898 2488 2038 2557 quod
2086 2488 2267 2558 utique
2317 2492 2512 2547 diaboli
2572 2495 2833 2561 signiﬁcat
2889 2500 3343 2571 machinationes,
3385 2510 3473 2575 qui

1899 2577 2031 2631 dixit
2063 2595 2076 2630 :
2113 2578 2312 2633 Portam
2352 2584 2519 2634 scdem
2551 2600 2713 2636 meam
2743 2587 2810 2638 ad
2837 2588 3139 2657 Aquilonem
3167 2592 3320 2664 (lsai.
3366 2612 3473 2660 xiv,

1900 2670 2013 2739 15).
2044 2669 2317 2739 Sequitur,
2358 2674 2409 2726 in
2448 2671 2733 2728 Iduma'am
2778 2682 3045 2733 extendam
3082 2685 3474 2740 calceamcntum

1898 2773 2083 2812 meum.
2134 2757 2366 2814 ldumata
2413 2770 2618 2816 terrena
2670 2765 2955 2834 signiﬁcat,
3006 2770 3197 2836 quibus
3247 2776 3475 2829 mundus

1901 2857 2110 2903 tenetur
2156 2849 2436 2904 obnoxius.
2499 2852 2576 2906 Ad
2632 2852 2747 2907 lucc
2798 2857 3039 2922 pervenit
3094 2858 3471 2930 Evangelium,

1899 2940 2110 3010 quando
2141 2942 2510 3008 peccatoribus
2540 2944 2821 2999 clementia
2856 2947 3034 3000 divina
3066 2952 3329 3007 subvenit.
3358 2955 3476 3008 Cal-

209 3037 415 3102 Eﬂrcm
439 3036 563 3109 Irus.
594 3041 685 3102 A.,
719 3037 985 3111 Epitraim]
1018 3032 1263 3111 fortitudo
1294 3042 1475 3109 capitis
1498 3043 1625 3106 moi;
1656 3043 1794 3097 Jttda

1903 3044 2218 3087 ccamentttm
2274 3035 2415 3087 enim
2471 3038 2901 3104 prmdicationcm
2965 3043 3233 3112 Evangelii
3285 3062 3476 3103 Conve-

208 3146 308 3180 τελε
353 3146 513 3183 παίω.
561 3130 923 3184 Discutiumus
972 3132 1084 3185 ha-c
1134 3134 1366 3195 nomina,
1412 3134 1661 3203 quoniam
1710 3150 1792 3200 ea,

211 3221 358 3274 sicut
394 3222 504 3287 jam
549 3220 798 3286 diximus,
850 3222 1257 3290 significationes
1299 3238 1475 3277 rerum
1521 3224 1797 3279 continere

214 3310 558 3364 manifestum
596 3320 702 3365 est.
740 3312 940 3366 Galaad
982 3313 1361 3382 interpretatur
1398 3330 1618 3369 acervus
1652 3318 1799 3370 testi—

214 3402 408 3468 monii,
437 3402 579 3471 quod
620 3403 685 3455 ad
724 3412 985 3474 martyres
1029 3392 1217 3459 rel'crii
1261 3422 1416 3473 posse
1446 3422 1547 3460 non
1581 3407 1796 3461 dubium

216 3507 321 3551 est.
362 3495 551 3550 Testes
598 3498 740 3551 enim
788 3497 967 3552 Graeca
1016 3500 1188 3568 lingua
1231 3511 1490 3568 martyres
1530 3499 1795 3555 dicuntur.

222 3589 361 3655 Ergo
388 3602 613 3641 acervus
638 3589 725 3641 ille
752 3590 1059 3657 testimonii,
1086 3590 1175 3658 qui
1196 3590 1489 3645 ctelestium
1512 3606 1795 3659 granorum

220 3689 608 3734 nunierostate
653 3681 908 3734 collectus
947 3691 1049 3746 est,
1088 3696 1331 3750 magnam
1377 3680 1639 3750 significat
1680 3696 1799 3737 ese

223 3779 515 3838 martyrum
568 3771 1056 3839 congregationem.
1105 3774 1343 3825 Acervus
1386 3771 1527 3827 enim
1577 3773 1645 3827 de
1692 3772 1800 3828 imo

225 3873 469 3927 surgens,
501 3860 567 3912 ad
605 3875 871 3913 summum
926 3861 1121 3923 tendit;
1167 3862 1253 3931 qui
1293 3862 1434 3931 jusm
1476 3864 1801 3931 martyribus

226 3962 585 4020 comparatur,
618 3953 866 4021 quoniam
911 3955 977 4006 ad
1022 3953 1338 4007 immortalia
1364 3954 1501 4007 dona
1538 3954 1798 4022 perducti,

226 4043 430 4097 scelesti
476 4043 781 4097 summitate
839 4046 1128 4113 potiuntur.
1184 4044 1332 4098 Hunc
1379 4059 1507 4114 ergo
1555 4060 1799 4100 acervum

228 4138 420 4189 merito
464 4151 615 4190 suum
667 4136 838 4190 ﬁdelis
885 4137 1109 4205 populus
1152 4138 1300 4202 dicit,
1339 4153 1407 4192 ex
1450 4153 1555 4207 quo
1595 4146 1801 4191 constat

226 4226 469 4279 eﬂ'ectus.
508 4226 785 4294 Sequitur,
815 4235 863 4279 et
905 4242 1043 4279 meus
1080 4235 1153 4279 est
1203 4222 1487 4280 Manasses.
1534 4226 1801 4280 Manasses

229 4318 607 4384 inurrpietatur
632 4318 850 4371 oblitus.
884 4316 1026 4370 inter
1060 4317 1175 4371 illas
1220 4317 1359 4371 enim
1408 4316 1801 4386 persecutiones
1830 4370 1837 4377 _

1901 3124 2109 3179 uienter
2135 3124 2480 3189 advertimus,
2508 3126 2630 3195 quia
2660 3126 2796 3180 sicut
2825 3131 3047 3196 pedibus
3079 3136 3273 3190 noswis
3306 3141 3477 3191 muni-

1898 3217 2039 3268 mina
2083 3216 2538 3269 calceamentorum
2588 3217 2859 3271 molestias
2916 3224 3184 3290 Spinarnm
3241 3230 3478 3297 aliasque

1900 3305 2120 3374 injurias
2148 3308 2436 3376 repellunt,
2486 3309 2555 3363 ita
2583 3317 2636 3363 ct
2659 3310 2776 3364 \itre
2807 3304 3003 3366 nosiraa
3032 3316 3475 3383 gloriosissimum

1899 3396 2222 3461 institutum,
2254 3398 2395 3467 quod
2446 3401 2753 3469 frequenter
2797 3405 3071 3472 gressibus
3115 3422 3475 3475 comparatur,

1900 3488 2201 3556 emngclia
2262 3488 2547 3557 prccmunit
2602 3493 2925 3560 auctoritas,
2976 3504 3032 3548 ut
3086 3499 3174 3551 tali
3218 3500 3478 3555 beneficio

1901 3579 2235 3639 commoniti,
2271 3580 2409 3633 hunc
2438 3581 2694 3636 mundum
2720 3584 2833 3638 sine
2857 3585 3120 3656 aliquibus
3150 3590 3476 3655 lmsiouibus,

1903 3671 2180 3725 muniente
2213 3665 2471 3739 Domino,~
2489 3681 2843 3730 transeamus.
2884 3678 3149 3749 Scriptum
3180 3694 3263 3736 est
3292 3686 3432 3739 enim
3462 3705 3474 3739 :

1906 3763 2072 3829 Quam
2097 3765 2309 3833 speciosi
2334 3765 2481 3834 pedes
2513 3782 2686 3820 eorum
2714 3769 2802 3837 qui
2826 3773 3132 3824 annuntiant
3161 3791 3356 3843 pacem,
3390 3782 3476 3847 qui

1902 3857 2205 3908 annuntiant
2254 3856 2384 3909 bona
2434 3856 2585 3925 (Isai.
2639 3874 2732 3925 ιιι,
2781 3860 2875 3928 7)!
2909 3871 2955 3913 et
2998 3867 3206 3917 calceoli
3249 3870 3400 3936 pedes
3430 3872 3480 3923 iu

1903 3944 2325 4014 prteparationem
2352 3944 2610 4015 Evangelii
2634 3946 2850 4017 (Epltes.
2882 3964 2953 4013 Vi,
2984 3950 3089 4021 lii).
3120 3953 3227 4008 lloc
3249 3966 3331 4009 est
3353 3974 3480 4028 ergo

1903 4037 2299 4090 calceamentum
2330 4039 2469 4105 quod
2508 4054 2604 4093 nos
2642 4041 2811 4095 munit
2853 4052 3039 4097 contra
3071 4046 3218 4108 vitia,
3248 4046 3359 4101 lucc
3390 4052 3480 4105 de-

1905 4128 2074 4182 fen~io
2123 4144 2241 4198 quas
2285 4130 2467 4185 surculi
2530 4131 2685 4200 hujus
2747 4134 2963 4202 spinosa
3022 4139 3381 4205 transcendit,
3426 4150 3481 4197 ut

1903 4217 2099 4272 la'dere
2126 4234 2227 4271 non
2261 4230 2478 4287 queant,
2510 4237 2627 4291 qua:
2658 4225 2971 4276 actuuinatis
2999 4226 3204 4280 insidiis
3246 4229 3480 4296 proban-

1906 4316 1989 4360 tur
2021 4317 2242 4361 armata.
2281 4310 2510 4377 Adiecit,
2548 4311 2670 4364 milii
2702 4314 2954 4384 allapltyli
2987 4318 3176 4370 subditi
3204 4329 3342 4372 sunt.
3372 4320 3482 4374 Hoc

232 4410 498 4474 ﬁdelium,
548 4424 795 4477 magnum
843 4408 1184 4477 upprubrium
1236 4410 1514 4465 videbatur
1565 4412 1797 4466 Ecclesia

1908 4401 2045 4455 idem
2076 4402 2203 4455 dicit
2226 4403 2451 4470 populus
2476 4403 2809 4458 Christianus
2840 4408 3148 4478 altogrhylos,
3178 4410 3226 4463 id
3254 4421 3333 4465 cst
3357 4413 3482 4466 alic-

226 4505 515 4564 sustinere,
547 4502 758 4569 quando
798 4502 1101 4569 quicunque
1145 4503 1305 4573 200
1349 4503 1680 4556 Christianus
1723 4504 1801 4555 in-

232 4601 418 4645 ventus
450 4591 657 4656 fuisset,
687 4604 950 4658 prtet'eito
981 4594 1274 4661 principum
1306 4610 1625 4662 paganorum
1658 4595 1801 4663 capi-

232 4682 321 4734 tali
349 4682 575 4735 crimine
604 4682 969 4735 datuuabatur.
1015 4683 1126 4737 lloc
1166 4699 1294 4751 ergo
1321 4684 1662 4752 opprobrium
1687 4674 1797 4753 jam

233 4773 483 4840 probatur
530 4773 786 4827 abolitum
827 4782 882 4827 et
919 4774 1059 4829 felici
1097 4762 1381 4829 oblivione.
1403 4786 1795 4843 consumptum,

232 4867 444 4935 quando
480 4866 839 4920 Christianum
868 4882 987 4921 esse
1015 4866 1063 4919 in
1096 4866 1224 4920 urbe
1256 4866 1494 4919 Romano
1527 4883 1662 4920 nunc
1692 4868 1803 4934 glo-

232 4958 306 5010 ria
346 4967 450 5012 est.
496 4957 680 5012 Merito
715 4973 842 5028 ergo
883 4958 1050 5013 ﬁdelis
1087 4958 1308 5028 populus
1331 4960 1458 5013 dicit
1483 4960 1799 5013 oblivionem

233 5051 377 5103 illam
415 5064 537 5105 esse
576 5067 749 5118 suam,
786 5067 903 5120 qua:
942 5062 1054 5105 erat
1095 5051 1161 5105 de
1206 5052 1465 5104 scelerum
1514 5051 1802 5106 abolitime

233 5153 480 5206 ventura,
510 5143 645 5195 sicut
675 5142 868 5211 Josepli
900 5142 1025 5196 dicit
1060 5160 1071 5194 :
1105 5143 1345 5196 Oblivisci
1390 5159 1467 5195 me
1508 5142 1623 5210 fecit
1667 5142 1802 5193 Dius

230 5231 455 5283 dolorem
478 5242 522 5285 et
554 5233 759 5284 domum
792 5234 949 5300 patris
980 5233 1074 5295 mei
1101 5231 1252 5304 (Gen.
1285 5247 1393 5297 XLI,
1421 5234 1530 5300 5i).
1565 5233 1798 5298 Addidit,

233 5331 279 5371 et
325 5318 517 5387 E/i'rem
550 5322 794 5389 fortitudo
834 5325 1014 5393 capitis
1056 5324 1175 5377 mei.
1224 5322 1414 5388 E/frrm
1467 5323 1803 5377 fructificatio

232 5413 457 5479 dicitur;
493 5414 583 5468 sed
625 5430 742 5483 que
784 5416 852 5468 sit
895 5418 991 5468 ista
1041 5414 1377 5468 fructiﬁcatio
1417 5423 1803 5481 consequentur

235 5506 533 5571 exponitur,
571 5508 814 5571 fortitudo
855 5508 1029 5575 rapitis
1074 5507 1190 5558 moi.
1234 5506 1359 5570 Quis
1390 5504 1523 5556 alter
1563 5505 1659 5555 nisi
1692 5503 1801 5557 Sal-

238 5609 385 5655 vator
412 5609 492 5653 est
534 5600 808 5664 Dominus,
840 5602 924 5669 qui
972 5614 1128 5654 carne
1172 5598 1446 5653 moriendo
1480 5612 1571 5665 per
1598 5595 1801 5665 glorio—

1908 4494 2124 4561 nigenns
2156 4506 2181 4546 s
2206 4493 2253 4547 bi
2286 4492 2534 4560 subditos,
2564 4511 2695 4564 quos
2735 4497 2842 4564 jatn
2874 4501 3085 4567 quidem
3118 4511 3328 4555 constat
3362 4519 3483 4559 esse

1908 4584 2200 4637 confessis.
2252 4585 2357 4638 Sed
2407 4592 2536 4639 istos
2580 4586 2870 4656 allophylos
2902 4588 3051 4643 fictos
3097 4591 3210 4644 vult
3258 4594 3481 4663 intelligi

1906 4680 2256 4744 Christianos,
2300 4681 2387 4748 qui
2439 4681 2574 4735 inter
2625 4680 2804 4736 ﬁdeles
2855 4684 3065 4737 assidua
3110 4686 3322 4753 quidem
3374 4688 3481 4741 fre-

1909 4774 2248 4841 queutalioue
2279 4774 2636 4838 conveniunt;
2674 4775 2766 4828 sed
2804 4777 3051 4843 quoniam
3091 4779 3272 4833 vivunt
3302 4780 3482 4833 animo

1910 4879 2181 4932 perverso,
2214 4879 2316 4916 non
2350 4873 2471 4917 sunt
2500 4866 2766 4933 rcgnaturi
2799 4879 2917 4918 cum
2952 4866 3194 4921 Domino.

1986 4956 2134 5008 Yers.
2167 4955 2217 5008 9.
2253 4954 2375 5020 Quis
2403 4956 2613 5007 deducet
2636 4971 2714 5007 me
2734 4955 2784 5007 in
2817 4957 3063 5009 civitatcm
3088 4958 3370 5011 munitam?
3393 4969 3482 5013 aut

1908 5046 2019 5113 quis
2046 5044 2253 5094 deducet
2279 5059 2353 5094 me
2380 5060 2533 5111 usque
2566 5044 2616 5094 in
2647 5041 2965 5097 lduma’am?
2999 5045 3267 5100 Desiderio
3292 5046 3480 5101 futura:

1910 5134 2250 5187 betitndiuis
2295 5133 2376 5185 ﬁdi
2402 5134 2466 5187 lis
2494 5134 2718 5201 populus
2753 5134 3015 5188 exclamat
3048 5138 3111 5189 ad
3149 5136 3427 5191 Dominum
3464 5157 3477 5192 :

1916 5226 2038 5288 Quis
2075 5226 2284 5277 deducet
2324 5226 2439 5277 me?
2481 5226 2528 5277 id
2576 5235 2655 5277 est
2688 5225 2880 5289 nullus,
2917 5227 3019 5280 nisi
3059 5236 3110 5281 tu
3142 5228 3286 5281 solus
3317 5228 3480 5284 Deus.

1908 5317 2170 5371 Ciritatcm
2216 5319 2459 5368 munitam
2489 5316 2782 5369 JcrtISalem
2826 5317 3051 5371 futuram
3083 5320 3231 5383 dicit,
3263 5335 3377 5389 quae
3406 5322 3480 5375 sic

1913 5410 2111 5462 tuuuita
2157 5419 2314 5473 atque
2366 5406 2595 5474 perfecta
2627 5410 2747 5471 erit,
2782 5418 2836 5461 ut
2882 5411 3021 5463 nulla
3054 5412 3272 5465 ulterius
3308 5427 3481 5477 perse-

1914 5502 2125 5554 outiune
2172 5500 2466 5567 ,uatiatur,
2514 5514 2610 5551 nec
2662 5500 2953 5568 allopliylos
3012 5502 3200 5556 habent
3255 5505 3448 5557 mixtus

1914 5606 2042 5664 quos
2076 5607 2211 5645 nunc
2237 5591 2461 5644 susuuct
2492 5590 2750 5659 patienter
2779 5591 3035 5646 Ecclesia.
3068 5593 3357 5659 Sequitur:
3384 5600 3482 5653 Aut
