  <div class='ocr_page' id='page_1' title='image "/cluster/home/n/w/nwhite01/storage/ocr_20150623/70/hvd.32044054758735/217.png"; bbox 0 0 3956 6178; ppageno 0'>
   <div class='ocr_carea' id='block_1_1' title="bbox 529 232 632 289">
    <p class='ocr_par' dir='ltr' id='par_1_1' title="bbox 529 232 632 289">
     <span class='ocr_line' id='line_1_1' title="bbox 529 232 632 289; baseline 0.019 -2"><span class='ocrx_word' id='word_1_1' title='bbox 529 232 632 289; x_wconf 59' lang='grc'><strong>423</strong></span> 
     </span>
    </p>
   </div>
   <div class='ocr_carea' id='block_1_2' title="bbox 1735 222 2576 286">
    <p class='ocr_par' dir='ltr' id='par_1_2' title="bbox 1735 222 2576 286">
     <span class='ocr_line' id='line_1_2' title="bbox 1735 222 2576 286; baseline 0.005 -4"><span class='ocrx_word' id='word_1_2' title='bbox 1735 227 1809 283; x_wconf 85' lang='grc' dir='ltr'><strong>Μ.</strong></span> <span class='ocrx_word' id='word_1_3' title='bbox 1853 224 2135 282; x_wconf 66' lang='grc' dir='ltr'><strong>Αυῐῑεωι</strong></span> <span class='ocrx_word' id='word_1_4' title='bbox 2175 222 2576 286; x_wconf 69' lang='grc' dir='ltr'><strong>οΑδειυῡυιὶι</strong></span> 
     </span>
    </p>
   </div>
   <div class='ocr_carea' id='block_1_3' title="bbox 3710 216 3806 275">
    <p class='ocr_par' dir='ltr' id='par_1_3' title="bbox 3710 216 3806 275">
     <span class='ocr_line' id='line_1_3' title="bbox 3710 216 3806 275; baseline 0.031 -3"><span class='ocrx_word' id='word_1_5' title='bbox 3710 216 3806 275; x_wconf 63' lang='lat'><strong>£91</strong></span> 
     </span>
    </p>
   </div>
   <div class='ocr_carea' id='block_1_4' title="bbox 528 330 3812 414">
    <p class='ocr_par' dir='ltr' id='par_1_4' title="bbox 528 330 3812 414">
     <span class='ocr_line' id='line_1_4' title="bbox 528 330 3812 414; baseline -0.002 -18"><span class='ocrx_word' id='word_1_6' title='bbox 528 346 640 414; x_wconf 85' lang='lat' dir='ltr'><strong>quis</strong></span> <span class='ocrx_word' id='word_1_7' title='bbox 673 345 879 401; x_wconf 82' lang='lat' dir='ltr'><strong>deducet</strong></span> <span class='ocrx_word' id='word_1_8' title='bbox 921 359 1001 397; x_wconf 82' lang='lat' dir='ltr'><strong>me</strong></span> <span class='ocrx_word' id='word_1_9' title='bbox 1034 358 1193 412; x_wconf 82' lang='lat' dir='ltr'><strong>usque</strong></span> <span class='ocrx_word' id='word_1_10' title='bbox 1229 342 1281 395; x_wconf 87' lang='lat' dir='ltr'><strong>in</strong></span> <span class='ocrx_word' id='word_1_11' title='bbox 1318 338 1646 395; x_wconf 77' lang='lat' dir='ltr'><strong>Idamwam?</strong></span> <span class='ocrx_word' id='word_1_12' title='bbox 1688 338 1945 407; x_wconf 71' lang='lat' dir='ltr'><strong>“unum,</strong></span> <span class='ocrx_word' id='word_1_13' title='bbox 1978 338 2115 394; x_wconf 89' lang='lat' dir='ltr'><strong>sicut</strong></span> <span class='ocrx_word' id='word_1_14' title='bbox 2147 341 2193 399; x_wconf 79' lang='grc' dir='ltr'><strong>Α</strong></span> <span class='ocrx_word' id='word_1_15' title='bbox 2220 337 2374 404; x_wconf 85' lang='lat' dir='ltr'><strong>sime,</strong></span> <span class='ocrx_word' id='word_1_16' title='bbox 2406 351 2542 406; x_wconf 90' lang='lat' dir='ltr'><strong>opus</strong></span> <span class='ocrx_word' id='word_1_17' title='bbox 2568 348 2691 391; x_wconf 89' lang='lat' dir='ltr'><strong>sunt</strong></span> <span class='ocrx_word' id='word_1_18' title='bbox 2716 354 2888 406; x_wconf 80' lang='lat' dir='ltr'><strong>arma,</strong></span> <span class='ocrx_word' id='word_1_19' title='bbox 2918 336 3006 408; x_wconf 87' lang='lat' dir='ltr'><strong>qui</strong></span> <span class='ocrx_word' id='word_1_20' title='bbox 3044 336 3243 391; x_wconf 86' lang='lat' dir='ltr'><strong>habere</strong></span> <span class='ocrx_word' id='word_1_21' title='bbox 3274 330 3397 389; x_wconf 83' lang='lat' dir='ltr'><strong>talia</strong></span> <span class='ocrx_word' id='word_1_22' title='bbox 3428 334 3672 404; x_wconf 80' lang='lat' dir='ltr'><strong>probaris</strong></span> <span class='ocrx_word' id='word_1_23' title='bbox 3714 349 3812 386; x_wconf 78' lang='lat' dir='ltr'><strong>au-</strong></span> 
     </span>
    </p>
   </div>
   <div class='ocr_carea' id='block_1_5' title="bbox 529 433 2115 506">
    <p class='ocr_par' dir='ltr' id='par_1_5' title="bbox 529 433 2115 506">
     <span class='ocr_line' id='line_1_5' title="bbox 529 433 2115 506; baseline -0.006 -13"><span class='ocrx_word' id='word_1_24' title='bbox 529 440 777 506; x_wconf 81' lang='lat' dir='ltr'><strong>superius</strong></span> <span class='ocrx_word' id='word_1_25' title='bbox 822 439 1074 501; x_wconf 76' lang='lat' dir='ltr'><strong>diximus,</strong></span> <span class='ocrx_word' id='word_1_26' title='bbox 1126 448 1337 489; x_wconf 87' lang='lat' dir='ltr'><strong>terrena</strong></span> <span class='ocrx_word' id='word_1_27' title='bbox 1385 433 1668 503; x_wconf 83' lang='lat' dir='ltr'><strong>significat.</strong></span> <span class='ocrx_word' id='word_1_28' title='bbox 1727 435 1855 497; x_wconf 81' lang='lat' dir='ltr'><strong>Quis</strong></span> <span class='ocrx_word' id='word_1_29' title='bbox 1902 433 2115 486; x_wconf 84' lang='lat' dir='ltr'><strong>deducet</strong></span> 
     </span>
    </p>
   </div>
   <div class='ocr_carea' id='block_1_6' title="bbox 530 523 2114 595">
    <p class='ocr_par' dir='ltr' id='par_1_6' title="bbox 530 523 2114 595">
     <span class='ocr_line' id='line_1_6' title="bbox 530 523 2114 595; baseline -0.003 -13"><span class='ocrx_word' id='word_1_30' title='bbox 530 533 650 584; x_wconf 83' lang='lat' dir='ltr'><strong>me?</strong></span> <span class='ocrx_word' id='word_1_31' title='bbox 687 529 787 583; x_wconf 86' lang='lat' dir='ltr'><strong>sub</strong></span> <span class='ocrx_word' id='word_1_32' title='bbox 829 527 1246 595; x_wconf 87' lang='lat' dir='ltr'><strong>interrogatione</strong></span> <span class='ocrx_word' id='word_1_33' title='bbox 1293 525 1575 595; x_wconf 87' lang='lat' dir='ltr'><strong>legendum</strong></span> <span class='ocrx_word' id='word_1_34' title='bbox 1604 533 1709 593; x_wconf 87' lang='lat' dir='ltr'><strong>est,</strong></span> <span class='ocrx_word' id='word_1_35' title='bbox 1744 526 1879 593; x_wconf 89' lang='lat' dir='ltr'><strong>ipse,</strong></span> <span class='ocrx_word' id='word_1_36' title='bbox 1912 523 2114 578; x_wconf 72' lang='lat' dir='ltr'><strong>scilicet</strong></span> 
     </span>
    </p>
   </div>
   <div class='ocr_carea' id='block_1_7' title="bbox 530 617 2115 689">
    <p class='ocr_par' dir='ltr' id='par_1_7' title="bbox 530 617 2115 689">
     <span class='ocr_line' id='line_1_7' title="bbox 530 617 2115 689; baseline -0.003 -14"><span class='ocrx_word' id='word_1_37' title='bbox 530 621 690 684; x_wconf 84' lang='lat' dir='ltr'><strong>Deus,</strong></span> <span class='ocrx_word' id='word_1_38' title='bbox 732 635 891 689; x_wconf 86' lang='lat' dir='ltr'><strong>quem</strong></span> <span class='ocrx_word' id='word_1_39' title='bbox 932 620 1060 674; x_wconf 91' lang='lat' dir='ltr'><strong>dicit</strong></span> <span class='ocrx_word' id='word_1_40' title='bbox 1107 618 1349 674; x_wconf 89' lang='lat' dir='ltr'><strong>inferius.</strong></span> <span class='ocrx_word' id='word_1_41' title='bbox 1404 618 1685 674; x_wconf 90' lang='lat' dir='ltr'><strong>Desiderat</strong></span> <span class='ocrx_word' id='word_1_42' title='bbox 1726 619 1867 673; x_wconf 87' lang='lat' dir='ltr'><strong>enim</strong></span> <span class='ocrx_word' id='word_1_43' title='bbox 1902 628 1955 672; x_wconf 88' lang='lat' dir='ltr'><strong>et</strong></span> <span class='ocrx_word' id='word_1_44' title='bbox 1994 617 2115 671; x_wconf 89' lang='lat' dir='ltr'><strong>illos</strong></span> 
     </span>
    </p>
   </div>
   <div class='ocr_carea' id='block_1_8' title="bbox 532 713 2114 782">
    <p class='ocr_par' dir='ltr' id='par_1_8' title="bbox 532 713 2114 782">
     <span class='ocr_line' id='line_1_8' title="bbox 532 713 2114 782; baseline -0.001 -16"><span class='ocrx_word' id='word_1_45' title='bbox 532 714 755 782; x_wconf 87' lang='lat' dir='ltr'><strong>populos</strong></span> <span class='ocrx_word' id='word_1_46' title='bbox 779 713 879 767; x_wconf 89' lang='lat' dir='ltr'><strong>sibi</strong></span> <span class='ocrx_word' id='word_1_47' title='bbox 900 713 1178 782; x_wconf 85' lang='lat' dir='ltr'><strong>applicari,</strong></span> <span class='ocrx_word' id='word_1_48' title='bbox 1204 714 1294 782; x_wconf 92' lang='lat' dir='ltr'><strong>qui</strong></span> <span class='ocrx_word' id='word_1_49' title='bbox 1324 713 1497 766; x_wconf 90' lang='lat' dir='ltr'><strong>adhuc</strong></span> <span class='ocrx_word' id='word_1_50' title='bbox 1524 727 1631 766; x_wconf 92' lang='lat' dir='ltr'><strong>non</strong></span> <span class='ocrx_word' id='word_1_51' title='bbox 1662 720 1970 767; x_wconf 90' lang='lat' dir='ltr'><strong>meruerunt</strong></span> <span class='ocrx_word' id='word_1_52' title='bbox 1994 726 2114 766; x_wconf 89' lang='lat' dir='ltr'><strong>esse</strong></span> 
     </span>
    </p>
   </div>
   <div class='ocr_carea' id='block_1_9' title="bbox 532 802 2115 873">
    <p class='ocr_par' dir='ltr' id='par_1_9' title="bbox 532 802 2115 873">
     <span class='ocr_line' id='line_1_9' title="bbox 532 802 2115 873; baseline 0 -17"><span class='ocrx_word' id='word_1_53' title='bbox 532 804 784 873; x_wconf 78' lang='lat' dir='ltr'><strong>perfecti,</strong></span> <span class='ocrx_word' id='word_1_54' title='bbox 817 813 874 859; x_wconf 92' lang='lat' dir='ltr'><strong>ut</strong></span> <span class='ocrx_word' id='word_1_55' title='bbox 909 805 1173 873; x_wconf 88' lang='lat' dir='ltr'><strong>eotnpleto</strong></span> <span class='ocrx_word' id='word_1_56' title='bbox 1213 819 1436 858; x_wconf 85' lang='lat' dir='ltr'><strong>numero</strong></span> <span class='ocrx_word' id='word_1_57' title='bbox 1483 804 2003 873; x_wconf 73' lang='lat' dir='ltr'><strong>prtedestinatorum.</strong></span> <span class='ocrx_word' id='word_1_58' title='bbox 2039 802 2115 856; x_wconf 79' lang='lat' dir='ltr'><strong>si-</strong></span> 
     </span>
    </p>
   </div>
   <div class='ocr_carea' id='block_1_10' title="bbox 530 896 1968 966">
    <p class='ocr_par' dir='ltr' id='par_1_10' title="bbox 530 896 1968 966">
     <span class='ocr_line' id='line_1_10' title="bbox 530 896 1968 966; baseline -0.001 -16"><span class='ocrx_word' id='word_1_59' title='bbox 530 896 639 950; x_wconf 90' lang='lat' dir='ltr'><strong>mul</strong></span> <span class='ocrx_word' id='word_1_60' title='bbox 671 897 735 949; x_wconf 90' lang='lat' dir='ltr'><strong>ad</strong></span> <span class='ocrx_word' id='word_1_61' title='bbox 768 906 985 951; x_wconf 62' lang='lat' dir='ltr'><strong>internae</strong></span> <span class='ocrx_word' id='word_1_62' title='bbox 1016 896 1360 951; x_wconf 82' lang='lat' dir='ltr'><strong>beatitudinis</strong></span> <span class='ocrx_word' id='word_1_63' title='bbox 1387 896 1577 966; x_wconf 83' lang='lat' dir='ltr'><strong>gaudia</strong></span> <span class='ocrx_word' id='word_1_64' title='bbox 1604 897 1968 964; x_wconf 82' lang='lat' dir='ltr'><strong>pervenirent.</strong></span> 
     </span>
    </p>
   </div>
   <div class='ocr_carea' id='block_1_11' title="bbox 603 986 2116 1058">
    <p class='ocr_par' dir='ltr' id='par_1_11' title="bbox 603 986 2116 1058">
     <span class='ocr_line' id='line_1_11' title="bbox 603 986 2116 1058; baseline -0.003 -17"><span class='ocrx_word' id='word_1_65' title='bbox 603 988 751 1042; x_wconf 86' lang='lat' dir='ltr'><strong>Vcrs.</strong></span> <span class='ocrx_word' id='word_1_66' title='bbox 787 991 874 1043; x_wconf 76' lang='grc'><strong>10.</strong></span> <span class='ocrx_word' id='word_1_67' title='bbox 911 988 1097 1042; x_wconf 84' lang='lat' dir='ltr'><strong>Nonne</strong></span> <span class='ocrx_word' id='word_1_68' title='bbox 1125 1000 1199 1054; x_wconf 87' lang='lat' dir='ltr'><strong>tu,</strong></span> <span class='ocrx_word' id='word_1_69' title='bbox 1236 986 1389 1051; x_wconf 92' lang='lat' dir='ltr'><strong>Deus,</strong></span> <span class='ocrx_word' id='word_1_70' title='bbox 1414 989 1501 1057; x_wconf 87' lang='lat' dir='ltr'><strong>qui</strong></span> <span class='ocrx_word' id='word_1_71' title='bbox 1523 988 1752 1058; x_wconf 82' lang='lat' dir='ltr'><strong>repulisti</strong></span> <span class='ocrx_word' id='word_1_72' title='bbox 1789 1003 1916 1053; x_wconf 83' lang='lat' dir='ltr'><strong>nos;</strong></span> <span class='ocrx_word' id='word_1_73' title='bbox 1940 998 1985 1039; x_wconf 89' lang='lat' dir='ltr'><strong>et</strong></span> <span class='ocrx_word' id='word_1_74' title='bbox 2015 1002 2116 1038; x_wconf 88' lang='lat' dir='ltr'><strong>non</strong></span> 
     </span>
    </p>
   </div>
   <div class='ocr_carea' id='block_1_12' title="bbox 528 1077 2116 1148">
    <p class='ocr_par' dir='ltr' id='par_1_12' title="bbox 528 1077 2116 1148">
     <span class='ocr_line' id='line_1_12' title="bbox 528 1077 2116 1148; baseline -0.001 -15"><span class='ocrx_word' id='word_1_75' title='bbox 528 1081 817 1148; x_wconf 79' lang='lat' dir='ltr'><strong>egredieris,</strong></span> <span class='ocrx_word' id='word_1_76' title='bbox 847 1080 1003 1144; x_wconf 84' lang='lat' dir='ltr'><strong>Deus,</strong></span> <span class='ocrx_word' id='word_1_77' title='bbox 1030 1080 1081 1132; x_wconf 87' lang='lat' dir='ltr'><strong>in</strong></span> <span class='ocrx_word' id='word_1_78' title='bbox 1106 1081 1371 1133; x_wconf 74' lang='lat' dir='ltr'><strong>virtutibus</strong></span> <span class='ocrx_word' id='word_1_79' title='bbox 1396 1080 1617 1133; x_wconf 74' lang='lat' dir='ltr'><strong>nostris?</strong></span> <span class='ocrx_word' id='word_1_80' title='bbox 1642 1078 1895 1143; x_wconf 88' lang='lat' dir='ltr'><strong>Dicettdo,</strong></span> <span class='ocrx_word' id='word_1_81' title='bbox 1928 1077 2116 1131; x_wconf 86' lang='lat' dir='ltr'><strong>Nonne</strong></span> 
     </span>
    </p>
   </div>
   <div class='ocr_carea' id='block_1_13' title="bbox 526 1170 2113 1242">
    <p class='ocr_par' dir='ltr' id='par_1_13' title="bbox 526 1170 2113 1242">
     <span class='ocr_line' id='line_1_13' title="bbox 526 1170 2113 1242; baseline -0.001 -17"><span class='ocrx_word' id='word_1_82' title='bbox 526 1187 606 1237; x_wconf 86' lang='lat' dir='ltr'><strong>tu,</strong></span> <span class='ocrx_word' id='word_1_83' title='bbox 635 1172 809 1226; x_wconf 82' lang='lat' dir='ltr'><strong>Deus?</strong></span> <span class='ocrx_word' id='word_1_84' title='bbox 835 1173 1071 1226; x_wconf 81' lang='lat' dir='ltr'><strong>05tendit</strong></span> <span class='ocrx_word' id='word_1_85' title='bbox 1094 1173 1159 1226; x_wconf 87' lang='lat' dir='ltr'><strong>de</strong></span> <span class='ocrx_word' id='word_1_86' title='bbox 1183 1188 1287 1242; x_wconf 91' lang='lat' dir='ltr'><strong>quo</strong></span> <span class='ocrx_word' id='word_1_87' title='bbox 1310 1173 1579 1241; x_wconf 80' lang='lat' dir='ltr'><strong>superius,</strong></span> <span class='ocrx_word' id='word_1_88' title='bbox 1612 1173 1746 1242; x_wconf 87' lang='lat' dir='ltr'><strong>quis,</strong></span> <span class='ocrx_word' id='word_1_89' title='bbox 1773 1171 2002 1225; x_wconf 87' lang='lat' dir='ltr'><strong>diccbat.</strong></span> <span class='ocrx_word' id='word_1_90' title='bbox 2034 1170 2113 1224; x_wconf 84' lang='lat' dir='ltr'><strong>&#39;l‘u</strong></span> 
     </span>
    </p>
   </div>
   <div class='ocr_carea' id='block_1_14' title="bbox 530 1262 2114 1335">
    <p class='ocr_par' dir='ltr' id='par_1_14' title="bbox 530 1262 2114 1335">
     <span class='ocr_line' id='line_1_14' title="bbox 530 1262 2114 1335; baseline -0.001 -16"><span class='ocrx_word' id='word_1_91' title='bbox 530 1284 737 1327; x_wconf 83' lang='lat' dir='ltr'><strong>revera.</strong></span> <span class='ocrx_word' id='word_1_92' title='bbox 771 1268 1016 1329; x_wconf 90' lang='lat' dir='ltr'><strong>Domine,</strong></span> <span class='ocrx_word' id='word_1_93' title='bbox 1048 1267 1304 1335; x_wconf 91' lang='lat' dir='ltr'><strong>perduces</strong></span> <span class='ocrx_word' id='word_1_94' title='bbox 1343 1267 1409 1319; x_wconf 88' lang='lat' dir='ltr'><strong>ad</strong></span> <span class='ocrx_word' id='word_1_95' title='bbox 1447 1279 1609 1335; x_wconf 88' lang='lat' dir='ltr'><strong>regna</strong></span> <span class='ocrx_word' id='word_1_96' title='bbox 1642 1275 1753 1329; x_wconf 91' lang='lat' dir='ltr'><strong>tua,</strong></span> <span class='ocrx_word' id='word_1_97' title='bbox 1786 1264 1874 1333; x_wconf 88' lang='lat' dir='ltr'><strong>qui</strong></span> <span class='ocrx_word' id='word_1_98' title='bbox 1906 1278 2001 1318; x_wconf 88' lang='lat' dir='ltr'><strong>nos</strong></span> <span class='ocrx_word' id='word_1_99' title='bbox 2031 1262 2114 1318; x_wconf 87' lang='lat' dir='ltr'><strong>fc-</strong></span> 
     </span>
    </p>
   </div>
   <div class='ocr_carea' id='block_1_15' title="bbox 528 1356 2113 1427">
    <p class='ocr_par' dir='ltr' id='par_1_15' title="bbox 528 1356 2113 1427">
     <span class='ocr_line' id='line_1_15' title="bbox 528 1356 2113 1427; baseline -0.002 -15"><span class='ocrx_word' id='word_1_100' title='bbox 528 1360 606 1412; x_wconf 79' lang='lat' dir='ltr'><strong>c&#39;s</strong></span> <span class='ocrx_word' id='word_1_101' title='bbox 633 1358 645 1411; x_wconf 93' lang='lat' dir='ltr'><strong>i</strong></span> <span class='ocrx_word' id='word_1_102' title='bbox 678 1358 933 1413; x_wconf 88' lang='lat' dir='ltr'><strong>damnare</strong></span> <span class='ocrx_word' id='word_1_103' title='bbox 979 1359 1297 1423; x_wconf 84' lang='lat' dir='ltr'><strong>simulacra,</strong></span> <span class='ocrx_word' id='word_1_104' title='bbox 1327 1369 1381 1411; x_wconf 91' lang='lat' dir='ltr'><strong>ut</strong></span> <span class='ocrx_word' id='word_1_105' title='bbox 1413 1358 1580 1427; x_wconf 82' lang='lat' dir='ltr'><strong>prosit</strong></span> <span class='ocrx_word' id='word_1_106' title='bbox 1610 1356 1762 1410; x_wconf 91' lang='lat' dir='ltr'><strong>nobis</strong></span> <span class='ocrx_word' id='word_1_107' title='bbox 1800 1365 1852 1410; x_wconf 90' lang='lat' dir='ltr'><strong>te</strong></span> <span class='ocrx_word' id='word_1_108' title='bbox 1881 1364 2113 1419; x_wconf 89' lang='lat' dir='ltr'><strong>secutos,</strong></span> 
     </span>
    </p>
   </div>
   <div class='ocr_carea' id='block_1_16' title="bbox 529 1444 2117 1517">
    <p class='ocr_par' dir='ltr' id='par_1_16' title="bbox 529 1444 2117 1517">
     <span class='ocr_line' id='line_1_16' title="bbox 529 1444 2117 1517; baseline 0.001 -20"><span class='ocrx_word' id='word_1_109' title='bbox 529 1463 685 1517; x_wconf 86' lang='lat' dir='ltr'><strong>quem</strong></span> <span class='ocrx_word' id='word_1_110' title='bbox 735 1448 1014 1502; x_wconf 79' lang='lat' dir='ltr'><strong>evidenter</strong></span> <span class='ocrx_word' id='word_1_111' title='bbox 1065 1450 1384 1516; x_wconf 81' lang='lat' dir='ltr'><strong>agnovimus</strong></span> <span class='ocrx_word' id='word_1_112' title='bbox 1440 1448 1611 1501; x_wconf 89' lang='lat' dir='ltr'><strong>solum</strong></span> <span class='ocrx_word' id='word_1_113' title='bbox 1660 1444 1968 1501; x_wconf 82' lang='lat' dir='ltr'><strong>Creatorem</strong></span> <span class='ocrx_word' id='word_1_114' title='bbox 2020 1461 2117 1499; x_wconf 87' lang='lat' dir='ltr'><strong>uo-</strong></span> 
     </span>
    </p>
   </div>
   <div class='ocr_carea' id='block_1_17' title="bbox 529 1536 2113 1607">
    <p class='ocr_par' dir='ltr' id='par_1_17' title="bbox 529 1536 2113 1607">
     <span class='ocr_line' id='line_1_17' title="bbox 529 1536 2113 1607; baseline 0 -18"><span class='ocrx_word' id='word_1_115' title='bbox 529 1548 720 1598; x_wconf 71' lang='lat' dir='ltr'><strong>strum,</strong></span> <span class='ocrx_word' id='word_1_116' title='bbox 754 1538 928 1591; x_wconf 90' lang='lat' dir='ltr'><strong>solum</strong></span> <span class='ocrx_word' id='word_1_117' title='bbox 976 1536 1174 1592; x_wconf 81' lang='lat' dir='ltr'><strong>debere</strong></span> <span class='ocrx_word' id='word_1_118' title='bbox 1223 1552 1343 1607; x_wconf 87' lang='lat' dir='ltr'><strong>esse</strong></span> <span class='ocrx_word' id='word_1_119' title='bbox 1391 1537 1700 1606; x_wconf 87' lang='lat' dir='ltr'><strong>propitium.</strong></span> <span class='ocrx_word' id='word_1_120' title='bbox 1752 1536 1887 1590; x_wconf 91' lang='lat' dir='ltr'><strong>Dicit</strong></span> <span class='ocrx_word' id='word_1_121' title='bbox 1922 1536 2113 1591; x_wconf 86' lang='lat' dir='ltr'><strong>enim:</strong></span> 
     </span>
    </p>
   </div>
   <div class='ocr_carea' id='block_1_18' title="bbox 531 1627 2112 1698">
    <p class='ocr_par' dir='ltr' id='par_1_18' title="bbox 531 1627 2112 1698">
     <span class='ocr_line' id='line_1_18' title="bbox 531 1627 2112 1698; baseline 0.001 -18"><span class='ocrx_word' id='word_1_122' title='bbox 531 1629 633 1694; x_wconf 83' lang='lat' dir='ltr'><strong>Qui</strong></span> <span class='ocrx_word' id='word_1_123' title='bbox 675 1630 909 1698; x_wconf 78' lang='lat' dir='ltr'><strong>repulisti</strong></span> <span class='ocrx_word' id='word_1_124' title='bbox 951 1644 1063 1693; x_wconf 86' lang='lat' dir='ltr'><strong>nos,</strong></span> <span class='ocrx_word' id='word_1_125' title='bbox 1108 1627 1162 1682; x_wconf 91' lang='lat' dir='ltr'><strong>id</strong></span> <span class='ocrx_word' id='word_1_126' title='bbox 1208 1638 1290 1681; x_wconf 92' lang='lat' dir='ltr'><strong>est</strong></span> <span class='ocrx_word' id='word_1_127' title='bbox 1328 1643 1356 1681; x_wconf 89' lang='lat' dir='ltr'><strong>a</strong></span> <span class='ocrx_word' id='word_1_128' title='bbox 1401 1629 1543 1681; x_wconf 86' lang='lat' dir='ltr'><strong>malo</strong></span> <span class='ocrx_word' id='word_1_129' title='bbox 1594 1628 1930 1696; x_wconf 80' lang='lat' dir='ltr'><strong>proliibuiSti,</strong></span> <span class='ocrx_word' id='word_1_130' title='bbox 1964 1644 2030 1681; x_wconf 89' lang='lat' dir='ltr'><strong>ne</strong></span> <span class='ocrx_word' id='word_1_131' title='bbox 2062 1629 2112 1681; x_wconf 91' lang='lat' dir='ltr'><strong>in</strong></span> 
     </span>
    </p>
   </div>
   <div class='ocr_carea' id='block_1_19' title="bbox 534 1704 2197 1787">
    <p class='ocr_par' dir='ltr' id='par_1_19' title="bbox 534 1704 2197 1787">
     <span class='ocr_line' id='line_1_19' title="bbox 534 1704 2197 1787; baseline 0.001 -14"><span class='ocrx_word' id='word_1_132' title='bbox 534 1730 712 1773; x_wconf 86' lang='lat' dir='ltr'><strong>nostra</strong></span> <span class='ocrx_word' id='word_1_133' title='bbox 758 1722 1028 1776; x_wconf 74' lang='lat' dir='ltr'><strong>voluntate</strong></span> <span class='ocrx_word' id='word_1_134' title='bbox 1068 1735 1406 1774; x_wconf 78' lang='lat' dir='ltr'><strong>versaremur</strong></span> <span class='ocrx_word' id='word_1_135' title='bbox 1444 1721 1675 1776; x_wconf 86' lang='lat' dir='ltr'><strong>erronei.</strong></span> <span class='ocrx_word' id='word_1_136' title='bbox 1725 1720 1933 1787; x_wconf 79' lang='lat' dir='ltr'><strong>Repulit</strong></span> <span class='ocrx_word' id='word_1_137' title='bbox 1974 1722 2116 1775; x_wconf 90' lang='lat' dir='ltr'><strong>enim</strong></span> <span class='ocrx_word' id='word_1_138' title='bbox 2150 1704 2197 1764; x_wconf 83' lang='lat' dir='ltr'><strong>B</strong></span> 
     </span>
    </p>
   </div>
   <div class='ocr_carea' id='block_1_20' title="bbox 533 1811 2118 1882">
    <p class='ocr_par' dir='ltr' id='par_1_20' title="bbox 533 1811 2118 1882">
     <span class='ocr_line' id='line_1_20' title="bbox 533 1811 2118 1882; baseline 0.001 -17"><span class='ocrx_word' id='word_1_139' title='bbox 533 1811 788 1865; x_wconf 84' lang='lat' dir='ltr'><strong>Dominus</strong></span> <span class='ocrx_word' id='word_1_140' title='bbox 831 1828 859 1863; x_wconf 90' lang='lat' dir='ltr'><strong>a</strong></span> <span class='ocrx_word' id='word_1_141' title='bbox 902 1812 1160 1881; x_wconf 72' lang='lat' dir='ltr'><strong>religione</strong></span> <span class='ocrx_word' id='word_1_142' title='bbox 1207 1827 1477 1880; x_wconf 87' lang='lat' dir='ltr'><strong>perversa,</strong></span> <span class='ocrx_word' id='word_1_143' title='bbox 1508 1829 1665 1882; x_wconf 83' lang='lat' dir='ltr'><strong>quem</strong></span> <span class='ocrx_word' id='word_1_144' title='bbox 1701 1813 1949 1882; x_wconf 82' lang='lat' dir='ltr'><strong>dignatur</strong></span> <span class='ocrx_word' id='word_1_145' title='bbox 1993 1828 2118 1882; x_wconf 88' lang='lat' dir='ltr'><strong>per-</strong></span> 
     </span>
    </p>
   </div>
   <div class='ocr_carea' id='block_1_21' title="bbox 528 1902 2118 1973">
    <p class='ocr_par' dir='ltr' id='par_1_21' title="bbox 528 1902 2118 1973">
     <span class='ocr_line' id='line_1_21' title="bbox 528 1902 2118 1973; baseline 0.001 -17"><span class='ocrx_word' id='word_1_146' title='bbox 528 1902 726 1957; x_wconf 88' lang='lat' dir='ltr'><strong>ducere</strong></span> <span class='ocrx_word' id='word_1_147' title='bbox 779 1902 844 1957; x_wconf 84' lang='lat' dir='ltr'><strong>ad</strong></span> <span class='ocrx_word' id='word_1_148' title='bbox 898 1904 1146 1973; x_wconf 82' lang='lat' dir='ltr'><strong>dogmata</strong></span> <span class='ocrx_word' id='word_1_149' title='bbox 1197 1904 1518 1969; x_wconf 83' lang='lat' dir='ltr'><strong>Christiana,</strong></span> <span class='ocrx_word' id='word_1_150' title='bbox 1571 1906 1707 1958; x_wconf 83' lang='lat' dir='ltr'><strong>sicut</strong></span> <span class='ocrx_word' id='word_1_151' title='bbox 1754 1913 1807 1957; x_wconf 92' lang='lat' dir='ltr'><strong>et</strong></span> <span class='ocrx_word' id='word_1_152' title='bbox 1850 1905 1899 1957; x_wconf 90' lang='lat' dir='ltr'><strong>in</strong></span> <span class='ocrx_word' id='word_1_153' title='bbox 1948 1904 2118 1971; x_wconf 86' lang='lat' dir='ltr'><strong>primo</strong></span> 
     </span>
    </p>
   </div>
   <div class='ocr_carea' id='block_1_22' title="bbox 532 1993 2118 2063">
    <p class='ocr_par' dir='ltr' id='par_1_22' title="bbox 532 1993 2118 2063">
     <span class='ocr_line' id='line_1_22' title="bbox 532 1993 2118 2063; baseline 0.003 -17"><span class='ocrx_word' id='word_1_154' title='bbox 532 2008 689 2047; x_wconf 89' lang='lat' dir='ltr'><strong>versu</strong></span> <span class='ocrx_word' id='word_1_155' title='bbox 722 1993 877 2063; x_wconf 90' lang='lat' dir='ltr'><strong>hujus</strong></span> <span class='ocrx_word' id='word_1_156' title='bbox 912 1995 1104 2061; x_wconf 81' lang='lat' dir='ltr'><strong>psalmi</strong></span> <span class='ocrx_word' id='word_1_157' title='bbox 1151 1994 1355 2050; x_wconf 88' lang='lat' dir='ltr'><strong>dictum</strong></span> <span class='ocrx_word' id='word_1_158' title='bbox 1397 2005 1480 2049; x_wconf 76' lang='lat' dir='ltr'><strong>est</strong></span> <span class='ocrx_word' id='word_1_159' title='bbox 1517 2012 1530 2047; x_wconf 92' lang='lat'><strong>:</strong></span> <span class='ocrx_word' id='word_1_160' title='bbox 1570 1994 1732 2059; x_wconf 88' lang='lat' dir='ltr'><strong>Deus,</strong></span> <span class='ocrx_word' id='word_1_161' title='bbox 1764 1997 1996 2063; x_wconf 72' lang='lat' dir='ltr'><strong>repulisti</strong></span> <span class='ocrx_word' id='word_1_162' title='bbox 2026 2012 2118 2050; x_wconf 88' lang='lat' dir='ltr'><strong>nos</strong></span> 
     </span>
    </p>
   </div>
   <div class='ocr_carea' id='block_1_23' title="bbox 526 2085 2120 2153">
    <p class='ocr_par' dir='ltr' id='par_1_23' title="bbox 526 2085 2120 2153">
     <span class='ocr_line' id='line_1_23' title="bbox 526 2085 2120 2153; baseline 0 -14"><span class='ocrx_word' id='word_1_163' title='bbox 526 2094 572 2139; x_wconf 85' lang='lat' dir='ltr'><strong>ct</strong></span> <span class='ocrx_word' id='word_1_164' title='bbox 602 2085 901 2137; x_wconf 70' lang='lat' dir='ltr'><strong>destruxisti</strong></span> <span class='ocrx_word' id='word_1_165' title='bbox 930 2102 1020 2140; x_wconf 88' lang='lat' dir='ltr'><strong>nos</strong></span> <span class='ocrx_word' id='word_1_166' title='bbox 1047 2100 1065 2139; x_wconf 92' lang='lat'><strong><em>:</em></strong></span> <span class='ocrx_word' id='word_1_167' title='bbox 1095 2085 1255 2138; x_wconf 85' lang='lat' dir='ltr'><strong>iratus</strong></span> <span class='ocrx_word' id='word_1_168' title='bbox 1288 2102 1359 2149; x_wconf 88' lang='lat' dir='ltr'><strong>es,</strong></span> <span class='ocrx_word' id='word_1_169' title='bbox 1392 2094 1441 2153; x_wconf 91' lang='lat' dir='ltr'><strong>et</strong></span> <span class='ocrx_word' id='word_1_170' title='bbox 1483 2086 1718 2139; x_wconf 79' lang='lat' dir='ltr'><strong>misertus</strong></span> <span class='ocrx_word' id='word_1_171' title='bbox 1746 2101 1797 2138; x_wconf 89' lang='lat' dir='ltr'><strong>es</strong></span> <span class='ocrx_word' id='word_1_172' title='bbox 1828 2085 1990 2138; x_wconf 88' lang='lat' dir='ltr'><strong>nobis.</strong></span> <span class='ocrx_word' id='word_1_173' title='bbox 2024 2085 2120 2139; x_wconf 88' lang='lat' dir='ltr'><strong>Sc-</strong></span> 
     </span>
    </p>
   </div>
   <div class='ocr_carea' id='block_1_24' title="bbox 526 2174 2112 2243">
    <p class='ocr_par' dir='ltr' id='par_1_24' title="bbox 526 2174 2112 2243">
     <span class='ocr_line' id='line_1_24' title="bbox 526 2174 2112 2243; baseline 0 -15"><span class='ocrx_word' id='word_1_174' title='bbox 526 2177 726 2243; x_wconf 88' lang='lat' dir='ltr'><strong>quitur,</strong></span> <span class='ocrx_word' id='word_1_175' title='bbox 763 2175 823 2227; x_wconf 83' lang='lat' dir='ltr'><strong>Et</strong></span> <span class='ocrx_word' id='word_1_176' title='bbox 861 2192 963 2229; x_wconf 88' lang='lat' dir='ltr'><strong>non</strong></span> <span class='ocrx_word' id='word_1_177' title='bbox 999 2177 1291 2243; x_wconf 79' lang='lat' dir='ltr'><strong>egredieris,</strong></span> <span class='ocrx_word' id='word_1_178' title='bbox 1332 2174 1488 2237; x_wconf 88' lang='lat' dir='ltr'><strong>Deus,</strong></span> <span class='ocrx_word' id='word_1_179' title='bbox 1531 2177 1582 2227; x_wconf 86' lang='lat' dir='ltr'><strong>in</strong></span> <span class='ocrx_word' id='word_1_180' title='bbox 1618 2174 1882 2227; x_wconf 85' lang='lat' dir='ltr'><strong>virtutibus</strong></span> <span class='ocrx_word' id='word_1_181' title='bbox 1909 2176 2112 2228; x_wconf 86' lang='lat' dir='ltr'><strong>nostris.</strong></span> 
     </span>
    </p>
   </div>
   <div class='ocr_carea' id='block_1_25' title="bbox 526 2266 2213 2336">
    <p class='ocr_par' dir='ltr' id='par_1_25' title="bbox 526 2266 2213 2336">
     <span class='ocr_line' id='line_1_25' title="bbox 526 2266 2213 2336; baseline -0.002 -16"><span class='ocrx_word' id='word_1_182' title='bbox 526 2266 734 2320; x_wconf 70' lang='lat' dir='ltr'><strong>Sensus</strong></span> <span class='ocrx_word' id='word_1_183' title='bbox 764 2267 883 2320; x_wconf 90' lang='lat' dir='ltr'><strong>talis</strong></span> <span class='ocrx_word' id='word_1_184' title='bbox 914 2276 997 2321; x_wconf 88' lang='lat' dir='ltr'><strong>est</strong></span> <span class='ocrx_word' id='word_1_185' title='bbox 1025 2283 1039 2319; x_wconf 92' lang='lat'><strong>:</strong></span> <span class='ocrx_word' id='word_1_186' title='bbox 1069 2268 1313 2336; x_wconf 85' lang='lat' dir='ltr'><strong>quamvis</strong></span> <span class='ocrx_word' id='word_1_187' title='bbox 1345 2266 1396 2320; x_wconf 94' lang='lat' dir='ltr'><strong>in</strong></span> <span class='ocrx_word' id='word_1_188' title='bbox 1426 2266 1604 2321; x_wconf 86' lang='lat' dir='ltr'><strong>futuro</strong></span> <span class='ocrx_word' id='word_1_189' title='bbox 1638 2269 1706 2321; x_wconf 87' lang='lat' dir='ltr'><strong>de</strong></span> <span class='ocrx_word' id='word_1_190' title='bbox 1737 2266 2118 2321; x_wconf 58' lang='lat' dir='ltr'><strong>misericiirdite</strong></span> <span class='ocrx_word' id='word_1_191' title='bbox 2210 2312 2213 2317; x_wconf 26' lang='lat'><strong>.</strong></span> 
     </span>
    </p>
   </div>
   <div class='ocr_carea' id='block_1_26' title="bbox 530 2355 2117 2425">
    <p class='ocr_par' dir='ltr' id='par_1_26' title="bbox 530 2355 2117 2425">
     <span class='ocr_line' id='line_1_26' title="bbox 530 2355 2117 2425; baseline 0 -17"><span class='ocrx_word' id='word_1_192' title='bbox 530 2367 632 2409; x_wconf 71' lang='lat' dir='ltr'><strong>tua:</strong></span> <span class='ocrx_word' id='word_1_193' title='bbox 682 2371 777 2425; x_wconf 86' lang='lat' dir='ltr'><strong>spe</strong></span> <span class='ocrx_word' id='word_1_194' title='bbox 825 2371 1014 2425; x_wconf 86' lang='lat' dir='ltr'><strong>magna</strong></span> <span class='ocrx_word' id='word_1_195' title='bbox 1046 2357 1309 2418; x_wconf 67' lang='lat' dir='ltr'><strong>laetemur,</strong></span> <span class='ocrx_word' id='word_1_196' title='bbox 1342 2366 1518 2410; x_wconf 90' lang='lat' dir='ltr'><strong>tamen</strong></span> <span class='ocrx_word' id='word_1_197' title='bbox 1561 2359 1612 2410; x_wconf 91' lang='lat' dir='ltr'><strong>in</strong></span> <span class='ocrx_word' id='word_1_198' title='bbox 1643 2358 1889 2425; x_wconf 73' lang='lat' dir='ltr'><strong>prtesenti</strong></span> <span class='ocrx_word' id='word_1_199' title='bbox 1922 2355 2117 2411; x_wconf 69' lang='lat' dir='ltr'><strong>saeculo</strong></span> 
     </span>
    </p>
   </div>
   <div class='ocr_carea' id='block_1_27' title="bbox 531 2448 2116 2517">
    <p class='ocr_par' dir='ltr' id='par_1_27' title="bbox 531 2448 2116 2517">
     <span class='ocr_line' id='line_1_27' title="bbox 531 2448 2116 2517; baseline 0.001 -16"><span class='ocrx_word' id='word_1_200' title='bbox 531 2463 638 2501; x_wconf 92' lang='lat' dir='ltr'><strong>non</strong></span> <span class='ocrx_word' id='word_1_201' title='bbox 684 2448 753 2502; x_wconf 79' lang='lat' dir='ltr'><strong>ita</strong></span> <span class='ocrx_word' id='word_1_202' title='bbox 801 2463 899 2502; x_wconf 89' lang='lat' dir='ltr'><strong>nos</strong></span> <span class='ocrx_word' id='word_1_203' title='bbox 929 2449 1199 2503; x_wconf 73' lang='lat' dir='ltr'><strong>cernimus</strong></span> <span class='ocrx_word' id='word_1_204' title='bbox 1231 2449 1493 2517; x_wconf 86' lang='lat' dir='ltr'><strong>adjuvari,</strong></span> <span class='ocrx_word' id='word_1_205' title='bbox 1533 2458 1590 2503; x_wconf 90' lang='lat' dir='ltr'><strong>ttt</strong></span> <span class='ocrx_word' id='word_1_206' title='bbox 1631 2449 1968 2504; x_wconf 79' lang='lat' dir='ltr'><strong>adversarios</strong></span> <span class='ocrx_word' id='word_1_207' title='bbox 2016 2465 2116 2503; x_wconf 84' lang='lat' dir='ltr'><strong>no-</strong></span> 
     </span>
    </p>
   </div>
   <div class='ocr_carea' id='block_1_28' title="bbox 464 2526 2113 2609">
    <p class='ocr_par' dir='ltr' id='par_1_28' title="bbox 464 2526 2113 2609">
     <span class='ocr_line' id='line_1_28' title="bbox 464 2526 2113 2609; baseline 0.001 -16"><span class='ocrx_word' id='word_1_208' title='bbox 464 2532 473 2535; x_wconf 50' lang='grc'><strong><em>⁷</em></strong></span> <span class='ocrx_word' id='word_1_209' title='bbox 528 2548 688 2604; x_wconf 89' lang='lat' dir='ltr'><strong>stros,</strong></span> <span class='ocrx_word' id='word_1_210' title='bbox 724 2549 774 2593; x_wconf 89' lang='lat' dir='ltr'><strong>te</strong></span> <span class='ocrx_word' id='word_1_211' title='bbox 800 2540 1118 2609; x_wconf 85' lang='lat' dir='ltr'><strong>opitulante,</strong></span> <span class='ocrx_word' id='word_1_212' title='bbox 1153 2540 1447 2595; x_wconf 88' lang='lat' dir='ltr'><strong>vincamus.</strong></span> <span class='ocrx_word' id='word_1_213' title='bbox 1480 2540 1605 2595; x_wconf 60' lang='lat' dir='ltr'><strong>Hice</strong></span> <span class='ocrx_word' id='word_1_214' title='bbox 1645 2556 1766 2595; x_wconf 92' lang='lat' dir='ltr'><strong>cum</strong></span> <span class='ocrx_word' id='word_1_215' title='bbox 1810 2526 1918 2595; x_wconf 87' lang='lat' dir='ltr'><strong>non</strong></span> <span class='ocrx_word' id='word_1_216' title='bbox 1966 2542 2113 2607; x_wconf 82' lang='lat' dir='ltr'><strong>fiant,</strong></span> 
     </span>
    </p>
   </div>
   <div class='ocr_carea' id='block_1_29' title="bbox 527 2632 2113 2701">
    <p class='ocr_par' dir='ltr' id='par_1_29' title="bbox 527 2632 2113 2701">
     <span class='ocr_line' id='line_1_29' title="bbox 527 2632 2113 2701; baseline 0.001 -15"><span class='ocrx_word' id='word_1_217' title='bbox 527 2632 621 2686; x_wconf 90' lang='lat' dir='ltr'><strong>sed</strong></span> <span class='ocrx_word' id='word_1_218' title='bbox 667 2632 835 2701; x_wconf 87' lang='lat' dir='ltr'><strong>magis</strong></span> <span class='ocrx_word' id='word_1_219' title='bbox 878 2632 1259 2687; x_wconf 84' lang='lat' dir='ltr'><strong>afﬂictionibus</strong></span> <span class='ocrx_word' id='word_1_220' title='bbox 1302 2647 1662 2701; x_wconf 83' lang='lat' dir='ltr'><strong>exponantur,</strong></span> <span class='ocrx_word' id='word_1_221' title='bbox 1703 2632 1971 2687; x_wconf 65' lang='lat' dir='ltr'><strong>aestimant</strong></span> <span class='ocrx_word' id='word_1_222' title='bbox 2010 2632 2113 2687; x_wconf 83' lang='lat' dir='ltr'><strong>ini-</strong></span> 
     </span>
    </p>
   </div>
   <div class='ocr_carea' id='block_1_30' title="bbox 529 2725 2115 2796">
    <p class='ocr_par' dir='ltr' id='par_1_30' title="bbox 529 2725 2115 2796">
     <span class='ocr_line' id='line_1_30' title="bbox 529 2725 2115 2796; baseline 0.001 -17"><span class='ocrx_word' id='word_1_223' title='bbox 529 2725 675 2789; x_wconf 89' lang='lat' dir='ltr'><strong>mici,</strong></span> <span class='ocrx_word' id='word_1_224' title='bbox 703 2726 844 2796; x_wconf 88' lang='lat' dir='ltr'><strong>quod</strong></span> <span class='ocrx_word' id='word_1_225' title='bbox 874 2742 976 2780; x_wconf 87' lang='lat' dir='ltr'><strong>non</strong></span> <span class='ocrx_word' id='word_1_226' title='bbox 1005 2727 1281 2796; x_wconf 82' lang='lat' dir='ltr'><strong>egrediaris</strong></span> <span class='ocrx_word' id='word_1_227' title='bbox 1311 2726 1363 2779; x_wconf 86' lang='lat' dir='ltr'><strong>in</strong></span> <span class='ocrx_word' id='word_1_228' title='bbox 1394 2726 1663 2779; x_wconf 70' lang='lat' dir='ltr'><strong>virtutibus</strong></span> <span class='ocrx_word' id='word_1_229' title='bbox 1686 2726 1893 2781; x_wconf 87' lang='lat' dir='ltr'><strong>nostris.</strong></span> <span class='ocrx_word' id='word_1_230' title='bbox 1918 2725 2115 2781; x_wconf 81' lang='lat' dir='ltr'><strong>Verum</strong></span> 
     </span>
    </p>
   </div>
   <div class='ocr_carea' id='block_1_31' title="bbox 528 2814 2112 2885">
    <p class='ocr_par' dir='ltr' id='par_1_31' title="bbox 528 2814 2112 2885">
     <span class='ocr_line' id='line_1_31' title="bbox 528 2814 2112 2885; baseline 0.001 -15"><span class='ocrx_word' id='word_1_231' title='bbox 528 2815 627 2870; x_wconf 85' lang='lat' dir='ltr'><strong>ista</strong></span> <span class='ocrx_word' id='word_1_232' title='bbox 671 2814 1026 2870; x_wconf 79' lang='lat' dir='ltr'><strong>dissimulatio</strong></span> <span class='ocrx_word' id='word_1_233' title='bbox 1067 2816 1318 2869; x_wconf 83' lang='lat' dir='ltr'><strong>salutaris</strong></span> <span class='ocrx_word' id='word_1_234' title='bbox 1363 2824 1418 2869; x_wconf 87' lang='lat' dir='ltr'><strong>et</strong></span> <span class='ocrx_word' id='word_1_235' title='bbox 1463 2816 1697 2885; x_wconf 87' lang='lat' dir='ltr'><strong>gloriosa</strong></span> <span class='ocrx_word' id='word_1_236' title='bbox 1738 2814 1981 2883; x_wconf 86' lang='lat' dir='ltr'><strong>probatio</strong></span> <span class='ocrx_word' id='word_1_237' title='bbox 2010 2825 2112 2882; x_wconf 88' lang='lat' dir='ltr'><strong>est,</strong></span> 
     </span>
    </p>
   </div>
   <div class='ocr_carea' id='block_1_32' title="bbox 528 2909 2113 2980">
    <p class='ocr_par' dir='ltr' id='par_1_32' title="bbox 528 2909 2113 2980">
     <span class='ocr_line' id='line_1_32' title="bbox 528 2909 2113 2980; baseline -0.003 -15"><span class='ocrx_word' id='word_1_238' title='bbox 528 2912 664 2965; x_wconf 85' lang='lat' dir='ltr'><strong>sicut</strong></span> <span class='ocrx_word' id='word_1_239' title='bbox 692 2910 822 2965; x_wconf 78' lang='lat' dir='ltr'><strong>dicit</strong></span> <span class='ocrx_word' id='word_1_240' title='bbox 853 2911 1141 2980; x_wconf 82' lang='lat' dir='ltr'><strong>Apostolus</strong></span> <span class='ocrx_word' id='word_1_241' title='bbox 1175 2926 1188 2964; x_wconf 90' lang='lat'><strong>:</strong></span> <span class='ocrx_word' id='word_1_242' title='bbox 1221 2909 1286 2963; x_wconf 85' lang='lat' dir='ltr'><strong>Id</strong></span> <span class='ocrx_word' id='word_1_243' title='bbox 1328 2911 1461 2964; x_wconf 89' lang='lat' dir='ltr'><strong>enim</strong></span> <span class='ocrx_word' id='word_1_244' title='bbox 1499 2909 1633 2980; x_wconf 86' lang='lat' dir='ltr'><strong>quod</strong></span> <span class='ocrx_word' id='word_1_245' title='bbox 1676 2910 1727 2961; x_wconf 87' lang='lat' dir='ltr'><strong>in</strong></span> <span class='ocrx_word' id='word_1_246' title='bbox 1774 2910 2010 2978; x_wconf 74' lang='lat' dir='ltr'><strong>prwsenti</strong></span> <span class='ocrx_word' id='word_1_247' title='bbox 2040 2918 2113 2963; x_wconf 84' lang='lat' dir='ltr'><strong>est</strong></span> 
     </span>
    </p>
   </div>
   <div class='ocr_carea' id='block_1_33' title="bbox 527 3000 2112 3067">
    <p class='ocr_par' dir='ltr' id='par_1_33' title="bbox 527 3000 2112 3067">
     <span class='ocr_line' id='line_1_33' title="bbox 527 3000 2112 3067; baseline -0.001 -13"><span class='ocrx_word' id='word_1_248' title='bbox 527 3011 932 3055; x_wconf 82' lang='lat' dir='ltr'><strong>momentaneum</strong></span> <span class='ocrx_word' id='word_1_249' title='bbox 972 3011 1019 3055; x_wconf 86' lang='lat' dir='ltr'><strong>et</strong></span> <span class='ocrx_word' id='word_1_250' title='bbox 1062 3003 1166 3057; x_wconf 81' lang='lat' dir='ltr'><strong>lere</strong></span> <span class='ocrx_word' id='word_1_251' title='bbox 1206 3000 1543 3055; x_wconf 80' lang='lat' dir='ltr'><strong>tribulationis</strong></span> <span class='ocrx_word' id='word_1_252' title='bbox 1577 3010 1779 3066; x_wconf 79' lang='lat' dir='ltr'><strong>nastrte,</strong></span> <span class='ocrx_word' id='word_1_253' title='bbox 1813 3018 1969 3067; x_wconf 81' lang='lat' dir='ltr'><strong>supra</strong></span> <span class='ocrx_word' id='word_1_254' title='bbox 2001 3018 2112 3053; x_wconf 80' lang='lat' dir='ltr'><strong>mo-</strong></span> 
     </span>
    </p>
   </div>
   <div class='ocr_carea' id='block_1_34' title="bbox 528 3093 2113 3163">
    <p class='ocr_par' dir='ltr' id='par_1_34' title="bbox 528 3093 2113 3163">
     <span class='ocr_line' id='line_1_34' title="bbox 528 3093 2113 3163; baseline 0 -17"><span class='ocrx_word' id='word_1_255' title='bbox 528 3096 648 3147; x_wconf 88' lang='lat' dir='ltr'><strong>dum</strong></span> <span class='ocrx_word' id='word_1_256' title='bbox 680 3095 731 3147; x_wconf 85' lang='lat' dir='ltr'><strong>in</strong></span> <span class='ocrx_word' id='word_1_257' title='bbox 762 3094 1073 3148; x_wconf 83' lang='lat' dir='ltr'><strong>sublimitate</strong></span> <span class='ocrx_word' id='word_1_258' title='bbox 1101 3106 1302 3148; x_wconf 75' lang='lat' dir='ltr'><strong>caterua:</strong></span> <span class='ocrx_word' id='word_1_259' title='bbox 1337 3094 1515 3163; x_wconf 71' lang='lat' dir='ltr'><strong>g&#39;oria:</strong></span> <span class='ocrx_word' id='word_1_260' title='bbox 1556 3093 1754 3161; x_wconf 85' lang='lat' dir='ltr'><strong>pondus</strong></span> <span class='ocrx_word' id='word_1_261' title='bbox 1786 3103 2028 3163; x_wconf 83' lang='lat' dir='ltr'><strong>aperatur</strong></span> <span class='ocrx_word' id='word_1_262' title='bbox 2061 3094 2113 3146; x_wconf 88' lang='lat' dir='ltr'><strong>in</strong></span> 
     </span>
    </p>
   </div>
   <div class='ocr_carea' id='block_1_35' title="bbox 528 3184 1195 3258">
    <p class='ocr_par' dir='ltr' id='par_1_35' title="bbox 528 3184 1195 3258">
     <span class='ocr_line' id='line_1_35' title="bbox 528 3184 1195 3258; baseline 0.006 -21"><span class='ocrx_word' id='word_1_263' title='bbox 528 3186 671 3240; x_wconf 82' lang='lat' dir='ltr'><strong>nobis</strong></span> <span class='ocrx_word' id='word_1_264' title='bbox 703 3184 791 3258; x_wconf 86' lang='lat' dir='ltr'><strong>(II</strong></span> <span class='ocrx_word' id='word_1_265' title='bbox 824 3186 944 3241; x_wconf 90' lang='lat' dir='ltr'><strong>Cor.</strong></span> <span class='ocrx_word' id='word_1_266' title='bbox 978 3204 1048 3253; x_wconf 91' lang='lat' dir='ltr'><strong>tv,</strong></span> <span class='ocrx_word' id='word_1_267' title='bbox 1086 3188 1195 3257; x_wconf 85' lang='lat' dir='ltr'><strong>l7).</strong></span> 
     </span>
    </p>
   </div>
   <div class='ocr_carea' id='block_1_36' title="bbox 603 3277 2113 3342">
    <p class='ocr_par' dir='ltr' id='par_1_36' title="bbox 603 3277 2113 3342">
     <span class='ocr_line' id='line_1_36' title="bbox 603 3277 2113 3342; baseline 0 -11"><span class='ocrx_word' id='word_1_268' title='bbox 603 3279 753 3334; x_wconf 71' lang='lat' dir='ltr'><strong>Vers.</strong></span> <span class='ocrx_word' id='word_1_269' title='bbox 789 3280 872 3333; x_wconf 84' lang='lat' dir='ltr'><strong>ll.</strong></span> <span class='ocrx_word' id='word_1_270' title='bbox 904 3277 983 3331; x_wconf 88' lang='lat' dir='ltr'><strong>Da</strong></span> <span class='ocrx_word' id='word_1_271' title='bbox 1006 3279 1148 3332; x_wconf 82' lang='lat' dir='ltr'><strong>nobis</strong></span> <span class='ocrx_word' id='word_1_272' title='bbox 1173 3278 1426 3332; x_wconf 76' lang='lat' dir='ltr'><strong>auxilium</strong></span> <span class='ocrx_word' id='word_1_273' title='bbox 1451 3279 1512 3331; x_wconf 91' lang='lat' dir='ltr'><strong>de</strong></span> <span class='ocrx_word' id='word_1_274' title='bbox 1533 3278 1891 3342; x_wconf 63' lang='lat' dir='ltr'><strong>tribulatione,</strong></span> <span class='ocrx_word' id='word_1_275' title='bbox 1918 3289 1963 3331; x_wconf 89' lang='lat' dir='ltr'><strong>et</strong></span> <span class='ocrx_word' id='word_1_276' title='bbox 1985 3295 2113 3332; x_wconf 81' lang='lat' dir='ltr'><strong>vana</strong></span> 
     </span>
    </p>
   </div>
   <div class='ocr_carea' id='block_1_37' title="bbox 525 3364 2113 3439">
    <p class='ocr_par' dir='ltr' id='par_1_37' title="bbox 525 3364 2113 3439">
     <span class='ocr_line' id='line_1_37' title="bbox 525 3364 2113 3439; baseline 0.001 -19"><span class='ocrx_word' id='word_1_277' title='bbox 525 3370 664 3422; x_wconf 78' lang='lat' dir='ltr'><strong>salus</strong></span> <span class='ocrx_word' id='word_1_278' title='bbox 690 3370 931 3423; x_wconf 80' lang='lat' dir='ltr'><strong>hominis.</strong></span> <span class='ocrx_word' id='word_1_279' title='bbox 970 3370 1256 3439; x_wconf 80' lang='lat' dir='ltr'><strong>Postquam</strong></span> <span class='ocrx_word' id='word_1_280' title='bbox 1288 3371 1423 3424; x_wconf 79' lang='lat' dir='ltr'><strong>dixit</strong></span> <span class='ocrx_word' id='word_1_281' title='bbox 1463 3382 1645 3425; x_wconf 88' lang='lat' dir='ltr'><strong>sancta</strong></span> <span class='ocrx_word' id='word_1_282' title='bbox 1676 3364 2017 3439; x_wconf 75' lang='lat' dir='ltr'><strong>congregatio</strong></span> <span class='ocrx_word' id='word_1_283' title='bbox 2044 3370 2113 3423; x_wconf 87' lang='lat' dir='ltr'><strong>ah</strong></span> 
     </span>
    </p>
   </div>
   <div class='ocr_carea' id='block_1_38' title="bbox 525 3458 2109 3528">
    <p class='ocr_par' dir='ltr' id='par_1_38' title="bbox 525 3458 2109 3528">
     <span class='ocr_line' id='line_1_38' title="bbox 525 3458 2109 3528; baseline 0.002 -16"><span class='ocrx_word' id='word_1_284' title='bbox 525 3458 756 3513; x_wconf 77' lang='lat' dir='ltr'><strong>inimicis</strong></span> <span class='ocrx_word' id='word_1_285' title='bbox 787 3476 844 3513; x_wconf 89' lang='lat' dir='ltr'><strong>se</strong></span> <span class='ocrx_word' id='word_1_286' title='bbox 876 3460 926 3514; x_wconf 90' lang='lat' dir='ltr'><strong>in</strong></span> <span class='ocrx_word' id='word_1_287' title='bbox 960 3459 1059 3514; x_wconf 90' lang='lat' dir='ltr'><strong>hoc</strong></span> <span class='ocrx_word' id='word_1_288' title='bbox 1090 3461 1286 3515; x_wconf 69' lang='lat' dir='ltr'><strong>sreculo</strong></span> <span class='ocrx_word' id='word_1_289' title='bbox 1317 3462 1534 3517; x_wconf 88' lang='lat' dir='ltr'><strong>minime</strong></span> <span class='ocrx_word' id='word_1_290' title='bbox 1561 3461 1839 3528; x_wconf 88' lang='lat' dir='ltr'><strong>vindicari,</strong></span> <span class='ocrx_word' id='word_1_291' title='bbox 1874 3463 2018 3516; x_wconf 85' lang='lat' dir='ltr'><strong>venit</strong></span> <span class='ocrx_word' id='word_1_292' title='bbox 2044 3461 2109 3515; x_wconf 85' lang='lat' dir='ltr'><strong>ad</strong></span> 
     </span>
    </p>
   </div>
   <div class='ocr_carea' id='block_1_39' title="bbox 523 3552 2108 3615">
    <p class='ocr_par' dir='ltr' id='par_1_39' title="bbox 523 3552 2108 3615">
     <span class='ocr_line' id='line_1_39' title="bbox 523 3552 2108 3615; baseline 0.001 -9"><span class='ocrx_word' id='word_1_293' title='bbox 523 3552 938 3606; x_wconf 83' lang='lat' dir='ltr'><strong>consolatoriam</strong></span> <span class='ocrx_word' id='word_1_294' title='bbox 966 3556 1297 3615; x_wconf 83' lang='lat' dir='ltr'><strong>orationem,</strong></span> <span class='ocrx_word' id='word_1_295' title='bbox 1331 3565 1385 3608; x_wconf 90' lang='lat' dir='ltr'><strong>ut</strong></span> <span class='ocrx_word' id='word_1_296' title='bbox 1423 3555 1491 3608; x_wconf 90' lang='lat' dir='ltr'><strong>de</strong></span> <span class='ocrx_word' id='word_1_297' title='bbox 1539 3553 1884 3608; x_wconf 82' lang='lat' dir='ltr'><strong>tribulatiooe</strong></span> <span class='ocrx_word' id='word_1_298' title='bbox 1926 3554 2108 3608; x_wconf 83' lang='lat' dir='ltr'><strong>mundi</strong></span> 
     </span>
    </p>
   </div>
   <div class='ocr_carea' id='block_1_40' title="bbox 523 3643 2111 3714">
    <p class='ocr_par' dir='ltr' id='par_1_40' title="bbox 523 3643 2111 3714">
     <span class='ocr_line' id='line_1_40' title="bbox 523 3643 2111 3714; baseline 0.002 -16"><span class='ocrx_word' id='word_1_299' title='bbox 523 3643 708 3709; x_wconf 74' lang='lat' dir='ltr'><strong>istius,</strong></span> <span class='ocrx_word' id='word_1_300' title='bbox 740 3661 896 3713; x_wconf 84' lang='lat' dir='ltr'><strong>quain</strong></span> <span class='ocrx_word' id='word_1_301' title='bbox 943 3645 1143 3714; x_wconf 88' lang='lat' dir='ltr'><strong>jugiter</strong></span> <span class='ocrx_word' id='word_1_302' title='bbox 1187 3644 1499 3710; x_wconf 78' lang='lat' dir='ltr'><strong>sustinebat,</strong></span> <span class='ocrx_word' id='word_1_303' title='bbox 1552 3644 1758 3699; x_wconf 88' lang='lat' dir='ltr'><strong>Dotnini</strong></span> <span class='ocrx_word' id='word_1_304' title='bbox 1808 3647 2111 3714; x_wconf 86' lang='lat' dir='ltr'><strong>proveniret</strong></span> 
     </span>
    </p>
   </div>
   <div class='ocr_carea' id='block_1_41' title="bbox 522 3724 2111 3807">
    <p class='ocr_par' dir='ltr' id='par_1_41' title="bbox 522 3724 2111 3807">
     <span class='ocr_line' id='line_1_41' title="bbox 522 3724 2111 3807; baseline 0 -17"><span class='ocrx_word' id='word_1_305' title='bbox 522 3736 785 3790; x_wconf 84' lang='lat' dir='ltr'><strong>auxilium</strong></span> <span class='ocrx_word' id='word_1_306' title='bbox 821 3754 835 3790; x_wconf 89' lang='lat'><strong>:</strong></span> <span class='ocrx_word' id='word_1_307' title='bbox 866 3737 1043 3792; x_wconf 85' lang='lat' dir='ltr'><strong>sciens</strong></span> <span class='ocrx_word' id='word_1_308' title='bbox 1095 3746 1242 3792; x_wconf 87' lang='lat' dir='ltr'><strong>tanto</strong></span> <span class='ocrx_word' id='word_1_309' title='bbox 1284 3724 1725 3807; x_wconf 77' lang='lat' dir='ltr'><strong>unumquemque</strong></span> <span class='ocrx_word' id='word_1_310' title='bbox 1775 3736 1881 3790; x_wconf 90' lang='lat' dir='ltr'><strong>illic</strong></span> <span class='ocrx_word' id='word_1_311' title='bbox 1919 3751 2111 3791; x_wconf 84' lang='lat' dir='ltr'><strong>conso-</strong></span> 
     </span>
    </p>
   </div>
   <div class='ocr_carea' id='block_1_42' title="bbox 522 3828 2110 3899">
    <p class='ocr_par' dir='ltr' id='par_1_42' title="bbox 522 3828 2110 3899">
     <span class='ocr_line' id='line_1_42' title="bbox 522 3828 2110 3899; baseline 0.001 -16"><span class='ocrx_word' id='word_1_312' title='bbox 522 3828 764 3889; x_wconf 85' lang='lat' dir='ltr'><strong>landum,</strong></span> <span class='ocrx_word' id='word_1_313' title='bbox 790 3840 990 3899; x_wconf 88' lang='lat' dir='ltr'><strong>quanto</strong></span> <span class='ocrx_word' id='word_1_314' title='bbox 1014 3828 1099 3885; x_wconf 88' lang='lat' dir='ltr'><strong>hic.</strong></span> <span class='ocrx_word' id='word_1_315' title='bbox 1130 3846 1225 3898; x_wconf 87' lang='lat' dir='ltr'><strong>pro</strong></span> <span class='ocrx_word' id='word_1_316' title='bbox 1249 3831 1365 3899; x_wconf 88' lang='lat' dir='ltr'><strong>ejus</strong></span> <span class='ocrx_word' id='word_1_317' title='bbox 1396 3831 1613 3885; x_wconf 88' lang='lat' dir='ltr'><strong>nomine</strong></span> <span class='ocrx_word' id='word_1_318' title='bbox 1641 3830 1797 3884; x_wconf 79' lang='lat' dir='ltr'><strong>fuerit</strong></span> <span class='ocrx_word' id='word_1_319' title='bbox 1822 3831 2110 3885; x_wconf 86' lang='lat' dir='ltr'><strong>vehemen-</strong></span> 
     </span>
    </p>
   </div>
   <div class='ocr_carea' id='block_1_43' title="bbox 521 3918 2106 3992">
    <p class='ocr_par' dir='ltr' id='par_1_43' title="bbox 521 3918 2106 3992">
     <span class='ocr_line' id='line_1_43' title="bbox 521 3918 2106 3992; baseline 0.001 -19"><span class='ocrx_word' id='word_1_320' title='bbox 521 3928 601 3974; x_wconf 91' lang='lat' dir='ltr'><strong>ter</strong></span> <span class='ocrx_word' id='word_1_321' title='bbox 655 3921 906 3985; x_wconf 85' lang='lat' dir='ltr'><strong>afnictus,</strong></span> <span class='ocrx_word' id='word_1_322' title='bbox 956 3923 1093 3977; x_wconf 89' lang='lat' dir='ltr'><strong>sicut</strong></span> <span class='ocrx_word' id='word_1_323' title='bbox 1142 3921 1196 3975; x_wconf 84' lang='lat' dir='ltr'><strong>in</strong></span> <span class='ocrx_word' id='word_1_324' title='bbox 1245 3920 1535 3992; x_wconf 75' lang='lat' dir='ltr'><strong>EVangelio</strong></span> <span class='ocrx_word' id='word_1_325' title='bbox 1590 3921 1719 3974; x_wconf 92' lang='lat' dir='ltr'><strong>dicit</strong></span> <span class='ocrx_word' id='word_1_326' title='bbox 1767 3938 1781 3974; x_wconf 88' lang='lat'><strong>:</strong></span> <span class='ocrx_word' id='word_1_327' title='bbox 1826 3918 1973 3973; x_wconf 76' lang='lat' dir='ltr'><strong>Beati</strong></span> <span class='ocrx_word' id='word_1_328' title='bbox 2020 3924 2106 3991; x_wconf 85' lang='lat' dir='ltr'><strong>qui</strong></span> 
     </span>
    </p>
   </div>
   <div class='ocr_carea' id='block_1_44' title="bbox 518 3994 2105 4083">
    <p class='ocr_par' dir='ltr' id='par_1_44' title="bbox 518 4013 2105 4083">
     <span class='ocr_line' id='line_1_44' title="bbox 518 4013 2105 4083; baseline 0 -18"><span class='ocrx_word' id='word_1_329' title='bbox 518 4013 918 4078; x_wconf 73' lang='lat' dir='ltr'><strong>perserutionem</strong></span> <span class='ocrx_word' id='word_1_330' title='bbox 967 4015 1230 4083; x_wconf 68' lang='lat' dir='ltr'><strong>potiuntur</strong></span> <span class='ocrx_word' id='word_1_331' title='bbox 1284 4025 1489 4082; x_wconf 81' lang='lat' dir='ltr'><strong>pmpter</strong></span> <span class='ocrx_word' id='word_1_332' title='bbox 1535 4013 1815 4082; x_wconf 76' lang='lat' dir='ltr'><strong>justitiam,</strong></span> <span class='ocrx_word' id='word_1_333' title='bbox 1865 4013 2105 4083; x_wconf 85' lang='lat' dir='ltr'><strong>quoniam</strong></span> 
     </span>
    </p>
   </div>
   <div class='ocr_carea' id='block_1_45' title="bbox 518 4105 2105 4177">
    <p class='ocr_par' dir='ltr' id='par_1_45' title="bbox 518 4105 2105 4177">
     <span class='ocr_line' id='line_1_45' title="bbox 518 4105 2105 4177; baseline 0.004 -22"><span class='ocrx_word' id='word_1_334' title='bbox 518 4105 744 4173; x_wconf 87' lang='lat' dir='ltr'><strong>ipsorum</strong></span> <span class='ocrx_word' id='word_1_335' title='bbox 774 4114 847 4159; x_wconf 87' lang='lat' dir='ltr'><strong>est</strong></span> <span class='ocrx_word' id='word_1_336' title='bbox 875 4120 1089 4177; x_wconf 79' lang='lat' dir='ltr'><strong>regnum</strong></span> <span class='ocrx_word' id='word_1_337' title='bbox 1119 4108 1363 4160; x_wconf 73' lang='lat' dir='ltr'><strong>caelorum</strong></span> <span class='ocrx_word' id='word_1_338' title='bbox 1396 4105 1611 4177; x_wconf 74' lang='lat' dir='ltr'><strong>(Matth.</strong></span> <span class='ocrx_word' id='word_1_339' title='bbox 1656 4123 1706 4171; x_wconf 90' lang='lat' dir='ltr'><strong>v,</strong></span> <span class='ocrx_word' id='word_1_340' title='bbox 1755 4108 1863 4176; x_wconf 76' lang='grc'><strong>10).</strong></span> <span class='ocrx_word' id='word_1_341' title='bbox 1916 4107 2105 4177; x_wconf 89' lang='lat' dir='ltr'><strong>Sequi-</strong></span> 
     </span>
    </p>
   </div>
   <div class='ocr_carea' id='block_1_46' title="bbox 517 4196 2103 4268">
    <p class='ocr_par' dir='ltr' id='par_1_46' title="bbox 517 4196 2103 4268">
     <span class='ocr_line' id='line_1_46' title="bbox 517 4196 2103 4268; baseline 0.003 -19"><span class='ocrx_word' id='word_1_342' title='bbox 517 4206 623 4261; x_wconf 90' lang='lat' dir='ltr'><strong>tur,</strong></span> <span class='ocrx_word' id='word_1_343' title='bbox 652 4206 699 4250; x_wconf 89' lang='lat' dir='ltr'><strong>et</strong></span> <span class='ocrx_word' id='word_1_344' title='bbox 726 4213 858 4251; x_wconf 86' lang='lat' dir='ltr'><strong>vana</strong></span> <span class='ocrx_word' id='word_1_345' title='bbox 887 4199 1027 4251; x_wconf 87' lang='lat' dir='ltr'><strong>salus</strong></span> <span class='ocrx_word' id='word_1_346' title='bbox 1055 4198 1287 4252; x_wconf 84' lang='lat' dir='ltr'><strong>hominis.</strong></span> <span class='ocrx_word' id='word_1_347' title='bbox 1323 4196 1561 4253; x_wconf 81' lang='lat' dir='ltr'><strong>Salutem</strong></span> <span class='ocrx_word' id='word_1_348' title='bbox 1605 4214 1711 4252; x_wconf 91' lang='lat' dir='ltr'><strong>non</strong></span> <span class='ocrx_word' id='word_1_349' title='bbox 1753 4210 1929 4268; x_wconf 81' lang='lat' dir='ltr'><strong>potest</strong></span> <span class='ocrx_word' id='word_1_350' title='bbox 1964 4212 2103 4267; x_wconf 75' lang='lat' dir='ltr'><strong>pra:-</strong></span> 
     </span>
    </p>
   </div>
   <div class='ocr_carea' id='block_1_47' title="bbox 514 4290 2102 4360">
    <p class='ocr_par' dir='ltr' id='par_1_47' title="bbox 514 4290 2102 4360">
     <span class='ocr_line' id='line_1_47' title="bbox 514 4290 2102 4360; baseline 0.001 -17"><span class='ocrx_word' id='word_1_351' title='bbox 514 4300 659 4346; x_wconf 86' lang='lat' dir='ltr'><strong>stare</strong></span> <span class='ocrx_word' id='word_1_352' title='bbox 687 4290 898 4359; x_wconf 88' lang='lat' dir='ltr'><strong>indigus</strong></span> <span class='ocrx_word' id='word_1_353' title='bbox 930 4292 1138 4354; x_wconf 88' lang='lat' dir='ltr'><strong>salutis,</strong></span> <span class='ocrx_word' id='word_1_354' title='bbox 1167 4291 1392 4360; x_wconf 83' lang='lat' dir='ltr'><strong>ideoque</strong></span> <span class='ocrx_word' id='word_1_355' title='bbox 1423 4307 1649 4359; x_wconf 16' lang='lat' dir='ltr'><strong>speraret</strong></span> <span class='ocrx_word' id='word_1_356' title='bbox 1672 4292 1723 4345; x_wconf 92' lang='lat' dir='ltr'><strong>in</strong></span> <span class='ocrx_word' id='word_1_357' title='bbox 1755 4291 1969 4346; x_wconf 86' lang='lat' dir='ltr'><strong>homine</strong></span> <span class='ocrx_word' id='word_1_358' title='bbox 1996 4307 2102 4345; x_wconf 76' lang='lat' dir='ltr'><strong>non</strong></span> 
     </span>
    </p>
   </div>
   <div class='ocr_carea' id='block_1_48' title="bbox 513 4382 2098 4451">
    <p class='ocr_par' dir='ltr' id='par_1_48' title="bbox 513 4382 2098 4451">
     <span class='ocr_line' id='line_1_48' title="bbox 513 4382 2098 4451; baseline 0.001 -16"><span class='ocrx_word' id='word_1_359' title='bbox 513 4382 695 4450; x_wconf 89' lang='lat' dir='ltr'><strong>debet,</strong></span> <span class='ocrx_word' id='word_1_360' title='bbox 729 4383 820 4450; x_wconf 91' lang='lat' dir='ltr'><strong>qui</strong></span> <span class='ocrx_word' id='word_1_361' title='bbox 852 4383 1083 4451; x_wconf 87' lang='lat' dir='ltr'><strong>propriis</strong></span> <span class='ocrx_word' id='word_1_362' title='bbox 1123 4384 1323 4437; x_wconf 84' lang='lat' dir='ltr'><strong>viribus</strong></span> <span class='ocrx_word' id='word_1_363' title='bbox 1370 4383 1627 4451; x_wconf 89' lang='lat' dir='ltr'><strong>probatur</strong></span> <span class='ocrx_word' id='word_1_364' title='bbox 1667 4399 1788 4439; x_wconf 91' lang='lat' dir='ltr'><strong>esse</strong></span> <span class='ocrx_word' id='word_1_365' title='bbox 1836 4384 2098 4438; x_wconf 84' lang='lat' dir='ltr'><strong>infirmos.</strong></span> 
     </span>
    </p>
   </div>
   <div class='ocr_carea' id='block_1_49' title="bbox 514 4449 2184 4540">
    <p class='ocr_par' dir='ltr' id='par_1_49' title="bbox 514 4449 2184 4540">
     <span class='ocr_line' id='line_1_49' title="bbox 514 4449 2184 4540; baseline 0.001 -17"><span class='ocrx_word' id='word_1_366' title='bbox 514 4470 648 4525; x_wconf 88' lang='lat' dir='ltr'><strong>llinc</strong></span> <span class='ocrx_word' id='word_1_367' title='bbox 686 4449 769 4525; x_wconf 84' lang='lat' dir='ltr'><strong>cst</strong></span> <span class='ocrx_word' id='word_1_368' title='bbox 810 4449 964 4540; x_wconf 82' lang='lat' dir='ltr'><strong>quod</strong></span> <span class='ocrx_word' id='word_1_369' title='bbox 997 4472 1258 4525; x_wconf 82' lang='lat' dir='ltr'><strong>Jerentias</strong></span> <span class='ocrx_word' id='word_1_370' title='bbox 1301 4449 1558 4540; x_wconf 68' lang='lat' dir='ltr'><strong>propheta</strong></span> <span class='ocrx_word' id='word_1_371' title='bbox 1592 4474 1722 4527; x_wconf 88' lang='lat' dir='ltr'><strong>dicit</strong></span> <span class='ocrx_word' id='word_1_372' title='bbox 1752 4490 1766 4528; x_wconf 91' lang='lat'><strong>:</strong></span> <span class='ocrx_word' id='word_1_373' title='bbox 1796 4473 2099 4526; x_wconf 76' lang='lat' dir='ltr'><strong>Maledictus</strong></span> <span class='ocrx_word' id='word_1_374' title='bbox 2134 4449 2184 4505; x_wconf 82' lang='lat' dir='ltr'><strong>D</strong></span> 
     </span>
    </p>
   </div>
   <div class='ocr_carea' id='block_1_50' title="bbox 512 4564 2099 4635">
    <p class='ocr_par' dir='ltr' id='par_1_50' title="bbox 512 4564 2099 4635">
     <span class='ocr_line' id='line_1_50' title="bbox 512 4564 2099 4635; baseline 0.001 -20"><span class='ocrx_word' id='word_1_375' title='bbox 512 4565 662 4619; x_wconf 87' lang='lat' dir='ltr'><strong>homo</strong></span> <span class='ocrx_word' id='word_1_376' title='bbox 691 4564 775 4635; x_wconf 83' lang='lat' dir='ltr'><strong>qui</strong></span> <span class='ocrx_word' id='word_1_377' title='bbox 807 4580 943 4634; x_wconf 82' lang='lat' dir='ltr'><strong>spent</strong></span> <span class='ocrx_word' id='word_1_378' title='bbox 986 4581 1131 4617; x_wconf 83' lang='lat' dir='ltr'><strong>suam</strong></span> <span class='ocrx_word' id='word_1_379' title='bbox 1174 4565 1313 4635; x_wconf 86' lang='lat' dir='ltr'><strong>ponit</strong></span> <span class='ocrx_word' id='word_1_380' title='bbox 1343 4565 1395 4617; x_wconf 87' lang='lat' dir='ltr'><strong>in</strong></span> <span class='ocrx_word' id='word_1_381' title='bbox 1438 4564 1662 4631; x_wconf 84' lang='lat' dir='ltr'><strong>homine,</strong></span> <span class='ocrx_word' id='word_1_382' title='bbox 1710 4576 1754 4617; x_wconf 87' lang='lat' dir='ltr'><strong>et</strong></span> <span class='ocrx_word' id='word_1_383' title='bbox 1799 4583 1830 4617; x_wconf 89' lang='lat' dir='ltr'><strong>a</strong></span> <span class='ocrx_word' id='word_1_384' title='bbox 1882 4565 2099 4619; x_wconf 83' lang='lat' dir='ltr'><strong>Domino</strong></span> 
     </span>
    </p>
   </div>
   <div class='ocr_carea' id='block_1_51' title="bbox 510 4653 1386 4727">
    <p class='ocr_par' dir='ltr' id='par_1_51' title="bbox 510 4653 1386 4727">
     <span class='ocr_line' id='line_1_51' title="bbox 510 4653 1386 4727; baseline -0.001 -18"><span class='ocrx_word' id='word_1_385' title='bbox 510 4656 700 4710; x_wconf 85' lang='lat' dir='ltr'><strong>recedit</strong></span> <span class='ocrx_word' id='word_1_386' title='bbox 728 4671 817 4710; x_wconf 79' lang='lat' dir='ltr'><strong>cor</strong></span> <span class='ocrx_word' id='word_1_387' title='bbox 843 4656 950 4726; x_wconf 85' lang='lat' dir='ltr'><strong>ejus</strong></span> <span class='ocrx_word' id='word_1_388' title='bbox 974 4653 1106 4727; x_wconf 80' lang='lat' dir='ltr'><strong>(Jer.</strong></span> <span class='ocrx_word' id='word_1_389' title='bbox 1146 4671 1279 4720; x_wconf 81' lang='lat' dir='ltr'><strong>xvtt,</strong></span> <span class='ocrx_word' id='word_1_390' title='bbox 1312 4654 1386 4725; x_wconf 78' lang='lat'><strong>5).</strong></span> 
     </span>
    </p>
   </div>
   <div class='ocr_carea' id='block_1_52' title="bbox 583 4744 2097 4818">
    <p class='ocr_par' dir='ltr' id='par_1_52' title="bbox 583 4744 2097 4818">
     <span class='ocr_line' id='line_1_52' title="bbox 583 4744 2097 4818; baseline 0 -18"><span class='ocrx_word' id='word_1_391' title='bbox 583 4747 739 4802; x_wconf 83' lang='lat' dir='ltr'><strong>Vers.</strong></span> <span class='ocrx_word' id='word_1_392' title='bbox 777 4747 862 4802; x_wconf 67' lang='grc' dir='ltr'><strong><em>η.</em></strong></span> <span class='ocrx_word' id='word_1_393' title='bbox 897 4744 964 4800; x_wconf 88' lang='lat' dir='ltr'><strong>In</strong></span> <span class='ocrx_word' id='word_1_394' title='bbox 993 4745 1101 4800; x_wconf 87' lang='lat' dir='ltr'><strong>Deo</strong></span> <span class='ocrx_word' id='word_1_395' title='bbox 1132 4747 1378 4818; x_wconf 76' lang='lat' dir='ltr'><strong>faciemus</strong></span> <span class='ocrx_word' id='word_1_396' title='bbox 1402 4747 1660 4811; x_wconf 73' lang='lat' dir='ltr'><strong>virtutem,</strong></span> <span class='ocrx_word' id='word_1_397' title='bbox 1692 4757 1738 4799; x_wconf 82' lang='lat' dir='ltr'><strong>et</strong></span> <span class='ocrx_word' id='word_1_398' title='bbox 1774 4747 1884 4815; x_wconf 87' lang='lat' dir='ltr'><strong>ipse</strong></span> <span class='ocrx_word' id='word_1_399' title='bbox 1920 4747 1987 4800; x_wconf 91' lang='lat' dir='ltr'><strong>ad</strong></span> <span class='ocrx_word' id='word_1_400' title='bbox 2018 4749 2097 4800; x_wconf 82' lang='lat' dir='ltr'><strong>ni-</strong></span> 
     </span>
    </p>
   </div>
   <div class='ocr_carea' id='block_1_53' title="bbox 513 4837 2096 4906">
    <p class='ocr_par' dir='ltr' id='par_1_53' title="bbox 513 4837 2096 4906">
     <span class='ocr_line' id='line_1_53' title="bbox 513 4837 2096 4906; baseline -0.001 -14"><span class='ocrx_word' id='word_1_401' title='bbox 513 4838 675 4893; x_wconf 77' lang='lat' dir='ltr'><strong>hilum</strong></span> <span class='ocrx_word' id='word_1_402' title='bbox 718 4841 932 4895; x_wconf 82' lang='lat' dir='ltr'><strong>deducet</strong></span> <span class='ocrx_word' id='word_1_403' title='bbox 988 4839 1286 4893; x_wconf 87' lang='lat' dir='ltr'><strong>tribulantes</strong></span> <span class='ocrx_word' id='word_1_404' title='bbox 1338 4854 1450 4892; x_wconf 84' lang='lat' dir='ltr'><strong>nos.</strong></span> <span class='ocrx_word' id='word_1_405' title='bbox 1505 4837 1740 4906; x_wconf 82' lang='lat' dir='ltr'><strong>Populus</strong></span> <span class='ocrx_word' id='word_1_406' title='bbox 1797 4837 2096 4904; x_wconf 86' lang='lat' dir='ltr'><strong>beatorum,</strong></span> 
     </span>
    </p>
   </div>
   <div class='ocr_carea' id='block_1_54' title="bbox 511 4916 2100 4999">
    <p class='ocr_par' dir='ltr' id='par_1_54' title="bbox 511 4916 2100 4999">
     <span class='ocr_line' id='line_1_54' title="bbox 511 4916 2100 4999; baseline -0.001 -14"><span class='ocrx_word' id='word_1_407' title='bbox 511 4930 747 4986; x_wconf 85' lang='lat' dir='ltr'><strong>humana</strong></span> <span class='ocrx_word' id='word_1_408' title='bbox 776 4931 1099 4987; x_wconf 83' lang='lat' dir='ltr'><strong>confidentia</strong></span> <span class='ocrx_word' id='word_1_409' title='bbox 1142 4928 1420 4991; x_wconf 87' lang='lat' dir='ltr'><strong>derelicta,</strong></span> <span class='ocrx_word' id='word_1_410' title='bbox 1458 4928 1521 4981; x_wconf 87' lang='lat' dir='ltr'><strong>In</strong></span> <span class='ocrx_word' id='word_1_411' title='bbox 1557 4928 1661 4981; x_wconf 82' lang='lat' dir='ltr'><strong>Deo</strong></span> <span class='ocrx_word' id='word_1_412' title='bbox 1688 4944 1745 4983; x_wconf 90' lang='lat' dir='ltr'><strong>se</strong></span> <span class='ocrx_word' id='word_1_413' title='bbox 1777 4916 1903 4984; x_wconf 81' lang='lat' dir='ltr'><strong>dicit</strong></span> <span class='ocrx_word' id='word_1_414' title='bbox 1935 4930 2100 4999; x_wconf 28' lang='lat' dir='ltr'><strong>faci‘re</strong></span> 
     </span>
    </p>
   </div>
   <div class='ocr_carea' id='block_1_55' title="bbox 512 5020 2099 5093">
    <p class='ocr_par' dir='ltr' id='par_1_55' title="bbox 512 5020 2099 5093">
     <span class='ocr_line' id='line_1_55' title="bbox 512 5020 2099 5093; baseline -0.003 -15"><span class='ocrx_word' id='word_1_415' title='bbox 512 5039 670 5093; x_wconf 86' lang='lat' dir='ltr'><strong>posse</strong></span> <span class='ocrx_word' id='word_1_416' title='bbox 699 5024 956 5077; x_wconf 81' lang='lat' dir='ltr'><strong>uirtutem.</strong></span> <span class='ocrx_word' id='word_1_417' title='bbox 979 5024 1093 5077; x_wconf 77' lang='lat' dir='ltr'><strong>Non</strong></span> <span class='ocrx_word' id='word_1_418' title='bbox 1126 5023 1265 5076; x_wconf 90' lang='lat' dir='ltr'><strong>enim</strong></span> <span class='ocrx_word' id='word_1_419' title='bbox 1295 5038 1412 5076; x_wconf 87' lang='lat' dir='ltr'><strong>cum</strong></span> <span class='ocrx_word' id='word_1_420' title='bbox 1435 5020 1671 5083; x_wconf 86' lang='lat' dir='ltr'><strong>diabolo,</strong></span> <span class='ocrx_word' id='word_1_421' title='bbox 1700 5020 1965 5077; x_wconf 81' lang='lat' dir='ltr'><strong>incendio.</strong></span> <span class='ocrx_word' id='word_1_422' title='bbox 1989 5022 2099 5091; x_wconf 88' lang='lat' dir='ltr'><strong>gla-</strong></span> 
     </span>
    </p>
   </div>
   <div class='ocr_carea' id='block_1_56' title="bbox 508 5111 2099 5183">
    <p class='ocr_par' dir='ltr' id='par_1_56' title="bbox 508 5111 2099 5183">
     <span class='ocr_line' id='line_1_56' title="bbox 508 5111 2099 5183; baseline -0.001 -17"><span class='ocrx_word' id='word_1_423' title='bbox 508 5116 703 5183; x_wconf 79' lang='lat' dir='ltr'><strong>dioque</strong></span> <span class='ocrx_word' id='word_1_424' title='bbox 749 5114 1064 5169; x_wconf 87' lang='lat' dir='ltr'><strong>certandum</strong></span> <span class='ocrx_word' id='word_1_425' title='bbox 1106 5126 1224 5177; x_wconf 76' lang='grc' dir='ltr'><strong>εει,</strong></span> <span class='ocrx_word' id='word_1_426' title='bbox 1265 5113 1358 5167; x_wconf 87' lang='lat' dir='ltr'><strong>sed</strong></span> <span class='ocrx_word' id='word_1_427' title='bbox 1411 5112 1515 5166; x_wconf 88' lang='lat' dir='ltr'><strong>illis</strong></span> <span class='ocrx_word' id='word_1_428' title='bbox 1573 5111 1861 5165; x_wconf 83' lang='lat' dir='ltr'><strong>virtutibus</strong></span> <span class='ocrx_word' id='word_1_429' title='bbox 1906 5115 2099 5180; x_wconf 79' lang='lat' dir='ltr'><strong>quibus</strong></span> 
     </span>
    </p>
   </div>
   <div class='ocr_carea' id='block_1_57' title="bbox 507 5200 2098 5274">
    <p class='ocr_par' dir='ltr' id='par_1_57' title="bbox 507 5200 2098 5274">
     <span class='ocr_line' id='line_1_57' title="bbox 507 5200 2098 5274; baseline -0.005 -12"><span class='ocrx_word' id='word_1_430' title='bbox 507 5206 758 5262; x_wconf 84' lang='lat' dir='ltr'><strong>Christus</strong></span> <span class='ocrx_word' id='word_1_431' title='bbox 785 5206 898 5274; x_wconf 87' lang='lat' dir='ltr'><strong>ipse</strong></span> <span class='ocrx_word' id='word_1_432' title='bbox 930 5208 1211 5274; x_wconf 71' lang='lat' dir='ltr'><strong>pugnavit,</strong></span> <span class='ocrx_word' id='word_1_433' title='bbox 1248 5212 1303 5255; x_wconf 92' lang='lat' dir='ltr'><strong>ut</strong></span> <span class='ocrx_word' id='word_1_434' title='bbox 1335 5201 1638 5269; x_wconf 81' lang='lat' dir='ltr'><strong>superbiant</strong></span> <span class='ocrx_word' id='word_1_435' title='bbox 1668 5200 1963 5254; x_wconf 88' lang='lat' dir='ltr'><strong>humilitate</strong></span> <span class='ocrx_word' id='word_1_436' title='bbox 1987 5202 2098 5254; x_wconf 85' lang='lat' dir='ltr'><strong>vitt-</strong></span> 
     </span>
    </p>
   </div>
   <div class='ocr_carea' id='block_1_58' title="bbox 506 5290 2092 5362">
    <p class='ocr_par' dir='ltr' id='par_1_58' title="bbox 506 5290 2092 5362">
     <span class='ocr_line' id='line_1_58' title="bbox 506 5290 2092 5362; baseline -0.005 -11"><span class='ocrx_word' id='word_1_437' title='bbox 506 5312 722 5362; x_wconf 89' lang='lat' dir='ltr'><strong>camus,</strong></span> <span class='ocrx_word' id='word_1_438' title='bbox 770 5294 983 5349; x_wconf 85' lang='lat' dir='ltr'><strong>divitias</strong></span> <span class='ocrx_word' id='word_1_439' title='bbox 1035 5292 1217 5347; x_wconf 80' lang='lat' dir='ltr'><strong>mutuli</strong></span> <span class='ocrx_word' id='word_1_440' title='bbox 1272 5300 1579 5360; x_wconf 69' lang='lat' dir='ltr'><strong>paupertate</strong></span> <span class='ocrx_word' id='word_1_441' title='bbox 1634 5304 1966 5357; x_wconf 87' lang='lat' dir='ltr'><strong>superemos.</strong></span> <span class='ocrx_word' id='word_1_442' title='bbox 2014 5290 2092 5343; x_wconf 84' lang='lat' dir='ltr'><strong>Ad</strong></span> 
     </span>
    </p>
   </div>
   <div class='ocr_carea' id='block_1_59' title="bbox 509 5381 2091 5456">
    <p class='ocr_par' dir='ltr' id='par_1_59' title="bbox 509 5381 2091 5456">
     <span class='ocr_line' id='line_1_59' title="bbox 509 5381 2091 5456; baseline -0.002 -19"><span class='ocrx_word' id='word_1_443' title='bbox 509 5395 835 5456; x_wconf 89' lang='lat' dir='ltr'><strong>postremum</strong></span> <span class='ocrx_word' id='word_1_444' title='bbox 871 5386 983 5455; x_wconf 88' lang='lat' dir='ltr'><strong>ipse</strong></span> <span class='ocrx_word' id='word_1_445' title='bbox 1026 5384 1080 5437; x_wconf 81' lang='lat' dir='ltr'><strong>in</strong></span> <span class='ocrx_word' id='word_1_446' title='bbox 1127 5383 1232 5435; x_wconf 88' lang='lat' dir='ltr'><strong>Deo</strong></span> <span class='ocrx_word' id='word_1_447' title='bbox 1273 5383 1433 5452; x_wconf 74' lang='lat'><strong>201</strong></span> <span class='ocrx_word' id='word_1_448' title='bbox 1472 5381 1595 5449; x_wconf 74' lang='lat' dir='ltr'><strong>facit</strong></span> <span class='ocrx_word' id='word_1_449' title='bbox 1634 5382 1885 5446; x_wconf 81' lang='lat' dir='ltr'><strong>uirtutem,</strong></span> <span class='ocrx_word' id='word_1_450' title='bbox 1922 5384 2008 5450; x_wconf 90' lang='lat' dir='ltr'><strong>qui</strong></span> <span class='ocrx_word' id='word_1_451' title='bbox 2040 5383 2091 5436; x_wconf 87' lang='lat' dir='ltr'><strong>in</strong></span> 
     </span>
    </p>
   </div>
   <div class='ocr_carea' id='block_1_60' title="bbox 506 5478 2090 5552">
    <p class='ocr_par' dir='ltr' id='par_1_60' title="bbox 506 5478 2090 5552">
     <span class='ocr_line' id='line_1_60' title="bbox 506 5478 2090 5552; baseline -0.006 -15"><span class='ocrx_word' id='word_1_452' title='bbox 506 5484 772 5538; x_wconf 88' lang='lat' dir='ltr'><strong>mandatis</strong></span> <span class='ocrx_word' id='word_1_453' title='bbox 802 5482 918 5552; x_wconf 88' lang='lat' dir='ltr'><strong>ejus</strong></span> <span class='ocrx_word' id='word_1_454' title='bbox 952 5482 1150 5551; x_wconf 87' lang='lat' dir='ltr'><strong>jugitcr</strong></span> <span class='ocrx_word' id='word_1_455' title='bbox 1188 5494 1563 5551; x_wconf 85' lang='lat' dir='ltr'><strong>perseverans,</strong></span> <span class='ocrx_word' id='word_1_456' title='bbox 1589 5478 1880 5534; x_wconf 83' lang='lat' dir='ltr'><strong>diabolicas</strong></span> <span class='ocrx_word' id='word_1_457' title='bbox 1920 5486 2090 5529; x_wconf 84' lang='lat' dir='ltr'><strong>tenta-</strong></span> 
     </span>
    </p>
   </div>
   <div class='ocr_carea' id='block_1_61' title="bbox 506 5568 2091 5639">
    <p class='ocr_par' dir='ltr' id='par_1_61' title="bbox 506 5568 2091 5639">
     <span class='ocr_line' id='line_1_61' title="bbox 506 5568 2091 5639; baseline -0.005 -12"><span class='ocrx_word' id='word_1_458' title='bbox 506 5575 679 5629; x_wconf 87' lang='lat' dir='ltr'><strong>tioues</strong></span> <span class='ocrx_word' id='word_1_459' title='bbox 705 5574 895 5631; x_wconf 86' lang='lat' dir='ltr'><strong>eodem</strong></span> <span class='ocrx_word' id='word_1_460' title='bbox 928 5574 1218 5630; x_wconf 87' lang='lat' dir='ltr'><strong>miserante</strong></span> <span class='ocrx_word' id='word_1_461' title='bbox 1249 5573 1558 5628; x_wconf 83' lang='lat' dir='ltr'><strong>calcaverit.</strong></span> <span class='ocrx_word' id='word_1_462' title='bbox 1594 5572 1866 5639; x_wconf 85' lang='lat' dir='ltr'><strong>Sequitur,</strong></span> <span class='ocrx_word' id='word_1_463' title='bbox 1899 5577 1943 5622; x_wconf 87' lang='lat' dir='ltr'><strong>et</strong></span> <span class='ocrx_word' id='word_1_464' title='bbox 1985 5568 2091 5636; x_wconf 83' lang='lat' dir='ltr'><strong>ipse</strong></span> 
     </span>
    </p>
   </div>
   <div class='ocr_carea' id='block_1_62' title="bbox 504 5657 2092 5729">
    <p class='ocr_par' dir='ltr' id='par_1_62' title="bbox 504 5657 2092 5729">
     <span class='ocr_line' id='line_1_62' title="bbox 504 5657 2092 5729; baseline -0.004 -13"><span class='ocrx_word' id='word_1_465' title='bbox 504 5664 572 5716; x_wconf 84' lang='lat' dir='ltr'><strong>ad</strong></span> <span class='ocrx_word' id='word_1_466' title='bbox 601 5662 818 5719; x_wconf 75' lang='lat' dir='ltr'><strong>nihilum</strong></span> <span class='ocrx_word' id='word_1_467' title='bbox 844 5665 1056 5722; x_wconf 81' lang='lat' dir='ltr'><strong>deducet</strong></span> <span class='ocrx_word' id='word_1_468' title='bbox 1106 5665 1403 5720; x_wconf 82' lang='lat' dir='ltr'><strong>tribulatttes</strong></span> <span class='ocrx_word' id='word_1_469' title='bbox 1436 5679 1543 5717; x_wconf 88' lang='lat' dir='ltr'><strong>nos.</strong></span> <span class='ocrx_word' id='word_1_470' title='bbox 1578 5662 1713 5729; x_wconf 80' lang='lat' dir='ltr'><strong>Quid</strong></span> <span class='ocrx_word' id='word_1_471' title='bbox 1747 5660 1863 5729; x_wconf 82' lang='lat' dir='ltr'><strong>tibi,</strong></span> <span class='ocrx_word' id='word_1_472' title='bbox 1896 5657 2092 5712; x_wconf 84' lang='lat' dir='ltr'><strong>fidelis-</strong></span> 
     </span>
    </p>
   </div>
   <div class='ocr_carea' id='block_1_63' title="bbox 2220 426 3813 499">
    <p class='ocr_par' dir='ltr' id='par_1_63' title="bbox 2220 426 3813 499">
     <span class='ocr_line' id='line_1_63' title="bbox 2220 426 3813 499; baseline -0.001 -17"><span class='ocrx_word' id='word_1_473' title='bbox 2220 429 2383 483; x_wconf 74' lang='lat' dir='ltr'><strong>xilia?</strong></span> <span class='ocrx_word' id='word_1_474' title='bbox 2429 428 2547 497; x_wconf 90' lang='lat' dir='ltr'><strong>Ipse</strong></span> <span class='ocrx_word' id='word_1_475' title='bbox 2592 431 2734 484; x_wconf 82' lang='lat' dir='ltr'><strong>enim</strong></span> <span class='ocrx_word' id='word_1_476' title='bbox 2786 445 2880 499; x_wconf 88' lang='lat' dir='ltr'><strong>pro</strong></span> <span class='ocrx_word' id='word_1_477' title='bbox 2912 439 2963 484; x_wconf 85' lang='lat' dir='ltr'><strong>te</strong></span> <span class='ocrx_word' id='word_1_478' title='bbox 3004 439 3222 497; x_wconf 86' lang='lat' dir='ltr'><strong>pugnat,</strong></span> <span class='ocrx_word' id='word_1_479' title='bbox 3254 430 3338 481; x_wconf 87' lang='lat' dir='ltr'><strong>cui</strong></span> <span class='ocrx_word' id='word_1_480' title='bbox 3370 428 3548 480; x_wconf 85' lang='lat' dir='ltr'><strong>nullus</strong></span> <span class='ocrx_word' id='word_1_481' title='bbox 3577 426 3813 487; x_wconf 83' lang='lat' dir='ltr'><strong>resistit;</strong></span> 
     </span>
    </p>
   </div>
   <div class='ocr_carea' id='block_1_64' title="bbox 2219 518 3810 589">
    <p class='ocr_par' dir='ltr' id='par_1_64' title="bbox 2219 518 3810 589">
     <span class='ocr_line' id='line_1_64' title="bbox 2219 518 3810 589; baseline -0.001 -17"><span class='ocrx_word' id='word_1_482' title='bbox 2219 518 2334 587; x_wconf 85' lang='lat' dir='ltr'><strong>ipse</strong></span> <span class='ocrx_word' id='word_1_483' title='bbox 2372 520 2691 588; x_wconf 76' lang='lat' dir='ltr'><strong>insequitur,</strong></span> <span class='ocrx_word' id='word_1_484' title='bbox 2725 535 2885 589; x_wconf 87' lang='lat' dir='ltr'><strong>quem</strong></span> <span class='ocrx_word' id='word_1_485' title='bbox 2936 519 3112 572; x_wconf 89' lang='lat' dir='ltr'><strong>nullus</strong></span> <span class='ocrx_word' id='word_1_486' title='bbox 3160 518 3413 571; x_wconf 87' lang='lat' dir='ltr'><strong>declinat.</strong></span> <span class='ocrx_word' id='word_1_487' title='bbox 3466 519 3546 570; x_wconf 84' lang='lat' dir='ltr'><strong>Ad</strong></span> <span class='ocrx_word' id='word_1_488' title='bbox 3595 518 3810 571; x_wconf 72' lang='lat' dir='ltr'><strong>nihilum</strong></span> 
     </span>
    </p>
   </div>
   <div class='ocr_carea' id='block_1_65' title="bbox 2219 608 3806 679">
    <p class='ocr_par' dir='ltr' id='par_1_65' title="bbox 2219 608 3806 679">
     <span class='ocr_line' id='line_1_65' title="bbox 2219 608 3806 679; baseline 0.002 -17"><span class='ocrx_word' id='word_1_489' title='bbox 2219 610 2419 679; x_wconf 86' lang='lat' dir='ltr'><strong>quippe</strong></span> <span class='ocrx_word' id='word_1_490' title='bbox 2449 612 2680 679; x_wconf 77' lang='lat' dir='ltr'><strong>perducit</strong></span> <span class='ocrx_word' id='word_1_491' title='bbox 2722 611 2951 663; x_wconf 86' lang='lat' dir='ltr'><strong>inimicos</strong></span> <span class='ocrx_word' id='word_1_492' title='bbox 2999 608 3236 662; x_wconf 69' lang='lat' dir='ltr'><strong>fidelium</strong></span> <span class='ocrx_word' id='word_1_493' title='bbox 3283 624 3527 673; x_wconf 84' lang='lat' dir='ltr'><strong>suorum,</strong></span> <span class='ocrx_word' id='word_1_494' title='bbox 3557 610 3806 678; x_wconf 81' lang='lat' dir='ltr'><strong>quoniam</strong></span> 
     </span>
    </p>
   </div>
   <div class='ocr_carea' id='block_1_66' title="bbox 2218 699 3812 770">
    <p class='ocr_par' dir='ltr' id='par_1_66' title="bbox 2218 699 3812 770">
     <span class='ocr_line' id='line_1_66' title="bbox 2218 699 3812 770; baseline -0.001 -14"><span class='ocrx_word' id='word_1_495' title='bbox 2218 701 2362 756; x_wconf 89' lang='lat' dir='ltr'><strong>delet</strong></span> <span class='ocrx_word' id='word_1_496' title='bbox 2389 716 2483 756; x_wconf 88' lang='lat' dir='ltr'><strong>eos</strong></span> <span class='ocrx_word' id='word_1_497' title='bbox 2510 699 2585 756; x_wconf 84' lang='lat' dir='ltr'><strong>de</strong></span> <span class='ocrx_word' id='word_1_498' title='bbox 2602 702 2739 756; x_wconf 84' lang='lat' dir='ltr'><strong>libro</strong></span> <span class='ocrx_word' id='word_1_499' title='bbox 2768 701 3082 765; x_wconf 82' lang='lat' dir='ltr'><strong>viventium,</strong></span> <span class='ocrx_word' id='word_1_500' title='bbox 3109 699 3195 754; x_wconf 85' lang='lat' dir='ltr'><strong>ubi</strong></span> <span class='ocrx_word' id='word_1_501' title='bbox 3222 701 3319 754; x_wconf 85' lang='lat' dir='ltr'><strong>sibi</strong></span> <span class='ocrx_word' id='word_1_502' title='bbox 3345 701 3526 770; x_wconf 86' lang='lat' dir='ltr'><strong>scripti</strong></span> <span class='ocrx_word' id='word_1_503' title='bbox 3555 701 3812 755; x_wconf 84' lang='lat' dir='ltr'><strong>videban-</strong></span> 
     </span>
    </p>
   </div>
   <div class='ocr_carea' id='block_1_67' title="bbox 2221 792 2486 847">
    <p class='ocr_par' dir='ltr' id='par_1_67' title="bbox 2221 792 2486 847">
     <span class='ocr_line' id='line_1_67' title="bbox 2221 792 2486 847; baseline 0 -2"><span class='ocrx_word' id='word_1_504' title='bbox 2221 803 2308 846; x_wconf 93' lang='lat' dir='ltr'><strong>tur</strong></span> <span class='ocrx_word' id='word_1_505' title='bbox 2336 792 2486 847; x_wconf 88' lang='lat' dir='ltr'><strong>elati.</strong></span> 
     </span>
    </p>
   </div>
   <div class='ocr_carea' id='block_1_68' title="bbox 2738 882 3265 953">
    <p class='ocr_par' dir='ltr' id='par_1_68' title="bbox 2738 882 3265 953">
     <span class='ocr_line' id='line_1_68' title="bbox 2738 882 3265 953; baseline -0.004 -18"><span class='ocrx_word' id='word_1_506' title='bbox 2738 882 3003 936; x_wconf 74' lang='lat' dir='ltr'><strong>Conclusio</strong></span> <span class='ocrx_word' id='word_1_507' title='bbox 3060 884 3265 953; x_wconf 81' lang='lat' dir='ltr'><strong>psalmi.</strong></span> 
     </span>
    </p>
   </div>
   <div class='ocr_carea' id='block_1_69' title="bbox 2292 995 3876 1060">
    <p class='ocr_par' dir='ltr' id='par_1_69' title="bbox 2292 995 3876 1060">
     <span class='ocr_line' id='line_1_69' title="bbox 2292 995 3876 1060; baseline 0.001 -10"><span class='ocrx_word' id='word_1_508' title='bbox 2292 998 2428 1051; x_wconf 85' lang='lat' dir='ltr'><strong>Ecce</strong></span> <span class='ocrx_word' id='word_1_509' title='bbox 2458 995 2637 1050; x_wconf 85' lang='lat' dir='ltr'><strong>mundi</strong></span> <span class='ocrx_word' id='word_1_510' title='bbox 2683 997 2856 1060; x_wconf 89' lang='lat' dir='ltr'><strong>istius,</strong></span> <span class='ocrx_word' id='word_1_511' title='bbox 2886 996 2929 1050; x_wconf 88' lang='lat' dir='ltr'><strong>si</strong></span> <span class='ocrx_word' id='word_1_512' title='bbox 2962 996 3253 1050; x_wconf 88' lang='lat' dir='ltr'><strong>secundum</strong></span> <span class='ocrx_word' id='word_1_513' title='bbox 3299 995 3510 1048; x_wconf 86' lang='lat' dir='ltr'><strong>Domini</strong></span> <span class='ocrx_word' id='word_1_514' title='bbox 3544 996 3811 1052; x_wconf 87' lang='lat' dir='ltr'><strong>toleretur</strong></span> <span class='ocrx_word' id='word_1_515' title='bbox 3873 1027 3876 1029; x_wconf 55' lang='grc' dir='ltr'>λ</span> 
     </span>
    </p>
   </div>
   <div class='ocr_carea' id='block_1_70' title="bbox 2220 1070 3814 1156">
    <p class='ocr_par' dir='ltr' id='par_1_70' title="bbox 2220 1070 3814 1156">
     <span class='ocr_line' id='line_1_70' title="bbox 2220 1070 3814 1156; baseline 0.001 -15"><span class='ocrx_word' id='word_1_516' title='bbox 2220 1088 2526 1156; x_wconf 88' lang='lat' dir='ltr'><strong>tmperiutn,</strong></span> <span class='ocrx_word' id='word_1_517' title='bbox 2554 1088 2706 1147; x_wconf 83' lang='lat' dir='ltr'><strong>beata</strong></span> <span class='ocrx_word' id='word_1_518' title='bbox 2730 1088 3001 1141; x_wconf 87' lang='lat' dir='ltr'><strong>contritio.</strong></span> <span class='ocrx_word' id='word_1_519' title='bbox 3024 1086 3161 1141; x_wconf 85' lang='lat' dir='ltr'><strong>Ecce</strong></span> <span class='ocrx_word' id='word_1_520' title='bbox 3194 1088 3545 1140; x_wconf 83' lang='lat' dir='ltr'><strong>humilitatem</strong></span> <span class='ocrx_word' id='word_1_521' title='bbox 3577 1070 3814 1143; x_wconf 74' lang='lat' dir='ltr'><strong>terrenis</strong></span> 
     </span>
    </p>
   </div>
   <div class='ocr_carea' id='block_1_71' title="bbox 2217 1178 3814 1247">
    <p class='ocr_par' dir='ltr' id='par_1_71' title="bbox 2217 1178 3814 1247">
     <span class='ocr_line' id='line_1_71' title="bbox 2217 1178 3814 1247; baseline 0 -14"><span class='ocrx_word' id='word_1_522' title='bbox 2217 1180 2538 1233; x_wconf 85' lang='lat' dir='ltr'><strong>culminibus</strong></span> <span class='ocrx_word' id='word_1_523' title='bbox 2579 1179 2887 1244; x_wconf 82' lang='lat' dir='ltr'><strong>celsioretu,</strong></span> <span class='ocrx_word' id='word_1_524' title='bbox 2920 1179 3134 1247; x_wconf 87' lang='lat' dir='ltr'><strong>quando</strong></span> <span class='ocrx_word' id='word_1_525' title='bbox 3184 1195 3288 1231; x_wconf 93' lang='lat' dir='ltr'><strong>non</strong></span> <span class='ocrx_word' id='word_1_526' title='bbox 3339 1190 3510 1247; x_wconf 78' lang='lat' dir='ltr'><strong>potest</strong></span> <span class='ocrx_word' id='word_1_527' title='bbox 3550 1178 3814 1244; x_wconf 76' lang='lat' dir='ltr'><strong>defuere,</strong></span> 
     </span>
    </p>
   </div>
   <div class='ocr_carea' id='block_1_72' title="bbox 2218 1269 3818 1339">
    <p class='ocr_par' dir='ltr' id='par_1_72' title="bbox 2218 1269 3818 1339">
     <span class='ocr_line' id='line_1_72' title="bbox 2218 1269 3818 1339; baseline 0 -16"><span class='ocrx_word' id='word_1_528' title='bbox 2218 1271 2301 1324; x_wconf 93' lang='lat' dir='ltr'><strong>cui</strong></span> <span class='ocrx_word' id='word_1_529' title='bbox 2337 1272 2481 1324; x_wconf 88' lang='lat' dir='ltr'><strong>venit</strong></span> <span class='ocrx_word' id='word_1_530' title='bbox 2503 1269 2757 1324; x_wconf 77' lang='lat' dir='ltr'><strong>auxilium</strong></span> <span class='ocrx_word' id='word_1_531' title='bbox 2788 1270 2855 1324; x_wconf 91' lang='lat' dir='ltr'><strong>de</strong></span> <span class='ocrx_word' id='word_1_532' title='bbox 2884 1270 3249 1333; x_wconf 85' lang='lat' dir='ltr'><strong>tribulatione;</strong></span> <span class='ocrx_word' id='word_1_533' title='bbox 3278 1283 3330 1323; x_wconf 89' lang='lat' dir='ltr'><strong>et</strong></span> <span class='ocrx_word' id='word_1_534' title='bbox 3352 1270 3403 1322; x_wconf 90' lang='lat' dir='ltr'><strong>in</strong></span> <span class='ocrx_word' id='word_1_535' title='bbox 3427 1269 3542 1339; x_wconf 60' lang='lat' dir='ltr'><strong>ipso</strong></span> <span class='ocrx_word' id='word_1_536' title='bbox 3568 1271 3818 1339; x_wconf 84' lang='lat' dir='ltr'><strong>periculo</strong></span> 
     </span>
    </p>
   </div>
   <div class='ocr_carea' id='block_1_73' title="bbox 2219 1363 3820 1432">
    <p class='ocr_par' dir='ltr' id='par_1_73' title="bbox 2219 1363 3820 1432">
     <span class='ocr_line' id='line_1_73' title="bbox 2219 1363 3820 1432; baseline 0.001 -15"><span class='ocrx_word' id='word_1_537' title='bbox 2219 1363 2535 1419; x_wconf 80' lang='lat' dir='ltr'><strong>beneﬁcium</strong></span> <span class='ocrx_word' id='word_1_538' title='bbox 2566 1365 2792 1432; x_wconf 86' lang='lat' dir='ltr'><strong>reperit,</strong></span> <span class='ocrx_word' id='word_1_539' title='bbox 2824 1363 2967 1431; x_wconf 87' lang='lat' dir='ltr'><strong>quod</strong></span> <span class='ocrx_word' id='word_1_540' title='bbox 2995 1370 3225 1417; x_wconf 86' lang='lat' dir='ltr'><strong>atterere</strong></span> <span class='ocrx_word' id='word_1_541' title='bbox 3262 1363 3558 1415; x_wconf 82' lang='lat' dir='ltr'><strong>consuevit.</strong></span> <span class='ocrx_word' id='word_1_542' title='bbox 3599 1363 3736 1417; x_wconf 79' lang='lat' dir='ltr'><strong>Sine</strong></span> <span class='ocrx_word' id='word_1_543' title='bbox 3764 1370 3820 1418; x_wconf 81' lang='lat' dir='ltr'><strong>te</strong></span> 
     </span>
    </p>
   </div>
   <div class='ocr_carea' id='block_1_74' title="bbox 2216 1452 3816 1521">
    <p class='ocr_par' dir='ltr' id='par_1_74' title="bbox 2216 1452 3816 1521">
     <span class='ocr_line' id='line_1_74' title="bbox 2216 1452 3816 1521; baseline -0.001 -12"><span class='ocrx_word' id='word_1_544' title='bbox 2216 1456 2360 1510; x_wconf 82' lang='lat' dir='ltr'><strong>enini</strong></span> <span class='ocrx_word' id='word_1_545' title='bbox 2410 1456 2567 1521; x_wconf 89' lang='lat' dir='ltr'><strong>Deus,</strong></span> <span class='ocrx_word' id='word_1_546' title='bbox 2598 1455 2884 1508; x_wconf 84' lang='lat' dir='ltr'><strong>universus</strong></span> <span class='ocrx_word' id='word_1_547' title='bbox 2928 1452 3111 1507; x_wconf 87' lang='lat' dir='ltr'><strong>mundi</strong></span> <span class='ocrx_word' id='word_1_548' title='bbox 3157 1468 3279 1506; x_wconf 88' lang='lat' dir='ltr'><strong>rcus</strong></span> <span class='ocrx_word' id='word_1_549' title='bbox 3328 1458 3411 1507; x_wconf 80' lang='lat' dir='ltr'><strong>est</strong></span> <span class='ocrx_word' id='word_1_550' title='bbox 3457 1454 3816 1521; x_wconf 78' lang='lat' dir='ltr'><strong>principatus.</strong></span> 
     </span>
    </p>
   </div>
   <div class='ocr_carea' id='block_1_75' title="bbox 2217 1548 3825 1618">
    <p class='ocr_par' dir='ltr' id='par_1_75' title="bbox 2217 1548 3825 1618">
     <span class='ocr_line' id='line_1_75' title="bbox 2217 1548 3825 1618; baseline -0.002 -13"><span class='ocrx_word' id='word_1_551' title='bbox 2217 1551 2391 1605; x_wconf 80' lang='lat' dir='ltr'><strong>Anxia</strong></span> <span class='ocrx_word' id='word_1_552' title='bbox 2431 1548 2533 1603; x_wconf 87' lang='lat' dir='ltr'><strong>sibi</strong></span> <span class='ocrx_word' id='word_1_553' title='bbox 2563 1557 2647 1603; x_wconf 91' lang='lat' dir='ltr'><strong>est</strong></span> <span class='ocrx_word' id='word_1_554' title='bbox 2689 1548 2940 1618; x_wconf 63' lang='lat' dir='ltr'><strong>quaelibet</strong></span> <span class='ocrx_word' id='word_1_555' title='bbox 2978 1555 3237 1618; x_wconf 84' lang='lat' dir='ltr'><strong>potestas,</strong></span> <span class='ocrx_word' id='word_1_556' title='bbox 3269 1558 3323 1602; x_wconf 90' lang='lat' dir='ltr'><strong>et</strong></span> <span class='ocrx_word' id='word_1_557' title='bbox 3374 1563 3469 1617; x_wconf 86' lang='lat' dir='ltr'><strong>per</strong></span> <span class='ocrx_word' id='word_1_558' title='bbox 3512 1558 3563 1603; x_wconf 89' lang='lat' dir='ltr'><strong>te</strong></span> <span class='ocrx_word' id='word_1_559' title='bbox 3612 1548 3825 1617; x_wconf 85' lang='lat' dir='ltr'><strong>gaudet</strong></span> 
     </span>
    </p>
   </div>
   <div class='ocr_carea' id='block_1_76' title="bbox 2223 1644 3819 1713">
    <p class='ocr_par' dir='ltr' id='par_1_76' title="bbox 2223 1644 3819 1713">
     <span class='ocr_line' id='line_1_76' title="bbox 2223 1644 3819 1713; baseline -0.003 -11"><span class='ocrx_word' id='word_1_560' title='bbox 2223 1648 2517 1702; x_wconf 89' lang='lat' dir='ltr'><strong>humilitas.</strong></span> <span class='ocrx_word' id='word_1_561' title='bbox 2573 1644 2854 1699; x_wconf 80' lang='lat' dir='ltr'><strong>Reconditi</strong></span> <span class='ocrx_word' id='word_1_562' title='bbox 2899 1655 3059 1713; x_wconf 90' lang='lat' dir='ltr'><strong>sunt,</strong></span> <span class='ocrx_word' id='word_1_563' title='bbox 3109 1644 3364 1707; x_wconf 89' lang='lat' dir='ltr'><strong>Domine,</strong></span> <span class='ocrx_word' id='word_1_564' title='bbox 3410 1644 3651 1697; x_wconf 84' lang='lat' dir='ltr'><strong>thesauri</strong></span> <span class='ocrx_word' id='word_1_565' title='bbox 3705 1645 3819 1708; x_wconf 90' lang='lat' dir='ltr'><strong>tui;</strong></span> 
     </span>
    </p>
   </div>
   <div class='ocr_carea' id='block_1_77' title="bbox 2222 1732 3822 1801">
    <p class='ocr_par' dir='ltr' id='par_1_77' title="bbox 2222 1732 3822 1801">
     <span class='ocr_line' id='line_1_77' title="bbox 2222 1732 3822 1801; baseline -0.003 -8"><span class='ocrx_word' id='word_1_566' title='bbox 2222 1737 2363 1793; x_wconf 86' lang='lat' dir='ltr'><strong>aliud</strong></span> <span class='ocrx_word' id='word_1_567' title='bbox 2393 1736 2605 1792; x_wconf 90' lang='lat' dir='ltr'><strong>videtur</strong></span> <span class='ocrx_word' id='word_1_568' title='bbox 2629 1736 2695 1790; x_wconf 89' lang='lat' dir='ltr'><strong>ad</strong></span> <span class='ocrx_word' id='word_1_569' title='bbox 2726 1735 2942 1801; x_wconf 82' lang='lat' dir='ltr'><strong>faciem,</strong></span> <span class='ocrx_word' id='word_1_570' title='bbox 2972 1734 3115 1789; x_wconf 88' lang='lat' dir='ltr'><strong>aliud</strong></span> <span class='ocrx_word' id='word_1_571' title='bbox 3145 1732 3276 1789; x_wconf 86' lang='lat' dir='ltr'><strong>facis</strong></span> <span class='ocrx_word' id='word_1_572' title='bbox 3318 1733 3457 1787; x_wconf 90' lang='lat' dir='ltr'><strong>intus</strong></span> <span class='ocrx_word' id='word_1_573' title='bbox 3488 1734 3691 1787; x_wconf 84' lang='lat' dir='ltr'><strong>habere</strong></span> <span class='ocrx_word' id='word_1_574' title='bbox 3725 1749 3822 1788; x_wconf 84' lang='lat' dir='ltr'><strong>ve-</strong></span> 
     </span>
    </p>
   </div>
   <div class='ocr_carea' id='block_1_78' title="bbox 2222 1825 3819 1897">
    <p class='ocr_par' dir='ltr' id='par_1_78' title="bbox 2222 1825 3819 1897">
     <span class='ocr_line' id='line_1_78' title="bbox 2222 1825 3819 1897; baseline -0.003 -12"><span class='ocrx_word' id='word_1_575' title='bbox 2222 1833 2455 1885; x_wconf 83' lang='lat' dir='ltr'><strong>ritatem.</strong></span> <span class='ocrx_word' id='word_1_576' title='bbox 2488 1828 2616 1895; x_wconf 79' lang='lat' dir='ltr'><strong>Quis</strong></span> <span class='ocrx_word' id='word_1_577' title='bbox 2644 1828 2814 1897; x_wconf 88' lang='lat' dir='ltr'><strong>possit</strong></span> <span class='ocrx_word' id='word_1_578' title='bbox 2853 1842 3108 1882; x_wconf 85' lang='lat' dir='ltr'><strong>enarrare</strong></span> <span class='ocrx_word' id='word_1_579' title='bbox 3153 1825 3602 1895; x_wconf 80' lang='lat' dir='ltr'><strong>magnificentiam</strong></span> <span class='ocrx_word' id='word_1_580' title='bbox 3640 1836 3819 1895; x_wconf 87' lang='lat' dir='ltr'><strong>tuam,</strong></span> 
     </span>
    </p>
   </div>
   <div class='ocr_carea' id='block_1_79' title="bbox 2222 1918 3822 1991">
    <p class='ocr_par' dir='ltr' id='par_1_79' title="bbox 2222 1918 3822 1991">
     <span class='ocr_line' id='line_1_79' title="bbox 2222 1918 3822 1991; baseline -0.002 -16"><span class='ocrx_word' id='word_1_581' title='bbox 2222 1922 2309 1991; x_wconf 89' lang='lat' dir='ltr'><strong>qui</strong></span> <span class='ocrx_word' id='word_1_582' title='bbox 2352 1919 2491 1975; x_wconf 90' lang='lat' dir='ltr'><strong>nosti</strong></span> <span class='ocrx_word' id='word_1_583' title='bbox 2537 1919 2860 1987; x_wconf 73' lang='lat' dir='ltr'><strong>temporales</strong></span> <span class='ocrx_word' id='word_1_584' title='bbox 2899 1918 3269 1973; x_wconf 87' lang='lat' dir='ltr'><strong>tribulationes</strong></span> <span class='ocrx_word' id='word_1_585' title='bbox 3301 1919 3351 1971; x_wconf 93' lang='lat' dir='ltr'><strong>in</strong></span> <span class='ocrx_word' id='word_1_586' title='bbox 3385 1918 3573 1986; x_wconf 87' lang='lat' dir='ltr'><strong>gaudia</strong></span> <span class='ocrx_word' id='word_1_587' title='bbox 3606 1928 3822 1973; x_wconf 68' lang='lat' dir='ltr'><strong>acterna</strong></span> 
     </span>
    </p>
   </div>
   <div class='ocr_carea' id='block_1_80' title="bbox 2222 2009 3823 2080">
    <p class='ocr_par' dir='ltr' id='par_1_80' title="bbox 2222 2009 3823 2080">
     <span class='ocr_line' id='line_1_80' title="bbox 2222 2009 3823 2080; baseline -0.002 -11"><span class='ocrx_word' id='word_1_588' title='bbox 2222 2011 2571 2070; x_wconf 77' lang='lat' dir='ltr'><strong>convertere?</strong></span> <span class='ocrx_word' id='word_1_589' title='bbox 2620 2012 2689 2066; x_wconf 88' lang='lat' dir='ltr'><strong>Et</strong></span> <span class='ocrx_word' id='word_1_590' title='bbox 2737 2011 2864 2066; x_wconf 91' lang='lat' dir='ltr'><strong>illud</strong></span> <span class='ocrx_word' id='word_1_591' title='bbox 2913 2011 3054 2079; x_wconf 91' lang='lat' dir='ltr'><strong>apud</strong></span> <span class='ocrx_word' id='word_1_592' title='bbox 3095 2021 3147 2066; x_wconf 92' lang='lat' dir='ltr'><strong>te</strong></span> <span class='ocrx_word' id='word_1_593' title='bbox 3189 2019 3273 2065; x_wconf 89' lang='lat' dir='ltr'><strong>est</strong></span> <span class='ocrx_word' id='word_1_594' title='bbox 3323 2012 3638 2080; x_wconf 80' lang='lat' dir='ltr'><strong>pretiosum,</strong></span> <span class='ocrx_word' id='word_1_595' title='bbox 3672 2009 3823 2078; x_wconf 83' lang='lat' dir='ltr'><strong>quod</strong></span> 
     </span>
    </p>
   </div>
   <div class='ocr_carea' id='block_1_81' title="bbox 2220 2102 3823 2172">
    <p class='ocr_par' dir='ltr' id='par_1_81' title="bbox 2220 2102 3823 2172">
     <span class='ocr_line' id='line_1_81' title="bbox 2220 2102 3823 2172; baseline -0.004 -9"><span class='ocrx_word' id='word_1_596' title='bbox 2220 2108 2274 2163; x_wconf 90' lang='lat' dir='ltr'><strong>in</strong></span> <span class='ocrx_word' id='word_1_597' title='bbox 2322 2107 2424 2163; x_wconf 89' lang='lat' dir='ltr'><strong>hoc</strong></span> <span class='ocrx_word' id='word_1_598' title='bbox 2473 2106 2676 2163; x_wconf 89' lang='lat' dir='ltr'><strong>mundo</strong></span> <span class='ocrx_word' id='word_1_599' title='bbox 2723 2104 3001 2161; x_wconf 89' lang='lat' dir='ltr'><strong>sceleratis</strong></span> <span class='ocrx_word' id='word_1_600' title='bbox 3049 2103 3352 2159; x_wconf 89' lang='lat' dir='ltr'><strong>hominibus</strong></span> <span class='ocrx_word' id='word_1_601' title='bbox 3408 2102 3621 2158; x_wconf 86' lang='lat' dir='ltr'><strong>videtur</strong></span> <span class='ocrx_word' id='word_1_602' title='bbox 3668 2103 3823 2172; x_wconf 81' lang='lat' dir='ltr'><strong>abje-</strong></span> 
     </span>
    </p>
   </div>
   <div class='ocr_carea' id='block_1_82' title="bbox 2221 2206 3500 2341">
    <p class='ocr_par' dir='ltr' id='par_1_82' title="bbox 2221 2206 3500 2341">
     <span class='ocr_line' id='line_1_82' title="bbox 2221 2206 3500 2341; baseline -0.002 0"><span class='ocrx_word' id='word_1_603' title='bbox 2221 2206 2386 2252; x_wconf 48' lang='lat' dir='ltr'><strong>dum.</strong></span> <span class='ocrx_word' id='word_1_604' title='bbox 2509 2284 2872 2341; x_wconf 83' lang='lat' dir='ltr'><strong>EXPOSlTlU</strong></span> <span class='ocrx_word' id='word_1_605' title='bbox 2909 2283 2975 2338; x_wconf 82' lang='lat' dir='ltr'><strong>IN</strong></span> <span class='ocrx_word' id='word_1_606' title='bbox 3017 2283 3341 2339; x_wconf 79' lang='lat' dir='ltr'><strong>PSALMUM</strong></span> <span class='ocrx_word' id='word_1_607' title='bbox 3392 2283 3500 2338; x_wconf 81' lang='lat' dir='ltr'><strong>LX.</strong></span> 
     </span>
    </p>
   </div>
   <div class='ocr_carea' id='block_1_83' title="bbox 2613 2373 3422 2448">
    <p class='ocr_par' dir='ltr' id='par_1_83' title="bbox 2613 2373 3422 2448">
     <span class='ocr_line' id='line_1_83' title="bbox 2613 2373 3422 2448; baseline -0.005 -18"><span class='ocrx_word' id='word_1_608' title='bbox 2613 2376 2681 2431; x_wconf 77' lang='lat' dir='ltr'><strong>In</strong></span> <span class='ocrx_word' id='word_1_609' title='bbox 2708 2377 2883 2448; x_wconf 82' lang='lat' dir='ltr'><strong>ﬁnem,</strong></span> <span class='ocrx_word' id='word_1_610' title='bbox 2910 2376 2964 2431; x_wconf 89' lang='lat' dir='ltr'><strong>in</strong></span> <span class='ocrx_word' id='word_1_611' title='bbox 2991 2376 3190 2446; x_wconf 85' lang='lat' dir='ltr'><strong>hymnis</strong></span> <span class='ocrx_word' id='word_1_612' title='bbox 3222 2373 3422 2429; x_wconf 79' lang='lat' dir='ltr'><strong>David.</strong></span> 
     </span>
    </p>
   </div>
   <div class='ocr_carea' id='block_1_84' title="bbox 2290 2491 3823 2562">
    <p class='ocr_par' dir='ltr' id='par_1_84' title="bbox 2290 2491 3823 2562">
     <span class='ocr_line' id='line_1_84' title="bbox 2290 2491 3823 2562; baseline 0.001 -14"><span class='ocrx_word' id='word_1_613' title='bbox 2290 2492 2607 2549; x_wconf 80' lang='lat' dir='ltr'><strong>Absolutum</strong></span> <span class='ocrx_word' id='word_1_614' title='bbox 2660 2502 2714 2549; x_wconf 90' lang='lat' dir='ltr'><strong>et</strong></span> <span class='ocrx_word' id='word_1_615' title='bbox 2744 2491 3115 2547; x_wconf 88' lang='lat' dir='ltr'><strong>brevissimum</strong></span> <span class='ocrx_word' id='word_1_616' title='bbox 3158 2491 3416 2562; x_wconf 85' lang='lat' dir='ltr'><strong>psalmum</strong></span> <span class='ocrx_word' id='word_1_617' title='bbox 3459 2491 3740 2549; x_wconf 86' lang='lat' dir='ltr'><strong>Latinitas</strong></span> <span class='ocrx_word' id='word_1_618' title='bbox 3767 2504 3823 2550; x_wconf 70' lang='lat' dir='ltr'><strong>et</strong></span> 
     </span>
    </p>
   </div>
   <div class='ocr_carea' id='block_1_85' title="bbox 2216 2583 3823 2657">
    <p class='ocr_par' dir='ltr' id='par_1_85' title="bbox 2216 2583 3823 2657">
     <span class='ocr_line' id='line_1_85' title="bbox 2216 2583 3823 2657; baseline -0.002 -14"><span class='ocrx_word' id='word_1_619' title='bbox 2216 2586 2590 2657; x_wconf 89' lang='lat' dir='ltr'><strong>compendium</strong></span> <span class='ocrx_word' id='word_1_620' title='bbox 2643 2585 2783 2640; x_wconf 88' lang='lat' dir='ltr'><strong>tituli</strong></span> <span class='ocrx_word' id='word_1_621' title='bbox 2833 2584 3106 2640; x_wconf 84' lang='lat' dir='ltr'><strong>evidenter</strong></span> <span class='ocrx_word' id='word_1_622' title='bbox 3150 2584 3401 2637; x_wconf 76' lang='lat' dir='ltr'><strong>insinuat.</strong></span> <span class='ocrx_word' id='word_1_623' title='bbox 3469 2583 3590 2637; x_wconf 83' lang='lat' dir='ltr'><strong>Non</strong></span> <span class='ocrx_word' id='word_1_624' title='bbox 3639 2586 3823 2651; x_wconf 85' lang='lat' dir='ltr'><strong>enim,</strong></span> 
     </span>
    </p>
   </div>
   <div class='ocr_carea' id='block_1_86' title="bbox 2222 2673 3824 2746">
    <p class='ocr_par' dir='ltr' id='par_1_86' title="bbox 2222 2673 3824 2746">
     <span class='ocr_line' id='line_1_86' title="bbox 2222 2673 3824 2746; baseline -0.002 -14"><span class='ocrx_word' id='word_1_625' title='bbox 2222 2686 2281 2732; x_wconf 90' lang='lat' dir='ltr'><strong>ut</strong></span> <span class='ocrx_word' id='word_1_626' title='bbox 2306 2690 2463 2746; x_wconf 88' lang='lat' dir='ltr'><strong>supra</strong></span> <span class='ocrx_word' id='word_1_627' title='bbox 2482 2717 2497 2743; x_wconf 93' lang='lat'><strong>,</strong></span> <span class='ocrx_word' id='word_1_628' title='bbox 2526 2674 2829 2730; x_wconf 89' lang='lat' dir='ltr'><strong>nominibus</strong></span> <span class='ocrx_word' id='word_1_629' title='bbox 2857 2674 3097 2730; x_wconf 81' lang='lat' dir='ltr'><strong>obscuris</strong></span> <span class='ocrx_word' id='word_1_630' title='bbox 3130 2673 3457 2743; x_wconf 88' lang='lat' dir='ltr'><strong>historiaque</strong></span> <span class='ocrx_word' id='word_1_631' title='bbox 3501 2674 3824 2743; x_wconf 87' lang='lat' dir='ltr'><strong>completus</strong></span> 
     </span>
    </p>
   </div>
   <div class='ocr_carea' id='block_1_87' title="bbox 2218 2765 3823 2836">
    <p class='ocr_par' dir='ltr' id='par_1_87' title="bbox 2218 2765 3823 2836">
     <span class='ocr_line' id='line_1_87' title="bbox 2218 2765 3823 2836; baseline -0.002 -12"><span class='ocrx_word' id='word_1_632' title='bbox 2218 2779 2327 2832; x_wconf 89' lang='lat' dir='ltr'><strong>est.</strong></span> <span class='ocrx_word' id='word_1_633' title='bbox 2361 2778 2416 2822; x_wconf 88' lang='lat' dir='ltr'><strong>ut</strong></span> <span class='ocrx_word' id='word_1_634' title='bbox 2443 2768 2718 2823; x_wconf 86' lang='lat' dir='ltr'><strong>evidenter</strong></span> <span class='ocrx_word' id='word_1_635' title='bbox 2760 2774 3022 2836; x_wconf 86' lang='lat' dir='ltr'><strong>appareat</strong></span> <span class='ocrx_word' id='word_1_636' title='bbox 3072 2766 3342 2819; x_wconf 89' lang='lat' dir='ltr'><strong>titulorum</strong></span> <span class='ocrx_word' id='word_1_637' title='bbox 3384 2765 3578 2818; x_wconf 89' lang='lat' dir='ltr'><strong>indicia</strong></span> <span class='ocrx_word' id='word_1_638' title='bbox 3611 2781 3823 2821; x_wconf 81' lang='lat' dir='ltr'><strong>revera</strong></span> 
     </span>
    </p>
   </div>
   <div class='ocr_carea' id='block_1_88' title="bbox 2216 2855 3824 2929">
    <p class='ocr_par' dir='ltr' id='par_1_88' title="bbox 2216 2855 3824 2929">
     <span class='ocr_line' id='line_1_88' title="bbox 2216 2855 3824 2929; baseline -0.001 -14"><span class='ocrx_word' id='word_1_639' title='bbox 2216 2860 2527 2915; x_wconf 87' lang='lat' dir='ltr'><strong>salutarium</strong></span> <span class='ocrx_word' id='word_1_640' title='bbox 2556 2874 2829 2929; x_wconf 63' lang='lat' dir='ltr'><strong>praecones</strong></span> <span class='ocrx_word' id='word_1_641' title='bbox 2850 2873 2972 2914; x_wconf 89' lang='lat' dir='ltr'><strong>esse</strong></span> <span class='ocrx_word' id='word_1_642' title='bbox 2992 2858 3337 2927; x_wconf 90' lang='lat' dir='ltr'><strong>psalmorum.</strong></span> <span class='ocrx_word' id='word_1_643' title='bbox 3366 2855 3432 2911; x_wconf 87' lang='lat' dir='ltr'><strong>In</strong></span> <span class='ocrx_word' id='word_1_644' title='bbox 3451 2857 3612 2925; x_wconf 81' lang='lat' dir='ltr'><strong>ﬁnem</strong></span> <span class='ocrx_word' id='word_1_645' title='bbox 3634 2858 3824 2928; x_wconf 83' lang='lat' dir='ltr'><strong>signi-</strong></span> 
     </span>
    </p>
   </div>
   <div class='ocr_carea' id='block_1_89' title="bbox 2219 2949 3826 3018">
    <p class='ocr_par' dir='ltr' id='par_1_89' title="bbox 2219 2949 3826 3018">
     <span class='ocr_line' id='line_1_89' title="bbox 2219 2949 3826 3018; baseline -0.002 -11"><span class='ocrx_word' id='word_1_646' title='bbox 2219 2954 2384 3009; x_wconf 83' lang='lat' dir='ltr'><strong>ficare</strong></span> <span class='ocrx_word' id='word_1_647' title='bbox 2412 2953 2699 3007; x_wconf 90' lang='lat' dir='ltr'><strong>Dominum</strong></span> <span class='ocrx_word' id='word_1_648' title='bbox 2724 2950 3057 3005; x_wconf 86' lang='lat' dir='ltr'><strong>Salvatoretn</strong></span> <span class='ocrx_word' id='word_1_649' title='bbox 3088 2949 3262 3005; x_wconf 89' lang='lat' dir='ltr'><strong>nullus</strong></span> <span class='ocrx_word' id='word_1_650' title='bbox 3292 2950 3519 3018; x_wconf 84' lang='lat' dir='ltr'><strong>ignotat,</strong></span> <span class='ocrx_word' id='word_1_651' title='bbox 3542 2964 3671 3004; x_wconf 92' lang='lat' dir='ltr'><strong>cum</strong></span> <span class='ocrx_word' id='word_1_652' title='bbox 3703 2951 3826 3018; x_wconf 84' lang='lat' dir='ltr'><strong>jam</strong></span> 
     </span>
    </p>
   </div>
   <div class='ocr_carea' id='block_1_90' title="bbox 2141 3039 3829 3132">
    <p class='ocr_par' dir='ltr' id='par_1_90' title="bbox 2141 3039 3829 3132">
     <span class='ocr_line' id='line_1_90' title="bbox 2141 3039 3829 3132; baseline 0 -34"><span class='ocrx_word' id='word_1_653' title='bbox 2141 3070 2187 3132; x_wconf 66' lang='grc' dir='ltr'>Ο</span> <span class='ocrx_word' id='word_1_654' title='bbox 2222 3044 2322 3101; x_wconf 90' lang='lat' dir='ltr'><strong>hoc</strong></span> <span class='ocrx_word' id='word_1_655' title='bbox 2353 3045 2617 3114; x_wconf 77' lang='lat' dir='ltr'><strong>fiequenti</strong></span> <span class='ocrx_word' id='word_1_656' title='bbox 2649 3040 2984 3111; x_wconf 77' lang='lat' dir='ltr'><strong>expositione</strong></span> <span class='ocrx_word' id='word_1_657' title='bbox 3018 3042 3290 3096; x_wconf 88' lang='lat' dir='ltr'><strong>claruerit.</strong></span> <span class='ocrx_word' id='word_1_658' title='bbox 3325 3039 3390 3095; x_wconf 89' lang='lat' dir='ltr'><strong>In</strong></span> <span class='ocrx_word' id='word_1_659' title='bbox 3420 3041 3624 3111; x_wconf 82' lang='lat' dir='ltr'><strong>hymnis</strong></span> <span class='ocrx_word' id='word_1_660' title='bbox 3652 3040 3829 3098; x_wconf 76' lang='lat' dir='ltr'><strong>Cra:-</strong></span> 
     </span>
    </p>
   </div>
   <div class='ocr_carea' id='block_1_91' title="bbox 2219 3131 3829 3204">
    <p class='ocr_par' dir='ltr' id='par_1_91' title="bbox 2219 3131 3829 3204">
     <span class='ocr_line' id='line_1_91' title="bbox 2219 3131 3829 3204; baseline 0 -15"><span class='ocrx_word' id='word_1_661' title='bbox 2219 3150 2340 3189; x_wconf 90' lang='lat' dir='ltr'><strong>cum</strong></span> <span class='ocrx_word' id='word_1_662' title='bbox 2370 3135 2686 3189; x_wconf 84' lang='lat' dir='ltr'><strong>vocabulum</strong></span> <span class='ocrx_word' id='word_1_663' title='bbox 2719 3143 2829 3199; x_wconf 90' lang='lat' dir='ltr'><strong>est;</strong></span> <span class='ocrx_word' id='word_1_664' title='bbox 2860 3136 3240 3200; x_wconf 88' lang='lat' dir='ltr'><strong>interpretatur</strong></span> <span class='ocrx_word' id='word_1_665' title='bbox 3268 3131 3409 3187; x_wconf 88' lang='lat' dir='ltr'><strong>enim</strong></span> <span class='ocrx_word' id='word_1_666' title='bbox 3441 3133 3490 3184; x_wconf 90' lang='lat' dir='ltr'><strong>in</strong></span> <span class='ocrx_word' id='word_1_667' title='bbox 3523 3132 3829 3204; x_wconf 86' lang='lat' dir='ltr'><strong>laudibus,</strong></span> 
     </span>
    </p>
   </div>
   <div class='ocr_carea' id='block_1_92' title="bbox 2217 3214 3826 3296">
    <p class='ocr_par' dir='ltr' id='par_1_92' title="bbox 2217 3214 3826 3296">
     <span class='ocr_line' id='line_1_92' title="bbox 2217 3214 3826 3296; baseline 0.001 -19"><span class='ocrx_word' id='word_1_668' title='bbox 2217 3227 2339 3296; x_wconf 85' lang='lat' dir='ltr'><strong>quia</strong></span> <span class='ocrx_word' id='word_1_669' title='bbox 2372 3235 2512 3280; x_wconf 84' lang='lat' dir='ltr'><strong>tutus</strong></span> <span class='ocrx_word' id='word_1_670' title='bbox 2545 3226 2777 3293; x_wconf 78' lang='lat' dir='ltr'><strong>psalmus</strong></span> <span class='ocrx_word' id='word_1_671' title='bbox 2803 3222 2997 3278; x_wconf 83' lang='lat' dir='ltr'><strong>Christi</strong></span> <span class='ocrx_word' id='word_1_672' title='bbox 3030 3214 3291 3293; x_wconf 63' lang='lat' dir='ltr'><strong>prmcouia</strong></span> <span class='ocrx_word' id='word_1_673' title='bbox 3320 3225 3660 3291; x_wconf 84' lang='lat' dir='ltr'><strong>personabit.</strong></span> <span class='ocrx_word' id='word_1_674' title='bbox 3700 3224 3826 3279; x_wconf 84' lang='lat' dir='ltr'><strong>Da-</strong></span> 
     </span>
    </p>
   </div>
   <div class='ocr_carea' id='block_1_93' title="bbox 2215 3314 3830 3384">
    <p class='ocr_par' dir='ltr' id='par_1_93' title="bbox 2215 3314 3830 3384">
     <span class='ocr_line' id='line_1_93' title="bbox 2215 3314 3830 3384; baseline -0.001 -13"><span class='ocrx_word' id='word_1_675' title='bbox 2215 3319 2298 3371; x_wconf 85' lang='lat' dir='ltr'><strong>vid</strong></span> <span class='ocrx_word' id='word_1_676' title='bbox 2338 3325 2513 3372; x_wconf 86' lang='lat' dir='ltr'><strong>autem</strong></span> <span class='ocrx_word' id='word_1_677' title='bbox 2561 3316 2735 3384; x_wconf 84' lang='lat' dir='ltr'><strong>ipsum</strong></span> <span class='ocrx_word' id='word_1_678' title='bbox 2796 3314 3057 3384; x_wconf 67' lang='grc' dir='ltr'><strong>εἰςιιίῐὶοίιι</strong></span> <span class='ocrx_word' id='word_1_679' title='bbox 3092 3315 3387 3367; x_wconf 87' lang='lat' dir='ltr'><strong>Dominum</strong></span> <span class='ocrx_word' id='word_1_680' title='bbox 3436 3314 3830 3381; x_wconf 60' lang='lat' dir='ltr'><strong>Salv-alerent,</strong></span> 
     </span>
    </p>
   </div>
   <div class='ocr_carea' id='block_1_94' title="bbox 2217 3407 3832 3479">
    <p class='ocr_par' dir='ltr' id='par_1_94' title="bbox 2217 3407 3832 3479">
     <span class='ocr_line' id='line_1_94' title="bbox 2217 3407 3832 3479; baseline 0.003 -16"><span class='ocrx_word' id='word_1_681' title='bbox 2217 3411 2368 3477; x_wconf 83' lang='lat' dir='ltr'><strong>cujus</strong></span> <span class='ocrx_word' id='word_1_682' title='bbox 2396 3409 2606 3464; x_wconf 88' lang='lat' dir='ltr'><strong>laudem</strong></span> <span class='ocrx_word' id='word_1_683' title='bbox 2654 3409 2904 3463; x_wconf 88' lang='lat' dir='ltr'><strong>decantat</strong></span> <span class='ocrx_word' id='word_1_684' title='bbox 2936 3409 3163 3479; x_wconf 88' lang='lat' dir='ltr'><strong>populus</strong></span> <span class='ocrx_word' id='word_1_685' title='bbox 3185 3407 3539 3477; x_wconf 88' lang='lat' dir='ltr'><strong>Christianus,</strong></span> <span class='ocrx_word' id='word_1_686' title='bbox 3576 3412 3674 3479; x_wconf 87' lang='lat' dir='ltr'><strong>qui</strong></span> <span class='ocrx_word' id='word_1_687' title='bbox 3706 3421 3832 3468; x_wconf 85' lang='lat' dir='ltr'><strong>toto</strong></span> 
     </span>
    </p>
   </div>
   <div class='ocr_carea' id='block_1_95' title="bbox 2214 3501 2728 3556">
    <p class='ocr_par' dir='ltr' id='par_1_95' title="bbox 2214 3501 2728 3556">
     <span class='ocr_line' id='line_1_95' title="bbox 2214 3501 2728 3556; baseline -0.006 0"><span class='ocrx_word' id='word_1_688' title='bbox 2214 3504 2345 3556; x_wconf 87' lang='lat' dir='ltr'><strong>orbe</strong></span> <span class='ocrx_word' id='word_1_689' title='bbox 2373 3501 2600 3556; x_wconf 84' lang='lat' dir='ltr'><strong>dill‘usus</strong></span> <span class='ocrx_word' id='word_1_690' title='bbox 2627 3508 2728 3555; x_wconf 90' lang='lat' dir='ltr'><strong>est.</strong></span> 
     </span>
    </p>
   </div>
   <div class='ocr_carea' id='block_1_96' title="bbox 2782 3592 3224 3661">
    <p class='ocr_par' dir='ltr' id='par_1_96' title="bbox 2782 3592 3224 3661">
     <span class='ocr_line' id='line_1_96' title="bbox 2782 3592 3224 3661; baseline -0.009 -14"><span class='ocrx_word' id='word_1_691' title='bbox 2782 3592 2979 3647; x_wconf 85' lang='lat' dir='ltr'><strong>Divisio</strong></span> <span class='ocrx_word' id='word_1_692' title='bbox 3020 3592 3224 3661; x_wconf 81' lang='lat' dir='ltr'><strong>psalmi.</strong></span> 
     </span>
    </p>
   </div>
   <div class='ocr_carea' id='block_1_97' title="bbox 2286 3700 3832 3775">
    <p class='ocr_par' dir='ltr' id='par_1_97' title="bbox 2286 3700 3832 3775">
     <span class='ocr_line' id='line_1_97' title="bbox 2286 3700 3832 3775; baseline 0.001 -16"><span class='ocrx_word' id='word_1_693' title='bbox 2286 3707 2342 3759; x_wconf 86' lang='lat' dir='ltr'><strong>In</strong></span> <span class='ocrx_word' id='word_1_694' title='bbox 2376 3705 2546 3775; x_wconf 88' lang='lat' dir='ltr'><strong>prima</strong></span> <span class='ocrx_word' id='word_1_695' title='bbox 2587 3713 2739 3774; x_wconf 89' lang='lat' dir='ltr'><strong>parte</strong></span> <span class='ocrx_word' id='word_1_696' title='bbox 2789 3703 2976 3773; x_wconf 85' lang='lat' dir='ltr'><strong>psalmi</strong></span> <span class='ocrx_word' id='word_1_697' title='bbox 3009 3717 3037 3755; x_wconf 90' lang='lat' dir='ltr'><strong>a</strong></span> <span class='ocrx_word' id='word_1_698' title='bbox 3069 3701 3264 3756; x_wconf 86' lang='lat' dir='ltr'><strong>linibtts</strong></span> <span class='ocrx_word' id='word_1_699' title='bbox 3295 3710 3449 3755; x_wconf 68' lang='lat' dir='ltr'><strong>terra:</strong></span> <span class='ocrx_word' id='word_1_700' title='bbox 3478 3700 3832 3770; x_wconf 74' lang='lat' dir='ltr'><strong>deprecatur</strong></span> 
     </span>
    </p>
   </div>
   <div class='ocr_carea' id='block_1_98' title="bbox 2212 3793 3831 3867">
    <p class='ocr_par' dir='ltr' id='par_1_98' title="bbox 2212 3793 3831 3867">
     <span class='ocr_line' id='line_1_98' title="bbox 2212 3793 3831 3867; baseline 0.001 -16"><span class='ocrx_word' id='word_1_701' title='bbox 2212 3798 2439 3867; x_wconf 76' lang='lat' dir='ltr'><strong>populus</strong></span> <span class='ocrx_word' id='word_1_702' title='bbox 2489 3796 2684 3860; x_wconf 83' lang='lat' dir='ltr'><strong>ﬁdelis,</strong></span> <span class='ocrx_word' id='word_1_703' title='bbox 2716 3802 2775 3849; x_wconf 90' lang='lat' dir='ltr'><strong>ut</strong></span> <span class='ocrx_word' id='word_1_704' title='bbox 2804 3794 2920 3863; x_wconf 83' lang='lat' dir='ltr'><strong>ejus</strong></span> <span class='ocrx_word' id='word_1_705' title='bbox 2948 3793 3194 3848; x_wconf 85' lang='lat' dir='ltr'><strong>audiatur</strong></span> <span class='ocrx_word' id='word_1_706' title='bbox 3222 3794 3419 3857; x_wconf 89' lang='lat' dir='ltr'><strong>oratio;</strong></span> <span class='ocrx_word' id='word_1_707' title='bbox 3450 3801 3742 3862; x_wconf 76' lang='lat' dir='ltr'><strong>quatenus</strong></span> <span class='ocrx_word' id='word_1_708' title='bbox 3769 3797 3831 3851; x_wconf 89' lang='lat' dir='ltr'><strong>in</strong></span> 
     </span>
    </p>
   </div>
   <div class='ocr_carea' id='block_1_99' title="bbox 2211 3885 3833 3956">
    <p class='ocr_par' dir='ltr' id='par_1_99' title="bbox 2211 3885 3833 3956">
     <span class='ocr_line' id='line_1_99' title="bbox 2211 3885 3833 3956; baseline -0.001 -13"><span class='ocrx_word' id='word_1_709' title='bbox 2211 3900 2394 3945; x_wconf 80' lang='lat' dir='ltr'><strong>sant-ta</strong></span> <span class='ocrx_word' id='word_1_710' title='bbox 2442 3888 2679 3943; x_wconf 84' lang='lat' dir='ltr'><strong>Ecclesia</strong></span> <span class='ocrx_word' id='word_1_711' title='bbox 2711 3900 3090 3956; x_wconf 82' lang='lat' dir='ltr'><strong>perseverans.</strong></span> <span class='ocrx_word' id='word_1_712' title='bbox 3120 3885 3325 3938; x_wconf 83' lang='lat' dir='ltr'><strong>alarum</strong></span> <span class='ocrx_word' id='word_1_713' title='bbox 3364 3885 3482 3953; x_wconf 83' lang='lat' dir='ltr'><strong>ejus</strong></span> <span class='ocrx_word' id='word_1_714' title='bbox 3529 3885 3833 3942; x_wconf 74' lang='lat' dir='ltr'><strong>velamine</strong></span> 
     </span>
    </p>
   </div>
   <div class='ocr_carea' id='block_1_100' title="bbox 2209 3974 3831 4051">
    <p class='ocr_par' dir='ltr' id='par_1_100' title="bbox 2209 3974 3831 4051">
     <span class='ocr_line' id='line_1_100' title="bbox 2209 3974 3831 4051; baseline -0.001 -17"><span class='ocrx_word' id='word_1_715' title='bbox 2209 3989 2539 4051; x_wconf 83' lang='lat' dir='ltr'><strong>protegatur.</strong></span> <span class='ocrx_word' id='word_1_716' title='bbox 2582 3978 2826 4033; x_wconf 86' lang='lat' dir='ltr'><strong>Secunda</strong></span> <span class='ocrx_word' id='word_1_717' title='bbox 2870 3984 3025 4045; x_wconf 87' lang='lat' dir='ltr'><strong>parte</strong></span> <span class='ocrx_word' id='word_1_718' title='bbox 3064 3976 3264 4044; x_wconf 81' lang='lat' dir='ltr'><strong>gratias</strong></span> <span class='ocrx_word' id='word_1_719' title='bbox 3306 3974 3429 4044; x_wconf 83' lang='lat' dir='ltr'><strong>agit.</strong></span> <span class='ocrx_word' id='word_1_720' title='bbox 3462 3976 3611 4041; x_wconf 85' lang='lat' dir='ltr'><strong>quod</strong></span> <span class='ocrx_word' id='word_1_721' title='bbox 3641 3980 3831 4045; x_wconf 69' lang='lat' dir='ltr'><strong>justis</strong></span> 
     </span>
    </p>
   </div>
   <div class='ocr_carea' id='block_1_101' title="bbox 2208 4066 3829 4137">
    <p class='ocr_par' dir='ltr' id='par_1_101' title="bbox 2208 4066 3829 4137">
     <span class='ocr_line' id='line_1_101' title="bbox 2208 4066 3829 4137; baseline -0.001 -12"><span class='ocrx_word' id='word_1_722' title='bbox 2208 4070 2577 4126; x_wconf 57' lang='lat' dir='ltr'><strong>hereditatem</strong></span> <span class='ocrx_word' id='word_1_723' title='bbox 2609 4083 2759 4123; x_wconf 88' lang='lat' dir='ltr'><strong>suam</strong></span> <span class='ocrx_word' id='word_1_724' title='bbox 2793 4070 2910 4137; x_wconf 88' lang='lat' dir='ltr'><strong>pius</strong></span> <span class='ocrx_word' id='word_1_725' title='bbox 2938 4068 3217 4122; x_wconf 78' lang='lat' dir='ltr'><strong>Miserator</strong></span> <span class='ocrx_word' id='word_1_726' title='bbox 3248 4066 3481 4128; x_wconf 89' lang='lat' dir='ltr'><strong>indulsit,</strong></span> <span class='ocrx_word' id='word_1_727' title='bbox 3510 4074 3572 4119; x_wconf 84' lang='lat' dir='ltr'><strong>ct</strong></span> <span class='ocrx_word' id='word_1_728' title='bbox 3602 4083 3829 4125; x_wconf 79' lang='lat' dir='ltr'><strong>nomen</strong></span> 
     </span>
    </p>
   </div>
   <div class='ocr_carea' id='block_1_102' title="bbox 2207 4160 3836 4230">
    <p class='ocr_par' dir='ltr' id='par_1_102' title="bbox 2207 4160 3836 4230">
     <span class='ocr_line' id='line_1_102' title="bbox 2207 4160 3836 4230; baseline 0 -14"><span class='ocrx_word' id='word_1_729' title='bbox 2207 4177 2361 4216; x_wconf 85' lang='lat' dir='ltr'><strong>suum</strong></span> <span class='ocrx_word' id='word_1_730' title='bbox 2412 4161 2464 4214; x_wconf 90' lang='lat' dir='ltr'><strong>itt</strong></span> <span class='ocrx_word' id='word_1_731' title='bbox 2512 4169 2765 4215; x_wconf 69' lang='lat' dir='ltr'><strong>aeternam</strong></span> <span class='ocrx_word' id='word_1_732' title='bbox 2818 4160 3040 4230; x_wconf 89' lang='lat' dir='ltr'><strong>gloriam</strong></span> <span class='ocrx_word' id='word_1_733' title='bbox 3085 4160 3557 4213; x_wconf 74' lang='lat' dir='ltr'><strong>consecravitzex</strong></span> <span class='ocrx_word' id='word_1_734' title='bbox 3610 4177 3734 4228; x_wconf 83' lang='lat' dir='ltr'><strong>qua</strong></span> <span class='ocrx_word' id='word_1_735' title='bbox 3768 4180 3836 4218; x_wconf 85' lang='lat' dir='ltr'><strong>re</strong></span> 
     </span>
    </p>
   </div>
   <div class='ocr_carea' id='block_1_103' title="bbox 2205 4246 3835 4318">
    <p class='ocr_par' dir='ltr' id='par_1_103' title="bbox 2205 4246 3835 4318">
     <span class='ocr_line' id='line_1_103' title="bbox 2205 4246 3835 4318; baseline -0.003 -11"><span class='ocrx_word' id='word_1_736' title='bbox 2205 4266 2265 4307; x_wconf 83' lang='lat' dir='ltr'><strong>se</strong></span> <span class='ocrx_word' id='word_1_737' title='bbox 2337 4251 2521 4306; x_wconf 88' lang='lat' dir='ltr'><strong>laudes</strong></span> <span class='ocrx_word' id='word_1_738' title='bbox 2594 4250 2925 4305; x_wconf 84' lang='lat' dir='ltr'><strong>redditurum</strong></span> <span class='ocrx_word' id='word_1_739' title='bbox 3000 4246 3200 4318; x_wconf 78' lang='lat' dir='ltr'><strong>jugiter</strong></span> <span class='ocrx_word' id='word_1_740' title='bbox 3262 4247 3487 4303; x_wconf 83' lang='lat' dir='ltr'><strong>Domino</strong></span> <span class='ocrx_word' id='word_1_741' title='bbox 3569 4251 3835 4318; x_wconf 83' lang='lat' dir='ltr'><strong>pollice-</strong></span> 
     </span>
    </p>
   </div>
   <div class='ocr_carea' id='block_1_104' title="bbox 2744 4431 3247 4503">
    <p class='ocr_par' dir='ltr' id='par_1_104' title="bbox 2744 4431 3247 4503">
     <span class='ocr_line' id='line_1_104' title="bbox 2744 4431 3247 4503; baseline -0.002 -18"><span class='ocrx_word' id='word_1_742' title='bbox 2744 4432 3007 4503; x_wconf 74' lang='lat' dir='ltr'><strong>Expositio</strong></span> <span class='ocrx_word' id='word_1_743' title='bbox 3044 4431 3247 4499; x_wconf 83' lang='lat' dir='ltr'><strong>psalmi.</strong></span> 
     </span>
    </p>
   </div>
   <div class='ocr_carea' id='block_1_105' title="bbox 2280 4541 3839 4612">
    <p class='ocr_par' dir='ltr' id='par_1_105' title="bbox 2280 4541 3839 4612">
     <span class='ocr_line' id='line_1_105' title="bbox 2280 4541 3839 4612; baseline -0.001 -14"><span class='ocrx_word' id='word_1_744' title='bbox 2280 4544 2433 4600; x_wconf 81' lang='lat' dir='ltr'><strong>Vers.</strong></span> <span class='ocrx_word' id='word_1_745' title='bbox 2469 4546 2517 4597; x_wconf 81' lang='grc'><strong>1.</strong></span> <span class='ocrx_word' id='word_1_746' title='bbox 2563 4543 2797 4609; x_wconf 58' lang='lat' dir='ltr'><strong>Exaudi,</strong></span> <span class='ocrx_word' id='word_1_747' title='bbox 2829 4541 2990 4609; x_wconf 86' lang='lat' dir='ltr'><strong>Deus,</strong></span> <span class='ocrx_word' id='word_1_748' title='bbox 3027 4543 3430 4612; x_wconf 84' lang='lat' dir='ltr'><strong>deprecationem</strong></span> <span class='ocrx_word' id='word_1_749' title='bbox 3471 4558 3646 4596; x_wconf 87' lang='lat' dir='ltr'><strong>meam</strong></span> <span class='ocrx_word' id='word_1_750' title='bbox 3672 4564 3696 4611; x_wconf 88' lang='lat'><strong><em>;</em></strong></span> <span class='ocrx_word' id='word_1_751' title='bbox 3736 4549 3839 4602; x_wconf 73' lang='grc' dir='ltr'><strong>ξη-</strong></span> 
     </span>
    </p>
   </div>
   <div class='ocr_carea' id='block_1_106' title="bbox 2190 4634 3840 4704">
    <p class='ocr_par' dir='ltr' id='par_1_106' title="bbox 2190 4634 3840 4704">
     <span class='ocr_line' id='line_1_106' title="bbox 2190 4634 3840 4704; baseline 0.002 -13"><span class='ocrx_word' id='word_1_752' title='bbox 2190 4640 2353 4699; x_wconf 70' lang='lat' dir='ltr'><strong>tende</strong></span> <span class='ocrx_word' id='word_1_753' title='bbox 2381 4637 2597 4691; x_wconf 86' lang='lat' dir='ltr'><strong>orationi</strong></span> <span class='ocrx_word' id='word_1_754' title='bbox 2625 4652 2767 4689; x_wconf 74' lang='lat' dir='ltr'><strong>ntere.</strong></span> <span class='ocrx_word' id='word_1_755' title='bbox 2803 4635 2999 4689; x_wconf 88' lang='lat' dir='ltr'><strong>Fidelis</strong></span> <span class='ocrx_word' id='word_1_756' title='bbox 3027 4634 3278 4704; x_wconf 85' lang='lat' dir='ltr'><strong>populus,</strong></span> <span class='ocrx_word' id='word_1_757' title='bbox 3299 4637 3387 4704; x_wconf 92' lang='lat' dir='ltr'><strong>qui</strong></span> <span class='ocrx_word' id='word_1_758' title='bbox 3419 4643 3600 4689; x_wconf 76' lang='lat' dir='ltr'><strong>tamen</strong></span> <span class='ocrx_word' id='word_1_759' title='bbox 3629 4653 3840 4694; x_wconf 78' lang='lat' dir='ltr'><strong>mem-</strong></span> 
     </span>
    </p>
   </div>
   <div class='ocr_carea' id='block_1_107' title="bbox 2204 4725 3843 4800">
    <p class='ocr_par' dir='ltr' id='par_1_107' title="bbox 2204 4725 3843 4800">
     <span class='ocr_line' id='line_1_107' title="bbox 2204 4725 3843 4800; baseline 0.002 -16"><span class='ocrx_word' id='word_1_760' title='bbox 2204 4728 2300 4784; x_wconf 86' lang='lat' dir='ltr'><strong>bra</strong></span> <span class='ocrx_word' id='word_1_761' title='bbox 2329 4736 2455 4784; x_wconf 90' lang='lat' dir='ltr'><strong>sunt</strong></span> <span class='ocrx_word' id='word_1_762' title='bbox 2482 4727 2706 4800; x_wconf 75' lang='lat' dir='ltr'><strong>Domini,</strong></span> <span class='ocrx_word' id='word_1_763' title='bbox 2741 4734 2920 4779; x_wconf 87' lang='lat' dir='ltr'><strong>sancta</strong></span> <span class='ocrx_word' id='word_1_764' title='bbox 2949 4725 3209 4780; x_wconf 84' lang='lat' dir='ltr'><strong>charitate</strong></span> <span class='ocrx_word' id='word_1_765' title='bbox 3235 4740 3549 4795; x_wconf 82' lang='lat' dir='ltr'><strong>succensus,</strong></span> <span class='ocrx_word' id='word_1_766' title='bbox 3581 4730 3746 4795; x_wconf 74' lang='lat' dir='ltr'><strong>pe1it</strong></span> <span class='ocrx_word' id='word_1_767' title='bbox 3770 4742 3843 4789; x_wconf 84' lang='lat' dir='ltr'><strong>ut</strong></span> 
     </span>
    </p>
   </div>
   <div class='ocr_carea' id='block_1_108' title="bbox 2205 4819 3842 4890">
    <p class='ocr_par' dir='ltr' id='par_1_108' title="bbox 2205 4819 3842 4890">
     <span class='ocr_line' id='line_1_108' title="bbox 2205 4819 3842 4890; baseline 0.002 -15"><span class='ocrx_word' id='word_1_768' title='bbox 2205 4821 2325 4890; x_wconf 90' lang='lat' dir='ltr'><strong>ejus</strong></span> <span class='ocrx_word' id='word_1_769' title='bbox 2349 4821 2596 4875; x_wconf 90' lang='lat' dir='ltr'><strong>audiatur</strong></span> <span class='ocrx_word' id='word_1_770' title='bbox 2626 4820 2821 4876; x_wconf 79' lang='lat' dir='ltr'><strong>oratio.</strong></span> <span class='ocrx_word' id='word_1_771' title='bbox 2846 4819 2951 4875; x_wconf 91' lang='lat' dir='ltr'><strong>Sed</strong></span> <span class='ocrx_word' id='word_1_772' title='bbox 2979 4819 3383 4873; x_wconf 82' lang='lat' dir='ltr'><strong>consideremus</strong></span> <span class='ocrx_word' id='word_1_773' title='bbox 3412 4819 3541 4887; x_wconf 83' lang='lat' dir='ltr'><strong>quid</strong></span> <span class='ocrx_word' id='word_1_774' title='bbox 3568 4820 3648 4875; x_wconf 87' lang='lat' dir='ltr'><strong>sit</strong></span> <span class='ocrx_word' id='word_1_775' title='bbox 3690 4828 3842 4888; x_wconf 76' lang='lat' dir='ltr'><strong>huc,</strong></span> 
     </span>
    </p>
   </div>
   <div class='ocr_carea' id='block_1_109' title="bbox 2204 4913 3846 4984">
    <p class='ocr_par' dir='ltr' id='par_1_109' title="bbox 2204 4913 3846 4984">
     <span class='ocr_line' id='line_1_109' title="bbox 2204 4913 3846 4984; baseline 0.004 -22"><span class='ocrx_word' id='word_1_776' title='bbox 2204 4914 2346 4984; x_wconf 82' lang='lat' dir='ltr'><strong>quod</strong></span> <span class='ocrx_word' id='word_1_777' title='bbox 2389 4914 2623 4968; x_wconf 71' lang='lat' dir='ltr'><strong>exaudiri</strong></span> <span class='ocrx_word' id='word_1_778' title='bbox 2664 4913 3071 4979; x_wconf 82' lang='lat' dir='ltr'><strong>deprecationem</strong></span> <span class='ocrx_word' id='word_1_779' title='bbox 3115 4927 3264 4966; x_wconf 85' lang='lat' dir='ltr'><strong>suam</strong></span> <span class='ocrx_word' id='word_1_780' title='bbox 3318 4915 3479 4980; x_wconf 86' lang='lat' dir='ltr'><strong>petit,</strong></span> <span class='ocrx_word' id='word_1_781' title='bbox 3511 4922 3567 4965; x_wconf 87' lang='lat' dir='ltr'><strong>et</strong></span> <span class='ocrx_word' id='word_1_782' title='bbox 3596 4915 3846 4970; x_wconf 60' lang='lat' dir='ltr'><strong>intendi</strong></span> 
     </span>
    </p>
   </div>
   <div class='ocr_carea' id='block_1_110' title="bbox 2205 5003 3845 5073">
    <p class='ocr_par' dir='ltr' id='par_1_110' title="bbox 2205 5003 3845 5073">
     <span class='ocr_line' id='line_1_110' title="bbox 2205 5003 3845 5073; baseline 0.001 -13"><span class='ocrx_word' id='word_1_783' title='bbox 2205 5006 2426 5060; x_wconf 84' lang='lat' dir='ltr'><strong>orationi</strong></span> <span class='ocrx_word' id='word_1_784' title='bbox 2467 5020 2577 5059; x_wconf 73' lang='lat' dir='ltr'><strong>sua:</strong></span> <span class='ocrx_word' id='word_1_785' title='bbox 2601 5022 2615 5059; x_wconf 88' lang='lat'><strong>:</strong></span> <span class='ocrx_word' id='word_1_786' title='bbox 2642 5006 2687 5059; x_wconf 89' lang='lat' dir='ltr'><strong>si</strong></span> <span class='ocrx_word' id='word_1_787' title='bbox 2718 5020 2817 5073; x_wconf 90' lang='lat' dir='ltr'><strong>qua</strong></span> <span class='ocrx_word' id='word_1_788' title='bbox 2866 5007 2978 5058; x_wconf 70' lang='lat' dir='ltr'><strong>haec</strong></span> <span class='ocrx_word' id='word_1_789' title='bbox 3009 5008 3299 5073; x_wconf 87' lang='lat' dir='ltr'><strong>poterimus</strong></span> <span class='ocrx_word' id='word_1_790' title='bbox 3329 5003 3631 5059; x_wconf 85' lang='lat' dir='ltr'><strong>subtilitate</strong></span> <span class='ocrx_word' id='word_1_791' title='bbox 3667 5009 3845 5061; x_wconf 79' lang='lat' dir='ltr'><strong>divi-</strong></span> 
     </span>
    </p>
   </div>
   <div class='ocr_carea' id='block_1_111' title="bbox 2206 5094 3848 5168">
    <p class='ocr_par' dir='ltr' id='par_1_111' title="bbox 2206 5094 3848 5168">
     <span class='ocr_line' id='line_1_111' title="bbox 2206 5094 3848 5168; baseline 0.001 -15"><span class='ocrx_word' id='word_1_792' title='bbox 2206 5099 2355 5153; x_wconf 84' lang='lat' dir='ltr'><strong>dere.</strong></span> <span class='ocrx_word' id='word_1_793' title='bbox 2388 5094 2694 5164; x_wconf 83' lang='lat' dir='ltr'><strong>Dcprecatio</strong></span> <span class='ocrx_word' id='word_1_794' title='bbox 2738 5104 2819 5149; x_wconf 86' lang='lat' dir='ltr'><strong>est</strong></span> <span class='ocrx_word' id='word_1_795' title='bbox 2861 5095 3075 5149; x_wconf 82' lang='lat' dir='ltr'><strong>assidua</strong></span> <span class='ocrx_word' id='word_1_796' title='bbox 3113 5096 3328 5165; x_wconf 86' lang='lat' dir='ltr'><strong>quidem</strong></span> <span class='ocrx_word' id='word_1_797' title='bbox 3381 5102 3848 5168; x_wconf 73' lang='lat' dir='ltr'><strong>communisque</strong></span> 
     </span>
    </p>
   </div>
   <div class='ocr_carea' id='block_1_112' title="bbox 2206 5186 3845 5261">
    <p class='ocr_par' dir='ltr' id='par_1_112' title="bbox 2206 5186 3845 5261">
     <span class='ocr_line' id='line_1_112' title="bbox 2206 5186 3845 5261; baseline -0.001 -18"><span class='ocrx_word' id='word_1_798' title='bbox 2206 5187 2548 5259; x_wconf 86' lang='lat' dir='ltr'><strong>supplicatio,</strong></span> <span class='ocrx_word' id='word_1_799' title='bbox 2577 5204 2735 5257; x_wconf 86' lang='lat' dir='ltr'><strong>quam</strong></span> <span class='ocrx_word' id='word_1_800' title='bbox 2768 5198 2820 5241; x_wconf 89' lang='lat' dir='ltr'><strong>et</strong></span> <span class='ocrx_word' id='word_1_801' title='bbox 2851 5186 3158 5241; x_wconf 88' lang='lat' dir='ltr'><strong>hominibus</strong></span> <span class='ocrx_word' id='word_1_802' title='bbox 3182 5203 3211 5241; x_wconf 88' lang='lat' dir='ltr'><strong>a</strong></span> <span class='ocrx_word' id='word_1_803' title='bbox 3243 5187 3431 5255; x_wconf 88' lang='lat' dir='ltr'><strong>quibus</strong></span> <span class='ocrx_word' id='word_1_804' title='bbox 3468 5186 3689 5256; x_wconf 78' lang='lat' dir='ltr'><strong>aliquid</strong></span> <span class='ocrx_word' id='word_1_805' title='bbox 3731 5209 3845 5261; x_wconf 77' lang='lat' dir='ltr'><strong>pe—</strong></span> 
     </span>
    </p>
   </div>
   <div class='ocr_carea' id='block_1_113' title="bbox 2203 5277 3845 5350">
    <p class='ocr_par' dir='ltr' id='par_1_113' title="bbox 2203 5277 3845 5350">
     <span class='ocr_line' id='line_1_113' title="bbox 2203 5277 3845 5350; baseline 0 -15"><span class='ocrx_word' id='word_1_806' title='bbox 2203 5282 2385 5344; x_wconf 81' lang='lat' dir='ltr'><strong>timus,</strong></span> <span class='ocrx_word' id='word_1_807' title='bbox 2415 5278 2723 5346; x_wconf 80' lang='lat' dir='ltr'><strong>frequettter</strong></span> <span class='ocrx_word' id='word_1_808' title='bbox 2756 5277 3062 5345; x_wconf 67' lang='lat' dir='ltr'><strong>oderimus;</strong></span> <span class='ocrx_word' id='word_1_809' title='bbox 3097 5279 3232 5333; x_wconf 90' lang='lat' dir='ltr'><strong>hanc</strong></span> <span class='ocrx_word' id='word_1_810' title='bbox 3274 5296 3303 5331; x_wconf 89' lang='lat' dir='ltr'><strong>a</strong></span> <span class='ocrx_word' id='word_1_811' title='bbox 3344 5279 3568 5332; x_wconf 87' lang='lat' dir='ltr'><strong>Domino</strong></span> <span class='ocrx_word' id='word_1_812' title='bbox 3600 5280 3845 5350; x_wconf 57' lang='grc' dir='ltr'><strong>(περιρ-</strong></span> 
     </span>
    </p>
   </div>
   <div class='ocr_carea' id='block_1_114' title="bbox 2201 5373 3845 5441">
    <p class='ocr_par' dir='ltr' id='par_1_114' title="bbox 2201 5373 3845 5441">
     <span class='ocr_line' id='line_1_114' title="bbox 2201 5373 3845 5441; baseline 0.004 -15"><span class='ocrx_word' id='word_1_813' title='bbox 2201 5388 2351 5427; x_wconf 88' lang='lat' dir='ltr'><strong>catur</strong></span> <span class='ocrx_word' id='word_1_814' title='bbox 2379 5373 2570 5427; x_wconf 89' lang='lat' dir='ltr'><strong>amliri.</strong></span> <span class='ocrx_word' id='word_1_815' title='bbox 2608 5373 2841 5425; x_wconf 71' lang='lat' dir='ltr'><strong>Uraiicni</strong></span> <span class='ocrx_word' id='word_1_816' title='bbox 2861 5388 2988 5426; x_wconf 85' lang='lat' dir='ltr'><strong>vero</strong></span> <span class='ocrx_word' id='word_1_817' title='bbox 3012 5387 3143 5439; x_wconf 67' lang='lat' dir='ltr'><strong>suae,</strong></span> <span class='ocrx_word' id='word_1_818' title='bbox 3169 5387 3326 5441; x_wconf 88' lang='lat' dir='ltr'><strong>quam</strong></span> <span class='ocrx_word' id='word_1_819' title='bbox 3356 5382 3564 5424; x_wconf 89' lang='lat' dir='ltr'><strong>tantum</strong></span> <span class='ocrx_word' id='word_1_820' title='bbox 3587 5385 3845 5432; x_wconf 66' lang='lat' dir='ltr'><strong>sancta:</strong></span> 
     </span>
    </p>
   </div>
   <div class='ocr_carea' id='block_1_115' title="bbox 2202 5465 3849 5536">
    <p class='ocr_par' dir='ltr' id='par_1_115' title="bbox 2202 5465 3849 5536">
     <span class='ocr_line' id='line_1_115' title="bbox 2202 5465 3849 5536; baseline -0.001 -15"><span class='ocrx_word' id='word_1_821' title='bbox 2202 5467 2443 5522; x_wconf 86' lang='lat' dir='ltr'><strong>Trittitati</strong></span> <span class='ocrx_word' id='word_1_822' title='bbox 2473 5466 2591 5535; x_wconf 83' lang='lat' dir='ltr'><strong>jure</strong></span> <span class='ocrx_word' id='word_1_823' title='bbox 2621 5466 2999 5536; x_wconf 69' lang='lat' dir='ltr'><strong>persolvimus,</strong></span> <span class='ocrx_word' id='word_1_824' title='bbox 3033 5465 3317 5536; x_wconf 87' lang='lat' dir='ltr'><strong>postulavit</strong></span> <span class='ocrx_word' id='word_1_825' title='bbox 3361 5466 3583 5530; x_wconf 78' lang='lat' dir='ltr'><strong>incudi,</strong></span> <span class='ocrx_word' id='word_1_826' title='bbox 3629 5467 3698 5520; x_wconf 87' lang='lat' dir='ltr'><strong>id</strong></span> <span class='ocrx_word' id='word_1_827' title='bbox 3742 5483 3849 5527; x_wconf 78' lang='lat' dir='ltr'><strong>est</strong></span> 
     </span>
    </p>
   </div>
   <div class='ocr_carea' id='block_1_116' title="bbox 2202 5557 3847 5630">
    <p class='ocr_par' dir='ltr' id='par_1_116' title="bbox 2202 5557 3847 5630">
     <span class='ocr_line' id='line_1_116' title="bbox 2202 5557 3847 5630; baseline 0.003 -21"><span class='ocrx_word' id='word_1_828' title='bbox 2202 5560 2429 5630; x_wconf 65' lang='lat' dir='ltr'><strong>prosjiici</strong></span> <span class='ocrx_word' id='word_1_829' title='bbox 2476 5568 2637 5628; x_wconf 85' lang='lat' dir='ltr'><strong>atque</strong></span> <span class='ocrx_word' id='word_1_830' title='bbox 2679 5560 2945 5625; x_wconf 89' lang='lat' dir='ltr'><strong>misereri,</strong></span> <span class='ocrx_word' id='word_1_831' title='bbox 2989 5559 3239 5628; x_wconf 88' lang='lat' dir='ltr'><strong>quoniam</strong></span> <span class='ocrx_word' id='word_1_832' title='bbox 3286 5572 3402 5611; x_wconf 89' lang='lat' dir='ltr'><strong>eam</strong></span> <span class='ocrx_word' id='word_1_833' title='bbox 3444 5557 3847 5625; x_wconf 79' lang='lat' dir='ltr'><strong>purissimam</strong></span> 
     </span>
    </p>
   </div>
   <div class='ocr_carea' id='block_1_117' title="bbox 2199 5647 3845 5723">
    <p class='ocr_par' dir='ltr' id='par_1_117' title="bbox 2199 5647 3845 5723">
     <span class='ocr_line' id='line_1_117' title="bbox 2199 5647 3845 5723; baseline -0.001 -14"><span class='ocrx_word' id='word_1_834' title='bbox 2199 5653 2398 5711; x_wconf 77' lang='lat' dir='ltr'><strong>divinis</strong></span> <span class='ocrx_word' id='word_1_835' title='bbox 2422 5650 2798 5721; x_wconf 75' lang='lat' dir='ltr'><strong>conspectibos</strong></span> <span class='ocrx_word' id='word_1_836' title='bbox 2828 5650 3109 5707; x_wconf 79' lang='lat' dir='ltr'><strong>olferebat.</strong></span> <span class='ocrx_word' id='word_1_837' title='bbox 3134 5649 3295 5719; x_wconf 85' lang='lat' dir='ltr'><strong>Cujus</strong></span> <span class='ocrx_word' id='word_1_838' title='bbox 3325 5648 3448 5703; x_wconf 88' lang='lat' dir='ltr'><strong>talis</strong></span> <span class='ocrx_word' id='word_1_839' title='bbox 3479 5647 3668 5705; x_wconf 87' lang='lat' dir='ltr'><strong>virtus</strong></span> <span class='ocrx_word' id='word_1_840' title='bbox 3705 5660 3845 5723; x_wconf 52' lang='lat' dir='ltr'><strong>est,</strong></span> 
     </span>
    </p>
   </div>
  </div>
