3956 6178
235 392 333 445 8⁸25

1209 390 1569 449 EXPUSITIO
1608 389 1670 444 ΙΝ
1714 382 2169 443 PSALTEBIUM.
2214 381 2402 436 PSAL.
2446 381 2556 434 LX.

3408 379 3512 431 490

235 513 291 559 ut
329 519 455 558 cum
496 503 726 559 ﬁdeliter
768 502 1099 574 depromitur
1122 545 1137 568 ,
1169 504 1446 573 probabile
1492 501 1820 556 desiderium
1856 500 1907 557 Α
1931 494 2116 551 Omnis
2134 493 2222 561 qui
2246 492 2510 546 inhabitat
2530 491 2583 545 in
2608 489 2951 546 tabernaculo
2974 489 3209 555 Domini,
3237 489 3288 543 in
3316 491 3511 545 saecula

234 599 479 653 obtinere
510 609 860 654 monstretur.

310 691 465 743 Vers.
495 690 550 742 Ξ.
578 690 622 742 Α
647 690 836 757 ﬁnibus
873 699 1023 743 terra:
1056 691 1123 742 ad
1148 698 1194 743 te
1219 689 1467 751 clamavi;
1498 688 1621 740 dunt
1645 687 1829 739 anxia-

233 790 372 837 retur
406 797 499 833 cor
525 796 719 842 meum,
752 782 802 832 in
852 790 995 849 petra
1031 782 1266 834 exaltasti
1297 797 1373 834 me
1395 796 1414 834 :
1436 780 1699 832 deduxisti
1724 794 1826 831 me.

238 870 597 939 Congregatio
648 878 831 923 sancta
874 870 1178 939 justorum,
1220 886 1340 939 qua:
1402 879 1485 924 est
1542 868 1829 923 litereditas

242 960 473 1024 Domini,
497 960 753 1027 dvpressa
788 961 941 1013 malis
962 962 1165 1027 szecnli,
1193 963 1244 1014 in
1277 961 1543 1015 universis
1568 962 1668 1014 sila
1700 974 1827 1029 gen-

240 1053 380 1105 tibus
428 1050 856 1119 congemisccns,
907 1053 1098 1104 clamat
1142 1054 1207 1105 ad
1261 1051 1567 1115 Dominum,
1614 1066 1732 1120 qua:
1776 1059 1832 1103 et

237 1146 418 1196 carnis
470 1143 881 1196 nece~sitatibus
933 1142 1277 1211 subjacebat,
1309 1152 1362 1198 et
1406 1144 1474 1196 ab
1520 1143 1638 1212 ejus
1688 1142 1835 1197 vitiis

240 1241 353 1285 toto
400 1235 599 1286 mentis
648 1232 917 1287 desiderio
963 1233 1209 1288 desinere
1266 1234 1573 1287 festinabat.
1632 1234 1830 1289 Clamat

240 1328 380 1378 enim
410 1340 442 1375 a
478 1323 668 1391 ﬁnibus
715 1334 892 1388 teirte,
918 1324 970 1378 id
999 1335 1081 1380 est
1108 1325 1174 1379 ab
1202 1327 1455 1381 universo
1495 1328 1626 1381 orbe
1665 1336 1834 1380 terra-

242 1430 383 1479 rum,
411 1414 464 1467 in
497 1429 603 1481 quo
638 1423 723 1468 est
764 1415 1149 1482 omnipotentis
1179 1415 1391 1469 Domini
1425 1416 1666 1470 Ecclesia
1706 1430 1834 1471 con-

243 1506 450 1559 stituta.
505 1504 610 1559 Sed
639 1520 742 1558 non
774 1520 802 1557 a
834 1506 962 1559 solis
991 1505 1179 1573 ﬁnibus
1210 1508 1312 1559 hoc
1340 1504 1614 1570 clamatur,
1646 1520 1833 1560 verum

243 1599 406 1651 etiam
453 1596 524 1649 ab
572 1596 950 1661 interioribus,
983 1604 1039 1651 et.
1080 1597 1333 1650 umbilico
1380 1597 1497 1664 ipso
1541 1606 1832 1661 terrarum,

244 1689 384 1741 sicut
409 1689 460 1739 in
487 1687 701 1740 decimo
723 1696 912 1741 octavo
933 1687 1136 1756 psalmo
1166 1687 1364 1741 dictum
1398 1696 1481 1741 est
1508 1704 1519 1737 :
1547 1687 1612 1739 In
1635 1704 1833 1740 omnem

243 1787 435 1832 utram
484 1779 637 1831 exivit
680 1794 836 1831 sonus
882 1795 1057 1832 eorum
1105 1778 1278 1848 (Psal.
1313 1794 1463 1843 xvnt,
1502 1779 1579 1847 5).
1628 1776 1837 1832 Clamat

1935 586 2227 656 protegitur
2265 585 2316 638 in
2363 584 2657 637 velamento
2705 584 2910 636 alarum
2951 582 3090 651 ejus.
3139 580 3324 636 Justus
3357 583 3517 649 igitur

1932 681 1983 733 in
2011 679 2208 734 saecula
2240 678 2535 746 protegitur
2560 675 2613 729 in
2640 675 2942 730 velamento
2964 675 3165 729 alarum
3192 675 3328 741 ejus.
3361 675 3513 729 Nunc

1930 771 1996 825 ad
2027 770 2339 839 exponenda
2372 769 2533 823 verba
2565 767 2866 825 redeamus.
2901 767 3050 821 Mens
3082 776 3268 821 sancta
3300 766 3513 821 Domini

1931 862 2123 916 Christi
2146 860 2243 914 sibi
2281 858 2539 913 beneﬁcia
2569 856 2841 925 largienda
2865 856 3104 919 conlidit,
3128 872 3235 924 quo
3266 857 3318 909 in
3352 856 3508 925 hujus

1934 951 2116 1004 mundi
2149 950 2399 1017 periculis
2421 950 2473 1001 in
2503 947 2833 1001 tabernaculo
2858 946 3068 1000 Domini
3102 948 3368 1003 tutissime
3398 966 3517 1016 per-

1932 1047 2175 1105 severet;
2199 1047 2254 1092 et
2296 1041 2395 1092 hoc
2424 1053 2529 1092 non
2563 1039 2627 1091 ad
2660 1039 2825 1093 breve
2859 1048 3089 1108 tempus,
3115 1039 3212 1093 sed
3235 1056 3544 1110 quousque'

1933 1132 2126 1185 srccula
2158 1131 2279 1185 vita:
2323 1130 2475 1184 istius
2521 1129 2701 1183 divina
2748 1129 3211 1185 administratione
3242 1146 3506 1201 peragan-

1937 1230 2042 1275 tur.
2083 1219 2158 1273 lta
2203 1219 2345 1274 enim
2393 1219 2628 1274 ﬁdelium
2679 1220 2909 1289 populus
2956 1222 3184 1275 decursa
3230 1223 3330 1276 sibi
3364 1232 3522 1277 aetate

1935 1311 2251 1376 succedens,
2284 1311 2339 1363 in
2385 1309 2712 1364 tabernaculo
2742 1310 2956 1364 Domini
2992 1328 3086 1380 per
3116 1312 3314 1366 saecula
3345 1316 3519 1367 cunti-

1936 1411 2113 1456 netur.
2151 1400 2255 1456 Sed
2287 1401 2625 1455 intendamus
2657 1416 2821 1468 quare
2850 1401 3155 1469 frequenter
3188 1404 3522 1455 velamentum

1937 1497 2139 1549 alarum
2201 1494 2414 1547 Domini
2475 1494 2645 1548 sacris
2702 1493 3100 1549 defensionibus
3157 1508 3519 1564 comparetur.

1940 1588 2198 1652 Primum,
2223 1585 2361 1656 quod
2392 1585 2490 1639 alie
2520 1587 2696 1639 avium
2728 1584 2783 1638 in
2809 1587 3022 1640 modum
3050 1587 3346 1656 palmarum
3370 1589 3521 1657 quasi

1940 1677 2180 1745 quaedam
2236 1687 2400 1730 costa:
2450 1675 2823 1744 pulcherrima:
2878 1676 3241 1746 porriguntur.
3292 1679 3524 1746 Deinde,

1941 1769 2061 1837 quia
2092 1766 2170 1821 sic
2198 1765 2509 1831 defendunt,
2554 1774 2611 1818 ut
2638 1780 2866 1821 onerare
2912 1782 3015 1820 non
3059 1768 3287 1835 passim.
3318 1769 3527 1834 Tertio.

244 1885 374 1937 ergo
416 1868 522 1923 iste
558 1870 786 1938 populus
825 1870 913 1939 qni
958 1872 1206 1938 superius
1241 1871 1415 1925 dictus
1450 1881 1571 1925 est:
1602 1869 1831 1939 Exaudi,
1870 1864 1912 1922 Β
1940 1860 2187 1928 quoniam
2236 1868 2401 1913 aestus
2440 1868 2495 1913 et
2538 1859 2747 1927 frigoris
2799 1860 3193 1915 inclementiam
3238 1876 3268 1914 a
3312 1860 3528 1916 dilectis

246 1958 435 2027 Dests,_
460 1960 871 2026 deprecationem
919 1977 1080 2014 meam
1121 1975 1140 2014 :
1181 1962 1383 2014 intende
1425 1960 1644 2013 orationi
1692 1976 1835 2014 metu.

249 2050 391 2103 Dicit
440 2055 606 2103 etiam
656 2050 870 2119 quando
919 2051 1019 2106 iste
1069 2052 1273 2105 clamor
1321 2050 1466 2105 velut
1517 2051 1839 2105 sacrificium

247 2138 360 2193 Deo
413 2138 572 2194 fuerit
620 2140 926 2195 immolatus
970 2141 1021 2195 in
1066 2140 1336 2195 anxietate
1381 2139 1841 2208 cordis:qnando

245 2230 465 2284 enixius
492 2230 758 2285 clamatur
786 2232 851 2285 ad
885 2231 1190 2300 Dominum,
1223 2246 1342 2286 cum
1374 2230 1695 2302 periclitanti
1727 2232 1845 2284 ani—

247 2338 350 2377 mm
384 2323 625 2377 remedia
650 2324 951 2378 necessaria
983 2324 1341 2395 postulantur.
1366 2324 1619 2394 Sequitur
1642 2324 1844 2379 clamo-

246 2416 319 2469 ris
375 2399 675 2479 exauditin,
716 2425 771 2471 et
819 2415 1099 2485 prtemium
1148 2416 1416 2487 singulare
1458 2418 1746 2486 justorum,
1790 2418 1843 2471 in

246 2511 402 2573 petra
431 2504 677 2558 catattasti
705 2521 801 2558 me.
846 2504 1004 2560 Petra
1035 2507 1297 2576 signiﬁcat
1338 2508 1620 2563 Dominum
1662 2508 1845 2564 Salva-

246 2604 427 2650 torem
445 2638 461 2661 ,
491 2596 628 2650 sit-ut
659 2597 787 2652 dicit
830 2596 1120 2665 Apostolus
1147 2616 1159 2650 :
1187 2596 1345 2652 Petra
1370 2611 1535 2653 autem
1561 2608 1671 2653 erat
1695 2597 1842 2653 Citrio

244 2697 355 2740 stus
402 2685 455 2757 (1
500 2687 619 2741 Cor.
656 2703 709 2753 ι,
743 2689 820 2758 4).
871 2686 937 2741 In
984 2688 1085 2742 hac
1130 2698 1273 2754 petra
1314 2704 1375 2744 se
1417 2689 1694 2753 exaltatum
1725 2702 1845 2743 esse

242 2781 586 2847 pronuntiat,
613 2782 665 2833 in
703 2795 807 2849 qua
843 2780 1017 2836 omnis
1046 2781 1342 2836 aedificatus
1372 2791 1455 2835 est
1483 2781 1842 2836 Christianus.

242 2869 483 2925 Constat
535 2871 676 2925 enim
718 2870 1022 2938 exaltatum,
1054 2872 1143 2940 qui
1189 2872 1258 2926 ibi
1308 2874 1545 2925 noscitur
1580 2886 1697 2926 esse
1728 2856 1846 2926 funi-

242 2965 433 3019 datus.
467 2963 748 3034 Atljcctum
783 2973 885 3030 est,
912 2965 1171 3019 deduxisti
1199 2981 1312 3029 me;
1349 2964 1402 3018 in
1448 2964 1592 3019 illam
1642 2964 1847 3019 scilicet

242 3055 492 3110 futuram
526 3055 764 3125 requiem
804 3070 964 3122 quam
999 3055 1169 3109 beatis
1196 3056 1308 3109 suis
1335 3055 1592 3110 Dominus
1622 3055 1844 3125 pollice-

242 3154 354 3200 tur.
406 3145 543 3200 Nam
593 3144 734 3214 quod
780 3144 939 3209 dixit,
971 3144 1228 3199 deduxisti
1266 3161 1364 3211 me,
1396 3160 1524 3200 usus
1568 3146 1679 3201 iste
1721 3159 1845 3216 pro-

1947 1954 2101 2022 pullis
2129 1952 2419 2006 alfectuosa
2468 1954 2799 2021 protectione
2845 1953 3137 2023 depellunt.
3184 1953 3258 2007 lta
3289 1954 3532 2010 defensio

1948 2045 2175 2105 Domini,
2196 2044 2243 2099 si
2266 2042 2332 2098 ad
2353 2060 2473 2099 eum
2506 2046 2590 2112 pie
2616 2044 3006 2114 confugiamus,
3030 2052 3320 2114 potestates
3345 2060 3532 2103 aereas

1945 2147 1973 2185 a
2006 2133 2159 2189 nobis
2186 2134 2351 2189 efﬁcit
2395 2134 2630 2200 alienas,
2661 2144 2719 2189 ut
2748 2149 2846 2189 nec
2892 2135 3040 2190 furor
3068 2149 3252 2190 eorum
3285 2136 3533 2191 incensus

1946 2243 2157 2300 noceat,
2190 2247 2291 2287 nec
2315 2247 2580 2286 venenum
2607 2231 2855 2301 frigidum
2886 2231 3101 2300 viperea
3128 2232 3382 2301 qualitate
3412 2248 3532 2301 prr-

1946 2327 2131 2380 cutia'.
2182 2325 2372 2381 Merito
2413 2340 2540 2394 ergo
2588 2327 2845 2392 protectio
2888 2324 3099 2379 Domini
3150 2325 3249 2378 alis
3296 2326 3525 2381 noscitur

1945 2427 2276 2486 comparata,
2312 2432 2431 2486 qua:
2463 2432 2562 2472 nec
2591 2416 2863 2486 subjectos
2901 2424 3149 2482 onerant,
3177 2425 3232 2471 et
3260 2415 3528 2471 laesionem

1947 2508 2110 2564 totius
2140 2508 2537 2565 contrarietatis
2562 2509 2871 2563 emendant.

2019 2600 2173 2655 Vers.
2215 2600 2268 2654 5.
2322 2600 2578 2664 Quoniam
2620 2610 2705 2665 tu,
2758 2598 2919 2664 Deus,
2961 2598 3216 2654 exaudiui
3255 2598 3534 2652 orationem

1948 2706 2110 2744 meant
2139 2706 2159 2743 :
2188 2690 2372 2744 dedisti
2416 2690 2761 2745 Ita'reditatem
2807 2690 3097 2744 timentibus
3142 2705 3326 2743 nomen
3365 2700 3531 2744 tuum.

1949 2780 2266 2849 Interposito
2296 2780 2667 2849 diapsaltnate,
2700 2779 2928 2847 populus
2974 2779 3148 2833 ﬁdelis
3175 2779 3319 2832 venit
3347 2779 3412 2831 ad
3443 2792 3534 2832 se-

1947 2872 2174 2928 cundam
2206 2877 2409 2940 partem
2443 2871 2596 2925 laetus
2635 2881 2691 2925 et
2737 2869 3032 2934 exsultans,
3078 2869 3203 2939 quia
3234 2868 3531 2925 orationem

1948 2978 2099 3020 suam
2129 2963 2387 3033 gloriatur
2409 2963 2680 3028 auditam;
2716 2978 2809 3031 per
2842 2961 3062 3032 ﬁguram
3094 2961 3297 3015 scilicet
3323 2962 3531 3016 tetiolo-

1948 3056 2110 3127 giam,
2135 3069 2349 3111 causam
2394 3055 2472 3110 rei
2520 3054 2891 3122 rationemque
2934 3053 3209 3123 subiungit
3234 3062 3330 3106 cur
3358 3051 3412 3107 in
3437 3067 3533 3107 ve-

1950 3148 2182 3203 lamento
2238 3146 2445 3202 alarum
2517 3145 2727 3201 Domini
2790 3145 3225 3212 protectioncque
3290 3144 3535 3197 lauetur:

239 3237 456 3307 phetize
487 3244 569 3290 est
590 3276 605 3299 ,
638 3244 695 3289 ut
724 3235 813 3289 illa
850 3249 969 3305 quae
999 3243 1223 3289 ventura
1263 3245 1388 3290 sunt
1428 3250 1522 3305 pro
1560 3237 1846 3306 praeteritis
1875 3231 1921 3293 C
1952 3242 2164 3306 merito,
2189 3241 2438 3311 quoniam
2469 3239 2586 3309 ejus
2634 3238 2880 3293 exaudita
2908 3239 3188 3305 oprobatur
3218 3236 3410 3292 oratio.
3438 3235 3531 3290 So-

241 3328 428 3394 dicat;
460 3327 599 3382 sicut
640 3329 692 3381 in
732 3326 996 3394 vigesimo
1041 3328 1215 3398 primo
1254 3327 1457 3398 psalmo
1495 3325 1602 3397 jam
1641 3327 1845 3382 dictum

242 3430 327 3475 est
351 3437 368 3475 :
397 3418 672 3475 Foderunt
703 3434 887 3474 manus
916 3437 1052 3475 meas
1081 3431 1129 3475 et
1158 3421 1310 3490 pedes
1350 3436 1486 3473 meos
1505 3461 1520 3483 ,
1554 3421 1847 3474 dinumera-

240 3521 432 3567 senust
480 3515 655 3566 omnia
698 3529 816 3567 ossa
865 3529 976 3566 mea
1006 3510 1179 3583 (Psal.
1222 3525 1331 3576 xxt,
1370 3511 1477 3575 l8).
1524 3510 1653 3578 Quae
1682 3513 1845 3581 figura

246 3606 457 3662 dicitur
488 3605 778 3675 prolepsis,
810 3604 862 3659 id
890 3612 975 3660 est
1000 3603 1390 3674 praeorcnpatio
1420 3602 1755 3659 futurorum.-

320 3696 483 3753 Ἴδη.
517 3696 575 3750 3.
606 3694 739 3761 Quia
766 3699 935 3766 [actus
965 3711 1018 3749 es
1047 3710 1162 3762 spes
1189 3711 1323 3758 mea,
1347 3695 1500 3747 turris
1528 3694 1848 3764 fortitudinis

245 3804 279 3841 ι
308 3788 452 3858 [acie
480 3788 699 3841 inimici.
746 3786 921 3841 Causa
946 3787 1187 3841 redditur
1214 3802 1380 3856 quare
1405 3786 1475 3841 sit
1498 3785 1757 3841 deductus
1782 3786 1848 3840 ad

244 3880 542 3949 praemium
567 3896 578 3930 :
603 3877 728 3945 quia
759 3892 910 3946 spem
954 3892 1103 3931 suam
1145 3876 1501 3931 constituerat
1528 3875 1627 3930 sibi
1674 3876 1851 3931 Domi-

244 3986 408 4033 num,
438 3970 530 4039 qui
562 3967 896 4023 conﬁdentes
926 3967 1175 4034 aediﬁcat,
1207 3976 1261 4023 et
1297 3967 1349 4022 in
1383 3982 1442 4022 se
1468 3975 1851 4036 praesumentes

239 4075 473 4132 semper
503 4061 738 4126 exaltnt,
772 4060 910 4115 sicut
949 4060 1077 4114 dicit
1120 4059 1413 4126 Apostolus
1439 4076 1451 4110 :
1477 4057 1772 4111 Gloriamur
1798 4059 1851 4112 in

238 4148 697 4213 tribulationibus,
713 4153 923 4205 scientes
963 4153 1082 4221 quia
1122 4151 1382 4205 tribulatio
1408 4152 1708 4222 patientiam
1730 4166 1852 4218 ope-

237 4254 425 4307 ratur,
460 4244 708 4312 patientia
734 4243 1100 4312 probationem,
1130 4244 1361 4313 probatio
1401 4258 1517 4295 vero
1546 4258 1706 4312 spem,
1738 4259 1852 4311 spes

235 4347 429 4391 autem
455 4354 561 4391 non
592 4337 860 4405 confundit
896 4336 1073 4405 (Rom.
1108 4352 1160 4392 ν.
1190 4336 1243 4400 5,
1272 4334 1328 4399 4,
1364 4336 1441 4401 5),
1466 4346 1567 4389 etc.
1602 4334 1853 4404 Sequitur

236 4428 479 4481 ouinino
507 4441 701 4493 magna
728 4426 1057 4493 comparatio
1084 4443 1095 4477 :
1123 4424 1302 4479 Turris
1325 4425 1641 4496 fortitudinis
1665 4442 1696 4479 a
1719 4425 1852 4493 facie

232 4522 471 4575 issinss'ci.
499 4521 609 4575 Per
634 4522 789 4573 turris
812 4520 1165 4588 fortitudinem
1189 4519 1360 4584 ipsum
1383 4518 1666 4572 Dominum
1690 4519 1852 4589 signi-

1952 3332 2151 3400 quitur,
2184 3332 2368 3385 dedisti
2415 3330 2763 3384 hereditatem
2810 3328 3100 3383 timentibus
3140 3343 3323 3381 nomen
3370 3338 3531 3383 tuum.

1954 3421 2321 3476 Hereditatem
2363 3421 2629 3490 signiﬁcat
2680 3421 2841 3475 futuri
2893 3421 3073 3475 seaculi
3121 3421 3535 3490 regnum,quod

1952 3512 2122 3566 beatis
2152 3510 2365 3565 famulis
2407 3512 2710 3579 pollicetur.
2759 3511 3054 3566 llmreditas
3080 3526 3199 3580 qua:
3229 3527 3333 3567 non
3366 3524 3541 3567 morte

1951 3603 2287 3672 relinquitur,
2315 3602 2408 3657 sed
2452 3615 2571 3656 cum
2605 3603 2857 3673 largitore
2881 3618 2978 3658 suo
3010 3614 3270 3673 perpetuo
3313 3620 3534 3660 munere

1954 3692 2283 3761 possidetur;
2334 3707 2453 3761 qua:
2504 3691 2580 3747 sic
2627 3694 2770 3747 νρηίι
2809 3693 2874 3747 ad
2925 3694 3171 3758 filios,ut
3205 3708 3235 3747 a
3285 3703 3538 3750 to-statore

1954 3782 2173 3837 minime
2201 3782 2501 3841 deseratur.
2547 3783 2672 3837 lltec
2702 3783 2987 3838 btereditas
3014 3798 3121 3838 non
3154 3785 3311 3839 habet
3342 3786 3538 3849 ﬁnem;

1953 3873 2048 3929 sed
2092 3888 2214 3928 cum
2258 3874 2421 3929 semel
2471 3885 2717 3943 susci-pta
2762 3873 2959 3944 fuerit,
3008 3891 3275 3945 nunquam
3315 3892 3345 3931 a
3386 3878 3543 3934 nobis

1953 3963 2129 4034 aliqua
2160 3965 2553 4032 permutatione
2579 3966 2828 4020 discedit.

2028 4066 2177 4121 Vers.
2207 4065 2259 4121 6.
2294 4065 2415 4120 Dies
2453 4082 2605 4133 super
2634 4066 2741 4119 dies
2774 4066 2923 4137 Regis
2967 4066 3216 4136 adjicies;
3238 4082 3400 4121 annos
3427 4069 3543 4139 ejus

1955 4172 2112 4225 usque
2134 4156 2184 4208 in
2207 4156 2341 4208 diem
2365 4155 2540 4209 δίκαιιὶ
2567 4164 2614 4208 et
2636 4153 2843 4209 stet-uta.
2876 4154 3252 4211 Aiternitatcm
3277 4158 3538 4225 signiﬁcat

1959 4246 2166 4300 Domini
2195 4246 2504 4313 Salvatoris,
2535 4247 2621 4316 qui
2652 4261 2779 4302 vere
2804 4245 2917 4302 Rex
2948 4256 3133 4301 noster
3158 4247 3375 4313 dicitur,
3406 4266 3537 4319 quo-

1961 4343 2095 4395 niam
2128 4342 2194 4394 ah
2221 4341 2336 4409 ipso
2364 4341 2622 4411 regimur,
2651 4349 2705 4395 et
2732 4339 2849 4409 ejus
2879 4341 3075 4395 virtute
3097 4340 3387 4396 salvamur.
3417 4341 3541 4397 Dies

1955 4431 2095 4485 enim
2124 4447 2277 4500 supra
2306 4431 2412 4484 dies
2438 4446 2588 4485 more
2621 4430 2967 4485 humanitatis
2994 4429 3278 4499 profertur.
3303 4432 3392 4501 qui
3421 4433 3543 4489 ideo

1957 4521 2175 4589 plurimi
2202 4520 2470 4585 dicuntur,
2498 4521 2748 4591 quoniam
2781 4521 2891 4576 illis
2933 4530 2989 4576 et
3024 4533 3208 4577 noctes
3252 4524 3543 4580 succedere

235 4613 382 4666 ﬁat
412 4610 772 4666 Salvatorem.
827 4609 1005 4663 Turris
1031 4610 1176 4664 enim
1206 4609 1441 4663 civitatis
1472 4622 1653 4663 muros
1681 4608 1853 4662 vindi-
1882 4602 1933 4662 D
1957 4610 2393 4679 comprobantur.
2435 4612 2489 4665 ln
2523 4612 2612 4665 illa
2644 4626 2771 4666 vero
2795 4612 3095 4667 aeternitate
3130 4629 3268 4669 unus
3292 4624 3376 4669 est
3399 4616 3540 4683 dies,

230 4715 361 4768 cat,
394 4713 452 4759 et
479 4705 752 4758 irruentes
782 4702 967 4757 hostes
1007 4717 1072 4756 ex
1104 4701 1215 4756 alto
1245 4701 1522 4765 vulnerat;
1554 4700 1634 4753 sic
1680 4701 1849 4754 virtus

233 4801 475 4856 Domini
507 4800 766 4869 pepulum
811 4813 966 4852 suum
1016 4795 1276 4859 defendit,
1305 4809 1424 4849 cum
1452 4802 1635 4862 aperte
1667 4792 1849 4847 inimi-

226 4909 377 4948 cum
423 4895 546 4961 ejus
589 4892 702 4946 oris
747 4889 835 4945 sui
880 4888 1304 4945 contradictione
1344 4885 1711 4955 prostraverit.
1742 4885 1846 4940 Sed

229 4989 421 5041 turris
474 4988 567 5042 illa
621 4986 906 5040 virtutibus
946 4993 1027 5038 est
1060 4982 1234 5052 plena,
1265 4996 1369 5034 non
1398 4978 1617 5049 gladiis;
1652 4985 1851 5047 pugnat

224 5078 457 5144 verbo,
499 5091 609 5132 non
656 5077 869 5145 praelia;
903 5073 1100 5144 jubens
1141 5072 1341 5138 omnia,
1374 5084 1481 5123 non
1529 5070 1849 5124 decertans:

227 5185 426 5235 quam
456 5184 569 5224 non
614 5168 757 5222 aries
802 5176 1052 5236 quassat,
1083 5178 1189 5219 non
1218 5164 1392 5231 aliqua
1426 5161 1851 5218 machinamenta

220 5262 582 5324 debilitant,
639 5274 737 5315 nec
784 5259 1026 5314 localiter
1069 5256 1343 5322 defendit,
1393 5253 1487 5309 sed
1538 5268 1633 5321 per
1678 5262 1852 5308 totum

226 5352 524 5408 mundum
587 5348 816 5404 famulos
868 5364 995 5403 suos
1048 5347 1240 5402 invicta
1293 5344 1625 5416 protectione
1671 5353 1853 5399 custo-

215 5447 343 5502 dit.

308 5541 492 5596 Ven.
525 5539 581 5592 Δ.
629 5537 935 5593 litbabitabo
974 5539 1027 5593 in
1066 5536 1387 5591 tabernaculo
1418 5544 1508 5589 tuo
1537 5534 1589 5587 in
1618 5534 1808 5588 sweula
1829 5552 1848 5589 .'

220 5648 507 5709 Vosegus
538 5636 592 5687 in
618 5635 898 5688 “tomento
925 5633 1130 5685 alarum
1159 5641 1379 5685 tuarum.
1426 5628 1493 5683 Et
1524 5628 1609 5682 hic
1636 5641 1848 5694 quoiue

219 5731 429 5803 ω
461 5725 793 5796 eategoricus
814 5724 1154 5794 syllogismus
1174 5723 1463 5788 enascitur,
1483 5719 1571 5789 qui
1598 5733 1664 5773 eo
1690 5717 1848 5772 modo

212 5814 561 5887 colligitur.
602 5814 789 5868 Justus
819 5814 1076 5867 inhabitat
1122 5813 1173 5868 in
1218 5811 1562 5870 tabernaculo
1610 5807 1846 5863 Domini.

594 5908 865 5969 Panos.
915 5907 1115 5968 LXX.

1958 4699 2047 4768 qui
2078 4701 2223 4753 nullo
2252 4703 2478 4755 termino
2508 4701 2748 4763 ﬁnietur;
2778 4702 2911 4757 sicut
2940 4702 2991 4756 in
3017 4701 3123 4757 alio
3148 4705 3353 4772 psalmo
3377 4706 3536 4762 diett:

1962 4790 2094 4855 Quia
2123 4791 2298 4844 melior
2319 4802 2391 4845 est
2417 4792 2524 4845 dies
2554 4809 2659 4846 una
2678 4795 2729 4845 in
2749 4792 2894 4847 atriis
2922 4794 3024 4847 tuis
3052 4811 3201 4864 super
3231 4796 3394 4850 millia
3417 4798 3537 4870 (Ps.

1959 4900 2180 4949 Luxm,
2210 4885 2323 4953 ll).
2369 4885 2481 4941 Hoc
2507 4888 2667 4941 etiam
2710 4899 2764 4942 et
2803 4886 2870 4943 de
2907 4888 3064 4943 annis
3100 4889 3357 4944 debemus
3402 4894 3546 4946 acci-

1958 4992 2119 5046 pere,
2164 4981 2413 5047 quoniam
2468 4979 2591 5033 talia
2651 4980 2853 5050 tropice
2899 4980 3147 5038 dicuntur
3197 4982 3266 5036 de
3318 4982 3544 5040 Domino

1959 5068 2193 5123 Christo.
2243 5068 2478 5139 Denique
2506 5081 2566 5125 et
2593 5086 2780 5127 versus
2822 5072 2938 5141 ipse
2979 5072 3061 5126 sic
3088 5073 3351 5141 sequitur,
3384 5089 3543 5143 usque

1959 5163 2014 5215 in
2039 5163 2171 5216 diem
2201 5162 2377 5217 siccati
2412 5173 2458 5217 ct
2495 5163 2710 5229 stecula,
2745 5173 2805 5219 ut
2832 5162 3142 5219 ostenderet
3188 5180 3353 5220 unum
3397 5166 3539 5221 diem

1958 5267 2078 5309 esse
2126 5253 2264 5323 apud
2313 5254 2619 5320 Dominum,
2667 5255 2755 5326 qui
2804 5254 2999 5311 sarcula
3048 5257 3146 5310 ista
3193 5257 3540 5311 transcendit.

1962 5345 2106 5400 Dicta
2135 5353 2259 5401 sunt
2283 5344 2479 5416 quippe
2521 5346 2730 5411 stecula,
2759 5346 2899 5416 quod
2931 5346 2985 5402 in
3015 5361 3075 5402 se
3101 5346 3380 5401 revolvant
3406 5356 3542 5403 tem--

1962 5450 2109 5506 pora.

2031 5527 2182 5582 Vcrs.
2217 5528 2270 5580 7.
2310 5528 2630 5583 Permanebit
2658 5530 2710 5584 in
2740 5542 2983 5587 teternutn
3012 5533 3066 5586 in
3094 5541 3364 5603 conspectu
3401 5534 3495 5589 Dei
3520 5552 3537 5590 :

1957 5626 2356 5679 misericordiam
2398 5635 2446 5679 et
2480 5615 2737 5688 veritaiem
2779 5634 2889 5703 ejus
2928 5632 3041 5701 quis
3070 5632 3290 5700 requiret
3318 5636 3545 5689 eorum!

1960 5719 2098 5773 Ecce
2137 5719 2226 5773 illa
2270 5719 2375 5774 diei
2406 5722 2676 5777 aeternitas
2717 5725 2993 5781 evidenter
3018 5738 3272 5794 expressa
3302 5735 3414 5788 est;
3446 5729 3540 5781 sed

1960 5810 2059 5865 hoc
2084 5809 2191 5881 jam
2224 5826 2252 5865 a
2288 5822 2435 5883 parte
2463 5813 2823 5873 membrorum
2870 5828 3226 5882 congruenter
3258 5818 3545 5889 accipitur,

2956 5910 3026 5967 its
