3956 6178
376 354 471 405 £87

1580 346 1651 399 M.
1698 341 1971 400 AURELII
2019 341 2414 399 CASSlODORl

3529 335 3632 389 428

372 475 510 519 δεμ-ιιι
555 466 732 520 multis
776 463 906 519 locis
936 470 1143 516 constat
1182 458 1483 528 expositum
1511 473 1523 509 :
1550 456 1799 526 quoniam
1833 470 1949 524 qua:
1982 459 2026 513 A
2058 469 2172 507 rum
2244 460 2421 523 potest
2469 453 2777 522 specialiter
2830 459 2882 509 et
2939 453 3277 507 continentes
3329 448 3634 519 hujusmodi

374 554 666 622 sequuntur
694 555 851 623 capiti
882 551 1170 606 convenire
1200 565 1304 604 non
1336 556 1575 617 possunt.
1612 547 1749 601 Dicit
1776 548 1948 600 enim:

384 645 702 698 Pri-manebit
744 646 798 696 in
842 652 1089 697 asternum
1130 643 1183 695 in
1221 648 1496 709 conspectu
1542 637 1670 699 Dei;
1705 635 1844 705 quod
1888 635 1957 690 de

382 736 576 803 populo
639 732 780 787 ﬁdeli
842 733 1008 802 magis
1068 739 1421 800 congruenter
1486 716 1808 785 advertitur;
1859 724 1959 778 lioc

378 827 538 878 etiam
570 833 623 877 et
648 825 923 892 sequentia
951 823 1244 877 declarant.
1291 820 1519 890 Adjecit,
1550 816 1959 871 misericordiam

378 927 421 967 et
454 915 712 968 veritatem
732 914 842 983 quis
862 913 1079 981 requiret
1100 911 1305 964 eorum?
1325 910 1499 976 Quare
1520 908 1660 963 enim
1690 916 1960 976 qumralur

382 1006 769 1070 misericordia,
811 1003 901 1057 ubi
943 1003 1117 1056 nullus
1156 1009 1239 1055 est
1275 1000 1470 1054 miser?
1510 999 1684 1064 Quare
1728 996 1952 1059 veritas,

384 1097 467 1149 ubi
514 1096 691 1149 cuncti
733 1094 899 1148 Deum
942 1092 1233 1147 videbunt?
1267 1091 1452 1145 Nullus
1482 1089 1741 1158 siquidem
1773 1103 1960 1142 eorum

386 1188 594 1256 indigus
624 1185 727 1239 erit
756 1185 1015 1238 bonorum
1068 1181 1272 1243 talium,
1311 1193 1431 1233 cum
1466 1179 1515 1231 in
1550 1186 1807 1231 aeternum
1839 1191 1963 1245 pos-

386 1282 592 1336 sideant
622 1293 782 1348 regna
812 1278 1098 1339 caelorum;
1123 1275 1263 1327 sicut
1287 1273 1399 1341 ipse
1425 1272 1684 1325 Dominus
1706 1268 1963 1337 apostolis

385 1374 493 1427 suis
509 1369 665 1425 dicit:
685 1368 841 1421 Nunc
861 1366 1061 1432 quidem
1077 1364 1333 1417 tristitiam
1348 1362 1565 1427 habetis;
1581 1375 1777 1413 rursum
1795 1368 1964 1411 autem

386 1461 562 1516 videbo
583 1478 688 1523 vos,
707 1470 751 1513 et
770 1458 1126 1512 lwtabiturcor
1146 1466 1383 1513 vestrum.
1407 1464 1453 1505 et
1471 1453 1716 1522 gaudium
1738 1460 1965 1504 vestrum

388 1573 532 1610 nemo
566 1554 759 1620 auferet
785 1569 815 1605 α
844 1552 980 1605 vobis
1013 1548 1193 1619 (Joan.
1225 1561 1333 1609 xvr,
1365 1544 1478 1613 22).
1525 1541 1592 1596 In
1622 1542 1713 1596 illa
1753 1542 1836 1595 die
1864 1558 1965 1593 non

385 1648 628 1720 rogabitis
666 1662 743 1700 me
791 1644 1084 1714 quidquam.
1134 1640 1225 1695 Sic
1257 1639 1314 1692 ﬁt
1360 1647 1417 1692 ut
1463 1651 1622 1691 nemo
1652 1642 1963 1689 sanctorum

388 1735 785 1790 misericordiam
820 1742 910 1786 aut
936 1733 1190 1785 veritatem
1225 1729 1479 1791 requirat,
1514 1741 1633 1779 Clllll
1671 1726 1807 1778 illius
1839 1740 1966 1779 con-

392 1826 750 1895 templationis
779 1822 1138 1877 inmstzmabili
1171 1834 1389 1882 munere
1422 1818 1745 1886 perfruatur.

460 1916 615 1969 Vers.
648 1914 698 1966 8.
735 1911 822 1968 Sic
850 1911 1065 1981 psallunt
1096 1909 1289 1962 nomini
1314 1918 1422 1972 tuo,
1459 1906 1614 1969 Deus,
1649 1908 1698 1958 in
1726 1907 1968 1958 simulam

387 2005 560 2059 seculi
579 2019 598 2056 :
624 2011 677 2057 ut
715 2001 926 2055 reddam
955 2008 1070 2052 vota
1099 2015 1208 2052 mea
1238 1998 1299 2050 de
1324 1997 1407 2049 die
1434 1996 1661 2048 indiem.
1693 1994 1781 2049 Sic
1808 1997 1968 2064 signi-

391 2100 514 2152 ﬁcat
535 2098 627 2162 ita,
644 2093 1091 2164 quemadmodum
1113 2092 1163 2144 io
1183 2089 1630 2155 subsequentibus
1651 2087 1965 2140 declarabit.

393 2193 623 2248 Psallere
643 2192 785 2245 enim
816 2204 873 2242 se
913 2187 1044 2242 dicit
1075 2184 1298 2255 populus
1330 2183 1606 2236 beatorum
1637 2181 1967 2248 sempiterno

388 2285 618 2349 nomini;
648 2297 833 2337 verum
864 2280 965 2333 hoc
996 2293 1101 2332 non
1132 2275 1280 2331 brevi
1314 2283 1576 2343 tempore,
1606 2273 1700 2327 sed
1732 2274 1781 2324 in
1804 2288 1966 2325 sazcu-

390 2384 494 2430 lum
525 2374 721 2440 sreculi,
770 2369 1072 2440 signiﬁcans
1095 2366 1437 2421 devotionem
1470 2378 1618 2419 suam
1648 2362 1965 2418 immutabili

388 2466 720 2535 perennitate
773 2476 1104 2516 mansuram.
1164 2458 1437 2526 Sequitur,
1490 2465 1544 2508 ut
1596 2454 1812 2509 reddam
1849 2466 1965 2507 rota

386 2577 497 2613 mea
525 2559 587 2611 de
610 2558 693 2610 die
720 2558 772 2609 in
812 2554 963 2608 diem.
1008 2552 1133 2606 Hcce
1178 2549 1364 2603 eadem
1412 2548 1605 2600 deciira
1654 2545 1965 2600 diversitate

386 2658 717 2717 repetuntur.
752 2646 879 2699 Nam
910 2643 1049 2713 quod
1077 2642 1343 2709 signiﬁcat
1372 2640 1612 2692 sarculum
1641 2637 1837 2703 swculi,
1864 2640 1964 2690 hoc.

384 2740 619 2795 declarat
647 2739 710 2791 de
740 2737 824 2789 die
850 2737 903 2788 in
926 2734 1083 2798 diem,
1116 2733 1167 2787 id
1194 2740 1277 2787 est
1299 2746 1541 2798 semper;
1577 2738 1633 2783 ut
1663 2738 1716 2784 et
1744 2730 1829 2784 liic
1850 2740 1963 2783 vota

385 2841 567 2886 nostra
598 2829 894 2892 reddamus,
927 2834 983 2880 et
1013 2824 1081 2879 ibi
1116 2821 1299 2876 laudes
1329 2820 1535 2875 Domini
1586 2829 1839 2889 perpetua
1882 2819 1963 2872 hi-

385 2922 594 2977 laritate
622 2927 916 2974 cantemus.
954 2915 1085 2970 Vota
1111 2915 1252 2969 enim
1285 2928 1376 2967 sua
1410 2926 1468 2967 se
1499 2910 1721 2965 Domino
1750 2912 1963 2965 reddere

384 3011 789 3081 compromittit,
820 3015 879 3063 ut
905 3008 953 3062 ei
983 3015 1211 3061 aaternas
1252 3004 1453 3074 gratias
1492 3004 1823 3058 sulﬁcienter
1868 3018 1963 3057 ex-

384 3104 584 3166 solvat;
619 3102 756 3155 sicut
786 3110 840 3153 et
861 3099 1002 3152 alius
1046 3096 1283 3166 psalmus
1328 3094 1492 3149 dicit:
1522 3093 1656 3147 Vota
1697 3111 1807 3148 mea
1856 3094 1961 3147 Do-

2061 548 2270 616 aliqnos
2312 545 2570 599 indicare.

2269 638 2426 706 203
2460 636 2812 691 EXPOSITIO
2842 636 2905 689 IN
2932 634 3250 690 PSALMUM
3290 633 3424 687 LXI.

2273 732 2335 784 In
2370 733 2544 800 ﬁnem,
2572 749 2662 800 pro
2710 730 2943 785 Idithum
2984 730 3209 802 psalmus
3238 728 3425 783 David.

2110 825 2274 878 inter
2322 825 2479 877 verba
2529 823 2802 877 notissima
2854 824 2993 876 tituli
3046 821 3237 890 repetit
3289 818 3549 884 Idithum,
3578 819 3648 873 de

2062 930 2167 984 quo
2211 913 2451 983 proxime
2493 913 2544 966 in
2588 916 2860 982 trigesimo
2891 923 3078 967 octavo
3111 912 3316 980 psalmo
3357 913 3463 978 jam
3507 910 3649 964 dixi‘

2064 1021 2199 1058 inus.
2225 1005 2335 1058 Sub
2359 1005 2511 1057 istius
2534 1006 2730 1074 quippe
2758 1005 2990 1058 nominis
3015 1002 3401 1073 significatione
3428 1015 3649 1069 semper

2062 1095 2258 1164 aliquid
2291 1095 2592 1148 declaratur
2622 1096 2897 1149 eximium.
2932 1095 3024 1147 Est
3054 1095 3194 1147 enim
3225 1093 3339 1161 ejus
3368 1093 3637 1158 interpre-

2067 1188 2216 1249 tatio,
2253 1186 2557 1240 transiliens
2596 1200 2690 1240 eos
2712 1227 2726 1249 ,
2760 1184 2812 1238 id
2839 1194 2919 1239 est
2951 1193 3219 1238 amatores
3253 1183 3410 1253 hujus
3437 1181 3649 1246 smculi,

2065 1291 2198 1346 quos
2225 1277 2378 1331 miles
2404 1277 2602 1331 Christi
2633 1284 2938 1345 contempta
2969 1276 3149 1329 mundi
3174 1276 3445 1343 voluptate
3477 1283 3656 1325 trans-

2065 1369 2267 1423 cendit.
2316 1369 2422 1423 Sed
2473 1370 2722 1438 quoniam
2766 1368 2863 1421 ista
2908 1367 3192 1421 transilitio
3231 1366 3441 1420 beatum
3496 1365 3656 1417 nobis

2067 1462 2278 1515 videtur
2308 1454 2609 1530 signiﬁcare
2639 1476 2734 1529 pro
2748 1459 3013 1529 positum,
3046 1457 3403 1513 introducitur
3429 1457 3652 1525 quidam

2066 1564 2307 1619 sanctus,
2354 1555 2443 1623 qui
2492 1564 2543 1608 et
2593 1554 2774 1608 mundi
2817 1553 3082 1607 desideria
3128 1552 3451 1618 reliquerat,
3498 1558 3554 1602 et
3598 1548 3653 1600 in

2071 1647 2299 1700 Domino
2360 1662 2455 1713 spe
2515 1646 2821 1699 ﬁrmissima
2877 1643 3243 1714 permanebat.
3301 1641 3443 1694 Talis
3503 1640 3653 1694 enim

2070 1738 2345 1807 prtemittit
2372 1737 2552 1804 ﬁnem,
2580 1737 2630 1789 id
2658 1746 2739 1791 est
2764 1736 3045 1789 Dominum
3072 1735 3362 1789 Christum.
3395 1731 3655 1801 Sequitur

1999 1824 2045 1882 B
2072 1844 2285 1899 quoque
2315 1830 2561 1897 psalmus,
2584 1831 2684 1882 hoc
2708 1838 2790 1881 est
2824 1826 3116 1897 probabilis
3144 1827 3272 1891 vita,
3292 1840 3410 1895 qua:
3438 1823 3656 1877 Domini

2074 1923 2270 1991 regulis
2300 1921 2648 1976 obseeundat.
2680 1918 3031 1989 Conjungitur
3058 1918 3215 1974 etiam
3244 1916 3428 1982 Dauid,
3461 1926 3516 1969 ut
3544 1917 3651 1968 vita

2073 2013 2353 2068 laudabilis
2384 2012 2449 2065 ad
2481 2012 2765 2065 Dominum
2799 2011 3073 2065 Christum
3122 2009 3339 2065 tendere
3380 2008 3653 2071 videatur,

2071 2107 2158 2160 ubi
2187 2116 2269 2161 est
2291 2107 2543 2160 salutaris
2575 2115 2627 2161 et
2657 2105 2899 2158 absoluta
2933 2105 3207 2173 perfectio.

2635 2194 2828 2249 Divisio
2862 2197 3069 2265 psalmi.

2140 2286 2461 2341 Transilitor
2487 2287 2607 2352 iste,
2641 2302 2799 2356 quem
2833 2282 3083 2352 diximus,
3117 2285 3455 2340 saecularium
3488 2285 3655 2337 vitio-

2067 2394 2206 2443 rum,
2238 2390 2355 2431 cum
2407 2378 2590 2432 orbem
2644 2388 2903 2431 terrarum
2958 2377 3170 2446 plenum
3222 2375 3383 2429 smvis
3442 2374 3654 2429 videret

2069 2470 2360 2531 erroribus,
2395 2469 2529 2521 alios
2574 2477 2963 2537 persecutores,
2998 2467 3134 2520 alios
3165 2464 3471 2529 btereticos,
3510 2464 3654 2517 alios

2067 2560 2217 2613 vanis
2259 2559 2539 2613 desideriis
2570 2559 2849 2627 implicari.
2880 2557 2935 2611 In
2971 2557 3143 2627 primo
3190 2556 3432 2609 membro
3458 2556 3652 2623 psalmi

2068 2649 2298 2701 animam
2326 2664 2477 2702 suam
2524 2649 2632 2702 Deo
2671 2648 2951 2717 profitetur
2997 2662 3115 2701 esse
3162 2646 3456 2715 subjectum
3483 2648 3652 2715 ,quia

2067 2757 2161 2811 per
2210 2739 2401 2792 Filium
2446 2740 2775 2807 unigenitum
2842 2757 3032 2793 munus
3083 2739 3318 2793 salutare
3371 2740 3651 2808 succepit,

2066 2846 2297 2899 arguens
2353 2845 2447 2884 eos
2497 2832 2586 2899 qui
2633 2832 2748 2885 solo
2797 2832 3014 2885 nomine
3065 2846 3123 2885 se
3176 2830 3279 2885 diei
3335 2829 3654 2884 desiderant

2066 2922 2419 2977 Christianos.
2468 2923 2720 2977 Secunda
2770 2932 2919 2991 parte
2970 2925 3162 2977 iterum
3213 2924 3445 2975 animam
3490 2938 3648 2976 suam

2064 3012 2327 3066 subditam
2358 3011 2486 3065 dicit
2514 3028 2635 3066 esse
2664 3013 2887 3066 Domino
2926 3013 3090 3080 Patri,
3121 3014 3368 3082 quoniam
3399 3028 3494 3078 per
3529 3013 3652 3083 ejus

2067 3102 2299 3156 Verbum
2351 3102 2636 3155 Salutaiem
2686 3105 2990 3170 patientiam
3035 3104 3350 3172 conquisivit
3390 3120 3404 3155 :
3446 3103 3647 3157 ionﬁr-

382 3198 517 3248 mirio
559 3194 769 3247 reddam
813 3192 868 3244 in
915 3190 1063 3243 atriis
1106 3189 1288 3241 domus
1332 3186 1565 3252 Domini,
1590 3185 1646 3239 in
1693 3194 1958 3253 conspectu

2070 3209 2221 3248 maus
2260 3194 2468 3263 plebem
2519 3193 2860 3250 confessione
2911 3197 3074 3262 ﬁdeli,
3104 3205 3161 3251 ut
3198 3206 3310 3250 toto
3348 3196 3524 3251 cordis
3565 3196 3651 3250 af-

381 3288 542 3340 omnis
568 3284 744 3354 pepuli
773 3285 906 3350 ejus,
926 3282 979 3333 in
1009 3279 1175 3334 medio
1210 3278 1303 3342 tui,
1322 3274 1611 3330 Jerusalem
1637 3275 1809 3346 (Psal.
1836 3290 1956 3345 cxv,

383 3376 470 3441 i8,
506 3369 617 3444 199.
654 3373 948 3428 Reddamus
973 3383 1099 3439 ergo
1128 3377 1247 3425 vota
1280 3375 1458 3420 nostra
1492 3367 1543 3419 in
1578 3366 1682 3421 isto
1709 3365 1957 3421 transito-

383 3470 464 3521 rio
493 3467 610 3527 die,
641 3473 699 3519 ut
727 3466 779 3518 in
806 3464 893 3516 illa
923 3460 1259 3529 perennitate
1286 3458 1471 3513 laudes
1503 3458 1737 3523 Domini,
1770 3458 1956 3513 eodem

382 3564 699 3626 prtestante,
729 3555 1017 3608 decantare
1043 3564 1363 3605 mereamur.

909 3692 1180 3747 Conclusio
1227 3690 1431 3761 psalmi.

440 3835 682 3891 Audiam
734 3832 1021 3887 Donatista:
1050 3848 1081 3885 α
1111 3831 1298 3901 ﬁnibus
1328 3839 1475 3885 teme
1505 3829 1803 3884 Ecclesiam
1850 3830 1959 3883 cla-

379 3942 554 3993 mare,
595 3935 652 3983 et
705 3925 806 3997 ipsi
860 3939 978 3981 eam
1024 3924 1251 3980 localem
1300 3923 1481 3978 dicere
1531 3923 1777 3992 protinus
1823 3936 1957 3976 con-

378 4024 678 4093 quiescant.
731 4018 928 4076 Contra
958 4032 1145 4073 vocem
1198 4016 1376 4072 mundi
1407 4016 1527 4086 quis
1555 4017 1723 4084 possit
1750 4014 1958 4069 audiri?

380 4111 899 4183 lmpudentissimum
932 4118 1015 4165 est
1044 4108 1329 4164 adversum
1377 4107 1536 4162 trium
1592 4106 1955 4162 testimonium

381 4206 521 4274 loqui
539 4245 555 4270 ,
579 4210 830 4258 etcontra
849 4201 1151 4271 generalem
1173 4198 1495 4255 sententiam
1516 4213 1618 4252 non
1638 4198 1960 4252 erubescunt

378 4294 713 4361 impudenter
742 4292 979 4346 armari?
1005 4290 1116 4347 Cur
1145 4291 1298 4345 novis
1326 4289 1725 4344 inventionibus
1751 4291 1959 4343 animas

379 4383 630 4451 fatigant?
680 4381 952 4448 Accipiant
992 4388 1141 4434 certe
1184 4380 1325 4449 quod
1374 4379 1624 4443 credant,
1660 4393 1767 4432 non
1812 4378 1953 4447 quod

375 4488 470 4526 sua
500 4471 776 4540 iniquitate
803 4479 1132 4539 pervertant.
1161 4471 1291 4524 Orat
1322 4470 1494 4523 ﬁdelis
1523 4469 1750 4538 populus
1781 4486 1811 4521 a
1839 4470 1959 4537 [ini-

2062 3289 2201 3343 fcctu
2234 3304 2449 3357 sperare
2473 3287 2665 3342 debeat
2687 3304 2901 3359 semper
2924 3292 2973 3343 in
3007 3290 3247 3343 Domino.
3267 3289 3446 3344 Tertio
3476 3305 3650 3344 mem-

2062 3380 2160 3435 bro
2190 3392 2431 3436 errantes
2477 3380 2700 3450 pupulos
2741 3391 2922 3434 monet
2954 3389 3009 3435 ut
3041 3380 3091 3435 iu
3132 3380 3240 3434 Deo
3272 3382 3437 3449 magis
3483 3396 3646 3449 quam

2062 3472 2115 3527 in
2157 3471 2336 3525 mundi
2383 3471 2535 3525 istius
2562 3471 2763 3524 caduca
2795 3472 3025 3525 debeant
3050 3470 3307 3528 felicitate
3347 3470 3643 3525 conﬁdere.
3680 3511 3685 3514 .

2592 3563 2862 3632 Expositio
2903 3564 3111 3635 psalmi.

2136 3654 2287 3708 Vers.
2320 3655 2370 3708 1.
2407 3653 2594 3708 Nonne
2622 3652 2725 3707 Deo
2748 3654 2949 3709 subdita
2972 3653 3127 3726 [ωδε.
3164 3656 3252 3718 Α.,
3286 3654 3373 3721 F.,
3396 3653 3646 3725 subjecta]

2062 3746 2153 3799 erit
2183 3747 2357 3798 anima
2387 3747 2534 3799 utea?
2559 3747 2621 3798 ab
2648 3746 2760 3815 ipso
2789 3746 2923 3798 enim
2961 3745 3188 3799 salutare
3213 3760 3399 3799 meum.
3435 3744 3536 3799 Per
3566 3754 3647 3797 to-

2063 3846 2173 3890 tum
2211 3836 2470 3904 psalmum
2501 3850 2595 3904 pro
2628 3836 2917 3891 universali
2963 3847 3112 3905 parte
3139 3844 3471 3900 sanctorum,
3505 3850 3647 3888 unus

2070 3924 2424 3978 introducitur
2472 3924 2730 3989 ﬁdelium,
2764 3924 2854 3993 qui
2903 3926 3081 3978 saeculi
3132 3924 3255 3978 vitia
3306 3925 3644 3994 relinquens,

2064 4015 2163 4069 soli
2208 4014 2318 4067 Deo
2362 4030 2422 4068 se
2469 4014 2739 4068 subditum
2785 4029 2906 4068 esse
2951 4024 3353 4069 commemorat.
3397 4014 3510 4068 Hoc
3561 4026 3650 4070 est

2061 4108 2200 4161 enim
2229 4106 2453 4160 Domino
2487 4106 2591 4160 dici
2619 4106 2942 4175 subjectum,
2976 4121 3005 4159 a
3049 4106 3328 4159 mundanis
3350 4106 3490 4160 vitiis
3520 4121 3649 4161 esse

2061 4211 2307 4260 Vacuum,
2334 4205 2388 4249 et
2427 4205 2609 4250 sancta
2643 4196 2955 4251 credulitate
2985 4198 3330 4265 completum.
3376 4197 3465 4250 Est
3495 4198 3645 4251 enim

2063 4288 2416 4356 increpativus
2448 4288 2638 4342 modus
2667 4298 2852 4343 contra
2882 4304 2975 4343 eos
2999 4291 3086 4357 qui
3117 4298 3301 4358 putant
3325 4304 3446 4343 eum
3478 4291 3651 4345 nimia

2064 4381 2417 4448 prosperitate
2443 4376 2781 4445 feriatum,et
2807 4380 2956 4448 quasi
2986 4379 3038 4432 in
3068 4380 3297 4448 quadam
3320 4379 3514 4447 quietis
3532 4396 3653 4434 sua:

2063 4471 2290 4524 otiosum
2339 4484 2461 4525 esse
2506 4470 2711 4524 lmtitia.
2747 4469 2935 4524 Nonne
2969 4470 3388 4526 convertendum
3444 4483 3547 4533 est,
3591 4482 3658 4527 ut

377 4565 465 4616 bus
492 4570 658 4625 terrm,
683 4560 802 4629 quia
837 4562 1001 4630 factus
1027 4568 1100 4612 est
1138 4558 1389 4614 Dominus
1417 4575 1530 4628 spes
1558 4559 1704 4626 ejus;
1733 4568 1950 4627 postea-
1981 4564 2030 4624 ι)
2057 4560 2262 4629 planius
2293 4561 2403 4615 ﬁat.
2441 4561 2688 4615 Dicamus
2715 4562 2861 4616 enim
2893 4577 2908 4615 :
2943 4561 3026 4614 Ne
3050 4552 3167 4615 non'
3188 4562 3296 4615 Deo
3319 4562 3519 4614 subdita
3552 4565 3654 4617 erit

375 4669 479 4724 que
517 4668 575 4707 se
612 4652 847 4705 auditum
885 4651 1192 4722 bymnidica
1238 4651 1604 4705 exsultatione
1635 4651 1950 4719 gratulatur,

375 4746 625 4816 quoniam
682 4743 735 4798 in
782 4750 1074 4811 conspectu
1136 4743 1343 4796 Domini
1403 4742 1603 4810 jugiter
1653 4740 1946 4810 apparebit.

375 4838 513 4905 Quid
554 4837 662 4907 jam
710 4834 1022 4900 satisfaciat,
1071 4834 1115 4888 si
1159 4834 1259 4887 hoc
1304 4848 1408 4887 non
1460 4832 1651 4885 satiat?
1700 4831 1951 4885 Videmus

372 4931 612 5003 quotidie
658 4930 770 4984 fieri
812 4928 953 4999 quod
1001 4927 1264 4995 promisit,
1296 4926 1538 4979 videmus
1587 4924 1840 4977 mundum
1884 4925 1949 4977 ad

372 5023 691 5078 Christiana:
721 5021 841 5075 ﬁdei
888 5020 1100 5090 regulas
1129 5019 1437 5074 convenire.
1472 5018 1555 5080 Et,
1596 5016 1730 5086 proh
1760 5015 1946 5070 dolor!

290 5095 299 5103 I
372 5116 574 5170 falsitas
626 5115 678 5167 ni
709 5115 814 5167 itur
866 5112 1199 5166 abscondere
1265 5108 1407 5176 quod
1465 5108 1707 5161 decrevit
1754 5105 1949 5159 veritas

370 5207 631 5262 indicare.
678 5204 846 5271 Hujus
874 5212 1052 5257 autem
1092 5201 1280 5272 psalmi
1309 5214 1406 5253 nec
1434 5199 1739 5267 supputatio
1771 5208 1943 5253 vacat.

373 5297 772 5367 Scxagenarius
796 5296 939 5351 enim
969 5309 1224 5349 numerus
1256 5294 1486 5362 pertinet
1516 5292 1580 5345 ad
1616 5292 1949 5346 continentes

370 5397 424 5441 et
445 5386 653 5454 viduas,
684 5384 826 5456 quod
856 5384 1145 5454 digitorum
1192 5383 1429 5451 ipsorum
1478 5391 1660 5435 mutua
1707 5381 1952 5450 designat

371 5478 558 5533 inﬁxio
587 5477 703 5551 [ηις.
735 5479 823 5543 Α.,
852 5474 945 5543 F.,
977 5474 1238 5546 inﬂexio].
1272 5473 1423 5530 Unde
1447 5474 1681 5543 psalmus
1704 5475 1803 5528 iste
1820 5474 1950 5529 ﬁde-

372 5570 510 5626 libus
558 5569 769 5624 Domini
819 5568 1164 5639 sexagenaria
1223 5568 1437 5637 praemia
1492 5568 1804 5637 pollicetur;
1842 5584 1985 5637 non,

371 5663 514 5730 quod
547 5662 616 5717 ibi
643 5672 734 5716 aut
758 5674 1017 5735 martyres
1057 5669 1149 5716 aut
1181 5661 1414 5731 virgines
1436 5662 1634 5726 desint,
1661 5661 1753 5732 qui
1778 5660 1946 5716 fructu

374 5753 681 5807 ci'ntenario
712 5753 1036 5822 gloriantur;
1063 5752 1157 5809 sed
1207 5754 1260 5807 in
1306 5754 1725 5824 congregatione
1753 5752 1948 5806 multo-

2054 4653 2227 4705 anima
2274 4654 2429 4706 mea?
2457 4654 2585 4719 Quae
2633 4652 2802 4721 ﬁgura
2845 4653 3040 4706 dicitur
3081 4655 3424 4720 anastroplie,
3477 4652 3528 4706 id
3565 4665 3659 4710 est

2053 4744 2354 4798 conversio.
2389 4744 2643 4799 Subditus
2674 4752 2756 4798 est
2797 4744 2978 4814 utique
3010 4744 3120 4798 Deo
3149 4745 3236 4812 qui
3282 4760 3499 4813 semper
3541 4746 3654 4800 hu~

2056 4836 2255 4889 militcr
2301 4845 2462 4906 atque
2504 4845 2723 4890 strenue
2763 4837 2889 4890 illud
2922 4836 3031 4906 agit
3071 4838 3210 4904 quod
3243 4838 3307 4891 ad
3340 4838 3458 4905 ejus
3491 4854 3659 4895 mau-

2054 4925 2179 4980 data
2205 4929 2513 4997 cognoverit
2540 4928 2824 4995 pertinere.
2851 4927 2908 4981 In
2936 4928 3057 4995 ipso
3088 4927 3403 4990 delectatur,
3438 4929 3491 4983 in
3526 4930 3658 5001 ipso

2053 5017 2312 5085 reﬁcitur,
2348 5028 2401 5072 et
2432 5027 2625 5086 praeter
2654 5032 2773 5072 eum
2804 5018 2938 5071 niliil
2980 5016 3123 5071 aliud
3152 5032 3304 5071 mens
3331 5018 3653 5075 beatissima

2055 5110 2405 5177 concupiscit.
2454 5108 2567 5161 Erit
2614 5110 2875 5163 inlinitum
2925 5119 3131 5177 tempus
3178 5108 3464 5178 signiﬁcat,
3497 5111 3651 5179 quod

2056 5203 2205 5257 nullo
2241 5203 2345 5257 ﬁne
2390 5202 2742 5257 claudendum
2795 5211 2896 5257 est.
2938 5202 3191 5271 Sequitur
3240 5217 3396 5255 causa
3452 5200 3655 5268 justis-

2062 5296 2219 5355 sima,
2261 5308 2426 5363 quare
2478 5291 2584 5345 Deo
2624 5293 2765 5347 Patri
2814 5294 3016 5347 subdita
3047 5294 3111 5346 sit
3158 5293 3329 5345 anima
3354 5289 3523 5345 beati.
3558 5293 3657 5347 Di-

2058 5384 2423 5451 citautem,ab
2454 5386 2565 5455 ipso
2593 5386 2727 5438 enim
2762 5385 2989 5440 salutare
3015 5402 3215 5449 meum;
3240 5385 3289 5438 id
3319 5391 3424 5449 est,
3451 5386 3660 5455 unige-

2059 5478 2201 5529 nitus
2243 5474 2430 5542 Filius,
2470 5475 2560 5545 qui
2591 5486 2733 5531 recte
2778 5477 3120 5531 credentibus
3161 5475 3400 5529 salutaris
3429 5476 3653 5529 existit-

2052 5569 2127 5622 Ab
2165 5570 2279 5634 ipso
2319 5570 2452 5623 enim
2493 5586 2614 5625 cum
2660 5569 2875 5633 dicitur,
2924 5568 3091 5623 Filius
3120 5567 3473 5638 signiﬁcatur.
3518 5567 3663 5623 Hm:

2052 5664 2194 5717 enim
2227 5664 2439 5732 propria
2470 5679 2608 5719 unus
2638 5664 2777 5719 Deus
2809 5670 2993 5717 sancta
3022 5662 3255 5717 Trinitas
3281 5660 3463 5728 habet,
3496 5660 3665 5731 quod

2055 5752 2213 5807 Pater
2258 5753 2548 5823 ingenitus,
2597 5753 2760 5810 Filius
2799 5751 3032 5826 genitus,
3065 5751 3293 5823 Spiritus
3340 5757 3566 5808 sanctus
3608 5770 3657 5810 ει
