3956 6178
267 395 365 448 ἇίὶῖ)

1211 384 1565 447 EXPOSlTIO
1603 381 1667 442 ιδ
1710 382 2168 441 PSALTERIUM.
2213 383 2401 438 l’SAL.
2445 382 2578 437 LXI.

3431 387 3536 441 430

265 516 419 569 1ἰιιιε
448 525 500 567 et
531 511 668 566 Filio
691 507 954 580 procedit.
975 509 1084 563 lloc
1113 508 1244 563 fides
1275 510 1501 576 integra,
1533 506 1631 560 hoc
1657 504 1842 558 cathn-
1873 505 1920 561 Α
1951 498 2194 566 pulsione
2233 507 2561 568 quassatum.
2603 496 2709 552 Sed
2754 495 2869 552 i'stze
2910 499 3342 568 comparationes
3373 505 3536 575 205

256 606 363 660 lica
413 603 694 670 profitetur
737 601 999 655 Ecclesia.
1034 601 1174 654 Bene
1228 601 1408 669 itaque
1459 596 1693 649 Idithum
1739 595 1848 648 Deo

263 696 540 750 subditum
566 703 620 748 te
648 707 768 748 esse
796 692 1082 760 proﬁteris,
1105 707 1132 743 a
1156 707 1261 760 quo
1291 691 1378 744 ina
1395 689 1663 744 stimabnle
1686 688 1846 742 bene-

264 792 442 842 ficium
478 797 530 840 te
551 785 850 854 suscepisse
875 783 1227 838 testaris.Sed
1256 791 1312 836 ut
1341 790 1582 836 Sanctum
1618 780 1846 833 Verbum

265 897 372 935 una
403 890 568 949 atque
599 878 846 946 aequabili
878 877 1003 950 [ms.
1029 878 1118 943 A.,
1151 873 1362 946 azquali]
1394 874 1738 929 veneratione
1767 888 1851 927 co-

265 973 493 1038 leretur,
520 971 741 1024 intende
768 968 901 1036 quid
924 969 1185 1036 sequitur.
1723 992 1801 1038 ιν

340 1062 497 1116 Vers.
531 1061 586 1114 2.
621 1055 823 1113 Etenim
870 1062 979 1128 ipse
1027 1067 1100 1113 est
1155 1059 1288 1112 Deus
1335 1073 1473 1110 meus
1513 1065 1561 1109 et
1608 1054 1850 1108 salutaris

264 1168 443 1216 metu;
471 1152 688 1222 adjutor
709 1167 865 1211 meus,
891 1163 992 1202 non
1014 1149 1244 1202 movebar
1263 1149 1502 1219 amplius.
1523 1147 1736 1199 Dixerat
1757 1160 1848 1199 su—

266 1245 452 1311 perius
479 1257 508 1294 a
554 1242 709 1295 Patre
748 1243 986 1310 genitum
1025 1237 1213 1294 salutis
1242 1249 1537 1301 auctorem,
1572 1251 1714 1291 nunc
1763 1237 1850 1303 qui

264 1337 336 1388 sit
392 1335 499 1388 iste
545 1335 796 1388 salutaris
857 1335 994 1386 trina
1053 1332 1391 1387 Confessione
1454 1330 1851 1399 complectitur.

266 1426 450 1478 l’rimo
497 1439 567 1478 ne
617 1425 878 1478 minorem
921 1425 1169 1478 crederes
1217 1425 1387 1478 dicit:
1438 1422 1559 1493 Ipse
1601 1433 1672 1476 cst
1720 1423 1853 1475 Deus

267 1534 438 1580 meus;
471 1517 614 1571 sicut
645 1533 803 1584 supra
848 1516 914 1571 de
964 1520 1118 1571 l'atre
1172 1520 1331 1572 ltcmn
1375 1517 1524 1571 dicit.
1555 1517 1876 1584 [Equalitas

265 1607 406 1661 enim
441 1607 641 1660 summi
671 1608 905 1661 nominis
934 1607 1285 1660 substantiam
1315 1615 1370 1660 et
1408 1611 1697 1676 potentiam
1740 1606 1858 1660 uni-

267 1701 390 1751 tatis
409 1697 838 1751 ostendit.Unde
863 1698 1022 1752 Pater
1054 1699 1378 1768 Augustinus
1408 1699 1458 1750 in
1483 1697 1617 1750 libro
1647 1696 1856 1750 decium

266 1789 456 1856 quinto
501 1787 572 1842 de
607 1787 870 1842 Trinitate
905 1786 1074 1859 (Cap.
1110 1790 1164 1855 5,
1200 1799 1315 1841 ante
1359 1787 1533 1857 med.)
1567 1788 1638 1841 ita
1679 1787 1807 1840 dicit
1841 1808 1851 1838 :

1948 589 2093 644 illum
2126 589 2282 643 nobis
2312 604 2528 644 sensum
2554 589 2790 644 indicare
2821 598 3131 644 noscuntur.
3167 590 3368 646 Putatis
3394 593 3536 647 inse-

1948 690 2164 734 cutores
2210 680 2454 749 sacrilegi
2500 680 2863 734 Christianum
2895 681 3148 749 populum
3191 680 3531 738 defensorem

1952 772 2318 828 ﬁrmissimum
2348 789 2455 828 non
2483 773 2700 837 habere,
2732 788 2890 842 quem
2921 773 2998 827 sic
3024 774 3224 842 passim
3251 773 3412 845 impia
3441 790 3538 830 vo-

1952 864 2157 919 luntate
2187 864 2503 918 trucidatis?

2023 955 2178 1010 Vers.
2210 956 2262 1009 4.
2305 953 2664 1008 Verumtamen
2691 954 2934 1008 honorem
2977 971 3144 1008 meum
3184 957 3548 1028 cogitaverunt,

1951 1046 2223 1111 repellere,
2249 1045 2456 1097 cucurri
2484 1046 2535 1097 in
2559 1047 2646 1098 siti
2665 1061 2683 1107 ;
2705 1062 2789 1098 ore
2807 1061 2899 1098 suo
2920 1045 3299 1112 benedicebaut,
3319 1055 3367 1100 et
3379 1047 3539 1100 corde

1953 1153 2044 1189 suo
2075 1135 2466 1189 maledicebant.
2508 1133 2764 1203 Superior
2791 1151 2978 1189 versus
3025 1136 3241 1206 respicit
3271 1137 3337 1190 ad
3375 1153 3538 1207 paga-

1955 1241 2075 1290 nos,
2106 1228 2207 1281 iste
2239 1237 2419 1280 autem
2448 1227 2512 1280 ad
2541 1227 2751 1280 Judaeos
2775 1236 2825 1281 et
2851 1227 3000 1281 ﬁctos
3029 1228 3260 1295 pertinet
3283 1227 3541 1284 Christia-

1958 1331 2073 1369 nos.
2093 1315 2304 1369 Duobus
2322 1317 2463 1369 enim
2491 1314 2660 1369 modis
2689 1315 2895 1369 laborat
2916 1317 3172 1384 Ecclesia,
3190 1319 3302 1372 sive
3328 1319 3540 1386 quando

1956 1424 2073 1463 eam
2114 1409 2329 1476 gentilis
2365 1423 2517 1461 error
2559 1408 2878 1476 insequitur,
2909 1409 3022 1463 sive
3051 1411 3265 1478 quando
3304 1412 3539 1465 haeretici

1959 1514 2115 1568 prava
2148 1499 2493 1551 contentione
2519 1498 2836 1552 dilacerant.
2872 1498 3054 1553 Honor
3083 1509 3199 1554 erat
3235 1501 3407 1555 sancti
3438 1500 3542 1558 viri

1958 1589 2215 1644 catholica
2232 1600 2283 1644 et
2306 1589 2474 1641 ﬁdelis
2503 1589 2759 1653 Ecclesia,
2779 1590 3022 1644 Christus
3039 1591 3153 1660 ipse
3177 1593 3263 1660 qui
3283 1592 3543 1649 membris

1959 1684 2068 1734 suis
2094 1690 2148 1733 et
2173 1690 2334 1748 caput
2361 1689 2414 1734 et
2445 1680 2674 1748 dignitas
2700 1691 2800 1734 est.
2832 1681 2981 1734 Hunc
3015 1682 3257 1736 inﬁdeles
3300 1685 3545 1754 repellere
3593 1718 3602 1726 -

1961 1771 2287 1839 cogitabant,
2321 1769 2555 1840 quando,
2588 1785 2654 1822 ne
2688 1785 2818 1837 puro
2847 1772 3008 1825 corde
3039 1773 3327 1838 coleretur,
3373 1775 3544 1828 sacri-

268 1879 498 1933 Baﬁone
534 1878 695 1932 etiam
730 1878 936 1932 reddila
986 1878 1425 1948 “negligentibus,
1449 1878 1655 1931 chrum
1693 1883 1777 1929 εει
1805 1876 1854 1928 in
1893 1875 1934 1931 Β
1965 1864 2094 1932 legis
2116 1863 2456 1932 dogmatdius
2479 1861 2950 1917 obviahantflunc
2982 1879 3197 1918 sanctis
3227 1867 3306 1918 vir
3328 1880 3543 1919 cursum

265 1972 574 2024 substantia
622 1969 884 2034 veritatis,
930 1986 1035 2023 non
1084 1971 1256 2024 solum
1305 1969 1520 2022 Patrem
1571 1967 1709 2021 Filio
1751 1984 1854 2020 "(Li

266 2076 382 2116 esse
416 2060 706 2130 majorem,
730 2062 823 2116 sed
857 2078 954 2116 nec
983 2062 1168 2117 ambos
1193 2063 1351 2116 simul
1377 2060 1578 2130 aliquid
1603 2075 1726 2115 esse
1749 2075 1858 2113 ma-

263 2152 345 2218 jus
386 2167 558 2221 quam
604 2154 780 2207 solum
829 2153 1086 2223 Spiritum
1140 2163 1419 2221 sanctum;
1449 2163 1541 2208 aut
1592 2153 1861 2222 quoslibet

267 2243 400 2297 duos
451 2243 505 2297 in
556 2245 745 2298 eadem
777 2245 1034 2301 'l‘rinitate
1077 2245 1252 2316 majus
1296 2262 1415 2302 esse
1457 2247 1653 2318 aliquid
1701 2263 1858 2315 quam

266 2347 466 2396 otium;
517 2340 614 2385 aut
653 2348 840 2388 omnes
887 2335 1044 2389 simul
1097 2343 1206 2390 tres
1261 2336 1433 2405 majus
1491 2336 1690 2406 aliquid
1739 2351 1860 2391 esse

266 2441 426 2494 quam
461 2425 726 2494 singulos.
753 2425 842 2480 Sic
875 2427 1162 2494 perfectam
1194 2436 1358 2496 atque
1383 2427 1712 2498 singularem
1759 2443 1858 2483 na-

267 2530 442 2574 turam
471 2527 675 2573 sancta:
705 2518 984 2574 Trinitatis
1009 2520 1238 2574 mirabili
1266 2521 1494 2577 veritate
1522 2529 1858 2576 monstrnt.

268 2613 488 2682 Repetit
529 2613 774 2667 salutaris
802 2631 941 2668 meus
970 2631 990 2668 :
1017 2616 1162 2669 salus
1204 2616 1347 2671 enim
1394 2615 1610 2670 humani
1649 2617 1860 2687 generis

266 2720 383 2772 qua:
407 2705 463 2757 in
489 2703 662 2757 Adam
690 2705 1322 2777 perierat,redintegrata
1346 2720 1430 2764 est
1453 2725 1548 2778 per
1573 2709 1858 2764 Dominum

263 2793 569 2849 Christum.
617 2795 894 2865 Sequitur,
937 2797 1148 2868 adjutor
1192 2815 1381 2853 meus:
1416 2800 1537 2869 quia
1582 2801 1632 2852 in
1674 2801 1858 2854 mundi

265 2891 424 2944 istius
476 2889 974 2943 concertationibus
1022 2891 1298 2959 implicata
1340 2893 1486 2946 solus
1536 2891 1858 2962 adiutorium

264 2981 519 3050 pra-stitit
540 3023 554 3044 ,
585 2987 642 3033 ut
671 2981 855 3034 mundi
878 2982 1002 3035 vitia
1035 2983 1422 3038 transcendere
1446 2986 1723 3052 potuisset.
1743 2983 1863 3036 Non

264 3075 506 3126 movebar
523 3072 769 3142 amplius,
787 3088 891 3127 non
918 3074 1144 3141 superba
1169 3073 1430 3142 professio
1459 3083 1560 3129 est.
1578 3074 1694 3128 Non
1711 3075 1855 3129 enim

261 3166 458 3219 natatu-ri
482 3175 704 3234 poterat,
725 3165 876 3234 cujus
909 3168 1049 3221 Deus
1080 3175 1135 3221 et
1160 3166 1414 3221 salutaris
1431 3174 1485 3221 ct
1514 3165 1728 3234 adiutor
1747 3174 1863 3220 erat

1964 1956 2084 2008 vitae
2115 1971 2224 2007 suze
2263 1956 2311 2007 in
2344 1957 2455 2007 sitis
2484 1955 2764 2008 sterilitate
2809 1961 3114 2027 peragebat,
3153 1959 3272 2026 quia
3309 1959 3546 2013 invenire

1964 2062 2067 2100 non
2102 2056 2309 2115 poterat
2339 2062 2495 2114 quem
2520 2055 2749 2114 potaret.
2778 2047 2886 2100 lloc
2908 2051 3050 2101 cuius
3081 2050 3191 2102 sitis
3221 2051 3346 2118 agit,
3379 2063 3432 2104 ut
3464 2053 3544 2103 lod

1962 2141 2035 2191 r's
2077 2141 2305 2208 positmn
2340 2140 2617 2193 humorem
2650 2137 2921 2194 desideret
2951 2141 3001 2193 in
3043 2158 3136 2195 sua
3170 2143 3409 2196 membra
3441 2153 3547 2196 tra-

1956 2230 2143 2295 jicere.
2176 2229 2302 2282 Inde
2333 2241 2415 2284 est
2446 2230 2570 2284 itlud
2603 2231 2993 2301 evangelicu-u,
3029 2233 3161 2288 Sitio
3206 2233 3401 2305 (Joan.
3431 2252 3544 2301 six,

1961 2319 2086 2388 ‘28);
2135 2318 2345 2384 Mulier,
2370 2320 2436 2373 da
2467 2321 2592 2374 mihi
2621 2322 2783 2375 bibere
2812 2320 2992 2390 (Joan.
3025 2340 3096 2391 Iv,
3125 2327 3223 2394 7);
3251 2342 3353 2379 non
3386 2337 3444 2381 ut
3479 2330 3548 2383 ab

1964 2411 2049 2465 illa
2073 2426 2266 2480 aquam
2299 2414 2668 2468 tantummodo
2700 2419 2995 2485 perciperet
3028 2418 3332 2486 postulavit,
3368 2419 3463 2474 sed
3492 2427 3550 2474 ut

1961 2503 2010 2558 ei
2039 2504 2397 2572 fidei-petum,
2430 2521 2534 2575 quo
2558 2506 2669 2573 ipsa
2703 2509 3008 2564 satiaretur.
3036 2508 3322 2576 ingereret.
3361 2510 3550 2580 Sequi-

1965 2604 2051 2648 tur
2071 2597 2231 2648 etiam
2270 2610 2432 2649 causa
2460 2597 2590 2660 sitis,
2627 2613 2712 2650 ore
2744 2615 2838 2650 suo
2868 2599 3246 2654 benedicebanl.
3267 2601 3417 2667 Quod
3446 2603 3548 2656 illis

1963 2685 2156 2740 accidit
2177 2687 2264 2756 qui
2284 2687 2452 2756 legem
2483 2687 2687 2741 Domini
2708 2691 2751 2742 fa
2779 2688 2878 2742 laci
2905 2691 3251 2747 meditatione
3279 2706 3549 2761 pertrans-

1963 2790 2114 2843 ennt,
2153 2787 2208 2831 et
2267 2795 2372 2832 non
2419 2779 2520 2831 hoc
2561 2779 2810 2846 operibus
2860 2782 3228 2835 demesstrant
3272 2784 3412 2852 quod
3455 2800 3549 2840 ore

1965 2868 2329 2936 pronuntiant.
2361 2868 2612 2922 Additum
2645 2879 2745 2932 est,
2778 2879 2823 2923 et
2849 2870 3003 2922 corde
3037 2889 3127 2924 suo
3159 2875 3544 2933 maledicebant.

1963 2955 2128 3011 Corde
2154 2959 2295 3012 enim
2328 2958 2639 3012 maledicunt
2680 2959 2766 3027 qui
2815 2969 3026 3014 sanctas
3071 2961 3377 3032 Scripturas
3419 2966 3545 3020 vitio

1966 3063 2233 3118 perversa:
2264 3050 2518 3102 novitatis
2548 3050 2870 3118 intelligunt.

2063 3141 2217 3195 V'ers.
2269 3143 2324 3196 5.
2383 3141 2738 3196 Verumtamen
2799 3141 2910 3197 Deo
2961 3143 3167 3199 subdita
3217 3148 3314 3202 erit
3382 3150 3553 3202 anima

265 3254 538 3308 Dominus
580 3253 848 3308 Christus.
878 3253 993 3321 Quo
1025 3255 1144 3308 loco
1176 3254 1393 3324 ﬁguram
1427 3271 1707 3324 possumus
1748 3255 1859 3308 for-

1969 3248 2099 3298 mea,
2129 3234 2366 3302 quoniam
2388 3234 2453 3286 ab
2494 3235 2607 3303 ipso
2629 3244 2702 3288 est
2725 3236 2969 3304 patientia
3001 3254 3133 3293 mea.
3163 3237 3288 3293 Post
3317 3237 3543 3307 diapsal-

262 3349 429 3401 tassis
486 3345 774 3399 advertere
819 3361 936 3414 qure
990 3345 1188 3400 dicitur
1229 3345 1632 3414 epidiortliosis,
1680 3345 1868 3399 Latine

262 3439 573 3505 superioris
606 3435 680 3489 rei
712 3437 995 3490 correctio.
1030 3435 1158 3490 Nam
1193 3436 1336 3508 quod
1372 3437 1590 3506 adjecit,
1621 3437 1864 3506 amplius,

260 3531 543 3599 signiﬁcat
589 3528 872 3593 aliquando
921 3543 980 3582 se
1026 3536 1250 3582 motum.
1285 3529 1407 3584 Fuit
1456 3530 1599 3584 enim
1653 3537 1866 3595 tempus

261 3619 488 3683 quando
519 3617 628 3670 iste
671 3614 901 3668 Iditltum
945 3625 1308 3685 praegravatus
1349 3617 1530 3670 carnis
1582 3615 1866 3670 inibat-illi-

261 3717 372 3760 tate
404 3707 663 3760 titubavit
691 3723 706 3759 :
731 3707 822 3761 sed
850 3717 1128 3776 postquam
1159 3707 1270 3762 veri
1300 3707 1565 3777 dogmatis
1598 3707 1871 3761 illumina-

261 3799 414 3850 tione
447 3797 752 3866 completus
776 3809 877 3862 est,
901 3799 1090 3851 moveri
1122 3813 1225 3852 non
1249 3807 1479 3868 poterat,
1508 3800 1618 3869 qui,
1645 3799 1864 3868 juvanle

262 3887 526 3952 Domino,
563 3889 686 3944 ﬁdei
719 3890 971 3945 ﬁrmitate
993 3891 1298 3947 constabat.

339 3981 494 4035 Vers.
526 3981 584 4035 3.
613 3981 887 4050 Quousque
936 3982 1135 4036 iri-uitis
1183 3982 1236 4034 in
1286 3983 1534 4047 homines,
1584 3983 1868 4050 inter/icitis

257 4075 539 4127 srnirersos
565 4115 582 4138 ,
613 4082 854 4141 tanquam
903 4074 1085 4141 parieti
1123 4074 1365 4126 inclinato
1404 4083 1452 4126 et
1495 4076 1726 4126 maceria:
1771 4076 1868 4128 im-

257 4165 476 4233 pulsa-1’
530 4165 816 4232 Postquam
867 4164 1024 4217 ﬁdem
1080 4179 1230 4218 suam
1295 4165 1430 4218 trina
1486 4164 1865 4234 praedicatione

258 4256 538 4323 vulgavit,
569 4255 634 4307 ad
678 4265 1053 4322 persecutores
1090 4255 1516 4310 Christianorum
1558 4257 1716 4309 verba
1740 4271 1868 4310 enn-

255 4353 454 4398 vertit.
492 4343 633 4396 Dicit
656 4345 796 4397 enim
823 4363 834 4396 :
867 4345 1111 4411 Quandiu
1156 4346 1366 4414 agmine
1393 4345 1536 4398 facto
1567 4363 1722 4415 supra
1774 4347 1864 4399 ho-

255 4437 451 4490 mines
495 4436 812 4490 innocentes
851 4437 1088 4489 irruitis?
1139 4437 1252 4489 Non
1297 4451 1392 4490 vos
1446 4448 1659 4490 revocat
1711 4438 1868 4490 timor

249 4527 522 4591 divinus,
554 4536 614 4578 ut
655 4526 778 4579 inde
832 4526 998 4593 magis
1029 4528 1280 4591 saeviatis,
1315 4527 1437 4595 quia
1477 4527 1710 4580 culturas
1758 4528 1865 4579 da:-

1970 3323 2128 3376 matis
2181 3323 2578 3389 pausationem,
2632 3325 2777 3378 venit
2845 3321 3079 3376 lilii/tum
3136 3325 3200 3379 ad
3259 3326 3551 3381 secundum

1970 3414 2268 3469 membrum
2321 3416 2544 3484 psalmi,
2596 3415 2788 3469 similia
2846 3427 3095 3481 repetens
3141 3433 3260 3487 qua:
3307 3421 3554 3488 superius

1969 3504 2122 3574 dixit,
2154 3507 2380 3558 animam
2408 3522 2558 3560 suam
2605 3506 2712 3561 Deo
2751 3523 2857 3561 esse
2897 3508 3209 3579 subjectum;
3240 3518 3294 3562 ut
3326 3511 3436 3577 ipsa
3471 3528 3553 3565 re-

1970 3594 2155 3662 petitio
2183 3595 2348 3648 menti
2379 3605 2575 3649 nostrae
2607 3595 2770 3649 robur
2796 3597 3133 3651 credulitatis
3157 3597 3418 3668 inﬁgeret.
3446 3594 3550 3654 Sed

1971 3687 2109 3740 istud
2143 3687 2449 3757 diligentius
2491 3699 2908 3756 persrrmemur,
2943 3689 3065 3757 quia
3110 3705 3269 3745 causa
3312 3695 3553 3760 gratula-

1971 3782 2155 3848 tioiiis,
2189 3793 2444 3850 quantum
2476 3783 2540 3834 ad
2571 3784 2755 3850 verba,
2787 3798 2890 3837 neu
2920 3785 3130 3837 videtur
3158 3799 3279 3838 esse
3305 3788 3554 3840 consimi-

1969 3874 2056 3928 lis.
2083 3874 2159 3928 Ibi
2205 3877 2346 3929 enim
2376 3875 2529 3942 dicit,
2561 3885 2624 3927 ab
2665 3878 2777 3943 ipso
2821 3876 3044 3928 salutare
3092 3893 3298 3941 meum;
3331 3879 3415 3932 hic
3456 3878 3551 3940 ait,

1967 3969 2210 4038 quoniam
2249 3967 2312 4020 ab
2336 3969 2447 4036 ipso
2482 3969 2729 4036 patientia
2763 3985 2892 4021 mea.
2926 3969 3029 4022 Sed
3074 3969 3203 4025 licet
3223 3972 3343 4024 aliis
3373 3972 3552 4026 verbis

1969 4061 2200 4126 dicatur,
2227 4078 2386 4115 unum
2416 4072 2589 4114 tamen
2623 4077 2744 4116 esse
2784 4063 3131 4131 intelligimus
3164 4065 3207 4117 si
3238 4066 3397 4119 altius
3428 4082 3551 4135 per-

1968 4165 2289 4207 scrutemur.
2321 4154 2584 4208 Patientia
2621 4157 2818 4223 quippe
2849 4166 3028 4208 uostra
3061 4156 3308 4211 Christus
3335 4166 3417 4212 est
3450 4156 3554 4212 Do-

1971 4246 2166 4310 minus,
2211 4253 2428 4314 propter
2475 4261 2632 4313 quem
2663 4256 2712 4301 et
2759 4246 2982 4301 adversa
3029 4246 3258 4304 libenter
3299 4250 3551 4319 patimur,

1969 4345 2022 4390 et
2044 4347 2310 4404 susceptm
2340 4336 2535 4407 regula:
2563 4336 2941 4391 observatione
2967 4338 3281 4406 gaudemus.
3299 4341 3390 4395 Sic
3410 4343 3551 4395 enim

1968 4429 2098 4481 etin
2131 4427 2526 4499 septuagesimo
2557 4429 2764 4496 psalmo
2803 4439 3048 4482 cantatur
3080 4448 3092 4482 :
3128 4431 3381 4495 Quoniam
3407 4442 3461 4484 tu
3503 4449 3555 4486 es

1970 4521 2213 4589 patientia
2263 4538 2396 4585 mea,
2435 4521 2650 4574 Domine
2677 4519 2845 4589 (I’snl.
2883 4537 3004 4586 Lxx,
3032 4524 3108 4586 5).
3144 4523 3271 4574 Nam
3304 4533 3360 4576 ut
3397 4540 3551 4578 eritn-

254 4633 496 4671 nmnum
547 4624 885 4685 contemptas
925 4631 1046 4670 esse
1095 4617 1444 4686 eogttoscitis.
1484 4616 1546 4669 Et
1600 4633 1665 4670 ne
1716 4631 1866 4684 puta-
1901 4618 1948 4677 ι)
1973 4612 2092 4665 dem
2126 4614 2177 4665 in
2209 4613 2307 4665 hoc
2336 4625 2582 4667 sermone
2605 4628 2820 4665 sensum
2853 4615 3026 4678 possis
3054 4614 3554 4684 advertere,aperte

249 4728 346 4765 res
407 4708 846 4778 persecutionem
894 4711 1047 4763 istam
1090 4721 1180 4763 aut
1211 4710 1540 4764 nuditatibns
1590 4712 1724 4774 ﬁeri,
1776 4723 1866 4764 aut

247 4803 560 4855 tormentis
595 4801 806 4854 levibus
849 4802 1072 4869 actitari,
1105 4802 1327 4863 addidit.
1357 4803 1638 4869 inter/icitis
1667 4808 1864 4855 ωιύττ-

242 4914 374 4958 sos,
420 4907 481 4946 ut
511 4909 680 4962 usque
712 4893 776 4945 ad
806 4903 1029 4947 mortem
1065 4895 1434 4962 perducerent,
1467 4910 1602 4962 quos
1636 4895 1740 4947 lleo
1775 4895 1866 4944 de-

243 4987 410 5037 duos
445 4998 568 5038 esse
610 4987 895 5037 sentirent.
930 4983 1201 5038 Universos
1229 4994 1428 5052 autem,
1463 4985 1680 5038 devotos
1711 4985 1866 5038 intel-

243 5079 440 5147 ligere
473 5076 753 5130 debemus.
768 5076 1074 5146 Sequuntur
1104 5077 1391 5148 aptissima:
1415 5078 1860 5146 comparationes.

241 5165 551 5234 Tanquam
599 5167 780 5231 parieti
824 5166 1088 5232 inclinato,
1137 5167 1227 5236 qui
1270 5169 1370 5221 etsi
1420 5181 1524 5221 non
1565 5167 1870 5235 impellatur

239 5256 588 5312 occumbit:
613 5257 735 5325 quia
762 5258 812 5310 in
841 5272 1024 5312 casum
1051 5259 1224 5328 vergit
1252 5258 1508 5328 quidquid
1539 5273 1568 5311 a
1599 5258 1865 5312 soliditate

241 5368 354 5404 sua
413 5349 585 5404 Interit
615 5351 951 5405 inclinatum.
984 5351 1218 5418 Addidit,
1246 5362 1293 5403 et
1331 5352 1566 5405 maceria:
1608 5350 1862 5420 impulsis.

241 5443 516 5498 fuerit:
567 5453 651 5497 est
694 5457 945 5498 saxorum
1000 5443 1140 5497 sicca
1185 5441 1538 5508 constructio,
1579 5457 1698 5511 qum
1750 5444 1866 5497 sine

241 5538 460 5605 alian
484 5533 732 5602 ligamine
757 5534 1100 5602 impensmﬁn
1129 5537 1296 5590 altum
1322 5535 1476 5589 ducta
1506 5534 1862 5601 componitur.

237 5628 316 5684 ει
349 5643 439 5680 ne
477 5625 542 5680 de
568 5641 684 5693 Ipsa
713 5627 948 5680 novitate
978 5628 1176 5683 habere
1205 5644 1321 5682 eam
1353 5629 1601 5682 Crederes
1631 5627 1864 5695 aliquam

235 5718 612 5781 ﬁrmitatem,
640 5716 800 5781 dixit,
827 5717 1082 5786 impulsio,
1109 5729 1163 5772 ut
1191 5719 1344 5775 facile
1367 5719 1432 5774 ad
1467 5718 1634 5783 imum
1677 5729 1869 5785 verge-

233 5823 336 5870 ret
373 5809 539 5881 quod
557 5817 647 5864 aut
665 5819 945 5881 ventorum
973 5810 1204 5880 natibus,
1233 5820 1323 5867 aut
1344 5812 1518 5882 aliqua
1559 5809 1726 5862 fuerat
1762 5808 1865 5860 im.

1973 4705 2249 4772 sequentia
2283 4705 2557 4758 declarare
2589 4717 2910 4758 nosCuutur.

2048 4805 2194 4858 Vers.
2235 4804 2287 4859 ϐ.
2322 4803 2522 4858 Etenim
2566 4805 2673 4872 ipse
2719 4816 2789 4859 est
2831 4803 2968 4859 Deus
3008 4823 3166 4873 meus,
3219 4815 3264 4860 et
3312 4807 3554 4861 salutaris

1974 4914 2145 4963 meus;
2175 4899 2381 4966 adjutor
2410 4912 2573 4962 meus,
2604 4913 2704 4950 non
2744 4897 3020 4966 emigrabo.
3066 4896 3128 4949 In
3179 4896 3286 4949 Deo
3329 4897 3553 4950 salutare

1973 5003 2138 5040 meum
2165 4996 2210 5039 et
2233 4987 2396 5056 gloria
2425 5003 2575 5049 mea;
2611 4986 2747 5040 Deus
2785 4988 2968 5040 auxilii
2998 4989 3115 5052 mei,
3145 4997 3191 5041 et
3219 5003 3331 5056 spes
3360 5003 3467 5040 utea
3501 4989 3552 5040 in

1974 5078 2080 5130 Deo
2103 5086 2195 5130 est.
2226 5077 2279 5130 In
2309 5076 2391 5130 his
2421 5077 2628 5132 duobus
2653 5079 2898 5133 versibus
2921 5076 3167 5133 Christus
3196 5079 3447 5132 Dominus
3470 5079 3551 5132 in-

1970 5170 2197 5232 dlcatur,
2221 5167 2288 5223 de
2310 5183 2416 5236 quo
2446 5170 2694 5237 superius
2723 5169 2876 5232 dixit,
2908 5168 3153 5237 patientia
3177 5185 3309 5223 mea.
3341 5167 3401 5223 Et
3426 5181 3546 5224 tan-

1967 5273 2127 5328 quam
2167 5261 2214 5314 si
2256 5259 2304 5313 ei
2340 5258 2607 5314 diceretur
2639 5275 2654 5310 :
2686 5257 2816 5326 Quis
2860 5269 2947 5314 est
2983 5259 3086 5315 iste
3124 5259 3376 5329 patientia
3421 5261 3550 5313 tua?

1969 5351 2246 5422 respondit
2277 5369 2291 5405 :
2324 5351 2446 5420 Ipse
2490 5361 2564 5405 est
2610 5347 2750 5405 Deus
2783 5366 2946 5413 meus.
2974 5363 3020 5405 et
3066 5355 3311 5408 salutaris
3360 5371 3502 5407 meus
3530 5368 3550 5409 :

1971 5442 2092 5509 quia
2118 5455 2302 5495 revera
2326 5439 2518 5495 anima:
2546 5456 2656 5496 suae
2695 5441 2920 5496 salutem
2945 5441 3054 5510 jam
3096 5453 3224 5496 tunc
3253 5459 3346 5512 per
3375 5445 3547 5498 incar-

1973 5532 2204 5587 nandum
2234 5530 2467 5585 Verbum
2498 5531 2784 5598 provenire
2825 5533 3100 5585 noscebat.
3129 5532 3367 5596 Addidit,
3398 5536 3544 5604 adju-

1976 5633 2054 5678 tor
2079 5640 2220 5678 meus
2248 5639 2268 5678 :
2297 5639 2364 5678 ne
2401 5625 2515 5678 suis
2540 5625 2830 5695 applicaret
2860 5624 3145 5679 virtutibus
3179 5627 3317 5696 quod
3358 5629 3546 5681 evasit.

1975 5715 2248 5784 Sequitur,
2282 5730 2382 5767 non
2426 5715 2702 5786 emigrabo,
2733 5717 2935 5770 scilicet
2976 5715 3045 5770 de
3094 5718 3191 5771 hac
3231 5717 3551 5771 credulitate

1975 5825 2131 5880 quam
2163 5818 2316 5864 teneo
2336 5825 2349 5878 ;
2373 5809 2511 5864 sicut
2538 5809 2590 5866 in
2620 5808 2827 5868 decimo
2853 5810 3058 5882 psalmo
3079 5811 3187 5881 jam
3214 5812 3407 5866 dictum
3435 5820 3546 5864 est:
