3956 6178
154 6048 357 6131 ΑΧ

404 345 513 409 Hi

1652 336 1720 390 Μ.
1765 331 2040 390 AURELII
2080 330 2476 388 CASSIODORI

3552 344 3640 397 ιδδξ

410 470 471 526 1η
517 467 731 521 Domino
776 462 978 523 conﬁdo
1022 474 1038 510 :
1082 454 1337 522 quomodo
1386 450 1554 505 dicitis
1584 450 1767 503 anima:
1816 462 1979 501 mete:
2012 449 2063 506 Α
2090 460 2269 514 pernm
2312 446 2551 500 veritatis
2602 446 2845 512 veniunt,
2878 454 2934 501 ut
2980 445 3099 502 vani
3147 448 3513 505 rationabiliter
3539 470 3645 511 esse

407 562 736 627 Transm’gra
768 557 819 607 in
842 560 1059 603 montem
1088 548 1216 599 sicut
1243 560 1417 612 passer
1444 540 1612 613 (Psnl.
1648 556 1700 605 κ,
1731 537 1821 609 9.)?
1843 537 1990 603 Qua-

410 662 625 725 propter
674 663 776 701 non
826 659 883 697 se
929 649 1253 693 mutaturum
1300 634 1428 690 dicit
1480 645 1599 685 esse
1644 628 1986 692 sententiam,

409 720 530 815 quia
574 744 673 795 hoc
700 739 798 793 sibi
833 736 961 789 utile
992 735 1316 799 cognoverat
1345 724 1485 795 quod
1517 720 1752 776 tenebat.
1784 720 1992 787 Conge-

410 812 575 893 minat
597 836 648 887 in
682 831 787 885 Deo
808 830 1057 888 salutem,
1084 836 1189 875 non
1222 828 1279 873 ut
1303 816 1541 887 gentium
1574 812 1645 866 dii
1679 815 1988 879 perpetuam

413 938 659 986 mortem.
690 922 900 988 Adiecit
929 917 1115 979 etiam,
1145 924 1190 966 et
1221 912 1385 981 gloria
1425 924 1558 971 utea,
1599 914 1657 959 ut
1687 919 1792 959 non
1819 903 1991 957 solum

411 1026 573 1085 salus,
602 1019 697 1074 sed
718 1016 882 1070 etiam
922 1010 998 1064 illi
1027 1006 1321 1062 credidisse
1355 1000 1421 1054 sit
1452 997 1640 1069 gloria.
1679 995 1835 1049 Ponit
1860 1008 1993 1062 quo-

410 1134 533 1189 que,
562 1112 698 1167 Deus
725 1106 909 1163 auxilii
952 1102 1068 1162 mei,
1102 1114 1169 1154 ne
1192 1097 1296 1151 sibi
1338 1091 1538 1161 aliquid
1572 1090 1799 1143 humana
1830 1086 1997 1154 depu-

411 1177 550 1267 larel
576 1203 873 1260 inﬁrmitas.
896 1197 974 1252 Ad
1006 1201 1331 1264 postremum
1357 1199 1461 1256 quo
1488 1192 1679 1237 cuncta
1702 1177 1995 1233 conclude-

416 1314 516 1368 ret,
541 1301 677 1355 dixit
708 1314 722 1351 :
758 1294 887 1362 Spes
918 1306 1031 1344 mea
1065 1288 1118 1339 in
1147 1284 1250 1338 Deo
1281 1292 1375 1345 est,
1410 1287 1466 1332 ut
1496 1286 1551 1332 et
1582 1274 1673 1329 illa
1706 1270 1995 1343 prwterita,

413 1414 531 1470 quae
556 1397 888 1466 perceperat,
919 1382 1146 1438 Domino
1174 1378 1478 1446 deputaret,
1502 1378 1557 1426 et
1593 1367 1823 1423 futuram
1848 1378 1996 1470 suam

414 1457 798 1550 beatitudinem
829 1486 1044 1535 sanctus
1073 1474 1156 1528 vir
1185 1470 1287 1542 ipsi
1318 1466 1490 1523 modis
1532 1460 1784 1519 omnibus
1829 1457 2001 1528 appli-

414 1594 583 1641 caret.

488 1678 641 1733 Vers.
672 1674 725 1725 7.
759 1668 975 1739 Sperate
1011 1662 1064 1716 in
1107 1675 1220 1713 eum
1242 1696 1256 1718 ,
1288 1651 1449 1706 onmis
1492 1654 1762 1702 conventus
1806 1640 2002 1713 plebis;

414 1769 660 1841 effundite
687 1777 858 1816 coram
886 1756 979 1809 illo
1008 1752 1164 1806 corda
1185 1755 1348 1801 vestra
1380 1759 1397 1795 :
1434 1740 1571 1794 Deus
1598 1738 1812 1841 adjutor
1833 1741 2003 1787 noster

416 1875 507 1920 est.
542 1862 827 1927 Postquam
868 1851 901 1905 li

417 1919 599 2012 versus
626 1919 704 2005 ad.
722 1946 954 2017 plebem,
981 1954 1097 2009 qua:
1129 1933 1275 1987 varia
1302 1925 1738 1997 superstitionum
1773 1919 2005 1972 vanitate

418 2047 725 2109 laborabat,
755 2043 1062 2096 commonet
1092 2041 1147 2085 ut
1179 2041 1330 2095 spem
1359 2036 1507 2078 suam
1546 2019 1770 2073 debeant
1816 2015 1868 2068 in
1899 2013 2005 2065 Do-

420 2142 546 2197 mini
574 2107 769 2191 virtute
799 2138 1080 2198 reponere.
1115 2119 1251 2175 Dicit
1293 2116 1435 2171 enim
1468 2128 1481 2166 :
1513 2111 1728 2180 Sperate
1770 2107 1824 2159 in
1865 2120 2002 2165 eum,

499 2233 650 2287 illum
672 2196 878 2282 scilicet
905 2232 1064 2289 quem
1088 2213 1189 2268 sibi
1230 2219 1281 2265 et
1313 2208 1479 2262 Deum
1519 2202 1791 2271 professus
1837 2196 2008 2250 fuerat

423 2337 473 2383 et
495 2324 752 2382 salutem,
777 2314 863 2369 vel
893 2318 1086 2367 caetera
1117 2318 1236 2375 quas
1263 2308 1386 2355 sunt
1413 2296 1555 2351 dicta
1584 2293 1853 2363 superius.
1886 2290 2011 2341 0m-

418 2379 499 2471 nis
529 2379 802 2469 conventus
830 2402 1010 2476 plebis.
1044 2386 1381 2464 Alloquendo
1412 2387 1620 2457 plebem
1665 2400 1769 2476 non
1812 2379 2010 2446 excipit

422 2514 688 2578 potentes,
722 2473 842 2567 quia
877 2508 991 2548 mos
1035 2496 1119 2544 ext
1146 2484 1439 2553 Scriptura:
1467 2478 1662 2533 divina:
1687 2475 1761 2529 sic
1782 2473 1856 2578 .aid
1890 2487 2013 2542 par-

422 2562 529 2654 iem
559 2562 827 2663 loqui,-ut
872 2597 973 2639 nec
1014 2579 1250 2646 reliquos
1297 2567 1705 2643 prmtermittere
1748 2562 2010 2663 videatur.

424 2651 669 2758 adjecit:
712 2651 958 2747 e/Iundite
1000 2685 1171 2725 coram
1214 2664 1307 2719 illo
1349 2660 1506 2715 corda
1553 2663 1737 2710 vestra.
1764 2651 2013 2758 ‘E/fundit

423 2744 548 2835 ante
578 2744 858 2830 Dominum
890 2781 977 2820 cor
1013 2776 1168 2817 suum
1188 2798 1202 2823 ,
1235 2754 1324 2825 qui
1357 2760 1574 2823 peccata
1602 2762 1697 2802 sua
1728 2744 2013 2799 uberrimis

425 2867 673 2941 lacrymis
699 2862 1001 2918 conlitetur.
1032 2851 1133 2908 Cor
1170 2847 1313 2904 enim
1350 2844 1503 2898 aliter
1542 2837 1742 2894 clTundi
1778 2852 1885 2890 non
1918 2849 2015 2904 po-

374 2998 379 3001 »
425 2928 557 3027 test:
586 2957 683 3012 nisi
729 2948 1064 3009 creberrimo
1116 2941 1289 2996 imbre
1332 2937 1685 2999 lacrymarum
1698 2946 1742 3027 Ξ.
1768 2928 1909 2983 sicut
1961 2928 2015 2980 in

430 3018 841 3121 quadragesimo
870 3040 1043 3109 primo
1072 3033 1279 3105 psalmo
1304 3027 1503 3081 dictum
1534 3032 1617 3078 est
1647 3039 1661 3075 :
1689 3018 1819 3073 Haec
1846 3034 2015 3072 recor-

431 3111 581 3199 datus
603 3111 735 3207 sum,
755 3147 799 3192 et
822 3134 893 3200 επ
895 3132 983 3187 udi
1011 3132 1061 3182 in
1084 3142 1164 3181 me
1184 3124 1409 3178 animam
1429 3114 1778 3187 meam(Psal.
1806 3127 1913 3177 xu,
1932 3111 2010 3181 5).

430 3232 578 3302 Quod
619 3201 757 3284 inter
804 3222 1019 3296 prOpria
1065 3210 1580 3295 Scripturas‘divinte
1611 3222 1716 3260 non
1748 3202 2019 3259 immerito
2050 3201 2092 3261 C

430 3330 825 3392 computamus.

508 3388 656 3470 vers.
690 3412 744 3466 8.
783 3409 1145 3463 Verumtamen
1187 3399 1304 3454 vani
1341 3396 1436 3465 ﬁlii
1468 3393 1762 3457 hominum,
1803 3388 2017 3444 menda-

427 3527 507 3564 ces
535 3507 630 3577 ῇιεί
662 3503 924 3557 hominum
960 3499 1015 3552 in
1044 3493 1246 3549 stateris
1277 3506 1297 3545 :
1329 3498 1380 3543 ut
1408 3487 1665 3556 decipiant
1694 3483 1793 3554 ipsi
1833 3482 1895 3534 de
1924 3496 2013 3533 va-

429 3604 585 3655 nitate
614 3599 665 3651 in
694 3594 939 3664 idipsum.
974 3586 1222 3644 Secundo
1253 3580 1604 3652 diapsalmate
1633 3577 1895 3643 decurso,
1925 3587 2017 3627 ve-

430 3692 508 3747 nit
552 3691 617 3743 ad
666 3685 881 3742 tertium
931 3678 1268 3742 membrum,
1316 3671 1651 3742 exprobrans
1710 3665 2017 3721 hominibus

430 3785 694 3855 nequitias
723 3793 877 3843 suas;
907 3782 1127 3846 propter
1153 3768 1295 3841 quod
1341 3765 1587 3820 salutaris
1624 3760 1783 3832 hujus
1826 3758 2017 3829 psalmi

426 3849 763 3932 sacramenta
816 3867 1029 3936 vulgata
1080 3871 1234 3926 sunt,
1285 3868 1343 3913 ut
1394 3870 1585 3926 pravas
1647 3849 2018 3922 persuasiOnes

428 3982 575 4031 suas,
619 3962 901 4021 emendata
944 3958 997 4013 in
1039 3954 1231 4011 melus
1274 3952 1588 4014 voluntate,
1630 3944 2014 4013 relinquerent.

433 4061 565 4115 Dicit
594 4058 734 4112 enim
763 4051 1082 4109 sententiam
1118 4046 1424 4114 frequenter
1466 4039 1711 4093 iteratam
1752 4051 1766 4087 :
1802 4033 2015 4087 Verum-

428 4163 594 4207 tamen
617 4148 732 4202 vani
762 4145 855 4213 ﬁlii
886 4141 1180 4201 hominum,
1213 4146 1269 4190 ut
1294 4134 1478 4188 vitium
1509 4143 1662 4184 suum
1690 4137 2020 4195 cognoscens

431 4243 753 4301 humanitas,
775 4236 840 4290 ad
863 4243 1138 4288 auctorem
1154 4226 1335 4281 salutis
1348 4234 1507 4292 atque
1530 4218 1771 4275 veritatis
1797 4214 2021 4270 celerri-

432 4350 515 4389 ma
540 4328 929 4399 supplicatione
948 4323 1179 4375 leSIinet.
1199 4318 1284 4373 Sic
1301 4316 1444 4369 enim
1464 4315 1515 4367 in
1537 4308 1813 4380 trigesimo
1833 4316 2019 4362 octavo

432 4423 639 4495 psalmo
682 4419 882 4471 dictum
928 4422 1012 4467 est
1063 4428 1075 4463 :
1138 4409 1497 4462 Verumtamen
1548 4404 1782 4456 universa
1828 4400 2019 4458 vanitas

432 4491 595 4567 omnis
623 4508 773 4562 homo
802 4505 967 4558 vivens
996 4501 1164 4573 (Psa’.
1191 4512 1416 4559 xxxvut,
1441 4496 1520 4563 6).
1541 4494 1691 4560 Quod
1715 4503 1769 4547 et
1794 4491 2021 4561 Sapiens

2093 537 2362 592 dicamur.
2408 538 2512 594 Sed
2564 539 2688 594 huic
2740 540 2817 595 rei
2862 540 3062 595 addidit
3092 540 3272 611 vitium
3314 558 3413 611 quo
3443 546 3651 603 maxime

2096 629 2302 682 laborat
2335 630 2659 684 humanitas.
2694 631 2966 685 Mendaces
3008 632 3107 699 ﬁlii
3140 630 3395 685 hominum
3431 635 3479 687 in
3507 646 3651 692 state-

2094 721 2197 784 ris;
2235 722 2346 774 sive
2378 721 2495 775 illos
2527 723 2735 792 tangit,
2762 722 2850 791 qui
2887 722 3209 789 ponderibus
3258 723 3445 793 iniquis
3485 742 3653 781 emcn~

2097 813 2224 866 tin,n
2253 813 2528 882 decipiunt
2554 815 2982 881 simplicitatem;
3008 814 3122 868 sive
3150 815 3286 882 quod
3312 814 3545 871 homines
3565 819 3656 874 sibi

2098 903 2394 971 plaCcntes,
2426 904 2549 973 justi
2582 915 2741 974 atque
2780 904 3084 959 immobiles
3115 905 3282 958 videri
3314 906 3523 973 volunt,
3550 923 3657 962 cum

2098 995 2205 1048 sint
2231 995 2520 1063 deceptrici
2551 996 2902 1050 mutabilitate
2931 996 3163 1051 fallaces.
3193 995 3260 1049 In
3283 999 3478 1051 stateris
3505 1000 3656 1074 enim,

2100 1085 2198 1139 hoc
2229 1088 2493 1157 signiﬁcat
2538 1088 2688 1157 quasi
2739 1087 2790 1140 in
2835 1087 3209 1157 librajustitiae
3253 1089 3367 1141 ρυιιι
3390 1089 3522 1154 cati,
3567 1106 3660 1146 non

2099 1181 2388 1233 creduntur
2410 1195 2592 1233 amare
2626 1180 2908 1234 fallaciam.
2937 1178 3210 1248 Sequitur,
3236 1190 3289 1232 ut
3313 1181 3555 1249 decipiant
3580 1184 3667 1252 ips:

2099 1270 2162 1324 de
2192 1271 2411 1324 tanitate
2444 1271 2496 1323 in
2533 1272 2782 1341 idipsum.
2817 1272 3072 1325 Poterant
3100 1272 3243 1325 enim
3288 1287 3389 1325 non
3418 1273 3666 1340 decipere,

2100 1361 2144 1414 si
2174 1375 2359 1415 eorum
2390 1368 2573 1429 posset
2594 1361 2828 1431 nequitia
2857 1362 3216 1429 deprehendi;
3255 1362 3347 1415 sed
3384 1364 3534 1435 205
3561 1378 3667 1416 cum

2097 1452 2227 1522 justi
2257 1467 2377 1507 esse
2402 1452 2721 1517 credantur,
2754 1452 2961 1508 facilius
2998 1462 3137 1507 tecta
3171 1454 3515 1522 perversitate
3542 1454 3670 1507 deci-

2102 1544 2273 1614 piunt.
2315 1542 2381 1599 In
2412 1546 2657 1615 idipsum,
2691 1542 2898 1599 scilicet
2944 1545 2996 1599 in
3038 1545 3293 1612 aequitate
3318 1586 3333 1610 ,
3379 1560 3530 1614 quam
3554 1544 3673 1598 lalso

2106 1636 2305 1692 habere
2332 1637 2523 1706 perﬁdi
2554 1635 2803 1691 homines
2830 1636 3185 1689 msﬁmantur.

2182 1729 2332 1783 Vers.
2357 1728 2410 1784 9.
2431 1727 2824 1798 Nolitesperare
2842 1726 2894 1779 in
2916 1727 3203 1795 iniquitate,
3222 1735 3269 1778 et
3290 1726 3340 1777 in
3363 1723 3675 1796 rapinis[u!s.

909 1847 990 1904 dei
1035 1859 1145 1900 sua:
1192 1844 1523 1893 sacramenta
1558 1829 1825 1900 vulgavit,
1859 1840 1989 1879 con-
2024 1825 2069 1885 Β
2100 1823 2191 1889 A.,
2217 1830 2265 1874 et
2295 1818 2530 1890 rapinas]
2561 1820 2716 1872 nolite
2738 1818 3115 1888 concupiscere.
3142 1816 3294 1886 Ipsos
3318 1816 3489 1871 adhuc
3512 1826 3679 1869 manet

2109 1928 2244 1983 quos
2293 1912 2597 1967 detestabili
2647 1910 2970 1980 probaverat
3019 1908 3410 1963 consuetudine
3460 1908 3677 1962 vitiatas.

2111 2006 2275 2060 Docet
2303 2019 2369 2058 ne
2408 2020 2611 2075 sperare
2640 2003 2893 2068 debeant,
2924 2002 3014 2055 ubi
3042 2001 3248 2055 fruetus
3281 2001 3405 2055 boni
3449 1999 3682 2055 desiderii

2112 2112 2215 2151 non
2246 2105 2419 2165 potest
2449 2095 2700 2149 inveniri.
2733 2093 2787 2147 In
2828 2093 3027 2147 malitia
3060 2095 3207 2148 enim
3246 2093 3337 2162 qui
3385 2101 3572 2163 sperat,
3604 2106 3682 2145 se-

2111 2189 2284 2259 ipsum
2314 2188 2514 2256 decipit
2540 2229 2555 2254 ,
2584 2188 2707 2258 quia
2737 2187 2878 2240 nulla
2913 2186 3113 2239 utilitas
3144 2185 3279 2240 inde
3326 2186 3575 2248 nascitur,
3606 2184 3688 2237 sed

2114 2280 2288 2348 potius
2319 2290 2520 2334 interna
2551 2294 2705 2348 poena
2740 2289 3089 2348 procuratur;
3117 2278 3271 2333 sicut
3296 2279 3350 2331 in
3380 2278 3484 2332 alio
3507 2276 3695 2346 psalmo

2109 2374 2217 2442 jam
2245 2373 2446 2427 dictum
2486 2383 2601 2426 est:
2638 2373 2739 2434 Qui
2782 2380 2950 2424 autem
2994 2370 3164 2440 diligit
3214 2371 3558 2438 iniquitatem,
3601 2368 3695 2420 odit

2112 2464 2337 2516 animam
2363 2480 2507 2516 suam
2539 2460 2712 2532 (Psul.
2746 2479 2797 2528 χ,
2830 2460 2921 2530 6).
2946 2459 3106 2514 Venit
3133 2460 3309 2514 etiam
3339 2459 3403 2513 ad
3432 2472 3696 2527 pauperes,

2113 2554 2201 2623 qui
2235 2554 2551 2608 necessitate
2576 2553 2746 2607 victus
2775 2550 3025 2604 furtivum
3056 2549 3278 2620 aliquid
3310 2546 3695 2616 concupiscunt.

2118 2646 2255 2700 Dicit
2275 2646 2440 2711 cnim,
2467 2655 2511 2698 et
2539 2645 2591 2696 in
2619 2642 2815 2712 rapinis
2847 2642 3002 2694 nolite
3025 2641 3420 2710 concupiscere.
3444 2638 3555 2693 Non
3573 2641 3698 2692 enim

2118 2745 2290 2805 potest
2337 2735 2538 2788 crimen
2576 2734 2777 2801 rapina:
2836 2730 3125 2800 indigentia
3167 2731 3394 2794 tollere,
3443 2742 3541 2783 nec
3573 2725 3701 2796 quod

2117 2826 2366 2880 vindicta:
2390 2823 2627 2894 sultjacet
2664 2824 2913 2879 excu$ari
2940 2840 2953 2889 ;
2984 2821 3077 2876 sed
3120 2822 3315 2891 potius
3345 2822 3582 2876 continet
3617 2831 3705 2871 nos

2119 2917 2207 2971 ille
2234 2918 2319 2985 qui
2347 2916 2480 2985 pluit
2515 2931 2678 2985 super
2728 2914 2903 2985 justos
2930 2923 2983 2968 et
3008 2913 3235 2983 impios,
3271 2915 3365 2983 qui
3408 2913 3499 2967 dat
3543 2926 3704 2967 escam

2117 3008 2263 3061 omni
2287 3009 2452 3063 carni.
2485 3007 2655 3060 Nimis
2677 3020 2804 3075 ergo
2828 3007 3066 3074 ineptum
3099 3014 3181 3058 est
3227 3003 3503 3059 Creatoris
3533 3012 3702 3073 poten-

2120 3098 2244 3150 tiam
2276 3096 2597 3165 relinquere,
2622 3103 2676 3150 ct
2698 3095 2763 3149 ad
2790 3110 2939 3163 spem
2961 3095 3264 3150 criminum
3298 3094 3596 3150 convolare.
3613 3092 3709 3150 Sed

2127 3208 2193 3246 ne
2231 3192 2378 3245 solos
2404 3206 2663 3260 pauperes
2696 3189 2946 3245 crederes
2998 3188 3161 3245 luisse
3189 3191 3581 3253 commonitos,
3631 3201 3710 3241 se-

2120 3300 2202 3354 quv
2227 3282 2302 3336 nti
2342 3297 2499 3336 versu
2532 3280 2677 3335 venit
2704 3279 2771 3335 ad
2801 3281 3030 3347 divites,
3064 3289 3121 3335 ut
3162 3280 3485 3337 introducto
3512 3275 3713 3334 salutari

2121 3374 2515 3442 moderamine,
2549 3388 2646 3427 nec
2672 3373 2773 3428 iste
2810 3371 3031 3438 ambiat,
3062 3386 3160 3426 nec
3184 3372 3291 3428 ille
3322 3372 3611 3443 superbiat.

2199 3477 2346 3530 Vers.
2392 3474 2477 3528 10.
2524 3473 2724 3527 Divitias
2755 3472 2799 3526 si
2834 3472 3059 3541 aﬂluant,
3093 3470 3267 3525 nolite
3323 3489 3415 3526 cor
3453 3483 3711 3543 apponere.

2120 3568 2235 3622 Non
2267 3570 2485 3621 damnat
2508 3566 2620 3634 latg
2639 3579 2681 3620 ns
2710 3563 2925 3619 divitias
2950 3563 3143 3633 quibus
3180 3564 3525 3632 dispensatio
3553 3559 3711 3616 modi-

2124 3662 2275 3714 ﬁcata
2308 3669 2628 3729 praestatur;
2661 3671 2781 3709 nam
2806 3655 2851 3710 si
2880 3671 2966 3708 cor
2996 3654 3075 3708 eis
3101 3669 3209 3707 non
3251 3654 3557 3724 apponitur,
3582 3660 3637 3706 ut
3660 3650 3708 3704 in

2122 3752 2255 3822 ipsis
2282 3750 2569 3819 singularis
2599 3748 2821 3803 felicitas
2838 3745 3128 3815 indicetur,
3164 3746 3423 3814 profecto
3476 3756 3713 3797 necessa-

2124 3845 2216 3898 ria:
2243 3854 2387 3899 sunt.
2430 3842 2557 3897 lude
2577 3842 2719 3895 enim
2749 3838 3033 3909 egentibus
3058 3836 3421 3905 subvenitur,
3444 3836 3571 3892 inde
3599 3831 3713 3890 reli-

2123 3938 2335 3991 ciuntur
2367 3935 2573 4006 aegroti,
2600 3932 2723 3985 inde
2746 3943 3043 4000 pauperum
3062 3928 3288 3983 nuditas
3311 3929 3577 3998 operitur,
3602 3923 3715 3979 inde

2124 4028 2302 4097 plures
2344 4027 2408 4079 ad
2449 4029 2704 4079 malorum
2731 4036 2892 4090 regna
2930 4020 3283 4091 perveniunt.
3333 4019 3470 4075 Nam
3520 4026 3717 4079 contra,

2123 4122 2211 4188 qui
2230 4120 2428 4184 divitis
2457 4118 2670 4184 apponit
2699 4130 2785 4168 cor
2815 4128 2992 4177 suum,
3021 4127 3215 4166 aurum
3242 4130 3354 4166 non
3382 4115 3493 4165 vu't
3524 4124 3717 4176 espen~

2129 4212 2272 4278 tlere,
2309 4212 2399 4264 sed
2434 4211 2630 4271 celate,
2676 4206 2997 4276 patrimonia
3028 4204 3179 4271 cupit
3230 4218 3459 4271 semper
3503 4214 3718 4270 augere;

2127 4314 2179 4358 et
2208 4301 2332 4354 dum
2368 4299 2438 4353 ibi
2472 4314 2595 4366 spes
2620 4307 2725 4350 tota
2759 4296 3053 4364 reponitur,
3082 4293 3258 4349 iantes
3301 4310 3497 4349 earum
3550 4304 3718 4346 rerum

2126 4408 2334 4461 seraper
2369 4402 2611 4461 augetur.
2646 4388 2837 4443 Merito
2863 4402 2989 4455 ergo
3033 4385 3286 4453 praecipit
3318 4386 3582 4440 divitibus
3623 4395 3722 4435 non

2125 4498 2305 4537 amare
2332 4481 2470 4550 quod
2506 4479 2779 4548 possident
2810 4494 2823 4529 :
2849 4478 2988 4530 sicut
3017 4478 3098 4545 Ap
3123 4475 3323 4533 istolus
3372 4475 3544 4529 dicit:
3581 4470 3717 4524 Prte-

433 4605 523 4660 ille
557 4603 862 4666 frequenter
893 4566 1080 4663 repetit
1115 4592 1298 4644 dit-ens
1330 4607 1341 4640 :
1379 4587 1568 4641 Omnia
1594 4584 1788 4639 vanitas
1820 4586 2019 4638 ranita-
2052 4576 2101 4636 D
2128 4578 2238 4644 cipe
2264 4573 2501 4627 divitibus
2529 4570 2686 4638 hujus
2719 4569 2893 4622 mundi
2925 4584 3024 4621 non
3053 4566 3281 4636 superbe
3331 4581 3535 4638 sapere,
3576 4575 3725 4631 neque

436 4710 539 4750 tum
566 4694 763 4764 (Eccle.
793 4708 827 4756 t,
855 4690 934 4759 ἓ).
964 4685 1258 4742 Νοιιηιιιιυε
1289 4692 1463 4736 autem
1496 4694 1714 4735 movere
1739 4678 1895 4743 solet,
1925 4694 2019 4734 eur

434 4797 489 4844 ct
518 4787 570 4842 in
599 4783 823 4838 Psalmis
847 4782 1048 4850 legatur
1077 4795 1090 4831 :
1135 4775 1260 4828 Vani
1300 4775 1395 4841 ﬁlii
1426 4772 1725 4837 hominum;
1753 4780 1807 4826 et
1835 4770 1885 4824 in
1918 4771 1983 4825 Se

438 4883 650 4935 lomone
681 4893 693 4929 :
739 4874 983 4928 Universa
1012 4869 1208 4923 vanitas
1240 4864 1428 4937 (Ibid.,
1462 4863 1583 4933 li)?
1615 4861 1861 4932 Nunquid
1912 4876 2016 4915 ('0:-

440 4972 592 5026 lestia
619 4978 672 5023 ct
699 4964 993 5028 terrestria,
1024 4979 1139 5032 qua:
1164 4960 1304 5015 Deus
1325 4961 1546 5022 creavit,
1581 4965 1634 5011 et
1662 4957 1839 5009 omnia
1870 4953 2021 5007 valde

437 5065 599 5126 bona,
630 5068 819 5113 cuncta
852 5060 902 5110 in
936 5058 1168 5107 vanitate
1198 5049 1531 5106 consistunt?
1555 5048 1665 5101 Non
1695 5048 1897 5115 utique,
1926 5044 2021 5099 sed

437 5160 746 5224 comparata
776 5148 1075 5220 potioribus
1105 5145 1191 5199 illa
1227 5143 1430 5196 minora
1466 5139 1623 5194 nimis
1653 5149 1704 5193 et
1736 5138 1914 5192 inania
1939 5139 2025 5208 ju-

437 5247 714 5308 dicantur;
758 5244 895 5297 sicut
943 5241 1016 5292 ait
1069 5239 1259 5292 beatus
1312 5235 1665 5303 Hieronymus
1718 5250 1728 5283 :

440 5338 701 5407 lampadis
727 5330 1131 5402 comparatione
1164 5342 1257 5396 pro
1286 5326 1453 5380 nihilo
1482 5335 1592 5390 est;
1624 5324 1829 5394 lampas
1858 5326 2027 5380 stellas

440 5430 839 5498 comparatione
862 5440 964 5478 non
990 5422 1163 5485 lucet;
1187 5418 1395 5473 stellam
1421 5417 1557 5471 luna:
1578 5415 1782 5483 confer,
1805 5425 1861 5472 et
1882 5431 2022 5470 czeca

442 5536 551 5589 est;
586 5526 759 5577 lunam
807 5519 906 5576 soli
951 5522 1143 5587 iunge,
1198 5529 1301 5569 non
1349 5516 1564 5597 rutilat;
1609 5514 1775 5569 solem
1813 5515 2023 5569 Christo

444 5616 647 5681 confer,
671 5625 725 5670 et
763 5614 997 5669 tenebras
1032 5622 1174 5664 sunt.
1220 5609 1307 5663 Sic
1354 5610 1531 5663 omnia
1565 5624 1694 5663 vana
1730 5610 1883 5678 liunt,
1909 5626 2026 5677 quae
2078 5670 2087 5679 ,

442 5707 568 5761 dum
618 5707 931 5760 melioribus
978 5709 1379 5770 cmuparantur,
1412 5699 1613 5769 fulgore
1663 5700 1877 5769 proprio
1926 5701 2024 5752 mi-

444 5804 696 5847 nuuntur.
737 5792 825 5845 Sic
873 5792 1135 5857 homines,
1170 5803 1288 5842 cum
1334 5789 1398 5843 ad
1450 5788 1902 5859 comparationem
1936 5804 2025 5843 su-

1785 5232 2030 5287 Lucerna
2069 5274 2073 5278 .

2127 4683 2330 4735 sperare
2358 4667 2409 4718 in
2440 4666 2629 4717 incerto
2658 4662 2974 4725 divitiarum,
3002 4658 3087 4713 sed
3112 4659 3164 4711 in
3192 4658 3310 4712 Deo
3338 4661 3473 4725 vivo,
3499 4657 3581 4723 qui
3596 4669 3725 4725 prte-

2125 4768 2222 4813 stnt
2248 4758 2388 4810 nobis
2412 4757 2583 4810 omnia
2605 4755 2670 4808 ad
2702 4754 2996 4824 fruendum.
3032 4751 3230 4805 Divites
3261 4753 3373 4805 sint
3415 4752 3473 4805 in
3502 4748 3729 4821 operibus

2125 4853 2290 4919 battis,
2322 4851 2473 4921 facile
2501 4851 2722 4902 tribumt
2751 4846 2802 4918 (Ι
2831 4847 2962 4901 Tim.
2998 4862 3071 4912 Vl,
3100 4846 3185 4909 17,
3223 4848 3345 4915 18),
3380 4857 3489 4901 etc.

2194 4953 2350 5008 Vcrs.
2384 4952 2471 5005 11.
2505 4950 2674 5005 Semel
2703 4954 2895 5001 locutus
2936 4958 3007 5000 est
3034 4947 3207 5011 Deus;
3239 4949 3351 5001 duo
3377 4951 3491 5002 licet:
3523 4943 3728 4999 audiui:

2126 5046 2243 5115 quia
2264 5054 2486 5116 potestas
2524 5040 2616 5095 Dei
2664 5050 2755 5103 est,
2809 5048 2854 5092 et
2903 5038 3013 5104 tibi,
3051 5037 3300 5107 Domine,
3339 5037 3732 5092 miserit-ordia:

2127 5138 2247 5205 quia
2278 5147 2333 5189 tu
2361 5135 2538 5189 reddes
2567 5132 2782 5201 singulis
2808 5129 3085 5183 secundum
3115 5143 3281 5195 apera
3333 5143 3539 5181 eorum.
3589 5125 3735 5180 Sicut

2131 5232 2342 5287 initium
2373 5228 2559 5299 psalmi
2593 5244 2620 5279 a
2655 5226 2813 5281 Patre
2861 5224 3024 5290 cmpit
3051 5230 3104 5276 et
3135 5220 3309 5287 Filio,
3363 5223 3439 5275 ita
3489 5231 3545 5275 et.
3600 5230 3736 5272 nunc

2130 5322 2300 5377 series
2332 5320 2449 5388 ejus
2481 5318 2705 5371 decursa
2741 5314 3097 5367 concluditur.
3148 5309 3299 5364 Dicit
3333 5312 3483 5366 enim
3514 5328 3529 5364 :
3564 5307 3733 5366 Semel

2131 5414 2328 5467 locutus
2359 5420 2430 5464 est
2457 5408 2614 5461 Deus.
2665 5407 2719 5462 Si
2752 5409 2979 5459 litteram
3015 5402 3312 5471 intendas,
3366 5405 3603 5474 qumstio
3638 5417 3737 5457 non

2133 5520 2289 5575 parva
2324 5503 2420 5557 sub
2444 5501 2615 5555 :ritur.
2647 5501 2877 5553 Locutus
2908 5507 2992 5551 est
3030 5497 3173 5551 enim
3224 5498 3559 5568 frequenter
3601 5495 3738 5548 Deus

2134 5600 2372 5669 patribus
2403 5597 2625 5659 nostris,
2657 5594 2792 5660 Noe,
2817 5592 3071 5658 Abrahm,
3108 5590 3292 5657 Isaac,
3325 5591 3523 5657 Jacob,
3551 5588 3737 5659 Moysi,

2134 5693 2451 5762 crs-terisque
2490 5688 2690 5745 sanctis
2722 5688 2832 5743 suis
2861 5706 2872 5739 :
2910 5688 3001 5741 sed
3037 5687 3188 5741 semel
3221 5697 3397 5755 atque
3430 5681 3743 5754 specialiter

2134 5787 2342 5843 locutus
2367 5794 2449 5841 est
2476 5783 2737 5849 Filiosuo,
2755 5783 2893 5836 sicut
2915 5781 2988 5835 ait
3029 5781 3310 5835 secundus
3338 5781 3613 5850 psalmus:
3636 5772 3743 5827 Do-
