3956 6178
326 325 425 381 653

1276 323 1636 384 EKPOSITIO
1673 327 1738 382 lN
1780 326 2232 387 PSALTERIUM.
2275 330 2466 389 PSAL.
2509 333 2662 389 LXII.

3497 340 3599 393 £38

326 444 486 496 nonus
508 441 640 496 dixit
666 440 732 495 ad
758 422 869 495 me:
892 437 1061 495 Filius
1091 455 1234 493 meus
1274 457 1327 495 es
1350 452 1419 505 tu,
1460 458 1552 511 ego
1580 441 1735 496 ltodie
1759 447 1909 514 genui
1943 444 1992 503 Α
2020 445 2108 513 qui
2130 446 2283 499 bonis
2313 446 2684 514 spiritualibus
2708 447 2925 501 omnino
2952 448 3136 503 nudati
3163 459 3307 505 sunt.
3343 449 3476 506 llinc
3516 464 3597 507 est

325 546 387 589 te.
414 534 587 607 (Psal.
620 550 678 599 tt,
706 534 783 603 7).
836 533 949 588 Hoc
974 535 1116 589 enim
1162 533 1290 588 nulli
1340 533 1494 588 alteri
1539 534 1773 589 locutum
1809 534 1908 589 Pa-

327 635 454 679 trem
484 623 651 678 fuisse
674 623 1013 679 manifestum
1039 633 1140 678 est.
1174 624 1237 677 Et
1260 635 1313 678 ut
1340 624 1553 694 quidam
1585 625 1788 679 sentire
1812 642 1909 678 vo-

325 719 555 786 luerunt,
585 719 784 772 locutus
814 728 887 772 est
908 718 1064 772 semel
1090 715 1262 772 Deus:
1290 719 1542 786 quoniam
1584 735 1747 773 unum
1780 720 1911 776 Ver-

322 810 442 864 bum
476 820 603 864 ante
643 821 883 879 tempora
919 811 1105 879 genuit
1151 810 1614 866 eonsubstantiale
1652 811 1772 874 sibi,
1804 812 1907 867 im-

318 916 586 965 mensum,
610 909 960 966 comternum,
988 910 1044 954 et
1083 901 1425 970 corequaliter
1446 910 1655 971 potens.
1683 902 1910 957 Genitus

319 1002 397 1044 est
417 992 567 1044 enim
600 990 742 1046 Deus
772 1007 929 1045 verus
959 992 1025 1046 de
1058 990 1168 1046 Deo
1207 1008 1356 1057 vero,
1385 993 1561 1047 lumen
1592 993 1660 1049 de
1686 993 1909 1061 lumine,

318 1082 641 1137 immortalis
696 1081 764 1137 de
807 1082 1130 1148 immortali,
1185 1083 1472 1138 invisibilis
1516 1099 1582 1138 ex
1636 1084 1907 1149 invisibili,

317 1178 663 1245 ouinipotens
692 1177 759 1233 de
798 1179 1187 1244 omnipotente,
1222 1187 1275 1233 et
1314 1189 1528 1243 cietera,
1572 1194 1689 1248 quae
1734 1180 1910 1235 unitas

316 1266 403 1322 illa
459 1266 1026 1335 incomprehensibilis
1081 1283 1205 1322 vere
1252 1268 1488 1323 creditur
1527 1270 1723 1326 habere
1763 1286 1910 1325 com-

316 1351 520 1410 munia.
556 1356 912 1411 Discutiamus
939 1359 1095 1411 etiam
1129 1372 1246 1426 qum
1272 1368 1395 1413 sunt
1426 1358 1524 1413 ista
1556 1360 1660 1413 duo
1699 1376 1819 1430 quae
1852 1376 1910 1415 se

316 1445 556 1500 Iditltstm
605 1446 736 1502 dicit
781 1448 1040 1513 audiisse;
1078 1447 1164 1517 qui
1196 1459 1478 1518 postquam
1507 1450 1630 1505 vitia
1680 1451 1906 1505 humana

314 1543 640 1607 calcaverat,
674 1550 957 1609 provectus
1005 1541 1071 1594 ad
1117 1543 1625 1611 contemplationem
1651 1544 1904 1609 divinam,

315 1645 405 1700 per
427 1646 617 1685 aurem
642 1632 838 1684 mentis
854 1631 1182 1691 auscultans,
1206 1633 1453 1701 cognovit
1470 1641 1788 1703 potestatem
1814 1634 1909 1689 ha-

315 1722 439 1776 bere
467 1721 669 1775 Filium
698 1721 750 1775 in
781 1721 1069 1790 semetipso
1090 1762 1106 1786 ,
1136 1723 1274 1776 sicut
1305 1732 1387 1777 est
1428 1724 1557 1778 illud
1599 1725 1904 1795 Evangelii:

314 1811 631 1868 Potestatem
650 1814 808 1866 habeo
823 1814 1046 1883 ponendi
1068 1815 1296 1868 animam
1322 1832 1509 1882 meam,
1529 1824 1576 1869 et
1605 1826 1902 1885 potestatent
1936 1810 1983 1870 Β

314 1908 469 1959 habeo
521 1907 709 1961 iterum
752 1907 987 1959 sumendi
1024 1920 1134 1959 eam
1175 1905 1355 1977 (Joan.
1387 1924 1441 1970 χ.
1496 1908 1604 1978 18).
1655 1909 1908 1980 Sequitur

313 2001 440 2055 illud
470 1998 792 2065 secundum,
829 2007 875 2052 et
925 1999 1036 2064 tibi,
1081 1997 1319 2065 Domine,
1352 2001 1722 2067 misericordia,
1774 2001 1903 2055 sub-

310 2092 639 2145 audiendum
667 2090 858 2159 placet.
882 2088 1177 2159 Utrumque
1209 2091 1351 2144 enim
1382 2090 1606 2145 Deitatis
1635 2101 1739 2159 est,
1770 2101 1828 2146 ut
1851 2102 1906 2147 et

310 2181 737 2237 misericorditer
766 2182 930 2249 possit
959 2180 1105 2252 [mss.
1138 2183 1224 2245 Α.,
1258 2180 1350 2248 F.,
1383 2181 1604 2254 prosit],
1634 2192 1689 2238 et
1717 2193 1905 2252 poten—

311 2286 387 2330 ter
412 2277 764 2329 misereatur.
789 2272 890 2327 Sed
922 2281 976 2326 ut
1001 2272 1101 2326 hoc
1125 2273 1193 2328 de
1218 2274 1440 2328 Domino
1465 2273 1681 2329 Christo
1703 2274 1901 2329 dictum

308 2370 520 2439 planius
559 2366 829 2434 potuisses
849 2363 1157 2427 advertere,
1190 2365 1434 2433 sequitur
1457 2363 1898 2434 tempusjudicii,

306 2465 425 2529 quia
459 2470 517 2515 tu
548 2461 733 2514 reddes
760 2460 978 2530 singulis
1003 2460 1282 2513 secundum
1326 2475 1481 2527 opera
1523 2474 1731 2523 eorum;
1767 2458 1903 2512 sicut

307 2558 541 2627 legitur:
581 2554 738 2608 Pater
760 2570 862 2607 non
885 2553 1091 2623 judieat
1120 2568 1447 2622 quemquam,
1473 2554 1561 2608 sed
1589 2569 1734 2607 omne
1748 2553 1898 2624 judi-

305 2650 439 2701 cium
468 2646 613 2700 dedit
646 2644 783 2699 Filio
812 2644 995 2714 (Joan.
1027 2660 1080 2707 v,
1110 2642 1228 2713 22).

883 2761 1154 2815 Conclusio
1200 2757 1407 2825 psalmi.

370 2876 754 2946 Respiciamus
778 2875 830 2928 in
872 2874 971 2927 hoc
1008 2872 1215 2943 psalmo
1246 2873 1640 2927 sententiarum
1665 2872 1894 2939 lumina,

300 2973 456 3039 quasi
488 2967 753 3037 quasdam
786 2964 1033 3019 relucere
1060 2964 1339 3019 candelas.
1376 2964 1601 3034 Lampat
1626 2963 1781 3031 ﬁdes,
1808 2979 1900 3020 co-

303 3068 491 3115 ruscat
519 3058 722 3112 veritas
751 3072 907 3123 quam
936 3055 1131 3110 debeat
1154 3055 1490 3109 Christianus
1536 3054 1762 3124 populus
1818 3054 1901 3109 in-

303 3156 483 3209 tueri:
530 3167 601 3206 ne
633 3150 818 3205 mundi
877 3150 1033 3204 istius
1086 3148 1326 3203 tenebris
1353 3146 1683 3213 obcaecatus,
1735 3157 1898 3203 rectas
1927 3172 1974 3234 ο

302 3245 426 3301 ﬁdei
455 3243 729 3299 tramitem
760 3256 866 3295 non
887 3248 1161 3309 sequatur.
1185 3238 1458 3293 Abscedat
1483 3238 1696 3307 gentilis
1721 3252 1895 3302 error,

303 3338 692 3393 haereticorum
720 3347 994 3387 murmura
1024 3331 1447 3399 conquiescant,
1475 3329 1686 3384 vanitas
1716 3328 1896 3384 homi-

302 3446 431 3485 num
466 3428 784 3495 fallaciaque
810 3426 1117 3479 deseratur.
1152 3422 1268 3477 Non
1312 3422 1365 3476 in
1408 3421 1647 3491 ingenio,
1706 3436 1812 3476 non
1843 3421 1897 3476 in

303 3522 493 3577 saeculi
524 3517 866 3588 dogmatibus
894 3522 1295 3585 prmsumatur;
1328 3512 1422 3568 sed
1457 3512 1509 3566 in
1528 3524 1658 3567 vera
1680 3512 1898 3580 sapien-

305 3616 371 3668 tia
402 3620 650 3684 ponatur
674 3622 821 3678 spes,
854 3623 972 3676 quze
1006 3606 1131 3660 talia
1157 3605 1295 3659 solet
1334 3605 1466 3659 dare
1516 3604 1688 3673 qualia
1722 3604 1899 3658 nullus

306 3708 481 3775 possit
502 3716 756 3772 arguere.
794 3699 919 3763 Fac,
953 3697 1199 3761 Domine,
1228 3706 1283 3751 et
1304 3710 1399 3749 nos
1430 3696 1556 3749 vitia
1604 3697 1896 3763 transilire,

307 3811 362 3855 ut
387 3798 465 3855 ad
495 3808 552 3854 te
582 3794 847 3866 possimus
874 3791 1109 3861 purgatis
1148 3789 1418 3843 mentibus
1448 3787 1748 3856 pervenire.

599 3900 961 3959 EXPOSITIO
990 3900 1055 3954 IN
1079 3896 1410 3955 PSALMUM
1447 3895 1608 3951 LXII.

413 3998 670 4053 Psalmus
700 3994 888 4060 David,
916 4008 1034 4045 cum
1064 4000 1191 4045 esset
1218 3990 1272 4042 in
1301 3989 1500 4042 deserto
1523 3986 1789 4042 Idumtew.

380 4112 630 4167 Psalmus
654 4118 708 4165 et
755 4106 922 4162 David
971 4105 1280 4174 frequenter
1322 4102 1561 4157 indicant
1613 4100 1899 4157 Dominum

308 4205 621 4267 Christum,
668 4200 973 4268 frequenter
1033 4195 1364 4249 Ecelesiam:
1404 4193 1527 4262 quia
1570 4191 1816 4246 Christus
1847 4191 1900 4245 in

306 4294 573 4350 membris
592 4293 705 4345 suis
728 4298 831 4355 est,
850 4298 904 4342 et
934 4286 1172 4341 membra
1201 4287 1252 4339 in
1283 4298 1380 4338 suo
1410 4284 1584 4352 capite
1612 4282 1898 4337 continett-

308 4397 414 4442 tur.
442 4385 580 4440 Nam
609 4384 652 4437 si
684 4381 808 4452 quid
828 4381 1057 4450 patiatur
1076 4385 1256 4447 caput,
1290 4374 1530 4429 membra
1561 4373 1870 4442 compatiun
1890 4404 1902 4413 -

309 4487 433 4545 tur;
459 4489 517 4534 et
536 4477 728 4532 iterum
752 4474 795 4528 si
826 4473 1064 4527 membra
1096 4479 1375 4532 vexentur,
1406 4476 1567 4537 caput
1594 4467 1711 4521 sine
1736 4465 1895 4519 dubi-

2015 537 2152 601 quod
2179 536 2414 591 diluculo
2441 538 2506 592 ad
2536 538 2818 593 Dominum
2862 541 3045 609 vigilat
3083 542 3323 597 Ecclesia
3347 582 3363 609 ,
3405 543 3600 614 depre-

2014 639 2140 678 cans
2175 641 2239 680 ne
2269 629 2446 682 mundi
2476 628 2631 698 hujus
2654 630 2926 686 erroribus
2962 632 3290 703 implicetur.

2587 749 2778 804 Divisio
2806 753 3013 821 psalmi.

2087 860 2294 928 Sponsa
2321 861 2411 915 illa
2439 862 2757 929 spiritualis,
2785 879 2901 933 qua:
2930 867 3171 921 membra
3200 869 3441 924 continet
3496 870 3594 925 Do-

2014 952 2144 1006 mini
2176 951 2493 1018 Salvatoris,
2532 953 2704 1024 primo
2730 954 2889 1007 modo
2923 955 3208 1012 insatiabili
3241 958 3509 1014 desiderio
3538 976 3596 1015 se
3652 1015 3665 1025 ,η

2014 1040 2141 1095 dicit
2192 1055 2312 1094 esse
2362 1049 2648 1109 raptatam,
2714 1050 2772 1095 ut
2815 1043 3065 1098 virtutem
3109 1044 3322 1100 Domini
3367 1063 3592 1104 cernere

2014 1130 2311 1199 potuisset:
2339 1143 2528 1201 optans
2574 1142 2630 1187 ut
2669 1133 2784 1203 ejus
2823 1134 2999 1189 anima
3048 1136 3307 1190 bonorum
3351 1143 3589 1195 omnium

2014 1223 2332 1291 pinguedine
2380 1222 2683 1292 repleatur,
2735 1233 2998 1293 quatenus
3047 1226 3163 1295 ejus
3222 1228 3379 1298 digna
3426 1233 3595 1300 possit

2014 1311 2261 1366 laudibus
2300 1312 2549 1367 inveniri.
2575 1313 2827 1370 Secundo
2865 1316 3026 1371 modo
3062 1320 3260 1388 gratias
3306 1323 3433 1390 agit,
3469 1325 3591 1391 quia

2011 1404 2110 1457 sub
2152 1405 2315 1476 206
2352 1405 2617 1463 velamine
2671 1408 2876 1462 alarum
2925 1410 3160 1477 Domini,
3207 1415 3389 1467 mundi
3441 1417 3594 1474 istius

2013 1499 2275 1566 procellas
2316 1500 2568 1567 evaserit,
2594 1501 2947 1572 inimicosque
2973 1518 3097 1558 suos
3122 1506 3173 1559 in
3205 1505 3458 1562 inferiora
3487 1516 3595 1562 ten-

2009 1603 2084 1643 ne
2122 1604 2370 1645 asserens
2394 1604 2514 1646 esse
2543 1591 2909 1659 damnandos;
2942 1593 3142 1664 Regem
3167 1610 3294 1651 vero
3318 1595 3590 1653 Christum

2009 1680 2062 1734 in
2107 1679 2216 1735 Deo
2238 1680 2397 1737 Patre
2426 1696 2548 1737 cum
2570 1683 2770 1738 sanctis
2795 1685 3052 1755 praedicat
3073 1701 3197 1743 esse
3226 1684 3548 1743 laetaturum.

2550 1801 2823 1874 Expositio
2848 1804 3055 1877 psalmi.

2082 1916 2233 1970 νει-ε.
2264 1915 2315 1969 1.
2345 1915 2503 1983 Deus,
2527 1913 2663 1970 Deus
2685 1932 2841 1984 meus,
2873 1919 2942 1971 ad
2967 1927 3015 1973 te
3046 1920 3109 1973 de
3144 1920 3253 1974 luce
3282 1921 3472 1994 vigilo;
3502 1925 3575 1979 si-

2010 2008 2118 2059 tivit
2141 2008 2192 2060 in
2211 2016 2258 2059 te
2270 2007 2444 2060 anima
2463 2023 2593 2061 mea.
2622 2005 2855 2062 Primum
2880 2008 2991 2078 ipsa
3014 2010 3264 2080 repetitio
3288 2018 3578 2069 venerandi

2010 2099 2238 2153 nominis
2258 2100 2505 2155 allectum
2530 2101 2630 2170 pia:
2649 2100 3041 2171 deprecationis
3065 2105 3320 2163 ostendit.
3350 2106 3587 2164 Dicenda

2006 2191 2171 2255 enim,
2222 2188 2381 2253 Deus,
2427 2189 2567 2247 Deus
2613 2208 2776 2260 meus,
2817 2208 2972 2248 suum
3020 2197 3415 2264 quodammodo
3460 2199 3588 2254 'diclt

2007 2299 2125 2338 esse
2155 2302 2169 2351 ;
2210 2292 2268 2337 ut
2289 2284 2406 2352 ejus
2434 2298 2496 2338 se
2524 2284 2694 2355 magis
2743 2285 2834 2339 tali
2869 2285 3137 2341 desiderio
3182 2289 3354 2357 possit
3403 2300 3585 2343 osten-

2005 2376 2153 2430 dere.
2185 2374 2422 2439 Addidit,
2453 2374 2523 2427 ad
2552 2383 2598 2428 te
2620 2376 2689 2428 de
2710 2374 2823 2429 luce
2862 2376 3032 2445 vigilo.
3079 2376 3161 2432 Ad
3189 2378 3365 2447 ipsum
3389 2380 3578 2451 vigila-

2006 2474 2115 2532 tur,
2146 2464 2356 2533 quoties
2380 2462 2434 2517 in
2466 2462 2649 2519 mundi
2705 2464 2999 2521 ambitione
3020 2465 3318 2535 dormitur;
3344 2483 3467 2526 nam
3498 2466 3585 2522 illa

2004 2553 2082 2607 sic
2111 2552 2508 2622 consequimur,
2536 2553 2580 2607 si
2613 2553 2715 2607 ista
2749 2555 3005 2609 deserere
3047 2555 3390 2613 festinemus.
3443 2558 3585 2615 Bene

2004 2654 2181 2698 autem
2212 2644 2425 2713 adjecit,
2468 2642 2723 2709 diluculo,
2774 2642 2991 2713 quando
3042 2651 3252 2712 tempus
3299 2646 3581 2708 dominicae

2004 2733 2410 2791 resurrectionis
2457 2734 2741 2799 eluxit,ut
2787 2742 2912 2787 tunc
2957 2731 3078 2803 ejus
3125 2732 3314 2787 laudes
3338 2746 3581 2797 caneret,

2004 2825 2216 2895 quando
2240 2840 2408 2895 genus
2438 2825 2727 2878 humanum
2755 2824 3007 2893 exemplo
3032 2840 3142 2878 suae
3173 2825 3584 2881 resurrectionis

2003 2922 2277 2975 animavit.
2329 2919 2599 2988 Sequitur,
2632 2918 2783 2971 sitivit
2827 2918 2881 2971 in
2923 2928 2971 2971 te
3000 2918 3174 2971 anima
3197 2932 3329 2972 mea.
3388 2918 3581 2984 Sitivit,

2007 3022 2220 3082 propter
2251 3026 2440 3079 aquam
2476 3010 2703 3079 positum
2727 3017 2829 3071 est,
2867 3023 3025 3074 quam
3075 3009 3129 3063 in
3183 3008 3471 3079 Evangelio
3496 3008 3578 3063 di-

2004 3106 2116 3159 cit:
2153 3103 2363 3169 Mulier,
2390 3104 2435 3156 si
2462 3102 2613 3155 scires
2641 3102 2833 3154 donum
2864 3099 2980 3165 Dei,
3020 3110 3069 3154 et
3101 3101 3215 3171 quis
3241 3109 3316 3153 est
3347 3103 3433 3168 qui
3468 3115 3499 3153 a
3534 3108 3582 3152 ts

2007 3209 2195 3264 aquam
2216 3194 2359 3262 petit,
2386 3202 2439 3246 tu
2461 3192 2666 3261 petisses
2709 3190 2771 3245 ab
2815 3206 2893 3254 eo,
2925 3202 2971 3245 et
3011 3191 3233 3245 dedisset
3276 3191 3364 3245 tibi
3392 3205 3580 3261 aquam

2002 3287 2164 3340 vivam
2192 3283 2369 3355 (Joan.
2400 3298 2472 3350 tv,
2501 3281 2610 3352 10).
2638 3281 2758 3336 Sitit
2779 3296 2906 3351 ergo
2928 3282 3099 3335 anima
3115 3281 3349 3335 ﬁdelium
3392 3281 3581 3343 Deum,

2002 3378 2214 3447 quando
2245 3373 2487 3429 mandata
2510 3374 2626 3445 ejus
2651 3384 2703 3428 et
2731 3373 2956 3428 virtutes
2977 3374 3203 3429 eximias
3229 3373 3581 3441 concupiscit,

2003 3466 2217 3537 quando
2270 3467 2441 3534 ipsum
2487 3465 2759 3519 desiderat
2806 3463 3009 3529 videre,
3065 3480 3093 3519 a
3150 3479 3257 3533 quo
3309 3464 3574 3521 bonorum

2002 3561 2181 3613 omnia
2212 3557 2410 3611 ﬂuenta
2436 3564 2647 3610 constat
2672 3569 2943 3610 emanare.
2978 3553 3094 3623 Ipsa
3124 3562 3208 3608 est
3256 3568 3385 3624 ergo
3409 3554 3581 3605 animo

2002 3666 2121 3720 qua:
2152 3651 2291 3703 culta
2320 3650 2478 3703 rebus
2504 3646 2833 3712 caelestibus,
2861 3648 3131 3701 desertum
3162 3644 3389 3700 aestimat
3428 3661 3583 3697 num-

2003 3742 2151 3805 dum,
2182 3757 2299 3808 quzc
2328 3755 2540 3807 semper
2567 3746 2846 3803 exmstuat,
2895 3750 3112 3803 semper
3142 3735 3267 3801 sitit,
3297 3734 3471 3789 donec
3515 3732 3583 3786 ad

2004 3832 2206 3886 fontem
2261 3832 2407 3886 illum
2467 3828 2849 3883 misericordia:
2898 3827 3095 3881 divina:
3141 3826 3420 3895 pervenire
3471 3838 3583 3878 me—

2003 3934 2204 3978 reatur.

2079 4013 2230 4068 Vers.
2259 4011 2316 4065 2.
2375 4009 2541 4076 Quam
2588 4009 2938 4077 multipliciter
2968 4006 3058 4060 tibi
3098 4022 3221 4060 caro
3250 4004 3399 4059 mea!
3424 4005 3474 4057 in
3496 4005 3585 4057 de-

2006 4118 2161 4171 serto,
2192 4114 2236 4159 et
2268 4106 2320 4157 in
2345 4104 2498 4171 invio,
2526 4111 2573 4157 et
2599 4104 2867 4172 inaquoso.
2897 4102 3157 4168 Superius
3184 4099 3319 4153 dixit
3342 4098 3394 4153 in
3415 4099 3577 4152 Deum

2003 4198 2168 4251 sitisse
2188 4196 2415 4249 animam
2440 4208 2589 4249 suam
2613 4209 2627 4257 ;
2660 4207 2800 4247 nunc
2828 4202 2879 4245 et
2907 4207 3110 4245 carnem
3140 4190 3486 4259 multipliciter
3514 4189 3585 4243 si-

2006 4288 2133 4342 mile
2155 4285 2478 4341 desiderium
2512 4284 2710 4339 babcre
2746 4292 2970 4341 testatur
2995 4299 3010 4339 ;
3038 4291 3094 4335 ut
3142 4281 3282 4335 sicut
3316 4288 3586 4335 utrarum-

2006 4394 2108 4447 que
2138 4392 2316 4431 rerum
2346 4384 2529 4431 auctor
2549 4383 2631 4429 est
2673 4374 2833 4436 Deus,
2866 4374 2935 4426 ita
2964 4372 3031 4427 ab
3071 4371 3316 4441 utrisque
3347 4368 3586 4441 partibus

2009 4479 2313 4537 expetatur.
2327 4465 2432 4522 Sed
2452 4466 2502 4520 in
2512 4465 2791 4520 tendamus
2809 4462 2948 4531 quod
2963 4462 3311 4533 multipliciter
3331 4460 3583 4527 dicendo,

309 4543 518 4623 talione
550 4563 902 4634 cmupatitur;
929 4563 1068 4617 sicut
1107 4568 1160 4614 et
1194 4557 1486 4627 Apostolus
1532 4556 1633 4611 ait:
1668 4555 1731 4611 Si
1782 4556 1903 4625 quid
1934 4543 1984 4602 Ι)
2014 4560 2132 4629 plus
2152 4558 2284 4612 dicit
2315 4558 2365 4611 in
2392 4557 2500 4611 Deo
2529 4556 2710 4611 sitisse
2733 4570 2975 4619 carnem,
3004 4564 3064 4608 ut
3108 4563 3310 4622 quanto
3350 4552 3591 4623 fragilior

292 4662 512 4730 patitur
540 4673 701 4711 unum
726 4656 1023 4719 membrum,
1044 4651 1424 4718 compatiuntur
1452 4651 1621 4702 omnia
1645 4650 1903 4712 membra;

309 4756 417 4805 sive
464 4750 794 4821 gloriﬁcatur
840 4762 998 4799 unum
1044 4746 1342 4805 membrum,
1376 4744 1695 4813 congaudent
1736 4744 1905 4795 omnia

308 4844 544 4894 membra
577 4835 630 4907 (l
668 4835 785 4891 Cor.
818 4852 914 4899 xu,
959 4834 1076 4903 9.6).
1103 4834 1442 4902 Quapropter
1474 4833 1751 4897 Ecelesim,
1785 4849 1906 4903 qua:

308 4933 365 4985 in
417 4930 526 4986 hoc
584 4929 795 4999 psalmo
836 4928 1076 4981 locutura
1124 4935 1230 4990 est,
1266 4926 1458 4978 merito
1482 4927 1753 4994 proposita
1782 4935 1907 4980 sunt

308 5019 503 5085 verba,
553 5031 674 5087 qua:
717 5014 1019 5084 significant
1053 5015 1335 5067 Dominum
1375 5013 1733 5087 salvatorem.
1776 5014 1903 5067 Haec

308 5108 478 5176 igitur
505 5108 558 5159 in
583 5108 784 5159 deserto
810 5101 1055 5157 Idumrcte
1088 5104 1310 5165 habitat,
1346 5103 1397 5155 id
1429 5113 1511 5157 est
1538 5103 1587 5156 iu
1622 5103 1779 5172 hujus
1800 5119 1904 5158 sac-

308 5197 424 5250 culi
455 5195 724 5257 ariditate,
756 5195 844 5247 ubi
870 5194 1000 5257 sitit,
1032 5194 1118 5246 ubi
1149 5193 1441 5259 desiderat,
1470 5194 1556 5247 ubi
1585 5193 1896 5248 misericor-

307 5291 461 5343 diam
509 5287 723 5342 Domini
767 5286 973 5352 expetit
1022 5284 1351 5346 ambienter,
1410 5283 1581 5337 donec
1638 5284 1703 5338 ad
1754 5286 1901 5339 illam

307 5392 570 5438 aeternam
586 5379 813 5451 gloriam
830 5378 1011 5432 venire
1033 5387 1321 5431 mereatur.
1341 5373 1573 5429 Idumcea
1593 5377 1735 5430 enim
1756 5376 1902 5431 locus

305 5484 393 5526 est
426 5472 514 5525 ubi
539 5470 713 5524 David
743 5469 949 5537 lugiens
984 5467 1413 5537 persecutionem
1456 5467 1635 5522 Saulis
1683 5468 1907 5525 latuisse

306 5569 682 5638 cognoscitur.
730 5565 973 5619 Nominis
1019 5565 1163 5619 enim
1210 5564 1374 5633 ipsius
1417 5564 1792 5631 interpretatio
1821 5573 1905 5618 est

306 5660 483 5724 (sicut
507 5659 615 5728 jam
649 5674 795 5727 saepe
832 5657 1085 5726 diximus)
1124 5668 1375 5723 terrena;
1409 5666 1467 5711 ut
1511 5655 1790 5709 evidenter
1822 5657 1902 5708 in-

311 5754 624 5823 telligamus
647 5752 917 5809 desertum
947 5749 1090 5808 istud
1118 5751 1419 5825 signiﬁcare
1453 5761 1702 5805 terrenos
1728 5756 1905 5817 actus,

2012 4658 2117 4715 est,
2150 4658 2293 4702 tanta
2318 4648 2589 4702 ardentius
2619 4648 2760 4715 pium
2788 4646 3051 4700 medicum
3086 4644 3373 4715 appetiisse
3402 4645 3584 4698 videa—

2019 4751 2123 4793 tur.
2175 4739 2298 4793 Sitit
2320 4753 2450 4807 ergo
2482 4738 2655 4790 anima
2686 4736 2864 4805 pepuli
2899 4737 3034 4789 beati
3063 4736 3289 4790 virtutes
3307 4750 3440 4804 quas
3467 4748 3589 4788 san—

2014 4838 2095 4885 cta
2121 4830 2393 4897 Scriptura
2425 4829 2760 4881 commendat
2789 4844 2803 4891 ;
2831 4828 2923 4881 sed
2955 4829 3040 4881 ite~
3060 4842 3145 4879 um
3179 4826 3588 4880 innumerabilia

2016 4931 2140 4975 sum
2192 4936 2311 4989 quae
2363 4934 2491 4974 caro
2540 4920 2639 4973 sibi
2687 4935 2716 4972 a
2767 4919 2875 4972 Deo
2921 4920 3264 4989 cognoscitur
3297 4919 3586 4988 postulare.

2017 5014 2251 5083 Utraque
2297 5015 2441 5067 enim
2492 5012 2735 5080 indigent
2780 5012 2974 5065 saltari
3001 5028 3015 5077 ;
3047 5010 3140 5066 sed
3163 5024 3293 5065 caro
3324 5010 3446 5079 plus
3471 5020 3592 5078 eget

2016 5109 2161 5172 cibo,
2197 5108 2585 5175 potu,vestitu,
2610 5106 2883 5172 vehiculo,
2932 5121 3142 5172 somno,
3189 5105 3450 5174 temperie
3497 5105 3594 5158 lia-

2019 5216 2254 5266 morum,
2285 5198 2602 5254 Salubritate
2631 5197 2790 5261 aeris,
2833 5208 3069 5268 sumptu,
3118 5197 3431 5264 exterisque
3477 5199 3595 5265 qui-

2020 5294 2119 5348 bus
2143 5294 2319 5347 anima
2351 5308 2455 5345 non
2485 5291 2715 5359 indiget;
2748 5290 2841 5345 sed
2872 5290 2987 5343 haec
3028 5292 3322 5344 necessitas
3351 5289 3593 5356 corporis

2015 5394 2269 5452 expetere
2301 5381 2623 5436 declaratur.
2661 5379 2879 5434 Addidd
2911 5378 3002 5434 ubi
3048 5378 3402 5448 multipliciter
3431 5378 3591 5431 sitiret

2014 5491 2132 5528 caro
2159 5474 2307 5543 ejus,
2334 5472 2539 5527 scilicet
2565 5472 2615 5524 in
2658 5472 2855 5524 deserto
2887 5471 3044 5538 (sicut
3087 5478 3144 5524 et
3185 5468 3371 5523 titulus
3410 5468 3590 5527 dixitl.

2021 5564 2121 5617 hoc
2142 5573 2225 5619 est
2266 5563 2319 5617 in
2352 5562 2534 5616 mundi
2568 5562 2723 5615 istius
2764 5561 3056 5630 indigentia
3098 5568 3156 5614 et
3184 5558 3470 5614 sterilitate
3515 5558 3594 5626 je-

2010 5654 2158 5722 juna.
2192 5652 2475 5721 Sequitur,
2504 5662 2548 5705 et
2573 5653 2625 5705 in
2650 5653 2809 5717 invio,
2854 5652 2976 5718 quia
3018 5650 3247 5708 mundus
3297 5651 3348 5705 in
3381 5664 3440 5704 se
3488 5664 3592 5703 non

2020 5744 2180 5799 habet
2202 5744 2362 5809 viam,
2398 5742 2501 5798 nisi
2528 5743 2813 5798 Dominum
2858 5740 3209 5807 Salvatoretn,
3234 5744 3326 5813 qui
3376 5742 3475 5797 iter
3511 5753 3593 5795 est
