3956 6178
378 288 480 343 835

1601 278 1675 334 Μ.
1714 272 1996 333 Αυῐιειιιι
2033 270 2436 331 CASSIODOBI

3504 273 3591 327 156

375 418 665 470 caecorum,
695 412 747 458 et
790 417 880 471 per
933 413 991 453 se
1031 394 1327 452 errantium
1383 392 1649 448 reetitudo
1676 391 1945 446 salutaris.
1979 406 2027 463 Α
2134 382 2363 440 Vers.6.
2391 385 2539 439 Sicut
2568 382 2719 453 adipe
2746 393 2795 439 et
2834 382 3143 454 pinguedine
3176 383 3416 452 repleatur
3448 386 3597 437 animo

377 496 614 559 Addidit,
648 506 695 548 et
723 495 988 561 inaquoso,
1025 488 1075 541 id
1104 496 1187 541 est
1206 486 1376 541 sterili
1414 494 1573 555 atque
1597 481 1952 537 infructuoso.

377 592 653 657 Aquosum
687 585 831 639 enim
872 580 1122 645 dicimus,
1154 578 1294 648 quod
1341 577 1493 647 aquis
1547 574 1783 629 abundat
1832 571 1955 626 irri-

375 682 528 748 guis;
560 681 862 745 inaquosum
880 690 1007 728 vero
1028 674 1235 727 aridum
1263 683 1422 742 atque
1443 672 1651 733 sterile,
1680 684 1737 724 ut
1764 670 1959 723 merito

375 772 495 838 ejus
527 771 704 823 anima
728 768 891 821 nimia
939 766 1181 819 siccitate
1220 762 1489 818 durescat.
1525 761 1678 816 Unde
1709 775 1802 828 per
1844 760 1957 811 hanc

382 862 477 915 tria
512 861 725 913 nomina
759 857 941 911 mundi
977 857 1131 909 iSIius
1160 857 1455 908 necessitas
1498 853 1779 907 indicatur.

452 952 601 1004 Vcrs.
631 952 686 1003 5.
727 948 815 1005 Sic
838 950 889 1000 in
915 956 1090 1000 sancto
1116 945 1334 1015 apparui
1362 945 1469 1006 tibi,
1505 952 1558 995 ut
1602 943 1822 995 viderem
1861 940 1963 991 vir-

387 1049 540 1094 tutam
566 1052 706 1093 tuam
734 1049 779 1093 et
810 1040 1026 1110 gloriam
1060 1049 1221 1090 luant.
1251 1035 1579 1090 Sustinendo
1610 1034 1775 1097 sitim,
1804 1048 1960 1100 quatit

386 1135 616 1196 dixerat,
646 1134 822 1187 carnis
854 1142 908 1186 et
939 1132 1129 1184 anima:
1178 1134 1229 1183 in
1259 1130 1495 1191 deserto,
1527 1138 1579 1180 et
1610 1128 1663 1180 in
1691 1127 1856 1191 invio,
1911 1135 1965 1179 et

384 1225 669 1292 inaquoso,
694 1222 833 1291 quod
861 1224 923 1275 ad
951 1222 1106 1291 hujus
1130 1220 1313 1274 mundi
1335 1220 1668 1274 sterilitatem
1697 1219 1964 1286 pertinere

380 1317 764 1384 cognovimus:
796 1325 920 1367 tunc
947 1313 1249 1384 apparuisse
1269 1328 1328 1366 se
1353 1311 1486 1365 dicit
1516 1310 1753 1366 Ecclesia
1777 1312 1828 1363 in
1852 1328 1965 1364 san~

386 1415 467 1459 cto
518 1405 767 1473 ﬁdelique
821 1406 1132 1473 proposito,
1182 1404 1397 1472 quando
1452 1403 1723 1457 Christum
1774 1418 1961 1455 verum

385 1498 549 1550 Deum
575 1511 696 1551 esse
721 1496 990 1566 cognovit.
1028 1495 1369 1548 intendamus
1407 1503 1581 1547 autem
1610 1492 1753 1561 quod
1809 1492 1960 1556 dicit,

384 1587 602 1657 apparui
630 1587 739 1654 tibi,
763 1582 1055 1640 ut'viderem
1077 1590 1309 1638 virtutem
1331 1596 1469 1638 tuam
1488 1625 1502 1649 ,
1532 1585 1659 1652 quia
1688 1597 1848 1637 nemo
1874 1596 1968 1636 ve-

388 1681 595 1733 ritatem
625 1680 785 1745 videt,
818 1681 917 1733 nisi
950 1679 1060 1733 Deo
1087 1679 1232 1747 prius
1262 1693 1511 1769 apparere
1539 1676 1786 1744 potuerit.
1830 1674 1965 1728 Nam

2062 494 2209 541 mea;
2254 488 2299 531 et
2357 478 2492 531 labia
2543 474 2899 531 exsul'ationis
2945 476 3226 529 laudabunt
3263 492 3424 528 nomen
3454 487 3596 531 tuum.

2061 569 2364 639 Scripturas
2392 570 2597 624 divinas
2636 569 2882 624 novimus
2924 586 3019 639 per
3048 568 3409 622 similitudines
3453 580 3604 621 terre~

2064 679 2159 716 nas
2193 662 2508 730 plerumque
2532 663 2774 716 cmlestia
2802 672 3134 715 sacramenta
3163 669 3461 713 monstrare.
3495 661 3605 712 Adio

2063 771 2150 823 pes
2192 755 2350 821 igitur
2380 753 2800 806 suntviscerum
2849 767 3025 805 cras.~a
3073 752 3350 815 velamina,
3395 768 3504 817 qua:
3545 754 3611 805 in-

2066 854 2213 898 terna
2252 844 2452 911 jecoris
2483 844 2733 912 aperiunt
2773 856 2935 913 atque
2975 842 3318 896 Concludunt.
3368 840 3611 911 Pinguedo

2066 950 2193 987 vero
2218 945 2295 987 est
2326 935 2576 1002 saginatae
2606 934 2823 1002 pecudis
2846 936 3040 987 nutrita
3072 934 3205 986 cibis
3246 932 3490 988 obesitas.
3511 934 3613 1001 ipsa

2065 1026 2162 1078 fuit
2185 1026 2461 1079 sacrificiis
2490 1026 2670 1093 digna,
2694 1036 2749 1079 et
2774 1025 3224 1078 immolationibus
3254 1038 3494 1092 congrua.
3516 1028 3614 1087 Qua

2065 1116 2416 1169 similitudine
2458 1116 2587 1183 petit
2622 1116 2857 1169 Ecclesia
2913 1116 3139 1167 animum
3192 1129 3337 1166 suam
3384 1115 3618 1167 virtutum

2068 1211 2373 1278 pinguedine
2398 1210 2656 1278 saginari,
2688 1221 2743 1261 ut
2778 1210 2935 1277 digna
2965 1209 3192 1261 Domino
3240 1207 3403 1276 possit
3439 1206 3620 1261 oﬂ‘erri.

2066 1300 2283 1368 Pinguis
2316 1300 2457 1352 enim
2485 1300 2661 1353 anima
2690 1316 2810 1354 esse
2842 1316 2945 1353 nou
2975 1310 3172 1369 potest.
3204 1300 3305 1353 nisi
3344 1314 3372 1352 a
3418 1299 3626 1351 Domino

2069 1392 2469 1458 pastanituerit.
2496 1390 2601 1445 Sed
2630 1391 2884 1460 pinguedo
2916 1392 3108 1444 animm
3138 1390 3433 1444 divinarum
3465 1405 3626 1444 rerum

2068 1479 2285 1534 scientia
2308 1488 2412 1544 est,
2446 1489 2591 1533 recta
2627 1481 2775 1545 lides,
2813 1480 3132 1534 inconcussa
3166 1480 3438 1549 patientia,
3463 1489 3513 1531 et
3538 1494 3631 1532 cic-

2069 1588 2203 1642 tera,
2252 1576 2393 1630 unde
2434 1575 2614 1629 saeculi
2657 1575 2810 1628 istius
2864 1575 3063 1627 macies
3110 1576 3299 1642 jejuna
3345 1582 3631 1641 superatur.

2068 1666 2340 1736 Sequitur,
2365 1674 2412 1717 et
2434 1666 2569 1718 labia
2594 1665 2948 1718 exsultationis
2970 1664 3254 1718 laudabunt
3280 1680 3454 1716 nomen
3483 1674 3631 1715 tuum.

391 1772 435 1827 si
465 1774 544 1826 sol
568 1774 667 1826 iste
690 1788 788 1825 nos
821 1772 1003 1826 videre
1033 1754 1393 1841 l'acitquatido
1424 1770 1623 1825 lumine
1655 1785 1765 1824 suae
1799 1769 1960 1824 clari-
1994 1772 2041 1832 B
2067 1758 2219 1811 Sicca
2250 1757 2390 1810 ευίίιι
2435 1756 2568 1808 labia
2610 1754 2857 1809 ariditate
2883 1755 3111 1824 ρθοθθιίν
3145 1754 3340 1808 (“Villis
3374 1769 3476 1807 "0"
3507 1763 3639 1820 μοιρ-

386 1865 507 1919 tatis
537 1862 822 1927 infulserit,
855 1874 1055 1933 quanto
1088 1864 1256 1933 magis
1292 1863 1449 1916 virtus
1477 1860 1679 1925 divina,
1712 1860 1829 1914 sine
1859 1873 1963 1929 qua

387 1954 520 2008 nihil
546 1952 744 2009 bonum
778 1968 879 2008 nec
904 1954 1145 2021 accipere
1168 1968 1473 2021 possumus,
1502 1967 1601 2007 nec
1629 1961 1812 2007 tenere
1839 1952 1853 2005 !

459 2043 614 2098 Vers.
642 2044 696 2096 4.
728 2044 861 2108 Quia
889 2042 1069 2097 melior
1102 2055 1177 2097 est
1218 2044 1571 2098 misericordia
1598 2053 1686 2096 tua
1713 2059 1864 2113 super
1890 2042 1966 2094 vi-

387 2146 491 2187 tam
511 2149 530 2187 :
562 2134 699 2187 labia
726 2151 837 2188 mea
865 2135 1149 2188 laudabunt
1180 2145 1245 2189 te.
1278 2135 1330 2188 Μ
1340 2136 1687 2189 isericordiam
1716 2134 1845 2186 dicit
1866 2133 1968 2186 Do-

388 2225 518 2280 mini
548 2224 789 2293 praemia,
823 2242 941 2293 qurc
972 2227 1173 2280 sanctis
1200 2228 1312 2280 suis
1343 2226 1484 2296 larga
1517 2226 1713 2294 pietate
1741 2226 1965 2294 promit-

391 2314 476 2378 tit,
510 2330 628 2382 qua:
660 2314 816 2385 longe
847 2316 1021 2383 potior
1049 2324 1132 2370 est
1159 2332 1187 2368 a
1218 2317 1320 2369 vita
1337 2317 1610 2384 prteseuti.
1647 2317 1804 2369 lstam
1825 2316 1966 2369 enim

392 2404 811 2459 innumerabiles
834 2420 1087 2459 (IEI'UIIHNB
1130 2407 1424 2473 possident,
1454 2406 1596 2459 illam
1617 2406 1969 2475 tranquillitas

390 2504 590 2549 aeterna
610 2496 928 2559 comitatur;
960 2511 1078 2564 qua:
1095 2505 1295 2550 tantum
1320 2498 1483 2550 distat
1501 2512 1531 2551 a
1550 2496 1801 2551 mundiali
1827 2499 1966 2561 luce,

391 2595 645 2653 quantum
669 2596 930 2641 tormenta
962 2599 1181 2656 possunt
1220 2590 1286 2643 ab
1317 2599 1517 2644 (eterna
1546 2589 1730 2658 requie
1759 2588 1967 2644 discre-

394 2690 542 2743 pare.
578 2676 713 2730 llinc
733 2686 814 2731 est
843 2677 984 2746 quod
1029 2687 1083 2731 et
1123 2689 1417 2749 martyrum
1468 2687 1696 2733 catervae
1742 2690 1969 2734 mortem

394 2765 554 2834 hujus
579 2768 759 2821 saeculi
790 2768 1017 2823 libenter
1047 2768 1297 2823 allectum
1318 2810 1333 2835 ,
1369 2769 1489 2838 quia
1519 2780 1715 2824 norunt
1746 2785 1841 2839 pro
1866 2770 1971 2824 isto

394 2856 614 2910 interitu
646 2859 922 2927 temporali
966 2869 1217 2927 perpetire
1259 2874 1318 2913 se
1360 2875 1478 2914 esse
1516 2860 1784 2925 victuros;
1836 2860 1973 2913 sicut

392 2947 521 3001 dicit
550 2950 844 3017 Apostolus
872 2968 884 3002 :
919 2949 1041 3003 Non
1085 2962 1201 3004 sunt
1245 2951 1511 3023 condignae
1534 2952 1791 3020 passiones
1817 2950 1969 3020 hujus

393 3041 638 3106 temporis
671 3042 737 3094 ad
776 3044 1007 3110 futuram
1036 3044 1252 3113 gloriam
1281 3061 1395 3113 qum
1423 3045 1725 3098 revelabitur
1752 3047 1803 3097 in
1826 3044 1970 3100 nobis

2066 1859 2188 1903 rant.
2208 1849 2364 1918 207
2393 1847 2634 1901 laudibus
2663 1845 2945 1915 occupari;
2971 1847 3104 1900 sicut
3132 1856 3189 1900 et
3214 1847 3267 1899 in
3299 1846 3405 1899 alio
3438 1846 3632 1914 psalmo

2066 1942 2258 2010 legitur
2282 1958 2294 1992 :
2318 1938 2588 1993 Peccaturi
2609 1949 2774 1993 autem
2800 1939 2929 1992 dixit
2958 1938 3095 1991 Deus
3125 1954 3145 1992 :
3173 1939 3347 2005 Quare
3367 1949 3418 1991 tu
3449 1954 3645 1991 enarras

2056 2033 2287 2104 justitias
2317 2048 2450 2085 meas
2475 2029 2639 2101 (Psal.
2674 2046 2815 2093 χιιι,
2852 2030 2976 2099 16)?
3007 2039 3113 2085 etc.
3151 2030 3263 2085 Sed
3285 2045 3405 2084 cum
3442 2029 3646 2097 pingue-

2068 2124 2246 2177 dinem
2276 2120 2657 2175 misericordia:
2673 2120 2882 2173 Domini
2908 2119 3086 2172 anima
3108 2120 3308 2173 devota
3339 2118 3648 2187 perceperit,

2070 2227 2267 2266 nomen
2298 2211 2416 2281 ejus
2447 2210 2605 2279 digna
2640 2210 3001 2264 exsultatione
3028 2209 3302 2265 laudabit.

2144 2310 2294 2365 Vers.
2328 2310 2382 2362 7.
2410 2309 2469 2364 Si
2500 2325 2691 2361 memor
2737 2309 2811 2374 [ui
2842 2310 2915 2361 tui
2948 2326 3099 2375 super
3133 2320 3179 2363 st
3197 2306 3368 2363 ratum
3400 2326 3584 2374 meum,
3611 2311 3659 2362 in

2069 2400 2334 2454 matutinis
2356 2400 2635 2451 meditabor
2648 2400 2698 2451 in
2725 2409 2789 2454 te.
2816 2399 2867 2450 In
2888 2399 2993 2452 isto
3019 2407 3072 2453 et
3097 2401 3147 2452 in
3193 2401 3452 2455 inferiore
3482 2415 3656 2463 versu,

2069 2492 2171 2547 isto
2202 2492 2361 2545 modo
2410 2490 2786 2562 hypotheticus
2830 2491 2982 2544 nobis
3013 2491 3381 2562 syllogismus
3428 2502 3660 2561 apparet.

2070 2581 2127 2636 Si
2161 2596 2363 2636 memor
2395 2580 2468 2633 fui
2497 2581 2571 2634 tui
2596 2596 2758 2649 super
2786 2590 3012 2634 stratum
3072 2598 3296 2647 meum,
3328 2592 3383 2637 et
3419 2583 3469 2635 in
3502 2592 3663 2635 matu-

2074 2672 2197 2726 tinis
2221 2670 2519 2726 meditabor
2547 2672 2596 2724 in
2628 2680 2679 2725 te
2705 2689 2717 2723 :
2743 2672 2863 2740 quia
2890 2670 3061 2726 factus
3087 2687 3145 2726 es
3181 2673 3400 2742 adjutor
3428 2680 3669 2737 meus,et

2073 2764 2126 2818 in
2185 2762 2486 2817 velamento
2543 2763 2746 2816 alarum
2795 2772 3005 2815 tuarum
3044 2764 3373 2817 exsultabo.
3432 2766 3667 2816 Attamen

2074 2870 2279 2910 memor
2303 2856 2371 2908 fui
2414 2855 2487 2907 tui
2516 2869 2677 2922 super
2708 2865 2933 2908 stratum
2976 2870 3150 2908 meum
3176 2897 3192 2922 ,
3226 2865 3285 2911 et
3317 2857 3373 2911 in
3406 2852 3674 2909 matutinis

2076 2949 2371 3003 meditabor
2401 2947 2451 3001 in
2483 2958 2553 3011 te,
2579 2948 2700 3016 quia
2751 2947 2922 3001 factus
2946 2962 3005 3001 es
3036 2946 3273 3016 adji-tor
3306 2962 3481 3002 meus.
3512 2945 3566 2999 ln
3593 2960 3676 2999 ve-

2078 3041 2314 3095 lamento
2354 3040 2517 3108 igitur
2544 3041 2749 3093 alarum
2778 3050 2985 3093 tuarum
3027 3042 3359 3096 exsultabo.
3386 3040 3553 3109 llujus
3582 3039 3673 3091 ita-

399 3129 575 3198 (Rom.
613 3145 725 3193 Vlll,
754 3132 862 3201 18).
906 3134 1177 3200 Sequitur,
1230 3133 1367 3187 labia
1415 3150 1526 3185 mea
1581 3135 1861 3186 laudabunt
1905 3144 1972 3187 te.
2002 3135 2049 3198 C
2078 3142 2184 3201 que
2204 3130 2801 3185 smculidiflicultatibus
2828 3133 3192 3197 enumeratis,
3222 3147 3363 3200 quas
3390 3133 3443 3184 in
3466 3132 3676 3194 deserto,

399 3218 529 3274 Post
558 3220 812 3274 beneﬁcia
862 3237 980 3287 qua:
1032 3224 1314 3289 prmtuisit,
1367 3224 1576 3276 dewta:
1608 3223 1781 3277 laudis
1811 3223 1971 3277 obsc-

398 3310 580 3378 quium
611 3310 913 3378 pollicetur,
957 3311 1097 3379 quod
1145 3310 1255 3364 Deo
1295 3325 1517 3365 noverat
1565 3327 1687 3367 esse
1737 3311 1976 3380 gratissi-

400 3415 542 3455 mum
568 3416 584 3465 ;
613 3399 751 3454 sicut
776 3401 826 3454 in
858 3400 1148 3470 Evangelia
1181 3400 1436 3463 Dominus
1465 3401 1616 3466 dicit,
1647 3416 1767 3454 cum
1790 3402 1975 3456 decem

398 3504 673 3546 curasset:
711 3490 896 3545 Nonne
924 3493 1093 3546 decem
1122 3494 1351 3545 mandati
1379 3494 1622 3559 sunt?et,
1651 3491 1773 3546 Non
1796 3506 1869 3545 est
1888 3497 1977 3548 itt-

398 3591 573 3636 ventus
598 3584 688 3652 qui
712 3592 1062 3650 rwerteretur,
1094 3595 1141 3637 et
1171 3584 1316 3637 daret
1352 3584 1561 3638 laudem
1606 3583 1736 3652 Deo,
1769 3586 1866 3638 nisi
1897 3587 1978 3639 hic

400 3671 760 3726 Samaritanus
784 3673 935 3743 (Luc.
965 3690 1094 3741 xvu,
1128 3674 1257 3743 18)?
1285 3675 1475 3730 Sancta
1506 3676 1646 3729 enim
1680 3691 1832 3730 meus
1870 3677 1981 3730 dis-

399 3764 655 3818 simulare
686 3779 791 3818 non
823 3765 990 3818 voluit
1017 3767 1157 3830 quod
1187 3775 1514 3835 cognoverat
1561 3769 1942 3821 accusandum.

475 3854 627 3909 Vers.
656 3856 709 3909 5.
745 3854 834 3910 Sic
862 3857 1156 3909 benedicam
1181 3867 1226 3909 te
1255 3859 1307 3909 in
1340 3859 1441 3910 vita
1470 3875 1601 3923 mea,
1633 3868 1678 3911 el
1703 3860 1756 3913 in
1779 3861 1981 3915 nomine

399 3958 487 4001 tuo
514 3945 685 3999 levabo
716 3964 897 3999 manus
919 3964 1076 4001 meas.
1102 3947 1190 4002 Sic
1210 3948 1274 4001 ad
1300 3950 1574 4018 superiora
1602 3949 1837 4018 reSpicit,
1863 3968 1981 4020 quae

399 4037 613 4092 dixerat
654 4057 670 4093 :
713 4036 899 4091 Melior
944 4047 1017 4091 est
1071 4041 1421 4093 misericordia
1462 4050 1550 4092 tua
1599 4057 1751 4108 super
1805 4044 1977 4095 vitam.

400 4129 591 4186 Sermo
621 4130 797 4185 brevis
842 4133 893 4183 iu
941 4131 1169 4201 syllaba,
1204 4134 1297 4186 sed
1341 4133 1529 4201 ingens
1586 4134 1635 4185 in
1686 4134 1981 4200 quantitate

402 4221 707 4289 promissio.
747 4222 883 4286 Quid
913 4223 1055 4276 enim
1088 4225 1257 4291 majus
1289 4222 1450 4277 homo
1474 4223 1602 4277 dare
1627 4232 1977 4293 potestquam

400 4327 520 4365 eum
553 4313 792 4365 Creatori
825 4328 923 4365 suo
955 4314 1183 4365 libenter
1208 4315 1438 4366 animum
1473 4315 1728 4381 probatur
1753 4314 1980 4371 ollerre?

400 4400 662 4454 Benedicit
680 4403 820 4454 enim
849 4405 1209 4472 unusquisque
1233 4405 1397 4457 invita
1420 4420 1513 4457 sua
1544 4405 1775 4473 perfecte
1791 4406 1978 4472 Deum,

402 4492 614 4556 quando
646 4492 799 4545 bonis
829 4494 1080 4560 operibus
1115 4496 1164 4546 in
1207 4495 1305 4547 hac
1336 4496 1455 4548 luce
1498 4506 1761 4550 versatur.
1816 4498 1981 4551 Addi-

401 4580 496 4639 dit,
528 4584 644 4633 etin
672 4582 978 4636 nominetuo
1031 4583 1201 4635 levabo
1250 4600 1428 4637 manus
1477 4601 1632 4639 meas.
1670 4585 1731 4637 In
1783 4589 1982 4641 nomine

406 4673 615 4727 Domini
643 4674 770 4726 levat
796 4691 978 4727 manus
1009 4691 1069 4727 su
1091 4692 1154 4739 ιε,
1188 4674 1276 4744 qui
1308 4677 1561 4745 operibus
1607 4678 1808 4730 sanctis
1844 4680 1977 4732 insi-

402 4765 611 4832 stendo,
648 4765 815 4820 tensis
846 4767 1092 4820 manibus
1137 4777 1255 4820 orat
1296 4767 1363 4819 ad
1420 4767 1734 4833 Dominum,
1769 4778 1827 4823 ut
1865 4769 1977 4839 ipsa

401 4855 575 4909 oratio
597 4865 797 4910 Sanctte
844 4857 1018 4909 crucis
1064 4856 1306 4924 designet
1337 4857 1585 4925 efﬁgiem.
1632 4858 1787 4927 Saepe
1837 4861 1977 4912 enim

400 4960 808 5001 commentemur
830 4947 1003 5000 taliter
1027 4962 1290 5011 exorare;
1318 4964 1439 5001 nam
1457 4958 1508 5001 et
1538 4948 1745 5018 Moyses
1769 4950 1982 5018 quando

401 5048 586 5092 contra
622 5038 943 5093 Amaleeitas
974 5040 1242 5107 pugnavit,
1278 5040 1445 5094 tensis
1475 5040 1541 5094 ad
1593 5041 1785 5095 coelum
1814 5043 1984 5095 mani-

404 5132 502 5186 bus
527 5131 863 5199 supplicabat
907 5129 1104 5197 (Exod.
1134 5147 1259 5197 xvii,
1297 5132 1406 5200 ii).
1441 5132 1658 5201 Legitur
1680 5142 1731 5185 et
1777 5133 1829 5186 in
1874 5134 1981 5187 alio

403 5222 636 5289 psalmo:
671 5218 914 5287 Expandi
941 5238 1121 5274 manus
1145 5238 1279 5275 meas
1315 5223 1383 5274 ad
1412 5233 1458 5275 te
1494 5222 1663 5291 (Psal.
1697 5239 1860 5289 chu,
1894 5224 1980 5293 6);

402 5326 454 5366 et
485 5313 771 5382 Apostolus
797 5312 927 5367 dicit
953 5329 966 5365 :
1002 5312 1246 5368 Levautes
1272 5330 1430 5383 puras
1454 5330 1636 5367 manus
1663 5315 1770 5367 sine
1799 5315 1878 5368 ira
1930 5326 1976 5368 et

408 5408 766 5475 disceptatione
790 5404 840 5476 (I
877 5406 1005 5460 Tim.
1043 5421 1099 5471 ιι,
1133 5406 1212 5473 8).
1262 5408 1326 5459 Et
1358 5405 1595 5475 intellige
1630 5406 1752 5475 quia
1785 5405 1836 5460 in
1881 5407 1979 5460 hac

407 5517 655 5557 manuum
692 5505 1005 5560 extensione
1054 5519 1455 5559 commouemur
1504 5519 1722 5573 operam
1782 5504 1977 5560 debere

405 5608 502 5648 nos
534 5594 729 5648 habere
758 5596 1173 5663 sanctiSsimam,
1197 5610 1354 5664 quam
1381 5605 1433 5649 et
1462 5608 1647 5650 sancta
1677 5597 1809 5652 fides
1838 5612 1980 5652 com-

408 5688 643 5755 mendet,
668 5698 718 5740 et
741 5690 1006 5744 acdouum
1038 5690 1247 5745 foeditas
1282 5688 1425 5743 nulla
1457 5690 1831 5745 commaculet.

2077 3231 2124 3275 et
2151 3222 2203 3274 in
2231 3222 2384 3284 invio,
2418 3230 2463 3273 et
2492 3222 2737 3289 inaquoso
2777 3232 2965 3274 sancta
2996 3220 3265 3276 Ecclesia
3302 3224 3569 3282 toleravit,
3597 3234 3683 3274 ve-

2080 3312 2160 3367 nit
2186 3312 2251 3366 ad
2281 3310 2572 3366 secundum
2600 3311 2840 3377 modum,
2875 3312 2961 3366 ubi
2993 3316 3365 3368 securitatem
3399 3329 3553 3368 suam
3593 3312 3688 3366 Do-

2080 3403 2225 3457 mino
2252 3403 2445 3457 asserit
2475 3417 2596 3457 esse
2627 3402 2943 3470 subjectum,
2972 3404 3094 3472 quia
3125 3405 3243 3458 sub
3268 3406 3560 3459 velamento
3578 3405 3686 3458 ala-

2078 3510 2195 3547 rum
2216 3492 2332 3563 ejus
2363 3494 2704 3547 inimicorum
2746 3493 2919 3561 potuit
2954 3494 3123 3549 vitare
3176 3499 3506 3552 versutias:
3537 3495 3697 3566 signi-

2079 3584 2245 3640 ficans
2271 3595 2325 3639 et
2357 3586 2409 3639 in
2439 3586 2874 3640 tribulationibus
2909 3587 3085 3655 ipsum
3142 3593 3339 3658 expeti
3393 3591 3615 3652 debere,
3644 3598 3696 3643 et

2077 3674 2137 3730 in
2164 3677 2537 3730 securitatibus
2569 3678 2766 3731 nomini
2794 3676 2911 3745 ejus
2955 3692 3078 3732 esse
3139 3681 3537 3749 psallendum.
3570 3681 3699 3735 Nam

2081 3780 2201 3819 cum
2226 3765 2359 3819 dicit
2390 3782 2402 3816 :
2437 3764 2496 3820 Si
2520 3781 2708 3818 memor
2751 3767 2849 3835 fui,
2880 3767 3117 3820 ostendit
3153 3785 3221 3823 se
3256 3772 3693 3825 recordationem

2085 3856 2294 3910 Domini
2337 3872 2553 3926 semper
2599 3858 2872 3923 habuisse,
2925 3874 3026 3913 nec
3084 3860 3144 3915 in
3202 3864 3386 3919 rebus
3426 3863 3702 3932 prosperis

2082 3947 2301 4002 oblitam
2334 3948 2517 4013 fuisse,
2562 3950 2778 4018 quando
2803 3949 2979 4003 solent
3020 3950 3271 4007 humana
3301 3956 3481 4010 corda
3513 3955 3702 4008 collata

2082 4037 2341 4093 beneficia
2366 4039 2416 4092 iu
2445 4042 2698 4093 memoria
2745 4054 2847 4092 nou
2882 4042 3103 4095 habere.
3146 4043 3261 4097 Per
3288 4058 3529 4098 stratum
3571 4048 3707 4099 enim

2082 4128 2344 4197 signiﬁcat
2391 4129 2649 4196 quietem,
2684 4131 2769 4183 ubi
2811 4132 3125 4185 solemusin
3176 4149 3427 4190 somnos
3485 4151 3709 4203 corpora

2084 4232 2266 4274 neStra
2295 4222 2588 4287 remittere,
2624 4231 2677 4275 et
2700 4222 2763 4275 ad
2792 4222 3105 4277 reiectionis
3140 4227 3365 4292 gaudia
3401 4230 3714 4297 pervenire.

2084 4312 2383 4378 Aplattdum
2436 4323 2518 4366 est
2569 4314 2729 4368 rebus
2771 4317 3043 4383 prosperis
3092 4327 3151 4369 et
3211 4319 3460 4386 quietis,
3504 4320 3718 4388 quando

2086 4405 2251 4457 Deum
2282 4404 2333 4458 in
2363 4405 2618 4459 memoria
2642 4406 2727 4458 vix
2750 4406 3030 4459 habemus.
3078 4406 3263 4461 Redit
3295 4414 3457 4465 enim
3492 4411 3562 4465 ad
3596 4410 3725 4465 illud

2014 4506 2061 4562 Ι)
2085 4498 2224 4565 quod
2244 4498 2487 4563 superius
2518 4498 2676 4563 dixit,
2709 4499 2775 4551 ad
2805 4508 2850 4551 te
2873 4500 2937 4552 de
2968 4500 3081 4551 luce
3110 4502 3320 4570 vigilo.
3360 4505 3542 4559 Recte
3562 4504 3728 4571 siqui-

2087 4590 2206 4643 dem
2240 4589 2413 4643 fidelis
2442 4590 2494 4643 in
2523 4592 2783 4643 matutinis
2821 4590 3026 4660 vigilat,
3077 4595 3372 4660 quoniam
3437 4612 3545 4651 nec
3592 4598 3731 4649 inter

2087 4695 2339 4749 prospera
2382 4695 2477 4734 sua
2507 4680 2751 4735 oblivisci
2779 4690 2987 4749 poterat
3032 4681 3183 4735 lucis
3255 4696 3607 4750 auctorem;
3654 4684 3735 4737 bis

2088 4772 2372 4840 Apostolus
2394 4771 2524 4825 dicit
2550 4789 2562 4825 :
2584 4770 2686 4826 Vos
2704 4772 2822 4826 estis
2841 4772 2937 4838 ﬁlii
2955 4769 3085 4823 lucis
3100 4782 3153 4824 et
3184 4774 3300 4842 ﬁlii
3328 4777 3442 4831 diei
3468 4775 3527 4845 (1
3547 4776 3735 4830 Thess.

2089 4882 2140 4929 ν,
2176 4863 2250 4929 5).

2162 4963 2312 5019 Vers.
2331 4963 2385 5017 8.
2414 4964 2546 5030 Quia
2567 4965 2730 5034 factus
2755 4980 2804 5017 es
2831 4964 3039 5032 adjutor
3056 4980 3250 5034 meus,
3282 4978 3336 5021 et
3365 4970 3421 5022 in
3446 4969 3743 5025 velamento

2084 5052 2288 5107 alarum
2321 5063 2531 5108 tuarum
2553 5053 2841 5109 exsultabo.
2876 5053 3074 5109 Versus
3114 5055 3240 5112 iste
3275 5064 3545 5115 continet
3579 5063 3744 5115 bene-

2088 5148 2206 5201 licia
2246 5163 2363 5216 qua:
2402 5147 2477 5202 illi
2510 5146 2719 5201 fuerant
2774 5147 2998 5203 Domino
3044 5147 3356 5218 largiente
3411 5154 3646 5208 collata.
3691 5152 3749 5207 lu

2089 5238 2337 5306 periculis
2365 5238 2560 5306 quippe
2592 5238 2641 5293 ei
2674 5237 2770 5293 fuit
2799 5240 3025 5309 adjutcr,
3053 5249 3197 5293 cum
3236 5255 3407 5298 esset
3436 5247 3495 5297 in
3519 5248 3748 5307 deserto,

2082 5328 2205 5381 etin
2231 5328 2385 5392 invio,
2411 5338 2458 5381 et
2494 5328 2764 5397 inaquoso.
2794 5327 2906 5381 Sub
2948 5325 3145 5379 umbra
3203 5332 3443 5385 alarum
3489 5334 3616 5402 ejus
3664 5348 3753 5385 επ·

2082 5418 2241 5471 sultat
2281 5416 2543 5482 Ecclesia,
2575 5416 2791 5485 quando
2821 5427 2903 5470 est
2948 5432 3113 5477 supra
3153 5428 3416 5474 stratum
3454 5440 3651 5485 suum,
3706 5423 3754 5473 id

2081 5507 2259 5561 estin
2312 5505 2584 5575 prosperis
2633 5506 2914 5559 collocata.
2978 5504 3064 5557 Sic
3124 5506 3542 5566 intentionem
3590 5515 3757 5568 totius

2086 5598 2298 5666 psalmi,
2333 5597 2488 5650 unius
2516 5612 2702 5651 versus
2758 5596 3016 5651 brevitate
3054 5602 3399 5659 conclusit.

2156 5687 2307 5742 Vers.
2355 5685 2409 5743 9.
2454 5685 2677 5741 Adhaesit
2711 5688 3043 5741 animarmea
3078 5701 3218 5755 post
3257 5703 3355 5759 te;
3396 5711 3484 5747 mc
3528 5696 3761 5767 suscepit
