3956 6178
323 245 420 299 157

1262 253 1616 311 EXPOSITIO
1651 255 1717 309 IN
1760 256 2211 316 PSALTERIUM.
2259 262 2443 317 I‘S.\L.
2492 263 2668 319 LXIII.

3488 275 3587 327 4'58

321 366 530 415 dextera
561 370 670 417 tua.
708 362 1073 432 Respiciamus
1096 376 1275 422 votum
1303 369 1683 437 desiderantis,
1718 384 1774 427 ut
1798 389 1903 427 non
1935 377 1983 435 Α
2011 390 2041 428 e
2068 375 2192 441 iam,
2226 376 2483 431 laetabitur
2512 380 2563 432 in
2599 379 2838 447 Domino,
2884 382 2934 435 id
2980 393 3061 438 est
3108 386 3159 439 in
3214 387 3397 450 Patre;
3450 391 3585 443 sicut

321 469 378 507 se
409 454 636 508 vicinam
664 496 677 517 ,
732 456 822 510 sed
855 458 1127 511 adhwsisse
1176 460 1401 514 Domino
1446 463 1587 517 dicat
1629 464 1905 532 Ecclesia;

319 546 464 615 quod
503 548 725 601 verbum
756 550 1265 617 conglutinationem
1307 554 1591 625 quamdam
1625 556 1907 625 cognosci-

320 651 406 692 tur
434 639 715 705 indicare;
751 651 803 694 ut
838 658 1105 711 nunquam
1143 624 1420 698 recedata
1461 647 1603 701 bono
1638 649 1908 717 proposito

317 732 404 799 qui
432 729 676 785 adhmret
720 732 963 785 Domino.
1021 735 1171 800 Quod
1211 736 1370 789 nimia
1420 737 1678 803 ebaritas,
1714 738 1908 792 nimius

318 820 446 873 facit
474 820 719 885 aﬂ'ectus,
752 836 803 874 ιιι
849 822 921 876 ita
951 822 1253 891 diligamus,
1278 835 1540 893 quatenus
1571 828 1908 883 adhaerentes

317 910 452 975 Deo,
477 926 692 980 semper
720 927 837 967 esse
869 913 1132 981 possimus
1158 932 1172 980 ;
1207 915 1339 969 sicut
1362 928 1413 970 et
1434 918 1717 984 Apostolus
1745 918 1905 972 dicit:

319 1000 425 1066 Qui
452 1002 683 1057 adhwret
713 1002 935 1056 Domino
964 1021 1095 1057 unus
1125 1007 1334 1072 spiritus
1366 1018 1433 1059 est
1465 1007 1512 1077 (Ι
1545 1006 1662 1062 Cor.
1690 1025 1761 1075 vt,
1798 1010 1905 1078 l7).

315 1091 559 1158 Addidit,
595 1104 710 1163 post
732 1104 807 1157 te,
838 1095 960 1161 quia
991 1098 1227 1162 peccavit
1262 1096 1448 1150 Petrus
1490 1099 1760 1166 apostolus
1788 1115 1906 1153 cum

315 1182 516 1247 praeire
543 1183 734 1245 voluit,
766 1183 1075 1252 dictumque
1104 1194 1185 1237 est
1216 1186 1339 1239 illia
1370 1186 1410 1239 D
1434 1188 1594 1241 imino
1627 1206 1639 1241 :
1677 1190 1806 1243 Redi
1829 1207 1908 1243 re-

314 1279 394 1324 tro
422 1289 523 1337 me,
545 1272 773 1327 Satanas
793 1275 985 1343 (Marc.
1018 1291 1130 1339 vin,
1164 1274 1253 1345 '53)
1296 1278 1446 1342 Quod
1474 1282 1745 1347 proprium
1768 1281 1911 1334 Scri-

314 1364 715 1432 ptunedivinrc
744 1376 847 1430 est,
881 1378 931 1420 ut
962 1382 1095 1435 quos
1121 1370 1373 1421 Dominus
1415 1372 1642 1424 lilwrare
1686 1375 1903 1439 mavult,

315 1463 439 1521 post
470 1469 529 1508 se
559 1456 735 1509 redire
765 1458 1059 1525 prmeipiat,
1081 1458 1168 1511 ubi
1201 1458 1375 1513 nullus
1411 1461 1555 1514 locus
1585 1463 1782 1517 erroris
1804 1473 1905 1517 est.

313 1545 593 1613 Sequitur,
658 1563 737 1598 me
788 1549 1009 1618 suscepit
1070 1551 1275 1602 dextera
1325 1559 1433 1604 tua.
1466 1551 1687 1605 Dextera
1740 1554 1911 1608 Patris

312 1635 570 1690 Christus
600 1647 683 1691 est
713 1639 988 1702 Dominus,
1017 1642 1102 1708 qui
1130 1644 1348 1709 suscepit
1386 1645 1676 1698 Ecclesiam
1701 1646 1903 1700 alarum

316 1742 535 1779 suarum
571 1729 832 1779 velamine
861 1731 1259 1796 protegendum.

391 1816 547 1869 Vers.
583 1818 669 1870 10.
723 1817 835 1887 Ipsi
868 1835 978 1871 vero
1009 1820 1059 1871 in
1101 1836 1283 1872 uanum
1335 1822 1641 1889 qumsierunt
1681 1825 1904 1877 animum

311 1922 520 1970 meam;
549 1907 833 1959 introibant
874 1910 924 1959 in
966 1908 1211 1975 inferiora
1241 1919 1407 1962 terrae.
1442 1911 1576 1979 Ipsi,
1608 1926 1729 1966 cum
1757 1913 1905 1978 dicit,

312 1998 437 2054 illos
470 1998 736 2068 signiﬁcat
762 2002 851 2069 qui
880 2001 1345 2055 contrarietatibus
1372 2003 1615 2056 seelestis
1637 2003 1904 2058 Christum

310 2090 663 2158 exstinguere
680 2099 1016 2143 tentavcrunt
1039 2106 1053 2143 :
1076 2090 1127 2143 in
1160 2106 1264 2159 quo
1287 2106 1474 2145 omnes
1490 2095 1690 2158 sanari,
1719 2109 1906 2148 omnes

307 2180 500 2234 vivere
531 2180 907 2249 probitissinie
932 2181 1370 2248 cnmprohantur.
1422 2179 1487 2234 In
1534 2198 1721 2234 vanum
1767 2199 1902 2252 qua:-

308 2273 511 2325 sierunt
555 2272 785 2323 animam
818 2271 1002 2339 ipsius,
1033 2272 1246 2340 quando
1272 2273 1415 2327 falsis
1447 2275 1906 2330 criminatiOuibus

308 2360 637 2431 sanguinem
670 2360 785 2429 ejus
815 2360 1093 2416 effundere
1118 2362 1497 2430 decreverunt,
1529 2367 1616 2432 qui
1663 2376 1780 2433 post
1813 2367 1906 2419 tri-

307 2453 479 2507 duum
505 2462 907 2507 resurrecturus
963 2463 1080 2508 erat
1130 2454 1180 2507 in
1235 2455 1457 2522 gloriam
1495 2458 1899 2525 sempiternam.

308 2546 574 2615 Sequitur
616 2561 771 2614 pmna
818 2549 1174 2616 peccantium,
1221 2550 1504 2604 introibant
1548 2552 1601 2604 in
1658 2553 1904 2620 inferiora

307 2644 503 2689 terra:
534 2636 661 2704 quia
692 2652 795 2689 non
827 2637 891 2690 ad
914 2639 1078 2691 caelos
1107 2640 1274 2694 evecti
1328 2652 1469 2705 sunt,
1517 2642 1609 2695 sed
1654 2643 1901 2697 deorsum

306 2742 401 2780 ρος
434 2736 600 2780 terra:
621 2728 835 2782 Viscera
867 2731 1209 2785 Sttl'bucl'llttl.
1247 2733 1396 2786 Malae
1424 2734 1682 2802 siqnidetn
1706 2737 1903 2805 cogita-

307 2816 491 2869 tiones
518 2817 573 2869 in
600 2819 701 2869 ima
732 2830 887 2872 terra:
910 2835 1200 2888 verguntur
1219 2862 1232 2885 ,
1268 2824 1387 2891 quia
1437 2827 1503 2878 de
1524 2825 1651 2893 ipsis
1678 2838 1899 2892 exeunt,

306 2918 357 2961 ct
391 2912 448 2962 in
481 2909 725 2963 eundem
779 2912 964 2964 iterum
1012 2913 1377 2969 cmnositatem
1408 2916 1706 2970 volvuntur.
1751 2917 1901 2984 Quod

307 3000 516 3054 Jndwis
545 3003 821 3057 evidenter
842 3004 1055 3065 accidit,
1092 3022 1209 3058 cunt
1255 3008 1304 3060 itt
1361 3007 1731 3077 blasphemiis,
1764 3022 1818 3067 et
1847 3012 1900 3066 in

308 3092 619 3145 innocentis
642 3107 833 3148 cruore
864 3095 1065 3149 versati
1099 3108 1241 3150 sunt.

378 3185 548 3240 Vcrs.
569 3186 590 3238 ί
608 3189 625 3241 l
642 3228 654 3239 .
691 3186 979 3241 Tradentur
1001 3191 1050 3240 in
1076 3206 1251 3243 ntztnus
1275 3190 1455 3259 gladii,
1481 3205 1650 3259 partes
1675 3193 1903 3262 vulpium

306 3287 483 3332 erunt.
522 3276 732 3330 Tradita
750 3289 821 3332 est
848 3281 900 3332 in
927 3297 1103 3332 manus
1122 3280 1282 3348 gladii
1301 3295 1429 3349 gens
1452 3280 1658 3349 Judaaa,
1692 3283 1903 3352 quando

306 3386 429 3421 eam
458 3371 730 3437 principes
758 3369 1115 3424 Romanorum
1145 3371 1503 3441 Vespasianus
1530 3383 1585 3427 et
1612 3374 1763 3428 Titus
1791 3391 1897 3430 cae-

304 3462 371 3515 de
406 3460 773 3530 incendioque
799 3471 1157 3516 vastaverunt.
1205 3462 1381 3534 Vulpis
1413 3466 1556 3519 enim
1587 3468 1725 3521 inter
1760 3466 1902 3521 feras

305 3552 513 3605 animal
539 3560 621 3606 est
642 3554 861 3606 omnino
906 3553 1214 3619 Subdolum,
1247 3556 1386 3623 quod
1415 3567 1465 3609 et
1512 3558 1789 3611 fraudibus
1819 3559 1900 3613 ci-

308 3643 442 3695 bum
476 3644 694 3711 quzerit,
726 3652 778 3698 et
807 3645 1033 3697 salutem
1084 3660 1235 3698 suam
1269 3645 1463 3699 callida
1517 3648 1761 3703 illusiOne
1809 3664 1901 3704 cu-

305 3734 500 3787 stodit.
530 3736 625 3789 llis
657 3736 850 3790 metito
880 3736 1049 3791 dolosi
1081 3737 1324 3792 homines
1358 3752 1763 3809 comparantur,
1808 3743 1898 3811 qui

307 3826 564 3879 simulata
593 3832 823 3881 versutia
849 3830 1155 3898 iniquitates
1182 3846 1305 3885 suas
1336 3833 1549 3888 eilicerc
1580 3837 1893 3888 moliuntur.

307 3919 464 3983 Quod
494 3919 635 3973 bene
682 3922 746 3973 ad
782 3921 1042 3974 Herodem
1103 3922 1353 3989 refertur,
1389 3926 1455 3979 de
1502 3944 1608 3995 quo
1644 3929 1899 3984 Dominus

304 4010 486 4063 dixit;
528 4008 629 4074 Ite,
661 4021 706 4064 et
735 4012 884 4066 dicite
909 4014 1049 4081 vu'pi
1083 4014 1201 4067 illi:
1235 4014 1355 4067 Non
1396 4016 1740 4085 apprehende:
1773 4035 1895 4086 pro.

306 4100 513 4166 phetam
540 4112 685 4153 extra
708 4099 993 4154 Jerusalem
1025 4102 1173 4171 (Luc.
1210 4119 1319 4168 χιιι,
1346 4103 1457 4173 3:2).
1490 4105 1553 4158 Et
1582 4106 1632 4158 in
1666 4104 1898 4161 Canticis

305 4188 656 4243 Canticorum
689 4193 789 4242 ait:
818 4190 994 4260 Cuple
1021 4194 1163 4245 nobis
1184 4194 1354 4263 vulpes
1398 4197 1793 4250 exterminantes
1822 4199 1899 4251 vi-

307 4295 456 4331 neam
491 4278 668 4347 (Cant.
701 4296 759 4342 u,
795 4282 904 4349 15).
955 4282 1105 4346 Quod
1158 4283 1397 4337 bestiola:
1434 4298 1603 4353 genus
1656 4287 1705 4338 in
1758 4286 1896 4341 malo

307 4371 627 4436 frequenter
660 4370 891 4436 ponitur,
929 4373 1179 4438 quoniam
1234 4373 1394 4427 nimia
1440 4374 1595 4443 (sicut
1642 4376 1893 4446 diximus)

2012 464 2127 529 ipse
2157 476 2380 521 testatur
2407 485 2419 520 :
2456 468 2565 538 Ego
2592 470 2644 522 in
2680 468 2836 524 Patre
2856 482 2901 524 et
2928 471 3083 527 Pater
3112 476 3162 528 in
3189 493 3265 529 mc
3301 487 3373 531 est
3403 476 3581 547 (Joan.

2012 572 2119 625 xtv,
2151 560 2258 629 10).
2288 561 2517 629 Adjecit,
2549 562 2896 617 laudabuntur
2916 581 3107 620 omnes.
3133 567 3266 621 Cum
3297 570 3465 623 sancti
3494 571 3585 624 Dei

2011 649 2279 705 Christum
2310 653 2546 717 laudant,
2575 654 2672 720 ipsi
2698 654 2831 708 fiunt
2851 657 2965 710 sine
2991 658 3324 714 dubitat‘one
3345 661 3583 716 laudabi-

2011 744 2113 808 les,
2146 745 2269 813 quia
2298 761 2401 799 non
2451 756 2676 815 possunt
2700 750 2967 815 praeconia
3007 753 3123 817 ejus
3154 752 3312 821 digne
3343 769 3583 819 narrare,

2011 833 2115 889 nisi
2141 835 2229 903 qui
2260 835 2325 889 ad
2350 836 2575 902 palmam
2604 823 2947 905 indulgentiae
2966 841 3256 895 meruerint
3283 846 3583 908 pervenire.

2012 924 2251 993 Addidit,
2282 928 2370 992 qui
2407 930 2594 997 jurant
2622 929 2675 981 in
2703 946 2782 984 eo.
2830 930 2941 983 Non
2976 932 3130 995 dixit,
3158 934 3245 1001 qui
3273 934 3455 1003 jnrant
3495 953 3587 1004 per

2009 1032 2153 1082 eum,
2180 1035 2247 1072 ne
2267 1019 2640 1088 jusjurandum
2658 1021 2908 1076 crederes
2932 1024 3266 1093 imperatum,
3292 1030 3430 1096 quod
3460 1030 3586 1084 alibi

2010 1115 2244 1168 vetuisse
2267 1116 2630 1183 cognoscitur.
2665 1117 2781 1184 Ipse
2810 1120 2951 1171 enim
2982 1120 3111 1173 dicit
3143 1138 3155 1172 :
3188 1121 3363 1176 Nolite
3378 1128 3582 1194 jurare,

2010 1220 2168 1269 neque
2188 1223 2275 1268 per
2296 1207 2496 1272 caelum,
2524 1223 2684 1275 neque
2699 1224 2788 1273 per
2809 1220 2993 1262 terram
3019 1210 3229 1279 (Matth.
3265 1228 3317 1279 ν,
3347 1214 3457 1282 54),
3482 1226 3587 1271 etc.

2011 1296 2315 1368 Sedjurant
2338 1299 2390 1351 in
2422 1316 2497 1363 eo,
2539 1300 2630 1368 qui
2670 1302 2718 1353 ei
2766 1304 2961 1356 mentis
3015 1306 3326 1375 obsequium
3359 1310 3587 1364 inviola—

2010 1388 2121 1443 bile
2153 1391 2614 1456 compromittunt.
2673 1392 2803 1446 Nam
2851 1403 2906 1447 et
2931 1395 3055 1449 alibi
3084 1398 3301 1452 verbum
3336 1400 3474 1455 istud
3507 1406 3583 1456 si-

2009 1482 2224 1550 gnificat
2255 1485 2657 1550 promissionem
2685 1485 2914 1553 ﬁdelem,
2955 1487 3093 1541 sicut
3114 1500 3166 1543 et
3194 1490 3590 1561 inaliopsalmo

2012 1572 2242 1641 legitur:
2288 1573 2491 1625 Juravit
2528 1574 2775 1628 Dominus
2831 1575 2994 1630 David
3048 1580 3344 1647 veritatem,
3396 1594 3443 1637 et
3490 1602 3591 1638 non

2013 1663 2341 1732 frustrabitur
2392 1681 2503 1717 eum
2558 1663 2728 1731 (Psal.
2773 1680 2954 1731 CXXXI,
2990 1668 3100 1738 lt).
3154 1670 3345 1726 Jurare
3392 1676 3591 1744 quippe

1940 1739 1982 1795 Β
2018 1755 2280 1809 Divinitas
2313 1768 2408 1823 per
2438 1755 2603 1809 alium
2642 1771 2746 1809 non
2776 1765 3004 1824 poterat,
3035 1774 3153 1828 ane
3198 1764 3429 1818 similem
3483 1781 3589 1821 non

2013 1843 2256 1900 habebaL

2087 1936 2218 2001 Quia
2250 1934 2558 1988 obstructum
2600 1946 2673 1990 est
2704 1954 2759 1990 os
2791 1937 3109 2005 loquentium
3148 1942 3347 2012 iniqua.
3395 1946 3588 2001 Reddit

2009 2042 2225 2081 causam
2255 2026 2469 2089 imtitim,
2496 2026 2638 2081 unde
2667 2042 2757 2081 rex
2798 2029 3007 2082 laetetur
3035 2031 3084 2084 in
3116 2031 3358 2098 Domino,
3390 2043 3443 2089 et
3472 2036 3585 2090 latt-

2010 2116 2203 2169 dentur
2228 2131 2415 2170 omres
2437 2118 2522 2184 qui
2556 2117 2603 2172 ei
2638 2118 3005 2185 promissionis
3034 2134 3145 2175 sum
3163 2123 3499 2182 devotionem
3523 2128 3584 2181 ﬁ-

2011 2207 2205 2261 deliter
2237 2208 2617 2275 impleverunt.
2656 2210 2790 2274 Quia
2841 2210 3147 2266 obstructum
3177 2225 3249 2269 est
3277 2232 3332 2269 os
3379 2219 3589 2289 loquen-

2011 2300 2136 2351 tium
2163 2298 2357 2365 iniqua.
2392 2298 2444 2351 In
2466 2299 2567 2351 isto
2590 2300 2787 2353 mundo
2816 2317 2922 2355 non
2954 2308 3169 2357 omnino
3198 2311 3582 2376 conticescunt,

2010 2388 2320 2457 quiiniptis
2370 2390 2727 2444 locutionihus
2776 2394 2993 2445 studere
3045 2410 3431 2453 monurantur.
3480 2404 3586 2456 Sed

2011 2480 2201 2532 melius
2226 2490 2433 2548 tempus
2465 2481 2605 2533 illius
2642 2480 2987 2550 judicationis
3017 2486 3336 2553 advertitur,
3375 2492 3588 2558 quando

2008 2570 2331 2637 generaliter
2389 2571 2632 2624 convicta
2695 2574 2869 2626 omnis
2924 2574 3177 2644 iniquitas
3228 2578 3584 2642 obmutescet.

2009 2661 2171 2731 208
2191 2670 2244 2714 et
2272 2660 2493 2715 ulterius
2524 2676 2630 2715 non
2667 2662 2914 2732 loquetur
2942 2666 3080 2734 quod
3132 2668 3435 2723 nullatenus
3484 2673 3583 2725 sibi

2011 2750 2266 2819 prodesse
2287 2752 2581 2820 cognoscit.
2607 2752 2671 2805 Et
2696 2753 2910 2808 intende
2938 2755 3077 2824 quod
3102 2757 3153 2809 in
3178 2757 3314 2811 binis
3339 2761 3582 2827 superine

2008 2842 2154 2896 ribus
2182 2842 2430 2897 versibus
2481 2850 2822 2910 peccatorum
2874 2845 3105 2900 vindicta
3160 2850 3321 2903 relata
3373 2861 3479 2916 est,
3521 2839 3577 2905 et

2011 2943 2319 2988 sanctorum
2351 2948 2471 2987 cum
2501 2934 2724 2987 Domino
2752 2934 3023 2988 beatitudo
3062 2948 3272 2991 narrata
3301 2948 3403 2992 est.
3428 2940 3578 3007 Quod

2011 3026 2225 3080 schema
2257 3025 2443 3081 Graece
2469 3026 2662 3080 dicitur
2691 3027 3056 3097 syndiasmos,
3095 3028 3284 3083 Latine
3329 3032 3576 3098 collatio;

1929 3101 1975 3163 C
2008 3118 2149 3188 quod
2184 3116 2270 3171 hic
2312 3116 2520 3172 aestimo
2558 3127 2924 3184 competenter
2980 3119 3288 3187 aptandum,
3330 3123 3578 3192 quoniam

2007 3209 2343 3264 diversarum
2374 3208 2602 3278 partium
2634 3207 2774 3262 bona
2822 3210 3066 3280 malaque
3103 3212 3390 3269 collatione
3442 3215 3581 3267 facta

2005 3302 2327 3358 referuntur.

2538 3411 2810 3469 Conclusio
2839 3413 3045 3484 psalmi.

2074 3527 2120 3582 0
2150 3540 2277 3581 vere
2301 3535 2487 3580 sancta
2514 3535 2683 3580 mater
2716 3527 2972 3591 Ecclesia,
3005 3542 3123 3594 quae
3154 3526 3343 3582 fideles
3367 3530 3476 3584 Deo
3500 3544 3585 3582 sa-

2003 3618 2110 3673 cris
2135 3619 2307 3672 nutris
2330 3618 2605 3685 uberibus,
2639 3629 2692 3671 et
2724 3617 2853 3671 facis
2885 3620 3002 3672 sine
3031 3619 3219 3673 dolore
3262 3620 3423 3685 ferre,
3463 3637 3582 3689 qnze

2005 3720 2057 3765 te
2084 3712 2135 3763 in
2165 3710 2348 3763 mundi
2375 3709 2529 3763 isdus
2560 3710 2937 3763 colluctatione
2969 3710 3021 3763 lii
3044 3720 3197 3765 outer
3234 3714 3431 3767 asseris
3465 3728 3583 3780 per-

2003 3804 2207 3856 tulisse.
2242 3802 2385 3855 Dicis
2418 3801 2580 3855 etiam
2607 3804 2806 3870 gratias
2839 3802 3065 3856 Domino
3095 3820 3307 3873 semper
3340 3821 3459 3860 esse
3501 3824 3583 3861 rc—

2004 3896 2280 3961 ferendas,
2308 3905 2364 3949 ttt
2404 3910 2674 3962 nunquam
2722 3895 2994 3948 tribulatio
3044 3898 3343 3966 demerget,
3368 3916 3487 3953 cum
3530 3903 3581 3954 in

2004 3989 2134 4056 ipsis
2161 3987 2332 4052 nobis,
2366 3987 2506 4055 quod
2533 4001 2715 4040 ainare
2749 3987 3039 4055 possimus,
3072 4004 3330 4058 exponas.
3382 3992 3584 4047 Deinde

2003 4079 2131 4149 quid
2168 4079 2343 4143 malis,
2376 4076 2502 4145 quid
2558 4077 2711 4129 bonis
2760 4078 3043 4144 provenire
3074 4080 3261 4146 possit,
3291 4083 3531 4135 ostendis
3563 4100 3576 4145 ;

2002 4180 2268 4239 quatenus
2314 4168 2455 4221 omni
2511 4166 2843 4220 dubitatione
2882 4168 3114 4232 detersa,
3159 4183 3286 4221 vero
3343 4169 3580 4240 Principi

2005 4260 2127 4314 totis
2196 4258 2496 4313 devotionis
2537 4256 2745 4310 nisibus
2806 4257 3087 4313 serviatur.
3138 4259 3407 4323 Concede,
3472 4265 3579 4317 lies

2004 4362 2225 4415 aeterne,
2250 4361 2305 4405 ut
2330 4351 2416 4420 qui
2441 4364 2581 4404 nunc
2607 4360 2807 4404 sancta:
2839 4352 3023 4404 matris
3052 4352 3429 4418 praedicatione
3456 4372 3583 4425 gan-

306 4458 607 4511 caltistate
636 4468 719 4511 est
746 4468 1039 4513 versutum.
1093 4463 1261 4515 Judwi
1294 4440 1457 4517 enim.
1489 4466 1729 4519 caelestia
1780 4440 1897 4524 crt-
1931 4465 1978 4525 D
2005 4446 2193 4499 demus
2217 4484 2233 4509 ’
2262 4442 2604 4512 indulgentia:
2648 4453 2750 4496 tum
2776 4440 2957 4496 [muro
2980 4460 3201 4499 'mmere
3226 4446 3579 4515 perfruamur'

306 4549 437 4602 dere
466 4549 780 4613 noluerunt,
813 4560 865 4604 et
897 4561 1064 4618 partes
1096 4554 1325 4623 vulpium
1353 4555 1477 4609 facti
1525 4568 1669 4621 sunt,
1716 4559 1764 4611 id
1814 4570 1896 4615 est

306 4638 361 4691 in
389 4640 745 4694 sebdolorum
774 4643 1025 4696 malitiam
1054 4647 1399 4699 transierunt.
1430 4648 1555 4700 Sive
1586 4659 1757 4718 partes
1784 4653 1893 4704 vul-

306 4734 452 4799 pium
480 4740 651 4796 erunt,
685 4731 813 4786 illud
852 4734 1134 4803 signiticat,
1182 4737 1395 4804 quando
1426 4739 1476 4790 in
1508 4738 1592 4791 iila
1624 4739 1895 4813 Jerosoiy-

306 4826 507 4879 mitana
538 4826 838 4880 vastatione
881 4829 1138 4882 cadavera
1167 4829 1473 4884 ludat-orum
1505 4846 1643 4885 escze
1683 4833 1896 4889 l'tterunt

304 4916 535 4985 vulpium
566 4916 913 4987 ferarumque
956 4920 1303 4989 reliquarum.
1336 4922 1453 4986 Vel,
1494 4924 1633 4978 sicut
1664 4925 1786 4979 aliis
1814 4927 1892 4981 vi-

305 5020 425 5061 sum
447 5019 549 5073 est,
577 5008 752 5063 Judaei
779 5020 943 5077 partes
974 5014 1201 5082 vulpium
1230 5025 1375 5079 sunt,
1408 5014 1533 5068 dum
1578 5030 1638 5070 se
1689 5017 1896 5074 dolosis

305 5110 363 5155 et
392 5100 755 5156 fraudulentis
782 5118 941 5172 prava
974 5106 1245 5161 voluntate
1276 5109 1627 5179 conjungunt.

384 5190 532 5245 Vers.
565 5190 652 5245 12.
688 5190 799 5245 Rea:
821 5210 935 5247 vero
962 5196 1217 5250 lartabitur
1242 5198 1297 5250 in
1327 5198 1577 5267 Domino;
1606 5201 1896 5258 laudabun-

306 5291 397 5334 tur
418 5300 591 5337 omnes
635 5284 720 5353 qui
760 5286 944 5354 jurant
1000 5287 1053 5341 in
1098 5306 1175 5341 eo.
1230 5289 1417 5361 Regem
1449 5292 1576 5346 dicit
1613 5293 1892 5349 Dominum

303 5376 671 5442 Salutarem;
698 5379 811 5447 ipse
857 5382 997 5433 enim
1029 5391 1111 5434 est
1146 5381 1253 5435 Rex
1306 5384 1357 5436 in
1412 5393 1704 5453 aeternum,
1747 5388 1889 5456 quod

306 5470 407 5536 ipsi
453 5470 757 5538 specialiter
795 5477 1087 5526 convenire
1138 5473 1393 5529 iudicavit
1432 5476 1891 5531 incmnmutabilis

303 5561 485 5615 titulus
517 5562 806 5632 passionis.
839 5562 967 5617 Nam
998 5577 1052 5619 et
1080 5565 1193 5635 ipse
1225 5566 1570 5638 interroganti
1605 5570 1773 5624 Pilum
1816 5569 1885 5624 de

302 5665 368 5707 se
388 5649 551 5707 dixit:
581 5650 695 5723 Ego
720 5654 770 5707 in
799 5654 893 5708 hoc
914 5666 1064 5709 natus
1092 5672 1201 5710 sum
1229 5656 1403 5739 Quen.
1431 5676 1576 5717 xvtn.
1610 5661 1724 5730 δῖ).
1754 5660 1890 5715 Dicit

2268 4583 2629 4639 EXPOSITIO
2660 4582 2725 4636 IN
2773 4581 3094 4639 PSALMUM
3128 4585 3311 4641 LXIII.

2465 4692 2529 4746 In
2550 4693 2727 4762 ﬁnem,
2756 4695 2984 4764 psalmus
3013 4696 3198 4750 David.

2072 4836 2234 4891 Tituli
2262 4835 2417 4901 hujus
2448 4834 2607 4888 verba
2629 4835 2784 4904 (sicut
2812 4850 2957 4901 smpe
2980 4836 3178 4891 dictum
3207 4840 3311 4909 est)
3336 4841 3581 4899 ahsMnte

2002 4930 2310 4985 referuntur
2362 4928 2424 4981 ad
2480 4927 2765 4981 Dominum
2818 4928 3110 4996 Christum,
3143 4932 3233 5000 qui
3286 4947 3377 4999 per
3410 4944 3575 4987 totum

2001 5022 2265 5090 psalmum
2297 5020 2573 5073 locuturus
2601 5027 2702 5074 est.
2733 5018 2869 5093 Sunt
2894 5020 3034 5073 enim
3063 5020 3181 5075 sine
3207 5022 3381 5090 aliqua
3418 5027 3579 5075 ltism-

2001 5112 2094 5166 rize
2125 5111 2431 5165 narratione
2461 5110 2781 5178 conscripta,
2820 5120 2877 5163 ut
2904 5111 3020 5179 ipsa
3058 5113 3271 5167 claritas
3316 5116 3451 5168 tituli
3501 5122 3575 5169 ht-

2000 5220 2117 5258 cem
2152 5205 2304 5259 nobis
2335 5203 2540 5259 venturi
2581 5202 2766 5272 psalmi
2795 5204 3037 5257 videatur
3062 5204 3267 5260 amare.
3300 5207 3392 5259 Est
3431 5209 3573 5265 enim

2005 5295 2268 5349 Dominus
2298 5294 2365 5349 de
2400 5310 2495 5348 sua
2526 5295 2773 5362 passione
2803 5294 3067 5361 dicturus,
3099 5311 3216 5364 qure
3249 5298 3447 5351 mundo
3495 5303 3573 5353 vi-

2001 5396 2105 5440 tam
2135 5386 2399 5457 praestitit,
2431 5394 2486 5438 et
2523 5386 2703 5439 lumen
2754 5386 3086 5440 credulitatis
3134 5388 3341 5441 infudit.
3376 5392 3575 5447 Audia-

1997 5492 2115 5531 mus
2144 5492 2270 5544 ergo
2295 5476 2512 5529 intentis
2542 5474 2753 5539 animis,
2800 5478 2919 5545 quia
2956 5478 3076 5531 licet
3107 5493 3249 5545 δωρ-
3279 5493 3575 5549 repetatur,

1999 5584 2187 5623 novam
2221 5578 2396 5621 tamen
2448 5567 2728 5621 utilitatem
2784 5583 2848 5623 ex
2900 5584 2961 5623 ea
3009 5584 3224 5640 semper
3255 5576 3576 5645 accipimus.

1994 5662 2093 5726 Qui
2155 5659 2387 5729 psalmus
2448 5669 2631 5715 sextus
2673 5672 2794 5714 esse
2847 5664 3188 5730 cognoscitur
3249 5668 3435 5725 horum
3490 5688 3583 5740 «μη
