3956 6178
397 244 499 299 639

1624 235 1696 290 Μ.
1737 232 2017 290 ΑυιιΕιιι
2057 231 2451 290 CASSIODORI

3539 227 3644 280 ιω

392 356 696 427 passionem
745 352 1302 422 resurrectioncmquc
1342 349 1661 406 dominicam
1694 346 1841 403 brevi
1879 360 1965 401 re-
2000 346 2046 405 Α
2074 360 2220 399 mum
2252 345 2352 399 silii
2387 352 2631 411 noceant,
2672 341 2761 412 qui
2817 340 3043 398 alterum
3095 354 3324 409 gravare
3366 338 3646 394 festinant.

397 449 596 503 latione
620 447 953 515 contingunt.

968 556 1161 611 Divisio
1198 558 1405 627 psalmi.

468 669 579 722 ilex
603 676 657 721 et
676 675 833 734 caput
860 675 1099 719 nostrum
1127 666 1386 721 Dominus
1399 664 1644 721 Christus
1664 679 1852 720 verum
1876 664 1968 718 ho-

395 760 594 813 minem
625 771 683 812 se
710 763 1111 824 assumpturum
1143 770 1263 812 esse
1288 755 1593 821 declamas,
1627 758 1796 825 prima
1822 755 1985 823 νοεῖ--

395 853 539 905 tione
566 857 683 903 orat
709 858 813 902 uta
839 848 1018 915 populi
1039 846 1245 903 Judaici
1271 849 1462 903 timore
1486 848 1742 903 liberetur
1769 863 1786 901 :
1817 845 1971 900 dolos

397 955 582 993 eorum
617 939 860 1008 factaque
884 939 1065 1008 impia,
1117 939 1269 1009 quasi
1311 938 1421 1009 jam
1472 939 1672 997 fuerint
1702 946 1968 992 transacta

393 1044 845 1086 commemorans.
879 1031 1087 1085 Docens
1108 1030 1231 1086 illos
1254 1031 1516 1087 defecisse
1546 1031 1597 1085 in
1631 1028 1965 1099 persecutio-

394 1121 550 1178 nibus
570 1123 701 1186 suis,
735 1137 795 1176 se
819 1132 994 1177 autem
1025 1122 1090 1176 ad
1134 1122 1547 1178 resurrectionis
1576 1123 1803 1192 gloriam
1853 1135 1973 1190 per-

393 1215 622 1268 venisse.
646 1213 892 1267 Secimda
924 1214 1191 1281 positione
1220 1214 1409 1268 irridet
1451 1215 1713 1268 saevitiam
1755 1213 1969 1268 Judeeo-

396 1320 511 1358 rum
537 1346 553 1371 ,
585 1305 705 1372 quia
745 1303 914 1373 magis
942 1304 1040 1371 ipsi
1064 1304 1367 1359 conturliati
1398 1314 1521 1359 sunt
1560 1305 1628 1359 de
1665 1304 1969 1359 sceleribus

394 1397 524 1458 suis,
553 1396 767 1465 quando
797 1405 1111 1464 resurgente
1132 1397 1381 1462 Domino,
1411 1397 1530 1466 ejus
1550 1396 1864 1450 annuntiata
1888 1405 1971 1451 est

393 1488 663 1543 fortitudo.
698 1488 847 1543 Tunc
875 1486 1018 1543 enim
1051 1489 1230 1544 laetitia
1256 1489 1549 1559 justorum,
1578 1500 1630 1544 et
1652 1499 1813 1544 recta:
1840 1490 1965 1545 lidei

392 1577 559 1630 virtus
588 1578 855 1646 apparuit.

923 1688 1195 1758 Expositio
1224 1690 1432 1760 psalmi.

470 1801 618 1855 Vers.
639 1800 689 1854 l.
720 1800 942 1865 Exaudi,
967 1800 1128 1867 Deus,
1160 1802 1436 1857 orationem
1485 1819 1648 1857 meam
1671 1820 1785 1856 cum
1808 1804 1968 1856 tribu-

393 1892 493 1954 lor;
521 1907 553 1943 a
582 1891 761 1944 timore
790 1891 983 1944 inimici
1012 1892 1147 1961 eripe
1169 1894 1393 1946 animam
1419 1910 1602 1947 meam.
1632 1894 1676 1948 A
1703 1904 1848 1963 parte
1871 1893 1971 1947 htt-

395 1980 665 2034 ntanitatis
695 1989 1007 2050 assumptis,
1040 1980 1093 2035 in
1134 1998 1236 2051 qua
1268 1998 1523 2052 passurus
1565 1994 1702 2051 erat,
1736 1984 1968 2054 postulat

394 2071 650 2125 Dominus
690 2072 955 2141 Christus,
1011 2081 1069 2128 ut
1121 2072 1173 2128 in
1221 2074 1562 2129 tribulatione
1610 2075 1791 2142 positi,
1840 2074 1960 2141 ejus

390 2163 697 2216 exaudiatur
726 2164 915 2228 oratio,
944 2163 1155 2232 quando
1187 2164 1312 2218 totis
1358 2163 1560 2219 viribus
1600 2165 1796 2233 petitur
1825 2163 1966 2232 quod

392 2251 650 2321 prodesse
677 2253 922 2307 sentitur.
954 2253 1060 2309 Sed
1093 2254 1215 2323 quid
1250 2263 1394 2323 petat
1432 2254 1739 2324 diligentius
1773 2254 1961 2308 audia-

393 2355 532 2395 mus.
559 2339 805 2405 Subdidit
833 2342 1000 2408 enim,
1049 2359 1080 2395 a
1123 2345 1302 2398 timore
1330 2345 1525 2397 inimici
1564 2346 1703 2412 eripe
1740 2344 1967 2397 animam

394 2450 577 2488 meam.
597 2435 711 2489 Non
735 2436 959 2503 postulat
987 2444 1043 2489 ut
1062 2437 1279 2491 minime
1303 2454 1398 2506 pro
1418 2438 1654 2492 omnium
1676 2438 1847 2492 salute
1864 2451 1968 2490 mo-

394 2525 561 2580 riatur
574 2524 737 2597 [unde
751 2527 959 2580 Petrum
972 2528 1145 2597 arguit
1160 2528 1443 2584 dicentem:
1462 2528 1724 2599 Propitius
1737 2528 1825 2583 tibi
1836 2537 1964 2595 esto,

394 2615 633 2684 Domine,
650 2633 749 2671 non
760 2617 853 2672 erit
866 2618 954 2672 tibi
968 2620 1061 2671 hoc
1074 2618 1291 2691 (Matth.
1303 2636 1412 2687 xvr,
1426 2620 1663 2692 22)],sed
1676 2628 1730 2674 ut
1743 2637 1774 2673 a
1791 2623 1967 2674 timore

394 2706 575 2775 pepuli
637 2710 1005 2777 persequentis
1033 2711 1206 2763 animo
1250 2722 1422 2781 erepta
1452 2720 1653 2766 saneta:
1682 2712 1965 2781 dispensa-

392 2797 554 2853 tionis
588 2814 700 2852 sua:
721 2799 983 2867 compleat
1019 2801 1341 2870 passionem.
1372 2802 1461 2857 Sic
1507 2802 1647 2856 cnim
1692 2801 1961 2871 proposita

392 2887 528 2941 bona
550 2888 614 2940 ad
636 2887 880 2943 elTectum
909 2890 1240 2957 perveniunt,
1263 2891 1476 2960 quando
1498 2907 1826 2962 persequens
1853 2909 1959 2948 non

390 2978 625 3033 timetur.
661 2979 790 3034 Nam
820 2981 864 3035 si
894 2980 1119 3036 humana
1156 2983 1315 3037 cedat
1355 2984 1659 3050 inﬁrmitas,
1709 2984 1959 3054 iniquitas

390 3085 495 3124 non
526 3069 774 3137 vincitur,
809 3072 905 3127 sed
945 3076 1121 3141 potius
1151 3085 1302 3129 aucta
1329 3076 1637 3131 roborazur.

458 3160 613 3215 Vers.
640 3162 695 3215 2.
725 3160 1003 3216 Protexisti
1038 3181 1112 3217 me
1141 3182 1173 3217 α
1203 3177 1449 3219 conventu
1490 3168 1899 3237 malignantium,
1931 3186 1962 3222 a

387 3252 713 3305 multitudine
763 3257 1083 3323 operantium
1147 3256 1486 3325 iniquitatem.
1543 3256 1959 3314 Consiileremus

388 3343 836 3412 quemadmodum
866 3360 925 3399 se
963 3355 1259 3415 protectum
1306 3347 1450 3401 dicat
1475 3363 1596 3403 esse
1640 3349 1729 3419 qui
1774 3358 1960 3419 pasSus

387 3448 488 3503 est,
518 3447 699 3493 etnon
724 3440 1001 3494 doleamus
1028 3450 1276 3505 mortem,
1308 3457 1465 3511 quam
1492 3442 1735 3498 ﬁdelibus
1751 3442 1959 3498 Domini

386 3531 766 3584 sceleratorum
800 3531 1045 3585 voluntas
1074 3532 1272 3587 inferre
1317 3533 1562 3589 tentavit.
1599 3533 1865 3588 Protectus
1889 3545 1960 3588 est

388 3620 546 3687 plane
574 3636 607 3671 α
654 3630 896 3674 conventu
930 3622 1341 3691 malignantium,
1389 3624 1514 3692 quia
1560 3624 1686 3678 dum
1730 3625 1805 3678 illi
1834 3640 1957 3680 eum

388 3712 670 3768 crederent
690 3716 1050 3769 communiter
1076 3717 1234 3782 mori,
1264 3719 1677 3773 resurrectionis
1702 3721 1819 3788 ejus
1846 3721 1960 3790 glo-

346 3872 349 3875 b
388 3802 463 3856 ria
498 3804 789 3870 probantur
831 3820 950 3860 esse
996 3806 1226 3862 confusi.
1290 3807 1564 3862 Protectus
1612 3819 1685 3863 est
1727 3811 1960 3881 denique

390 3894 581 3949 virtute
608 3895 899 3953 divinitatis
944 3914 1077 3964 suae,
1114 3900 1238 3968 quia
1277 3900 1418 3955 lilius
1466 3910 1582 3956 erat
1612 3903 1868 3969 hominis,
1904 3913 1960 3958 et

386 3986 526 4039 idem
551 3986 717 4040 Filius
750 3988 840 4040 Dei
874 3989 928 4041 in
958 3988 1164 4042 duabus
1208 3992 1418 4045 naturis
1461 4008 1565 4046 una
1614 3992 1732 4047 sine
1780 3994 1956 4061 aliqua

384 4078 715 4132 dubitatione
768 4095 1039 4148 persona:
1085 4080 1293 4136 (labens
1346 4084 1397 4136 in
1450 4093 1694 4151 potestate
1738 4087 1959 4154 ponendi

384 4170 608 4222 animum
632 4186 797 4235 suam,
827 4180 875 4224 et
915 4172 1099 4224 iterant
1141 4174 1376 4226 sumendi
1400 4190 1511 4225 eam
1544 4172 1722 4247 (Joan.
1754 4191 1809 4239 ι,
1840 4175 1953 4244 l8).

387 4254 654 4313 Proiectus
682 4270 755 4313 est
797 4261 994 4329 itaque,
1035 4263 1155 4330 quia
1193 4264 1545 4332 malignorum
1591 4266 1812 4320 insidias
1857 4282 1956 4334 po-

385 4346 564 4399 tentia:
592 4361 701 4400 suae
730 4348 925 4402 virtute
954 4352 1244 4418 superavit.
1277 4353 1512 4417 Addidit,
1566 4370 1597 4406 a
1627 4356 1953 4408 multitudine

2076 435 2180 490 Sed
2210 434 2558 502 respiciamus
2592 432 2731 504 quod
2746 432 2901 497 dixit,
2934 432 3136 502 linguas
3163 445 3281 482 suas
3306 436 3649 493 mouerunt;

2077 526 2203 580 illud
2234 527 2439 581 scilicet
2469 535 2679 595 tempus
2707 523 2994 581 ostendens
3016 521 3228 591 quando
3252 535 3353 575 una
3384 534 3515 574 voce
3540 518 3650 573 cla-

2074 615 2705 687 maverunt:Crueiﬁge,
2754 612 2994 682 cruciﬁge
3045 611 3193 681 (Luc.
3236 625 3390 676 xxut,
3435 609 3555 677 2i).
3592 607 3649 662 In

2074 710 2241 765 vicem
2272 710 2466 781 quippe
2494 710 2613 765 lacti
2637 718 2722 764 est
2746 707 2964 763 sceleris
2992 706 3197 777 prolata
3227 704 3524 767 sententia;
3550 716 3650 756 nec

2074 803 2297 857 interest
2315 802 2404 872 qui
2429 800 2656 865 occidat,
2706 799 2752 854 si
2775 798 3112 852 innocentem
3156 794 3346 865 aliquis
3381 793 3639 848 occiden-

2072 892 2197 946 dum
2238 906 2355 946 esse
2402 891 2728 961 pronuntiet.
2789 888 3064 957 Sequitur,
3104 884 3428 938 intenderunt
3468 898 3648 935 arcum

2072 998 2178 1036 rem
2207 998 2478 1048 amaram;
2526 981 2577 1036 id
2621 990 2703 1036 est
2745 980 2980 1034 occultas
3009 976 3251 1039 insidias,
3293 990 3433 1045 quae,
3475 984 3531 1028 ut
3570 974 3649 1028 illi

2075 1073 2349 1143 putabant,
2408 1072 2628 1127 minime
2690 1071 3043 1124 sentirentur.
3085 1065 3354 1122 Perﬁdum
3383 1064 3650 1134 siquidem

2071 1164 2259 1220 ludam
2288 1164 2423 1219 datis
2444 1164 2655 1233 triginta
2678 1160 2945 1231 argenteis
2970 1159 3391 1214 sollicitaverunt
3412 1166 3470 1210 ut
3496 1157 3652 1210 fieret

2073 1257 2313 1322 traditur,
2353 1256 2442 1326 qui
2468 1256 2585 1324 ejus
2609 1254 2885 1308 videbatur
2931 1252 3094 1305 fuisse
3135 1250 3452 1319 discipulus.
3478 1250 3522 1303 0
3567 1264 3653 1302 res

2070 1364 2248 1400 amara
2274 1356 2328 1400 et
2356 1346 2502 1399 omni
2532 1344 2654 1399 felle
2688 1343 2945 1404 deterior.
2982 1342 3259 1396 convivam
3288 1342 3354 1394 ad
3388 1338 3650 1409 proditio-

2073 1454 2217 1501 nem,
2248 1437 2560 1504 discipulum
2609 1438 2672 1489 ad
2706 1451 2911 1495 necem.
2944 1443 3381 1488 conservatorem
3410 1431 3650 1499 pecunia:

2072 1526 2289 1596 praemio
2318 1524 2492 1578 subito
2521 1525 2682 1577 fuisse
2700 1536 3008 1591 corruptum
3032 1522 3045 1574 l
3594 1534 3602 1543 ’

2148 1618 2296 1671 Vcrs.
2318 1617 2372 1670 4.
2407 1615 2474 1669 Ut
2514 1615 2751 1684 sagittent
2783 1615 2835 1666 in
2865 1614 3077 1666 occultis
3104 1611 3489 1664 immaculatum
3515 1626 3534 1674 ;
3560 1626 3651 1662 su-

1999 1713 2042 1771 B
2073 1708 2171 1761 bito
2197 1708 2517 1777 sagittabunt
2539 1720 2674 1768 eum,
2698 1713 2744 1757 et
2774 1719 2875 1755 non
2898 1702 3157 1756 timebunt.
3190 1700 3263 1755 De
3284 1700 3650 1770 superioribus

2075 1798 2268 1866 pendet
2292 1797 2390 1850 iste
2418 1793 2738 1857 versiculus,
2788 1792 3113 1846 intenderunt
3153 1806 3351 1855 arcum,
3395 1798 3449 1843 ut
3486 1790 3651 1858 sagit-

2071 1900 2173 1943 tent
2221 1891 2271 1943 in
2300 1888 2513 1942 occultis
2564 1886 2968 1939 immaculatum.
3024 1882 3091 1937 ln
3121 1881 3351 1947 occultis,
3388 1883 3464 1936 sic
3500 1882 3649 1937 acci-

2072 1981 2320 2051 piendum
2363 1990 2468 2044 est,
2510 1988 2566 2033 ut
2593 1976 2765 2033 Judaei
2815 1984 3154 2046 putaverunt.
3184 1973 3448 2028 Caeterum
3494 1984 3651 2028 actus

2070 2088 2255 2128 eorum
2292 2073 2532 2127 occultus
2553 2085 2672 2126 esse
2699 2067 2911 2124 Christo
2937 2083 3042 2123 non
3071 2067 3260 2136 potuit,
3284 2067 3373 2136 qui
3398 2066 3651 2137 frequen-

2073 2174 2152 2218 ter
2207 2162 2494 2231 praedictus
2552 2170 2634 2216 est
2681 2168 2963 2229 antequam
3015 2158 3189 2213 lieret.
3249 2156 3649 2210 lmmaculatum

2070 2250 2276 2305 duobus
2308 2250 2533 2305 dicimus
2563 2249 2764 2304 modis:
2790 2259 2915 2303 sunt
2941 2248 3028 2304 isti
3057 2263 3369 2302 communes
3398 2250 3649 2302 immacu-

2068 2338 2161 2393 lati
2182 2340 2271 2409 qui
2300 2338 2661 2394 misericordia
2688 2338 2890 2393 Domini
2918 2336 3082 2391 abluti
3106 2339 3397 2391 redduntur
3423 2339 3648 2393 omnino

2070 2430 2376 2501 purissimi;
2419 2431 2557 2492 sicut
2599 2430 2653 2484 in
2704 2430 3142 2501 quinquagesimo
3191 2431 3394 2498 psalmo
3439 2428 3643 2484 dictum

2068 2531 2179 2578 est:
2204 2520 2419 2574 Lavabls
2442 2538 2535 2588 me,
2552 2532 2601 2575 et
2622 2537 2773 2589 super
2796 2522 2960 2574 nivem
2989 2520 3263 2575 dealbabor
3286 2521 3450 2590 (Psal.
3474 2537 3528 2587 ι,
3559 2520 3645 2590 9).

2068 2611 2436 2669 lmmaculatus
2462 2620 2637 2666 autem
2659 2612 2805 2665 solus
2829 2627 2953 2666 vere
2984 2611 3174 2665 dicitur
3196 2611 3356 2681 209
3376 2610 3644 2675 Christus,

2065 2704 2156 2774 qui
2181 2703 2378 2757 nullam
2410 2689 2959 2757 contraxit'macuiani
2995 2713 3334 2772 peccatorum
3355 2744 3372 2769 ,
3402 2703 3496 2757 sed
3525 2718 3642 2758 caa-

2065 2796 2184 2850 lesti
2221 2796 2449 2865 puritate
2479 2796 2860 2850 mundissunns
2894 2795 2959 2847 ab
2985 2795 3130 2848 omni
3158 2794 3356 2849 delicto
3386 2794 3645 2863 probatur

2063 2885 2291 2942 alienus.
2322 2886 2513 2941 Merito
2539 2901 2665 2954 ergo
2700 2901 2758 2940 se
2780 2884 3085 2953 signiﬁcans
3115 2883 3274 2939 dixit:
3304 2883 3371 2938 Ut
3400 2884 3646 2953 sagittent

2065 2980 2484 3043 immaculatum;
2514 2986 2775 3047 quatenus
2805 2975 3004 3030 Judmis
3047 2975 3203 3028 timor
3242 2974 3413 3043 major
3431 2987 3648 3029 cresce-

1986 3053 2034 3116 ο
2067 3079 2169 3136 ret,
2218 3070 2309 3138 qui
2364 3068 2662 3123 innocentis
2706 3068 3016 3137 sanguinein
3051 3066 3270 3121 fundere
3302 3067 3641 3123 festinarunt.

2062 3160 2340 3229 Sequitur,
2389 3159 2555 3212 subito
2587 3154 2897 3229 sagittab’unt
2944 3171 3079 3221 eum,
3123 3163 3169 3208 et
3220 3171 3321 3208 non
3372 3154 3640 3208 timebunt.

2062 3251 2266 3316 Subito,
2292 3260 2346 3305 et
2376 3248 2462 3303 hic
2509 3249 2579 3302 ita
2612 3246 2980 3316 accipiendum
3026 3255 3129 3310 est,
3163 3247 3299 3299 sicut
3338 3244 3503 3299 Judrci
3543 3244 3645 3300 do-

2061 3340 2379 3396 mentissimi
2434 3348 2771 3408 putaverunt.
2818 3336 2948 3389 Nam
2994 3335 3264 3405 quomodo
3302 3332 3639 3389 credendum

2060 3445 2141 3489 est
2158 3435 2414 3501 subitum,
2438 3430 2584 3503 quod
2609 3429 2884 3498 discipulis
2919 3436 3266 3482 constatesse
3286 3426 3644 3495 praedictum?

2060 3524 2209 3582 Sicut
2243 3526 2292 3577 in
2326 3523 2615 3593 Evangelio
2638 3520 2831 3589 legitur
2866 3536 2878 3571 :
2912 3518 3045 3571 Ecce
3076 3519 3397 3571 ascendimus
3417 3516 3645 3572 Jeroso-

2061 3614 2278 3685 lymam,
2341 3624 2387 3667 et
2442 3611 2609 3665 Filius
2664 3610 2882 3663 hominis
2942 3609 3171 3662 tradetur
3218 3619 3270 3660 ut
3306 3608 3646 3677 crucifigatur

2064 3705 2285 3777 (Matth.
2318 3720 2405 3769 xx,
2440 3704 2570 3774 l8);
2603 3715 2657 3758 et
2690 3703 2771 3756 Itis
2797 3702 3144 3769 similia,qua:
3170 3702 3237 3755 de
3266 3714 3357 3753 sua
3389 3701 3644 3767 passione

2062 3796 2322 3865 praedixit.
2356 3793 2487 3847 Nam
2509 3793 2649 3863 quod
2675 3792 2831 3855 dixit,
2855 3793 3166 3862 sagittabunt
3191 3806 3326 3853 eum,
3370 3800 3415 3843 et
3439 3806 3540 3843 non
3571 3792 3644 3843 ti-

2061 3889 2277 3951 mebunt,
2313 3886 2545 3941 ostendit
2591 3885 2831 3953 malignae
2874 3883 3211 3953 cogitationis
3262 3882 3535 3948 ellcctum,
3580 3892 3642 3935 ut

2062 3996 2164 4034 non
2188 3979 2359 4033 Solum
2386 3984 2663 4032 tractatum
2683 3975 2881 4042 scelus,
2904 3976 2997 4030 sed
3018 3975 3178 4028 etiam
3212 3974 3484 4042 impletum
3514 3988 3643 4030 esse

2060 4072 2350 4127 videretur.

2130 4164 2286 4218 Vers.
2335 4163 2390 4218 5.
2440 4160 2795 4214 Firmaverunt
2836 4159 2933 4212 sibi
2958 4157 3161 4210 uerbum
3200 4156 3426 4221 malum;
3458 4156 3641 4224 dispo-

2058 4266 2264 4310 suerunt
2291 4265 2345 4308 ut
2366 4254 2727 4307 absconderem
2758 4253 2993 4320 laqueos;
3028 4252 3310 4304 dixerunt:
3346 4250 3469 4317 Quis
3498 4252 3643 4303 vide-

2059 4348 2124 4400 bit
2166 4347 2296 4400 uos?
2354 4343 2569 4397 Verbum
2617 4344 2808 4395 malum
2862 4343 3192 4410 ﬁrmaverunt
3244 4342 3369 4406 sibi,
3422 4343 3641 4409 quando

383 4435 701 4500 operantium
730 4437 1068 4504 iniquitatem.
1098 4439 1267 4508 Supra
1301 4441 1453 4507 dixit,
1503 4460 1535 4495 α
1572 4457 1817 4498 conventu
1846 4462 1953 4499 ma-
1982 4425 2029 4482 Ι)
2059 4439 2351 4492 dixerunt:
2400 4435 2532 4488 Reus
2577 4443 2648 4486 est
2695 4433 2871 4484 mortis
2913 4429 3122 4499 (Matth.
3170 4446 3312 4492 xxvi,
3355 4428 3479 4497 66);
3525 4431 3640 4485 sive

381 4524 708 4592 lignantium,
744 4528 885 4594 quod
930 4530 993 4582 ad
1013 4531 1236 4585 consilia
1266 4543 1442 4599 potest
1471 4535 1658 4590 referri
1684 4555 1696 4601 ;
1728 4555 1890 4602 nunc,
1922 4557 1953 4591 a

381 4615 704 4669 multitudine
751 4621 1428 4692 operantiuminiquitatem,
1472 4637 1527 4678 ut
1556 4636 1731 4680 actum
1775 4631 1951 4697 eXpri-

382 4718 550 4761 meret
580 4708 809 4777 proprize
841 4713 1119 4778 passionis.

460 4798 608 4853 Vcrs.
656 4801 707 4853 3.
764 4800 896 4866 Quia
958 4814 1270 4857 exacurrunt
1338 4814 1392 4857 ut
1464 4807 1691 4875 gladium
1750 4808 1951 4879 linguas

377 4907 530 4956 suas;
562 4894 881 4946 intenderunt
899 4911 1076 4947 arcum
1124 4912 1228 4948 rem
1251 4912 1499 4951 amaram.
1538 4899 1637 4952 Per
1688 4901 1783 4953 hos
1823 4915 1952 4969 qua-

380 4992 498 5034 tuor
526 4996 712 5036 versus
736 4998 902 5051 MSque
932 4984 996 5037 ad
1026 4985 1364 5053 divisionem,
1413 5003 1509 5055 per
1537 4988 1776 5043 diversas
1822 4991 1951 5046 alie-

380 5074 558 5141 gnrins
586 5073 891 5127 Judtuurutn
944 5075 1206 5144 signiﬁcat
1236 5078 1689 5146 persecutionem.
1722 5079 1827 5135 Sed
1868 5082 1951 5135 hic

375 5162 617 5216 redditur
644 5178 800 5215 causa
822 5164 1119 5231 justissima
1148 5182 1313 5233 quare
1343 5176 1603 5237 protectus
1632 5170 1696 5221 sit
1727 5186 1758 5221 a
1782 5170 1951 5222 multi-

374 5254 549 5305 tudine
580 5255 894 5325 cperantium
916 5255 1258 5325 iniquitatem.
1288 5256 1417 5312 Nam
1442 5270 1699 5327 quantum
1743 5260 1813 5313 illi
1853 5261 1946 5313 lin-

373 5363 496 5411 guas
528 5362 645 5398 suas
672 5345 803 5399 velut
835 5348 1164 5401 mortiferum
1196 5348 1424 5417 gladium
1467 5350 1794 5413 exacuebant,
1831 5359 1948 5403 tau-

375 5448 480 5487 ltllll
528 5452 710 5488 eorum
744 5434 991 5504 iniquitas
1045 5438 1420 5505 frangebatur;
1454 5446 1511 5491 ut
1565 5439 1618 5492 in
1667 5453 1725 5493 se
1777 5442 1949 5508 potius

374 5527 506 5581 mala
536 5538 929 5593 converterent,
955 5546 1073 5598 qum
1095 5541 1277 5583 contra
1304 5529 1604 5583 innocentis
1631 5531 1945 5597 Sanguinem

374 5618 760 5690 prmparahant.
791 5618 891 5674 Istc
922 5621 1062 5673 enim
1099 5620 1429 5689 peccantium
1462 5634 1577 5675 mos
1604 5628 1701 5685 est,
1740 5628 1793 5673 ut
1841 5621 1947 5689 pri-

2058 4529 2273 4599 quando
2305 4526 2530 4595 professi
2560 4534 2683 4580 sunt
2713 4539 2727 4575 :
2762 4524 2986 4592 Sanguis
3015 4523 3128 4590 ejus
3168 4539 3320 4591 super
3348 4538 3436 4574 nos
3470 4532 3518 4573 et
3549 4540 3642 4576 suo

2057 4637 2145 4689 per
2191 4619 2324 4687 [ilios
2367 4627 2562 4671 nostros
2610 4614 2824 4683 (Matth.
2877 4629 3049 4678 xxvii,
3095 4612 3211 4682 :25).
3277 4611 3641 4667 Firmoverunt

2056 4710 2235 4778 utique
2263 4710 2458 4762 dictum
2488 4715 2591 4770 est,
2622 4704 2977 4757 obstinatione
3006 4703 3291 4757 durissima
3313 4743 3327 4766 ,
3359 4719 3463 4757 non
3496 4707 3640 4756 veri.

2060 4802 2183 4854 tatis
2222 4800 2511 4852 munimine
2556 4795 2801 4849 so‘idata.
2841 4795 3126 4863 Sequitur,
3172 4796 3538 4861 disposuerunt
3581 4805 3637 4847 ut

2058 4892 2419 4943 absconderettt
2446 4888 2684 4956 laqueos;
2708 4886 2946 4937 dixerunt
2970 4900 2988 4937 :
3018 4885 3141 4948 Quis
3168 4884 3355 4936 videbit
3384 4887 3515 4938 nos?
3538 4885 3641 4938 llic

2060 4982 2379 5036 describitur
2398 4979 2727 5033 censuetudo
2759 4978 3111 5047 peccantium.
3143 4976 3327 5031 Omnis
3360 4982 3503 5033 enim
3544 4980 3641 5046 qui

2061 5073 2241 5127 dolum
2275 5078 2445 5139 parat,
2477 5068 2745 5122 hominem
2775 5082 2834 5121 se
2866 5075 3013 5135 putat
3048 5065 3233 5120 fallere
3254 5105 3268 5129 ,
3298 5075 3355 5120 ut
3378 5068 3547 5134 possit
3571 5069 3640 5122 ad

2058 5178 2183 5219 suas
2206 5162 2467 5233 nequitias
2494 5160 2788 5229 pervenire.
2820 5158 2910 5213 Sic
2947 5157 3115 5212 Judaei
3147 5159 3411 5212 scelerata
3456 5168 3646 5216 mente

2055 5254 2262 5311 confusi
2309 5254 2580 5308 Christum
2631 5248 2994 5303 tantummodo
3042 5249 3309 5303 hominem
3354 5256 3643 5318 putantes,

2059 5346 2435 5414 malignitatem
2468 5359 2615 5397 suam
2645 5344 2749 5395 non
2775 5341 3060 5395 credebant
3082 5341 3317 5409 acnosci.
3340 5345 3423 5397 cui
3445 5359 3644 5401 cuncta

2056 5437 2300 5493 caelestia
2331 5436 2414 5489 vel
2447 5446 2660 5489 terrena
2688 5433 2929 5489 veracius
2955 5442 3168 5500 patent,
3196 5450 3352 5502 quam
3382 5436 3483 5491 sibi
3526 5439 3641 5506 ipsa

2062 5536 2187 5580 sunt
2208 5526 2436 5594 cognita.

2134 5616 2285 5671 Vers.
2322 5615 2373 5670 6.
2410 5616 2641 5671 Scrututi
2669 5625 2785 5670 sunt
2812 5614 3140 5683 iniquitates;
3168 5614 3453 5683 (li-[icerant
3487 5630 3633 5667 ,εει-α-
