3956 6178
240 234 327 287 ιιι

1158 238 1514 293 EXPOSITlO
1553 238 1615 292 IN
1655 238 2112 296 PSALTERIUM.
2154 240 2345 297 PSAL.
2388 241 2570 298 LXIII.

3381 241 3487 300 “2

241 360 398 404 tantes
427 351 746 403 scrutinium.
775 352 985 406 Accedet
1003 353 1151 407 homo
1167 356 1236 407 ad
1266 371 1352 409 cor
1374 356 1567 419 altum,
1590 366 1635 407 et
1658 355 1808 407 exal-
1839 360 1886 414 Α
1917 355 2082 422 possit
2111 355 2346 409 absoluta
2372 357 2654 410 sententia.
2690 355 2974 424 inﬁrmata
3011 372 3195 412 revera
3223 366 3341 410 sunt
3380 357 3486 412 lin-

240 441 431 495 tnbttur
459 439 615 496 Deus.
650 441 704 495 ln
727 441 810 497 his
835 443 1038 499 duabus
1066 446 1346 500 sententiis
1381 461 1569 500 versus
1603 446 1704 499 iste
1734 444 1813 500 di-

243 535 388 586 visus
407 542 511 587 est.
540 534 672 588 Dicit
694 536 834 588 enim
866 537 1312 604 quemadmodum
1330 552 1389 592 se
1409 537 1626 591 consilia
1650 552 1811 604 prava

242 623 588 690 confundant,
622 636 673 678 et
697 625 747 679 in
780 641 941 694 opere
969 629 1307 698 cogitationis
1337 644 1446 682 sua:
1478 644 1628 683 mens
1663 629 1814 683 mali-

240 731 338 784 gna
372 713 601 766 deﬁciat.
622 715 819 770 Contra
841 717 976 771 bona
1002 719 1243 770 voluntas
1269 725 1324 772 et
1348 717 1671 772 illuminatus
1693 732 1818 771 sen-

240 824 330 862 sus
367 824 528 878 quem
575 807 864 877 profectum
913 808 1112 862 habere
1156 807 1396 861 videatur
1452 806 1718 870 osmndit;
1760 815 1820 859 ut

245 909 443 966 quanto
469 915 529 954 se
557 900 665 954 Deo
694 900 981 966 proximat,
1019 910 1169 952 tanto
1190 899 1517 954 divinitatem
1539 898 1638 954 sibi
1669 899 1819 953 exal-

243 1003 405 1047 tatam
435 1009 555 1049 esse
583 1003 887 1062 cognoscat.
933 992 1158 1047 Scrutati
1177 1001 1292 1045 sunt
1317 991 1482 1046 Judaei
1511 992 1818 1061 iniquitates,

243 1100 374 1154 quas
411 1085 597 1152 utique
644 1082 1048 1152 prmtermittere
1077 1083 1404 1148 debuissent,
1451 1082 1576 1137 dum
1619 1082 1820 1136 nullum

242 1178 313 1230 ibi
341 1177 575 1230 fructum
605 1175 792 1229 salutis
822 1189 933 1228 sine
975 1181 1219 1242 poterant
1256 1174 1518 1228 invenire.
1562 1173 1824 1230 Dixerunt

241 1268 416 1318 enim:
451 1263 513 1318 Si
541 1264 882 1316 dimiserimus
898 1279 1008 1316 eum
1036 1262 1129 1328 sic,
1161 1264 1355 1318 venient
1375 1262 1615 1328 Romani,
1647 1273 1694 1317 et
1725 1262 1826 1318 tol—

245 1360 343 1410 lent
372 1357 524 1410 nobis
543 1366 591 1410 et
623 1357 789 1409 locum
819 1367 864 1409 et
893 1365 1088 1426 gentem
1114 1354 1296 1426 (Joan.
1325 1372 1397 1423 XI,
1427 1355 1541 1424 48).
1571 1355 1823 1409 Persaru-

245 1449 332 1501 tati
361 1458 490 1501 sunt
518 1449 678 1500 etiam
713 1448 1027 1514 iniquitates,
1060 1463 1180 1501 cum
1229 1447 1508 1501 Dominum
1553 1446 1827 1501 audissent

245 1539 514 1591 dicenti-ni
568 1538 900 1606 paralytico:
966 1536 1306 1590 Dimittuntur
1355 1537 1444 1590 tibi
1485 1546 1691 1604 peccata
1737 1544 1826 1590 tua

246 1628 463 1694 (Μαίη.
492 1625 679 1692 iv,9.);
708 1627 782 1679 illi
811 1627 1051 1694 protinus
1072 1641 1192 1680 eum
1219 1626 1589 1694 blaSphemare
1611 1638 1828 1696 putave-

1917 462 2030 514 qua:
2059 445 2380 510 intimorum,
2406 447 2615 516 quando
2636 447 2884 503 dixerunt
2911 465 2924 501 :
2966 448 3027 503 Si
3063 447 3228 502 Filius
3268 448 3360 502 Dei
3386 459 3482 517 est,

1916 538 2184 590 descendat
2210 539 2272 591 de
2311 554 2457 592 cruce
2502 538 2713 607 (Matth.
2767 555 2932 602 xxvii,
2987 540 3101 608 40).
3150 539 3214 592 Et
3240 539 3488 594 viderunt

1919 639 2099 698 postea
2129 641 2490 697 resurgentem
2521 631 2587 684 de
2609 631 2874 696 sepulcro,
2899 647 3054 701 quem
3080 632 3144 685 de
3173 632 3344 686 erucis
3391 633 3486 687 de-

1920 721 2176 776 scendere
2192 736 2292 774 non
2308 722 2592 776 credebant
2611 737 2764 790 posse
2787 724 3040 791 patibulo.
3056 723 3154 779 Ubi
3169 732 3269 788 est,
3288 723 3482 792 Judtei,

1922 810 2205 864 inﬁdelitas
2235 814 2452 866 vestra?
2501 815 2685 867 Adhuc
2706 814 2772 868 de
2797 816 2916 867 vivo
2963 814 3217 870 dicebatis
3242 832 3254 868 :
3288 815 3349 869 Si
3378 815 3488 869 Rea:

1922 899 2087 954 Israel
2112 913 2202 966 est,
2233 902 2503 955 descendat
2545 905 2608 956 de
2630 919 2777 956 cruce
2823 903 3013 972 (Ibid..
3061 904 3172 974 4‘2).
3235 903 3488 972 Vosipsos

1922 991 2173 1057 consulo,
2207 993 2448 1061 vosipsos
2483 991 2738 1061 judicium
2769 1002 2930 1061 peto;
2964 1002 3160 1062 quanto
3188 996 3487 1050 mirabilius

1923 1091 2005 1136 est
2026 1093 2288 1136 mortuum
2320 1098 2475 1151 posse
2497 1100 2793 1154 resurgere,
2827 1101 2982 1154 quam
3013 1086 3186 1141 adhuc
3213 1088 3387 1141 vivum
3414 1087 3483 1142 de

1924 1187 2081 1228 cruce
2109 1174 2243 1227 velle
2272 1175 2600 1230 descendere
2629 1177 2642 1229 l
2671 1176 2838 1229 Parva
2867 1177 3091 1243 petistis,
3137 1176 3260 1230 dum
3291 1192 3490 1246 majora

1925 1265 2293 1334 provenerint.
2308 1264 2412 1320 Sed
2446 1265 2729 1321 inﬁdelitas
2741 1277 2917 1322 vestra
2937 1283 3040 1321 non
3057 1268 3410 1335 potuitsanari
3428 1268 3492 1323 si-

1926 1355 2041 1424 gnis
2057 1353 2223 1408 multo
2239 1354 2546 1410 fortioribus
2567 1371 2724 1425 quam
2741 1357 2969 1425 petistis.
2990 1356 3237 1410 Additum
3253 1366 3354 1421 est,
3369 1373 3494 1409 cou-

1928 1443 2116 1498 turbati
2145 1452 2260 1496 sunt
2284 1460 2453 1497 omnes
2475 1446 2562 1512 qui
2588 1444 2815 1497 videbant
2835 1461 2950 1510 eos;
2982 1459 3100 1498 reos
3121 1445 3324 1499 scilicet
3338 1454 3497 1513 atque

1931 1534 2200 1601 confusos,
2225 1544 2410 1589 contra
2442 1551 2668 1604 quorum
2706 1536 2914 1605 linguas
2941 1537 3266 1590 resurrectio
3294 1535 3492 1590 Christi

1931 1628 2157 1698 gloriosa
2183 1628 2441 1694 provenit.
2464 1626 2507 1680 Ο
2534 1642 2666 1680 nova
2699 1627 2890 1680 mentis
2921 1637 2971 1680 et
3000 1628 3310 1682 admiranda
3337 1629 3500 1684 callo-

249 1729 391 1778 ruut,
425 1717 620 1782 quibus
646 1717 718 1769 ait
758 1716 1012 1770 Dominus
1044 1733 1055 1766 :
1089 1717 1224 1781 Quid
1261 1716 1492 1784 cogitatis
1522 1731 1740 1784 nequam
1768 1715 1822 1768 in

1952 1721 2088 1774 ιὶιθεῑ
2120 1719 2193 1774 De
2218 1719 2426 1773 illorum
2449 1718 2763 1772 confusione
2793 1718 3140 1772 turbabantur
3167 1720 3280 1784 alii,
3307 1730 3359 1774 et
3385 1720 3500 1774 illo-

245 1809 484 1860 cordibus
509 1807 686 1859 vestris
710 1808 734 1860 ?
763 1806 1085 1861 Perserutati
1107 1815 1233 1861 sunt
1260 1821 1472 1875 quoque
1499 1805 1820 1874 iniquitates,

246 1901 380 1952 sicut
402 1898 754 1962 Evangelium
783 1898 930 1963 dicit,
963 1913 1084 1952 cum
1118 1897 1356 1951 diversas
1381 1896 1829 1964 interrogationes

246 1990 571 2042 insidiantes
613 1988 941 2042 adhibebant
979 1997 1037 2041 ut
1079 1988 1379 2042 invenirent
1420 2000 1522 2056 qua
1563 2001 1631 2040 ex
1669 1999 1826 2039 causa

248 2092 575 2136 accusarent
608 2097 751 2134 eum.
782 2081 1032 2149 Sequitur
1050 2094 1203 2150 paena
1232 2080 1585 2149 peccantium,
1617 2076 1833 2148 Defece-

247 2184 362 2225 runt
395 2183 689 2226 scrutantes
715 2171 1021 2225 scrutiniunt
1051 2186 1070 2223 .'
1099 2172 1219 2240 quia
1239 2184 1450 2238 semper
1475 2169 1530 2224 in
1557 2167 1838 2237 cogitatio-

249 2265 403 2318 uibus
446 2265 562 2317 suis
592 2262 849 2315 deﬁciunt
893 2263 982 2331 qui
1025 2260 1090 2315 ad
1123 2276 1209 2315 res
1255 2262 1510 2328 pessimas
1559 2259 1837 2328 pervenire

246 2355 587 2408 contendunt
619 2371 631 2406 :
662 2354 728 2408 de
754 2353 943 2422 quibus
963 2362 1016 2408 et
1047 2352 1152 2406 alio
1177 2351 1298 2406 loco
1322 2351 1522 2404 dictum
1541 2359 1655 2405 est:
1677 2350 1838 2418 Inﬁr—

248 2450 364 2499 mati
389 2458 542 2508 sunt,
573 2461 663 2498 nec
689 2447 785 2515 fuit
807 2445 892 2514 qui
934 2448 1197 2513 adjuvaret
1237 2459 1320 2498 eos
1358 2441 1530 2514 (Psal.
1576 2456 1681 2506 CVI,
1726 2439 1834 2510 12).

247 2535 613 2604 Consequitur
637 2551 757 2603 pars
777 2534 1007 2588 secunda
1027 2534 1334 2588 sententiae:
1360 2532 1576 2585 Accedet
1605 2532 1752 2584 homo
1773 2531 1841 2583 ad

250 2640 330 2677 cor
381 2626 579 2687 altum,
622 2633 667 2678 et
703 2625 1004 2677 exaltabitur
1045 2622 1202 2676 Deus.
1244 2622 1379 2676 Cum
1417 2622 1542 2676 dicit
1577 2639 1591 2676 :
1631 2620 1842 2674 Accedet

249 2715 399 2766 hoino
430 2714 503 2766 ad
533 2729 621 2766 cor
644 2715 826 2779 altum,
857 2713 977 2767 illos
1004 2713 1272 2782 signiﬁcat
1294 2713 1384 2782 qui
1410 2727 1494 2767 res
1524 2711 1732 2766 divinas
1756 2711 1841 2778 pia

251 2805 558 2859 intentione
614 2803 942 2872 perquirunt.
1005 2803 1103 2856 Cor
1149 2804 1292 2856 enim
1343 2802 1507 2854 altum
1549 2810 1675 2855 tunc
1720 2811 1836 2864 est,

249 2896 467 2962 quando
495 2895 739 2948 cmiestia
763 2895 978 2963 c0gita',
1009 2902 1061 2947 et
1091 2901 1300 2947 terrena
1339 2890 1560 2945 devitat.
1601 2889 1710 2944 lste
1739 2903 1848 2942 non

253 2989 437 3042 deﬁcit
465 2988 608 3041 sicut
633 2986 706 3040 illi
726 2987 813 3053 qui
839 2985 1148 3038 scrutinium
1176 2990 1599 3052 perscrutantur,
1623 2979 1717 3034 sed
1737 2994 1847 3032 ma-

1930 1827 2047 1865 rum
2068 1811 2382 1880 protervitas
2403 1809 2466 1864 ad
2492 1809 2873 1878 ptenitudinem
2895 1826 2994 1863 non
3017 1811 3501 1878 poteratinclinari.

1932 1902 2228 1957 Conturbati
2291 1911 2406 1954 sunt
2457 1902 2598 1955 enim
2649 1915 2714 1954 ex
2776 1901 2880 1954 illis
2933 1900 3142 1967 quidam
3192 1902 3496 1966 credentes,

1934 1991 2146 2062 quando
2184 1991 2247 2044 ad
2277 1991 2544 2060 apostolos
2574 1998 2906 2045 veneruntet
2936 1990 3220 2045 dixerunt:
3255 1992 3390 2058 Quid
3421 1992 3504 2059 fa-

1935 2084 2141 2148 ciemus,
2169 2082 2264 2136 viri
2293 2082 2473 2152 fratres
2503 2081 2638 2152 (Act.
2679 2097 2739 2146 ιι,
2784 2082 2914 2148 57)?
2943 2085 2987 2136 A
3017 2083 3208 2151 quibus
3249 2084 3502 2138 salutaria

1937 2174 2136 2228 monita
2165 2173 2538 2242 pereipientes,
2565 2187 2661 2241 per
2687 2183 2927 2228 sanctum
2949 2172 3209 2242 baptisma
3238 2173 3365 2226 dilui
3396 2189 3509 2227 me-

1939 2271 2158 2318 ruerunt
2190 2279 2221 2316 a
2249 2261 2592 2315 damnatione
2622 2272 2901 2331 perpetua.

2013 2354 2166 2409 Vers.
2193 2354 2244 2407 9.
2278 2352 2347 2407 Et
2389 2355 2550 2406 timuit
2577 2355 2744 2407 omnis
2778 2355 2960 2418 homo;
3010 2363 3058 2407 et
3086 2356 3511 2407 annuntiacerunt

1943 2461 2096 2515 opera
2126 2444 2242 2510 Dei,
2267 2454 2313 2497 et
2343 2444 2476 2513 facta
2503 2446 2611 2514 ejus
2639 2445 3016 2498 intellexerunt.
3034 2446 3360 2514 Frequenter
3380 2446 3516 2499 dixi-

1944 2551 2063 2591 mus
2088 2536 2485 2606 generalitatem
2518 2551 2615 2604 pro
2636 2545 2783 2602 parte
2813 2537 2956 2604 poni.
2982 2536 3167 2590 Omnis
3188 2537 3329 2591 enim
3354 2536 3515 2589 homo

1947 2631 2032 2683 hic
2055 2626 2431 2695 intelligendus
2457 2637 2558 2692 est,
2594 2641 2697 2680 non
2726 2626 2812 2680 ille
2837 2625 3176 2692 universalis,
3208 2627 3300 2679 sed
3324 2625 3409 2694 qui
3431 2625 3518 2694 ju-

1947 2720 2142 2774 dicium
2175 2717 2411 2771 futurum
2439 2715 2772 2770 considerata
2805 2715 3014 2770 Domini
3042 2725 3304 2785 potestate
3336 2715 3518 2769 formi-

1948 2810 2056 2864 dat.
2090 2808 2221 2862 Nam
2246 2818 2304 2861 ut
2327 2807 2588 2874 intelligas
2618 2805 2684 2860 de
2723 2803 2967 2859 ﬁdelibus
2995 2814 3197 2858 tantum
3228 2804 3355 2868 diei,
3386 2803 3509 2859 vide

1949 2898 2072 2968 quid
2103 2897 2340 2968 sequitur
2369 2913 2383 2949 :
2425 2896 2486 2948 Et
2512 2895 2936 2949 annuntiaverunt
2967 2911 3118 2966 opera
3150 2894 3279 2960 Dei;
3319 2895 3522 2949 scilicet

1951 2989 2176 3059 gloriam
2219 2984 2646 3049 resurrectionis,
2696 2984 3019 3053 agnitionem
3067 2986 3120 3037 in
3150 2983 3520 3039 contractione

251 3081 331 3148 gis
362 3079 647 3147 magisque
674 3078 886 3142 crescit,
922 3086 974 3130 et
1003 3090 1169 3144 usque
1199 3077 1263 3128 ad
1296 3073 1397 3127 hoc
1426 3071 1843 3142 pervenil,ulab
1869 3067 1917 3131 C
1950 3079 2122 3150 panis,
2148 3079 2518 3132 ascensionem
2549 3076 2601 3129 in
2640 3075 2816 3141 etelis,
2867 3075 3030 3130 variis
3074 3075 3267 3143 linguis
3314 3075 3522 3128 locutos

257 3185 321 3223 eo
351 3182 606 3221 summus
651 3175 806 3235 atque
837 3165 1175 3235 omnipotens
1221 3164 1359 3216 Deus
1409 3177 1528 3217 esse
1569 3161 1846 3223 credatur;

259 3277 362 3313 non
395 3258 547 3328 quod
595 3257 734 3310 Deus
763 3257 919 3309 altior
947 3257 1068 3318 ﬁat,
1110 3256 1200 3309 sed
1232 3256 1355 3322 quia
1385 3254 1436 3307 in
1477 3252 1639 3306 corde
1681 3249 1849 3304 sancti

263 3351 503 3404 hominis
532 3361 748 3415 semper
772 3347 1028 3400 Divinitas
1059 3346 1388 3399 considerata
1416 3339 1746 3411 grandescat.
1785 3339 1853 3392 Et

259 3453 383 3494 nota
414 3441 543 3508 quia
566 3439 810 3506 superius
839 3437 906 3492 de
931 3436 1142 3506 perﬁdis
1162 3435 1360 3489 .lndaeis
1380 3433 1577 3486 dictum
1603 3438 1707 3496 est,
1730 3428 1852 3498 quia

259 3534 587 3585 defecerunt
638 3529 689 3580 in
740 3526 1148 3598 ergitaticnibus
1205 3525 1344 3586 suis;
1378 3537 1520 3578 nunc
1568 3531 1744 3575 autem
1787 3517 1852 3572 de

261 3620 530 3689 aposwlis
578 3618 771 3670 dicitur
827 3616 1137 3684 cunctisque
1185 3615 1466 3679 ﬁdelibus,
1518 3612 1570 3665 in
1623 3624 1846 3680 quorum

262 3713 431 3766 corde
477 3720 682 3764 tantum
734 3709 996 3761 exaltatus
1036 3717 1118 3761 est
1156 3707 1330 3769 Deus,
1367 3714 1621 3774 quantum
1654 3702 1855 3770 cogita-

267 3807 450 3858 tiones
478 3818 632 3855 νει-δέ
660 3811 819 3870 atque
842 3801 1203 3854 sanctissimas
1230 3800 1376 3868 puris
1401 3798 1667 3852 mentibus
1691 3797 1856 3849 intra-

265 3903 483 3949 verunt.

343 3987 505 4040 Vers.
548 3987 600 4037 7.
636 3985 847 4054 Sagitta:
876 3987 1200 4053 parvulorum
1248 3987 1394 4045 facite
1422 3990 1539 4035 sunt
1571 3982 1734 4050 plaga:
1768 3995 1856 4032 eo-

267 4093 411 4129 rum.
449 4075 575 4128 Post
614 4077 1072 4129 enumerationem
1107 4075 1341 4128 Judaicte
1378 4072 1674 4142 pravitatis,
1702 4085 1856 4138 quam

271 4169 325 4219 in
357 4181 551 4219 necem
585 4165 800 4218 Domini
835 4180 1088 4234 peragere
1125 4173 1481 4225 tentaverunt,
1515 4161 1744 4217 venitad
1775 4177 1860 4215 se-

266 4257 511 4310 cundam
541 4255 879 4324 positionem,
905 4257 991 4308 ubi
1026 4255 1264 4308 fremitus
1294 4264 1544 4308 eorumet
1574 4253 1706 4306 dura
1733 4257 1858 4305 eonol

267 4353 393 4404 silia
428 4349 706 4416 aptissima
741 4350 1138 4418 comparatione
1167 4351 1390 4403 deridet.
1423 4350 1551 4415 Qua:
1585 4349 1747 4418 ﬁgura
1772 4347 1857 4400 di-

1955 3170 2118 3223 fuisse
2142 3167 2458 3234 discipulos,
2506 3175 2560 3220 et
2607 3174 2799 3219 cmtera
2826 3179 2945 3234 qua:
2976 3179 3071 3234 per
3093 3165 3368 3233 apostolos
3395 3177 3525 3217 suos

1955 3268 2080 3330 post
2102 3257 2548 3313 resurrectionem
2585 3270 2733 3308 suam
2776 3253 3032 3308 Dominus
3057 3253 3302 3308 Salvator
3332 3262 3515 3306 ostenc

1955 3352 2050 3406 dit.
2079 3351 2182 3405 ista
2202 3351 2343 3404 enim
2363 3349 2792 3402 annuntiaverunt
2811 3346 3148 3415 praedicando
3171 3348 3425 3413 diversis;
3450 3354 3525 3408 et.

1956 3444 2086 3515 proh
2110 3443 2262 3497 dolor
2285 3443 2297 3494 !
2329 3453 2518 3512 gentes
2537 3442 2699 3512 210
2723 3441 2918 3495 auditis
2937 3439 3212 3496 credidere
3235 3441 3526 3506 miraculis,

1956 3534 2145 3603 quibus
2195 3532 2268 3586 illi
2321 3531 2610 3586 noluerunt
2655 3531 2890 3584 animum
2933 3530 3174 3598 praebere
3226 3546 3326 3586 nec
3376 3517 3526 3585 visis.

1957 3624 2209 3680 Additum
2236 3631 2336 3690 est,
2368 3632 2416 3675 et
2438 3623 2573 3692 facta
2597 3622 2706 3691 ejus
2750 3621 3145 3684 intellexerunt;
3173 3623 3350 3691 utique
3377 3623 3529 3675 intel-

1957 3717 2189 3770 lexerunt
2219 3730 2339 3768 esse
2369 3714 2567 3777 divina,
2596 3714 2718 3782 quia
2754 3712 2881 3766 talia
2915 3712 3141 3782 implere
3184 3729 3289 3768 non
3326 3721 3531 3782 poterat

1959 3809 2187 3862 humana
2220 3807 2502 3876 fragilitas.

2027 3899 2182 3952 Vers.
2216 3897 2306 3951 1οι
2340 3897 2618 3950 Laetabitur
2651 3900 2828 3967 justus
2863 3899 2915 3951 in
2952 3897 3194 3963 Domino,
3235 3905 3281 3951 et
3316 3897 3534 3966 speravit

1958 3991 2010 4042 in
2037 4004 2138 4050 eo;
2185 3997 2234 4042 et
2263 3988 2610 4041 laudabuntur
2653 4004 2823 4042 omnes
2865 3988 2989 4041 recti
3017 3989 3188 4042 corde.
3223 3987 3539 4041 Audivimus

1961 4079 2372 4149 promissionem
2407 4077 2638 4142 Domini,
2690 4087 2744 4132 et
2765 4078 3084 4132 sententiam
3133 4077 3409 4130 verissime
3444 4076 3536 4144 ju-

1960 4170 2205 4224 dicantis.
2231 4167 2435 4221 Justum
2461 4170 2517 4222 in
2540 4166 2720 4222 futuro
2747 4168 2881 4221 dicit
2903 4182 3024 4221 esse
3046 4168 3368 4230 imitaturum,
3413 4170 3535 4236 quia

1960 4261 2047 4315 hic
2093 4260 2384 4329 discipulos
2425 4274 2551 4313 suos
2604 4267 2823 4313 noverat
2860 4257 3184 4312 diversarum
3231 4260 3537 4324 passionum

1964 4349 2338 4404 afflictionibus
2378 4349 2764 4418 ingravandos;
2812 4347 2905 4402 sed
2958 4347 3284 4411 laetabuntur,
3315 4346 3530 4416 quando

268 4444 419 4496 citur
448 4441 641 4493 ironia.
668 4439 802 4504 Quid
839 4441 981 4494 enim
1009 4441 1174 4494 levius
1205 4440 1402 4508 quidve
1444 4441 1654 4492 inanius
1694 4452 1855 4506 quam
1889 4420 1937 4480 ι)
1964 4441 2224 4495 sedebunt
2246 4438 2824 4508 injudiciojudicantes
2851 4439 3128 4492 duodecim
3155 4439 3321 4492 tribus
3346 4439 3533 4492 Israel.

267 4550 470 4588 verum
501 4534 740 4588 iudicem
766 4535 896 4588 false
911 4533 1232 4602 adjudieare,
1259 4549 1414 4602 quam
1445 4532 1696 4586 occidere
1727 4530 1863 4585 velle

270 4627 368 4693 qui
413 4632 658 4677 mortuos
694 4625 1017 4693 suscitabat,
1060 4638 1217 4692 quam
1274 4623 1490 4687 ligatum
1539 4621 1746 4673 tradere
1773 4618 1861 4687 qui

270 4714 472 4767 mundi
503 4714 711 4766 vincula
739 4713 1096 4767 dissolvebat?
1129 4712 1471 4764 Parvulorum
1499 4711 1758 4778 siquidem
1783 4725 1866 4763 sa-

270 4810 428 4876 gittae
460 4806 640 4861 inania
670 4805 774 4857 tela
804 4814 946 4869 sunt,
973 4805 1060 4873 qui
1086 4804 1298 4858 ludendi
1319 4801 1723 4870 studiofragiles
1745 4815 1868 4853 can-

272 4915 383 4952 nas
420 4900 474 4951 in
513 4905 825 4963 sagittarum
861 4897 1298 4951 consuetudinem
1335 4895 1521 4962 jacere
1562 4906 1867 4947 consueve-

275 4999 439 5043 runt.
495 4990 582 5040 Sic
647 4989 952 5042 Judteorum
1037 5000 1156 5041 vota
1220 4987 1480 5042 inefﬁcaci
1543 4985 1872 5054 malignitate

272 5083 607 5146 saevissima,
629 5096 734 5132 non
760 5081 1050 5133 intulerunt
1067 5080 1291 5134 ﬁendam
1311 5089 1559 5140 mortem,
1575 5077 1670 5131 sed
1697 5075 1872 5144 potius

271 5171 738 5237 gloriosissimam
769 5171 1092 5239 passionem,
1123 5171 1360 5239 talesque
1386 5169 1567 5236 plagas
1599 5168 1868 5222 dederunt

271 5264 486 5328 quibus
515 5275 663 5314 mors
694 5263 805 5326 ipsa
838 5271 1156 5327 moreretur,
1181 5269 1234 5315 et
1265 5261 1525 5329 promissa
1554 5260 1737 5315 mundi
1758 5273 1872 5313 sos-
1919 5319 1921 5322 ,

277 5356 440 5421 pilas
469 5355 722 5407 velociter
754 5355 1092 5420 impleretur.

365 5444 520 5496 \‘ers.
552 5448 607 5499 8.
639 5443 704 5496 Et
729 5446 1003 5513 inﬁrmata
1024 5454 1140 5499 sunt
1171 5457 1344 5498 contra
1361 5461 1441 5498 eos
1459 5445 1646 5512 lingua:
1670 5457 1879 5506 eorum;

271 5541 581 5590 conturbati
613 5549 733 5590 sunt
767 5554 937 5591 omnes
963 5541 1050 5607 qui
1078 5539 1309 5591 videbant
1340 5555 1447 5593 eos.
1493 5537 1546 5590 In
1590 5537 1690 5588 hoe
1725 5550 1880 5588 versu

273 5627 542 5696 Urigeuis
591 5639 674 5684 est
725 5635 998 5698 sequenda
1025 5629 1329 5694 translatio,
1372 5639 1426 5684 ut
1458 5627 1609 5682 nobis
1639 5635 1882 5681 constare

1965 4532 2268 4587 Contristati
2296 4539 2420 4584 sunt
2450 4531 2512 4584 ad
2551 4540 2779 4599 tempus,
2830 4530 3148 4585 laetabuntur
3172 4529 3222 4581 in
3253 4540 3537 4597 internum,

1965 4629 2085 4696 quia
2137 4626 2340 4695 majora
2390 4634 2514 4679 sunt
2561 4624 2774 4694 prtemia
2814 4623 3019 4678 Domini
3049 4638 3204 4692 quam
3251 4638 3367 4691 qua:
3411 4620 3543 4674 illia

1968 4717 2225 4781 ﬁdelibus,
2279 4730 2502 4769 munere
2545 4725 2720 4768 tamen
2771 4714 2956 4781 ipsius,
3013 4714 3302 4780 probantur
3339 4711 3542 4765 oll‘erri.

1974 4807 2078 4862 Sed
2099 4822 2164 4858 ne
2186 4805 2433 4859 crederes
2455 4805 2583 4858 solis
2602 4804 2855 4871 apostolis
2886 4803 3011 4870 diei,
3029 4803 3266 4870 sequitur
3286 4801 3546 4855 sententia

1974 4895 2235 4965 generalis
2261 4935 2274 4958 ,
2317 4904 2368 4947 et
2414 4894 2756 4946 laudabuntur
2798 4909 2969 4946 omnes
3009 4893 3132 4944 recti
3169 4892 3339 4945 corde.
3385 4889 3548 4943 Corde

1973 4987 2097 5038 recti
2125 4992 2250 5038 sunt
2268 4985 2355 5053 qui
2384 5000 2479 5052 per
2510 4994 2682 5038 rectas
2732 4984 2950 5037 semitas
2978 4981 3184 5035 Domini
3214 4981 3544 5051 gradiuntur.

1977 5076 2058 5130 Ab
2084 5076 2169 5128 illa
2198 5077 2340 5128 enim
2369 5077 2547 5143 regula
2579 5074 2670 5144 qui
2701 5073 2887 5143 pedem
2916 5072 3144 5126 voluerit
3164 5085 3414 5125 amovere
3442 5071 3550 5123 dis-

1980 5175 2150 5220 tortus
2174 5174 2292 5232 est;
2326 5181 2424 5222 nec
2457 5177 2630 5235 potest
2661 5169 2937 5235 quisquam
2971 5173 3139 5218 rectus
3167 5163 3296 5226 diei,
3331 5163 3431 5216 nisi
3457 5163 3549 5231 qui

1980 5256 2054 5310 illi
2101 5257 2309 5311 veritati
2356 5257 2825 5325 prmdicationique
2879 5257 3163 5312 conseruit.
3215 5255 3371 5310 Tales
3409 5255 3552 5308 enim

1982 5347 2279 5403 redduntur
2322 5362 2536 5416 semper
2564 5347 2874 5410 laudabiles,
2899 5347 3016 5416 quia
3045 5355 3100 5402 et
3129 5345 3407 5399 Dominum
3447 5344 3558 5396 lau-

1985 5447 2132 5504 dant,
2163 5450 2216 5494 et
2245 5441 2310 5495 ab
2354 5440 2464 5508 ipsa
2500 5440 2729 5494 Veritate
2772 5441 3071 5493 laudantur.
3098 5437 3235 5504 Quid
3265 5436 3406 5490 enim
3439 5435 3556 5488 lau-

1987 5532 2210 5584 dabilius
2247 5544 2404 5597 quam
2444 5531 2511 5583 ab
2557 5532 2670 5598 ipso
2711 5530 2894 5585 Judice
2918 5529 2968 5583 in
3001 5540 3288 5598 conspecm
3317 5527 3556 5582 nomium

1993 5622 2300 5692 angelorum
2344 5622 2576 5690 gloriose
2604 5633 2656 5678 et
2685 5623 3047 5680 desideranter
3071 5623 3256 5678 audire
3287 5639 3299 5674 :
3360 5621 3556 5681 Venite,
