3956 6178
247 242 337 297 με
1164 244 1525 302 EXPOSlTlO
1564 245 1627 301 IN
1668 244 2128 303 PSALTERIUM.
2172 248 2359 304 PSAL.
2404 251 2583 308 LXIV.

3402 260 3502 313 M6

235 352 450 425 quando
495 353 724 408 salutem
757 354 954 408 mundo
997 354 1229 412 adventu
1277 358 1484 411 Domini
1525 358 1820 413 Salvatoris
1850 366 1899 422 Α
1999 360 2151 417 Vers.
2190 364 2242 419 6.
2288 363 2527 419 Mirabile
2569 368 2619 419 in
2649 369 2903 437 (equitare.
2960 369 3163 425 Exaudi
3210 390 3335 436 nos,
3373 372 3502 428 Deus

233 449 473 504 indulsit.
518 447 968 503 Perscrutaudum
1000 460 1081 503 est
1112 452 1459 520 autent-quid
1490 452 1614 505 velit
1640 453 1817 520 propi-

231 543 391 595 tiatus
419 542 668 611 intelligi.
712 542 848 611 Apte
877 542 1105 597 dicimus
1158 544 1257 598 hoc
1303 544 1370 599 de
1416 544 1813 611 sacerdotibus,

226 635 445 701 quoties
476 635 869 702 perintmolata
905 636 1165 690 sacriﬁcia
1197 639 1431 707 peccatis
1473 639 1666 692 nostris
1699 654 1817 706 pro-

227 728 412 795 pitiam
467 727 668 780 faciunt
720 729 1091 793 Divinitatem;
1124 740 1177 783 ut
1224 731 1298 784 ira
1352 747 1469 796 quae
1525 731 1820 785 debebatur

227 818 461 883 delictis,
491 829 840 873 convertatur
870 819 921 873 in
953 822 1176 889 gratiam
1206 822 1428 886 salutis;
1465 833 1515 875 et
1548 822 1637 891 qui
1668 830 1820 875 erant

228 909 381 963 factis
420 909 534 962 suis
560 910 856 978 justissime
890 912 985 976 rei,
1040 912 1331 965 reddantur
1361 911 1660 966 Divinitatis
1703 928 1818 966 mu-

226 1003 449 1056 neribus
479 1003 731 1055 absoluti.
770 1002 856 1057 Sic
888 1003 1148 1057 Divinitas
1178 1005 1457 1074 pr0pitiata
1482 1016 1563 1060 est
1587 1006 1818 1061 humano

222 1096 430 1164 generi,
458 1096 672 1162 quando
702 1097 855 1150 nobis
875 1107 927 1151 et
951 1099 1279 1151 sacerdotem
1304 1108 1356 1153 et
1386 1099 1611 1152 hostiam
1643 1100 1815 1169 ipsum

221 1187 453 1240 contulit
472 1185 776 1252 Christum;
803 1188 936 1241 sicut
966 1188 1094 1241 dicit
1115 1190 1433 1256 Apostolus:
1466 1190 1604 1244 Deus
1632 1198 1737 1243 erat
1765 1192 1817 1245 in

222 1275 429 1330 Christo
460 1278 709 1328 mundum
755 1279 1098 1333 reconcilians
1126 1280 1253 1343 sibi,
1300 1297 1399 1333 non
1438 1291 1678 1351 reputans
1712 1282 1817 1335 illis

222 1370 406 1421 delicta
435 1386 614 1421 eorum
639 1368 724 1438 (11
757 1368 878 1424 Cor.
912 1387 960 1431 ν,
999 1372 1105 1437 Η).

288 1458 456 1512 Vers.
488 1460 547 1513 4.
576 1458 766 1512 Beatus
812 1477 957 1525 quem
989 1460 1179 1531 elegiin
1219 1472 1264 1514 et
1300 1462 1637 1532 assumpsisti,
1665 1463 1816 1516 inha-

221 1552 399 1605 bitabit
429 1555 483 1605 in
526 1552 1008 1625 tabernactt'is[tns.
1042 1555 1134 1618 A.,
1175 1554 1228 1606 in
1257 1552 1422 1623 atriis]
1454 1555 1572 1608 tuis.
1593 1556 1815 1620 Quidam

219 1642 361 1696 hunc
391 1658 612 1696 versum
642 1643 930 1711 aptandum
955 1636 1219 1696 mstimaut
1255 1645 1479 1698 Domino
1516 1646 1811 1711 Salvatori;

1923 455 2165 508 salutaris
2201 466 2391 510 noster.
2426 456 2577 523 Quod
2607 458 2769 523 dixit,
2803 460 3039 514 Mirabile
3064 464 3115 515 in
3143 467 3394 531 wquitate,
3438 465 3503 517 ad

1924 548 2179 615 templum
2213 549 2429 616 reSpicit
2460 550 2801 617 praedictum;
2833 552 3011 606 multis
3041 554 3181 606 enim
3208 556 3379 607 modis
3411 570 3504 622 po-

1925 646 2028 691 test
2051 654 2169 691 esse
2197 639 2444 693 mirabile.
2488 638 2593 693 Sed
2624 641 2846 709 addidit,
2875 642 2927 694 in
2956 646 3225 713 (equitate,
3256 655 3315 699 ut
3354 646 3500 698 illum

1922 727 2207 781 adventum
2240 729 2405 796 ipsius
2436 729 2713 785 debuisses
2737 733 3035 799 advertere,
3067 748 3187 786 cum
3214 734 3381 787 bonos
3412 749 3501 788 se-

1920 831 2107 889 gregat
2136 835 2164 872 a
2207 820 2381 885 malis,
2414 832 2464 875 et
2496 821 2781 890 unicuique
2829 822 2983 892 digna
3013 826 3273 878 retribuit.
3304 824 3499 879 Verum

1923 920 1979 965 ut
2025 914 2123 964 hoc
2172 912 2237 965 de
2286 913 2403 980 ipso
2461 914 2760 983 intelligere
2808 916 3153 981 deberemus,
3210 921 3498 984 sequitur:

1923 1000 2128 1054 Exaudi
2158 1019 2253 1055 nos
2276 1043 2292 1067 ,
2326 1002 2487 1069 Deus,
2518 1007 2756 1059 salutaris
2806 1017 2995 1061 noster.
3032 1009 3145 1076 Ipse
3191 1011 3330 1063 enim
3361 1011 3499 1065 Deus

1923 1094 2166 1149 Salvator
2195 1108 2376 1149 noster
2406 1106 2487 1149 est
2528 1098 2613 1165 qtti
2654 1099 2849 1151 mundo
2902 1100 3126 1154 salutem
3172 1104 3417 1166 contulit,
3446 1113 3499 1157 et

1922 1184 2153 1239 humano
2184 1187 2367 1254 generi
2397 1202 2489 1241 sua
2515 1190 2708 1257 pietate
2736 1190 3006 1244 subvenit.

1994 1278 2148 1330 Vers.
2175 1278 2225 1329 7.
2252 1277 2383 1343 Spes
2408 1280 2633 1331 omnium
2656 1279 2832 1346 ﬁnium
2856 1290 3025 1347 terrce,
3047 1291 3095 1335 et
3113 1281 3166 1335 in
3190 1285 3316 1337 mari
3334 1284 3498 1355 longe.

1925 1366 2215 1436 Postquam
2265 1368 2493 1436 populus
2535 1368 2625 1422 ille
2677 1384 2969 1425 conversus
3010 1373 3302 1427 orationem
3348 1389 3500 1428 suam

1898 1458 2147 1526 simplici
2179 1458 2340 1512 corde
2381 1458 2672 1525 profundit,
2722 1459 2982 1531 bonisque
3029 1462 3235 1517 Domini
3266 1478 3322 1517 se
3350 1480 3500 1518 asse-

1921 1548 2023 1603 ruit
2050 1565 2170 1603 cssc
2204 1549 2551 1617 completum,
2584 1550 2729 1603 venit
2757 1551 2820 1602 ad
2852 1556 3140 1609 secundam
3188 1555 3499 1618 sectionem,

1922 1642 1971 1694 in
2000 1657 2100 1708 qua
2125 1641 2311 1694 laudes
2342 1640 2551 1693 Domini
2576 1639 2903 1709 virtutesque
2926 1644 3202 1698 describit.
3231 1645 3357 1699 Nam
3381 1661 3502 1700 seu-

217 1735 308 1789 sed
340 1751 448 1788 nus
485 1735 632 1787 illum
659 1737 825 1803 magis
864 1736 930 1788 ad
971 1751 1308 1790 communem
1337 1737 1548 1791 beatum
1588 1738 1817 1792 dicimus
1849 1746 1892 1803 Β
1921 1747 2012 1787 sus
2064 1731 2163 1785 iste
2206 1730 2511 1785 Judmorum
2570 1733 2979 1799 persuasiones,
3031 1743 3085 1788 et
3131 1735 3501 1791 haereticorum

219 1840 335 1880 esse
369 1825 743 1879 referendum.
772 1826 983 1880 Dixerat
1005 1828 1144 1881 enim
1169 1830 1435 1897 superius,
1462 1827 1818 1897 lmpietatibus

217 1918 412 1970 nostris
440 1929 495 1969 tu
532 1918 924 1987 propitiaberis;
953 1934 1091 1973 nunc
1135 1920 1409 1988 sequitur,
1455 1918 1643 1973 Beatus
1669 1938 1817 1989 quem

216 2008 419 2076 elegisti
449 2016 494 2060 et
523 2008 875 2077 assumpsisti;
903 2018 962 2061 ut
990 2024 1093 2061 nun
1123 2010 1224 2062 hoc
1253 2009 1317 2061 de
1346 2010 1441 2063 illo
1471 2008 1816 2078 singulariter

217 2095 594 2159 immaculato,
637 2096 730 2149 sed
763 2096 829 2150 de
876 2105 1159 2166 peccatore
1185 2095 1429 2151 absolute
1479 2097 1678 2150 dixisse
1721 2113 1817 2150 no-

218 2199 414 2242 scatur.
453 2186 646 2241 Beatus
685 2199 766 2241 est
810 2188 965 2256 igitur
1014 2205 1162 2256 quem
1192 2189 1342 2259 elegit
1386 2187 1661 2244 Dominus.
1709 2190 1816 2244 Sed

219 2280 334 2333 vide
361 2280 497 2346 quid
528 2279 604 2331 ait
651 2280 845 2347 elegisti
863 2320 877 2344 ,
908 2288 964 2332 ιιι
995 2278 1133 2333 hanc
1162 2280 1476 2333 electionem
1521 2294 1678 2334 nemo
1704 2281 1816 2335 suis

219 2370 430 2423 meritis
454 2370 778 2437 applicaret,
808 2371 941 2423 sicut
974 2370 1086 2439 ipse
1117 2371 1165 2424 itt
1194 2371 1480 2441 Evangelia
1501 2373 1667 2426 dicit:
1694 2372 1816 2427 Non

217 2475 297 2513 ros
325 2478 413 2513 me
445 2460 691 2529 elegistis,
719 2462 809 2513 sed
839 2478 929 2531 ego
960 2463 1088 2531 elegi
1114 2478 1199 2515 vos
1222 2462 1404 2533 (Joan.
1436 2479 1523 2529 xv,
1568 2463 1677 2533 16).
1715 2465 1814 2517 As-

218 2555 368 2615 sumi,
397 2564 483 2607 est
508 2561 688 2607 autem
723 2555 774 2606 in
797 2564 1050 2608 mternam
1078 2556 1318 2624 requiem
1349 2556 1619 2620 collocari,
1657 2571 1814 2625 quam

219 2644 425 2697 sanctis
464 2641 583 2696 suis
642 2642 759 2711 pius
810 2643 1063 2699 Dominus
1118 2646 1524 2715 compromittit.
1554 2647 1656 2701 Sed
1692 2648 1816 2716 quid

219 2734 418 2787 talibus
466 2734 733 2801 contingit
762 2733 877 2801 ipse
906 2736 1278 2804 subsequitur,
1313 2735 1627 2790 Inhabitabit
1656 2738 1709 2789 in
1740 2746 1816 2789 ta-

218 2824 512 2876 bernaculis
560 2826 681 2875 tuis.
710 2822 1013 2878 Inhabitare
1056 2826 1283 2880 dicimus
1328 2842 1418 2881 eos
1450 2829 1539 2896 qui
1568 2828 1817 2896 adeptum

221 2914 396 2968 locum
453 2914 597 2967 nulla
646 2915 1036 2983 permutatione
1074 2916 1470 2985 derelinquunt.
1501 2917 1605 2972 Sed
1650 2919 1820 2986 qualis

219 3008 288 3061 sit
308 3008 421 3060 ista
455 3006 736 3069 habitatio,
768 3008 819 3059 in
860 3009 964 3060 alio
997 3008 1197 3076 psalmo
1227 3009 1395 3063 dicit:
1428 3008 1746 3077 Concupivit,
1769 3018 1817 3062 et

1922 1837 2085 1891 prava
2126 1821 2373 1891 dogmata
2422 1821 2559 1875 falce
2589 1822 2829 1875 veritatis
2880 1821 3124 1877 abscidit.
3178 1824 3310 1893 Spes
3359 1826 3501 1880 enim

1921 1912 2131 1968 Domini
2165 1926 2268 1966 non
2299 1920 2382 1966 est
2411 1912 2619 1979 localis,
2649 1927 2819 1981 neque
2865 1913 3021 1968 unius
3048 1915 3239 1983 gentis,
3270 1916 3362 1970 sed
3393 1932 3504 1969 on;-

1919 2005 2059 2057 nium
2099 2002 2278 2073 ﬁnium
2302 2011 2470 2067 terrte,
2502 2004 2712 2071 quando
2740 2004 2814 2056 illi
2845 2018 2941 2073 per
2981 2005 3287 2059 universum
3314 2007 3499 2061 orbem

1922 2096 2141 2150 humilia
2166 2106 2283 2149 vota
2312 2096 2621 2149 funduntur.
2655 2097 2753 2163 Qui
2787 2098 2979 2152 merito
3008 2100 3233 2151 omnium
3263 2116 3374 2168 spes
3395 2110 3500 2163 est,

1919 2188 2134 2258 quando
2181 2188 2426 2242 ﬁdelibus
2455 2190 2660 2241 cunctis
2704 2198 2900 2242 :eterna
2932 2192 3151 2258 praemia
3182 2192 3501 2259 compromi-

1919 2283 2008 2337 sit.
2061 2280 2167 2337 Sed
2217 2297 2284 2336 ne
2321 2282 2421 2335 hoc
2452 2290 2657 2335 tantum
2698 2281 2765 2335 de
2805 2282 2917 2335 svia
2967 2291 3104 2335 terra
3150 2282 3499 2352 intelligeres,

1918 2391 2076 2445 quam
2107 2389 2349 2443 magnam
2377 2384 2586 2439 vocant,
2611 2374 2844 2438 addidit,
2876 2383 2922 2427 et
2951 2374 3001 2427 in
3032 2374 3163 2427 mari
3188 2376 3354 2445 longe.
3380 2376 3502 2430 Sive

1919 2464 1985 2519 ad
2020 2466 2223 2518 insulas
2253 2465 2491 2533 respicit,
2523 2480 2652 2534 quas
2683 2481 2785 2519 non
2818 2465 3097 2519 videbatur
3122 2475 3277 2520 terra:
3311 2466 3501 2520 linibus

1919 2556 2227 2621 inclusisse;
2258 2558 2368 2609 sive
2396 2555 2461 2608 ad
2494 2571 2640 2610 mare
2674 2558 2908 2622 longum,
2939 2556 2990 2610 id
3015 2567 3095 2610 est
3127 2558 3287 2611 totius
3321 2558 3500 2612 steculi

1921 2646 2302 2700 habitationem
2330 2664 2343 2699 :
2368 2646 2434 2700 de
2465 2662 2570 2715 quo
2601 2646 2721 2701 alibi
2752 2648 2877 2700 dicit
2909 2665 2920 2698 :
2957 2647 3074 2700 Iloc
3100 2664 3237 2701 mare
3260 2665 3500 2719 magnum

1921 2746 1967 2791 et
1998 2738 2279 2805 spatiosum
2332 2738 2565 2790 manibus
2614 2736 2782 2807 (Psal.
2834 2752 2945 2802 cut,
2977 2738 3091 2804 25).
3144 2737 3382 2807 Longum
3422 2751 3502 2792 est

1920 2828 2105 2891 enim,
2135 2828 2382 2897 quoniam
2441 2828 2697 2883 habitatio
2745 2829 2861 2898 ejus
2907 2830 3214 2884 innumeras
3265 2830 3503 2885 continet

1922 2920 2185 2973 nationes.
2216 2919 2346 2971 Nam
2394 2934 2556 2984 mare,
2591 2920 2845 2973 mundutn
2894 2920 3089 2975 debere
3140 2920 3357 2990 intelligi
3392 2920 3499 2975 Do-

1927 3008 2101 3063 minus
2121 3022 2333 3079 quoque
2364 3018 2615 3072 testatur;
2638 3010 2711 3062 ait
2738 3010 2877 3063 enim
2902 3010 3179 3078 discipulis
3206 3011 3317 3065 suis
3345 3028 3357 3064 :
3392 3008 3505 3063 Fa-

220 3100 407 3167 defecit
446 3099 624 3152 anima
651 3116 761 3153 mea
791 3100 843 3152 in
866 3102 999 3153 atria
1040 3099 1247 3155 Domini
1277 3101 1449 3171 (Psal.
1483 3117 1701 3167 Lxxxm,
1733 3101 1810 3167 '5).
1842 3098 1886 3160 C
1914 3102 2049 3154 ciam
2069 3115 2153 3153 vos
2175 3101 2449 3168 piscatores
2469 3099 2733 3153 hominum
2763 3099 2975 3169 (Matth.
2999 3117 3070 3167 tv,
3099 3100 3207 3170 19).
3240 3101 3335 3157 Ubi
3358 3104 3500 3156 enim

222 3190 293 3245 lbi
332 3191 490 3245 enim
529 3190 767 3245 habitare
792 3190 899 3261 jam
931 3194 1209 3261 prarmium
1248 3202 1350 3259 est,
1401 3194 1524 3263 quia
1556 3203 1822 3263 nequeunt

223 3280 346 3336 illuc
378 3281 640 3348 introire,
670 3283 769 3336 nisi
798 3298 931 3352 quos
966 3284 1200 3340 caelestis
1245 3285 1610 3340 misericordia
1640 3287 1823 3357 digna-

222 3384 307 3428 tur
326 3376 563 3444 eligere.

290 3464 459 3520 Vers.
494 3464 552 3518 5.
584 3465 913 3535 Replebimur
957 3467 1010 3521 in
1039 3467 1184 3522 bonis
1211 3467 1396 3523 domus
1425 3477 1565 3527 tuae:
1593 3479 1822 3524 sanctum

224 3569 295 3610 est
321 3558 585 3625 templum
615 3569 777 3613 tuum.
802 3560 858 3615 Si
889 3565 1025 3616 bona
1053 3562 1241 3618 domus
1272 3563 1385 3630 Dei,
1421 3565 1472 3617 id
1502 3572 1583 3619 est
1610 3563 1824 3618 Jerusa-

226 3648 330 3701 lem
383 3647 584 3703 futurae
624 3650 691 3704 ad
736 3650 988 3720 liquidum
1021 3653 1252 3708 voluerit
1303 3655 1621 3724 perscrutari
1670 3670 1823 3709 mens

229 3738 491 3803 humana,
545 3755 651 3792 non
692 3740 922 3807 sufficit;
973 3741 1041 3795 de
1080 3742 1271 3811 quibus
1317 3743 1444 3797 dicit
1492 3744 1817 3813 Apostolus:

232 3830 381 3891 Quod
417 3829 604 3882 oculus
648 3846 749 3882 non
789 3832 936 3897 vidit,
970 3847 1059 3884 nec
1088 3833 1230 3885 auris
1272 3834 1488 3897 audiuit,
1520 3850 1608 3887 nec
1643 3836 1695 3887 in
1735 3850 1823 3887 cor

230 3919 456 3972 hominis
477 3920 731 3985 ascendit,
753 3937 867 3990 quae
887 3924 1195 3991 praeparauit
1225 3922 1360 3977 Deus
1390 3924 1469 3977 his
1493 3926 1581 3993 qui
1602 3924 1823 3995 diligunt

229 4027 343 4063 eum
370 4010 425 4081 (Ι
451 4011 573 4063 Cor.
612 4027 670 4078 ll,
704 4013 779 4083 9).
810 4014 912 4067 Sed
957 4014 1078 4083 quia
1110 4016 1187 4068 fas
1216 4024 1300 4069 est
1327 4031 1423 4084 pro
1467 4027 1617 4084 parte
1644 4017 1821 4071 audita

230 4100 402 4168 loqui,
426 4102 615 4154 domus
633 4103 747 4169 ejus
771 4104 900 4155 bona
941 4115 1065 4157 sunt
1089 4106 1424 4171 tricenarius,
1447 4108 1822 4176 sexagenarius

230 4201 282 4245 et
305 4194 653 4247 catenarius
684 4193 908 4256 fructus,
935 4210 1092 4264 quem
1119 4196 1187 4249 ibi
1218 4199 1413 4251 sanctis
1438 4199 1547 4251 suis
1580 4198 1821 4252 ﬁdelibus
1840 4244 1872 4269 ,ρ

232 4282 496 4337 Dominus
547 4286 847 4352 pollicetur.
893 4286 1031 4339 Sunt
1074 4289 1229 4340 etiam
1261 4298 1314 4342 et
1345 4288 1430 4341 hic
1459 4290 1588 4341 bona
1635 4290 1818 4342 domus

231 4381 370 4445 ejus,
406 4394 531 4448 qua
551 4380 681 4433 dicit
725 4380 1044 4447 Apostolus:
1070 4382 1172 4433 Alii
1195 4384 1327 4433 enim
1362 4383 1515 4434 datur
1540 4399 1707 4436 sermo
1736 4398 1821 4435 sa-

1924 3195 2097 3262 pisces
2126 3196 2380 3260 maxime,
2404 3193 2506 3249 nisi
2536 3194 2587 3247 in
2618 3193 2752 3248 mari
2778 3196 2951 3249 sunt?
2977 3194 3109 3248 Mari
3140 3196 3335 3265 quippe
3359 3196 3503 3265 juste

1923 3295 2265 3355 comparatur
2315 3285 2401 3339 hic
2458 3285 2708 3351 mundus,
2756 3285 2877 3354 quia
2930 3286 3247 3340 falsitattbus
3293 3300 3501 3342 amarus

1923 3385 2025 3442 est,
2060 3375 2306 3429 ﬂuctibus
2332 3375 2613 3430 diabolicis
2640 3377 2903 3446 quatitur,
2934 3385 2989 3430 et
3017 3376 3267 3431 vitiorum
3304 3386 3503 3443 tempe-

1924 3468 2152 3523 statibus
2173 3464 2559 3524 commovetur.

1998 3563 2150 3617 Vers.
2185 3562 2239 3617 8.
2273 3561 2586 3630 Praeparatis
2612 3571 2805 3617 montes
2826 3564 2877 3616 in
2899 3562 3080 3616 virtute
3110 3574 3216 3628 ttta,
3249 3565 3504 3617 accinctus

1927 3654 2174 3723 potentia.
2208 3653 2436 3708 Versum
2463 3654 2622 3709 istum
2665 3654 2825 3723 paulo
2859 3654 3166 3723 diligentius
3197 3663 3503 3723 perscruta-

1927 3760 2067 3808 mur,
2092 3753 2173 3798 est
2197 3745 2339 3798 enim
2372 3744 2654 3799 verborum
2687 3745 2980 3799 subtilitate
3010 3744 3320 3814 profundus.
3350 3743 3501 3811 Quod

1926 3837 2069 3891 enim
2121 3835 2320 3890 dictum
2363 3842 2480 3900 est,
2529 3834 2840 3904 Prteparans
2889 3845 3081 3888 montes
3112 3838 3163 3888 in
3192 3836 3400 3899 virtute,
3437 3835 3501 3887 ad

1927 3935 2173 3981 terrenas
2198 3925 2507 3980 altitudines
2529 3925 2748 3980 omnino
2774 3941 2877 3979 non
2912 3926 3165 3994 pertinet.
3202 3925 3504 3995 Pt'a‘parare

1926 4032 2053 4071 vero
2083 4031 2189 4069 non
2239 4016 2488 4081 dicimus,
2521 4017 2622 4070 nisi
2669 4019 2827 4087 212
2857 4020 2996 4083 quod
3043 4016 3108 4070 ad
3139 4025 3502 4084 competentes

1925 4107 2061 4160 alios
2090 4121 2217 4160 usus
2261 4107 2561 4160 necessaria
2608 4107 2863 4174 qualitate
2901 4105 3224 4173 providctur.
3279 4106 3341 4157 lit
3384 4104 3503 4157 ideo

1927 4205 2243 4270 prwparatos
2281 4205 2474 4249 montes
2498 4197 2770 4266 apostolos
2801 4212 2893 4265 per
2920 4197 3225 4266 allegoriam
3252 4196 3503 4249 decenter

1925 4290 2238 4359 accipimus,
2272 4290 2363 4359 qui
2393 4289 2457 4343 ad
2489 4291 2706 4342 verbum
2740 4289 3130 4357 przedicationis
3159 4288 3312 4342 eleCti
3354 4299 3499 4353 sunt,

1929 4380 2292 4435 fortitudinem
2327 4380 2584 4435 habentes
2630 4380 2774 4443 tidei,
2804 4391 2857 4433 et
2887 4380 3217 4433 altitudinem
3249 4378 3504 4433 sanctita-

230 4472 459 4539 pientia',
492 4469 585 4521 alii
611 4486 774 4522 sermo
794 4472 1034 4531 sciemus,
1060 4472 1151 4524 alii
1172 4472 1298 4539 fides
1320 4474 1371 4524 in
1404 4474 1574 4526 eodem
1600 4473 1820 4543 Spiritu,
1852 4481 1905 4540 1)
1931 4471 2019 4537 tis,
2053 4470 2284 4524 humiles
2307 4470 2736 4535 conversatione,
2762 4469 2853 4523 sed
2879 4470 3068 4523 merito
3087 4467 3363 4522 celsiores.
3397 4467 3504 4520 llos

231 4561 326 4614 alii
356 4563 530 4631 gratia
556 4561 854 4623 sanitatum,
880 4561 972 4613 alii
1000 4578 1185 4633 genera
1215 4564 1525 4633 linguarum,
1550 4564 1641 4617 alii
1670 4566 1827 4616 inter-

231 4652 548 4720 pretationes
568 4668 855 4703 sermonum
886 4650 937 4710 (Ι
956 4650 1075 4705 Cor.
1101 4667 1197 4719 xu,
1221 4652 1278 4718 8,
1298 4653 1373 4722 9).
1398 4664 1500 4707 etc.
1536 4656 1597 4707 Et
1621 4654 1826 4708 intuere

230 4741 380 4808 quod
439 4741 613 4803 dixit,
650 4742 1003 4811 Reptcbimur,
1052 4742 1203 4811 quasi
1255 4744 1320 4797 ad
1380 4759 1681 4798 mensuram
1732 4760 1827 4798 no-

231 4840 433 4895 stram,
464 4846 536 4898 qu
556 4841 726 4883 tntum
753 4846 1033 4900 possumus
1063 4847 1278 4901 capere,
1308 4834 1605 4902 potabimur
1630 4852 1643 4888 :
1666 4836 1828 4902 signi-

236 4920 414 4976 ﬁcans
455 4923 586 4976 illud
638 4923 775 4989 quod
826 4923 962 4977 idem
1008 4925 1297 4991 Apostolus
1342 4925 1507 4978 dicit:
1544 4924 1828 4995 Unicuique

230 5026 415 5071 autem
462 5026 689 5068 nostrum
733 5016 855 5068 data
884 5025 958 5071 est
1001 5018 1166 5087 gratia
1215 5020 1492 5071 secundum
1537 5034 1825 5071 mensuram

234 5105 537 5159 donationis
567 5104 759 5160 Christi
802 5106 1016 5176 (Ephes.
1062 5123 1137 5174 tv,
1170 5109 1249 5177 7).
1281 5109 1563 5177 Sequitur,
1595 5118 1823 5163 sanctum

232 5206 311 5249 est
340 5199 588 5265 templum
616 5208 780 5251 tuum.
812 5198 935 5253 Sive
964 5200 1065 5252 hoc.
1095 5201 1323 5269 pertinet
1354 5201 1417 5254 ad
1462 5202 1675 5256 domum
1710 5201 1824 5264 Dci,

234 5303 362 5353 qua:
384 5296 464 5341 est
482 5288 751 5353 Ecclesia;
776 5288 890 5342 sive
908 5290 969 5343 ad
995 5290 1414 5344 incarnationem
1442 5292 1667 5361 Domini,
1688 5293 1826 5347 sicut.

240 5382 443 5447 legitur
485 5380 537 5433 in
584 5379 869 5450 Evangelio
902 5399 913 5433 :
952 5382 1207 5435 Destruite
1241 5384 1482 5453 templum
1510 5382 1635 5449 hoc,
1681 5395 1725 5437 et
1770 5386 1823 5439 in

238 5476 420 5528 triduo
458 5476 725 5543 adiﬁcabo
770 5476 903 5530 illud
950 5475 1129 5545 (loan.
1159 5493 1217 5541 tt,
1247 5476 1374 5546 19);
1407 5486 1461 5531 et
1506 5478 1657 5546 paulo
1709 5486 1827 5545 post

238 5567 319 5617 ait
351 5564 686 5637 Evangelista
723 5585 738 5621 :
770 5567 883 5623 [Ioc
920 5571 1054 5625 enim
1085 5570 1281 5625 dicebat
1310 5570 1374 5625 de
1420 5570 1605 5638 templo
1646 5584 1824 5637 carpo.

239 5676 316 5715 Πε
345 5675 447 5716 ιω.

1929 4562 2185 4616 Dominus
2215 4562 2522 4632 prteparauit
2548 4562 2602 4613 in
2628 4562 2811 4613 virtute
2838 4575 2950 4626 sua,
2986 4560 3105 4627 quia
3136 4574 3229 4628 per
3259 4573 3350 4612 eos
3383 4558 3506 4612 fecit

1930 4667 2119 4721 magna
2150 4650 2436 4716 miracula;
2465 4660 2522 4704 ut
2547 4660 2601 4704 et
2629 4651 2988 4719 magnitudine
3019 4650 3163 4705 verbi
3204 4651 3503 4703 incredulos

1929 4752 2338 4809 converterent,
2392 4752 2446 4797 et
2500 4743 2757 4796 factorum
2813 4742 3163 4795 admiratione
3218 4743 3392 4793 duriss
3418 4754 3501 4792 ma

1930 4838 2094 4892 corda
2129 4837 2419 4891 mollirent.
2444 4836 2546 4891 Sed
2576 4838 3019 4905 quemadmodum
3052 4835 3165 4892 hare
3188 4848 3503 4903 prwparave-

1929 4932 2019 4996 rit,
2050 4939 2442 4999 consequenter
2465 4931 2710 4999 exponit,
2753 4930 3008 4983 accinctus
3051 4930 3275 4995 potentia
3296 4971 3308 4992 ,
3340 4924 3390 4979 id
3423 4936 3502 4978 cst

1931 5021 2150 5076 indutus
2204 5020 2481 5091 majestate
2534 5035 2650 5074 sua.
2718 5021 3028 5074 Humanitas
3085 5018 3226 5073 enim
3292 5016 3499 5070 Domini

1933 5111 2091 5165 \‘etbi
2134 5119 2399 5181 potestate
2450 5113 2731 5179 prmcincta
2774 5120 2889 5175 est;
2924 5118 2982 5164 ut
3023 5108 3161 5179 quod
3194 5108 3353 5161 homo
3397 5120 3500 5158 non

1931 5202 2136 5269 habuit,
2169 5202 2335 5256 virtus
2361 5202 2537 5256 divina
2563 5210 2859 5271 prmstaret.
2892 5202 3212 5271 Accingimus
3233 5201 3373 5253 enim
3408 5212 3502 5251 nos

1936 5297 2142 5352 honore
2172 5295 2365 5360 baltei,
2396 5296 2519 5350 dum
2570 5305 2744 5349 tamen
2775 5296 2873 5349 alia
2906 5296 2974 5349 sit
3016 5294 3242 5362 dignitas
3273 5292 3500 5359 cinguli,

1932 5402 2091 5455 quam
2122 5398 2313 5440 natura
2334 5388 2613 5457 cingentis.
2647 5387 2734 5441 Sic
2763 5399 2817 5442 et
2848 5387 2898 5440 in
2932 5386 3134 5455 psalmo
3164 5382 3503 5452 quadragesi-

1932 5493 2019 5531 mo
2064 5487 2253 5543 quarto
2301 5478 2496 5530 dictum
2542 5486 2622 5531 est
2658 5495 2671 5530 :
2707 5477 2976 5545 Accingere
3016 5474 3190 5543 gladio
3234 5483 3321 5525 tuo
3368 5473 3504 5526 circa

1931 5570 2116 5638 femur,
2143 5568 2485 5636 potentissime
2516 5568 2687 5638 (Psal.
2732 5584 2871 5630 xuv,
2897 5566 2985 5636 4);
3016 5577 3068 5622 et
3088 5568 3208 5621 alibi
3238 5585 3249 5619 :
3289 5566 3504 5621 Prwcin-

1929 5661 2052 5717 xisti
2084 5677 2161 5713 me
2189 5658 2365 5713 ltrtitia
2411 5658 2579 5730 (Psal.
2628 5675 2772 5727 χχιι,
2804 5657 2913 5730 12).
2964 5660 3087 5715 Hac
3114 5660 3257 5717 enim
3299 5670 3350 5715 et
3383 5660 3503 5714 talia
