3956 6178
509 309 617 366 ιη

1731 307 1801 363 Μ.
1843 304 2123 361 AURELll
2164 302 2563 361 CASSIODORK

3622 306 3716 363 HS

507 424 642 482 duas
689 434 908 481 naturas
958 423 1197 480 indicant
1239 420 1456 479 Domini
1498 419 1697 475 Christi
1753 417 2089 489 plenissimas
2114 421 2166 483 Ἀ
2192 418 2442 483 sumitur,
2469 425 2618 472 tanto
2654 415 2995 471 sobrietatem
3044 412 3305 468 mentibus
3348 413 3534 472 donare
3556 418 3717 487 digna.

508 529 669 592 atque
689 521 957 590 perfectas
982 518 1032 573 in
1066 533 1167 572 una
1206 517 1504 581 eademque
1531 528 1779 583 persona,
1807 512 1946 568 sicut
1972 526 2090 567 om-

509 612 598 665 nis
624 609 886 664 catbolica
911 607 1198 662 confitetur
1227 606 1490 662 Ecclesia.
2086 594 2097 605 ί

585 699 740 753 Vers.
768 700 824 753 9.
869 698 969 763 Qui
1016 698 1289 753 conturbas
1329 696 1646 767 profundum
1686 694 1843 749 maris
1868 708 1887 748 :
1916 708 2095 747 sonum

510 790 757 857 ﬂuctuum
818 791 1089 862 ejus'quis
1136 788 1458 843 sustinebit?
1493 785 1857 841 Turbabuntur
1902 793 2093 854 gentes.

511 880 800 951 Postquam
832 897 926 949 per
972 882 1284 951 allegoriam
1326 882 1587 936 moutium
1640 880 1777 934 dixit
1823 879 2097 949 apostolos

513 983 636 1024 esse
676 978 1032 1039 praeparatos,
1067 984 1209 1025 nunc
1250 971 1473 1040 exponit
1499 971 1623 1040 quid
1655 985 1750 1040 per
1777 984 1872 1024 eos
1919 969 2099 1023 Domi-

515 1074 617 1113 ntm
648 1058 809 1114 fuerit
833 1068 1104 1131 operatus.
1138 1061 1395 1115 Turbavit
1435 1061 1578 1115 enim
1618 1060 1877 1128 apostolis
1906 1058 2098 1129 praedi-

510 1148 758 1203 cantibus
805 1164 911 1205 non
953 1150 1124 1205 solum
1156 1150 1495 1220 superﬁciem
1545 1150 1728 1215 maris,
1759 1149 1853 1204 sed
1879 1148 2098 1204 fundum

511 1240 708 1304 maris,
740 1239 794 1295 id
838 1248 921 1296 est
961 1241 1239 1311 gentilium
1280 1241 1441 1295 corda
1473 1241 1716 1295 demersa
1760 1239 2097 1309 profundius.

510 1329 643 1385 Nam
671 1345 791 1384 cum
823 1345 918 1386 sua
946 1331 1166 1385 numina
1194 1330 1520 1387 conticuisse
1550 1340 1855 1396 θρῖπες-ειη,
1884 1340 1939 1386 et
1959 1330 2102 1383 anni-

513 1421 674 1476 hilata
696 1437 815 1478 esse
840 1423 1123 1487 sentirent,
1149 1422 1342 1478 merito
1363 1422 1527 1477 corde
1548 1423 1741 1476 turbati
1764 1430 1909 1489 sunt,
1934 1437 2103 1492 quan-

512 1513 584 1569 do
610 1528 733 1584 spes
775 1528 903 1569 suas
936 1514 1000 1569 ad
1043 1514 1265 1568 nihilum
1294 1513 1606 1585 pervenisse
1628 1516 1941 1569 noscebant.
1968 1513 2101 1569 Nam

513 1618 634 1658 cum
685 1604 940 1659 saeculum
986 1619 1134 1661 mare
1182 1604 1413 1669 dicatur,
1444 1618 1677 1674 congrue
1727 1605 1891 1660 illlldo
1941 1607 2103 1660 maris

514 1706 822 1765 comparata
851 1704 977 1751 sunt
1003 1695 1165 1749 corda
1195 1695 1554 1764 dementium;
1595 1696 1716 1750 inde
1743 1698 1884 1751 enim
1910 1698 2099 1768 surgit,

2193 519 2300 564 tur.
2336 509 2672 577 Quapropter
2718 507 2819 561 hoc
2864 518 3031 576 genus
3079 505 3352 560 locutionis
3380 506 3428 560 in
3464 507 3723 576 Scripturis

2193 601 2388 656 divin's
2415 611 2496 655 cst
2541 601 2837 670 proprium,
2868 598 3122 669 quoniam
3176 598 3223 651 in
3273 599 3403 652 bono
3443 600 3722 671 plerumque

2197 694 2428 761 ponitur.
2460 693 2516 746 In
2547 691 2823 759 scripturis
2845 699 3024 745 autem
3050 690 3401 752 smcularibus,
3425 691 3501 745 vel
3521 691 3569 745 in
3595 707 3722 746 com-

2196 784 2445 839 munibus
2477 783 2667 838 fabulis
2713 782 2949 838 ebrietas
2998 781 3051 837 in
3072 780 3272 836 bonam
3321 791 3511 849 partem
3543 783 3728 849 penitus

2198 893 2303 932 non
2335 876 2581 931 habetur.
2606 875 2907 944 Subjungit,
2939 870 3293 942 multiplicasti
3313 873 3731 939 locupletareeam.

2202 968 2374 1026 Verba
2404 970 2505 1023 ista
2548 967 2977 1036 inexplicnbilem
3022 965 3238 1020 modum
3269 966 3552 1019 donationis
3572 977 3732 1023 osten-

2198 1063 2349 1118 dunt.
2389 1062 2521 1117 Nam
2552 1061 2643 1130 qui
2675 1058 2981 1130 multiplicat
3032 1057 3340 1124 locupletae
3361 1097 3376 1121 ,
3403 1068 3635 1126 quantum
3677 1061 3739 1115 sit

2201 1171 2307 1210 non
2355 1154 2566 1209 videtur
2615 1153 2947 1219 exprimere,
2979 1150 3073 1205 sed
3113 1150 3164 1203 in
3214 1149 3522 1203 immensum
3554 1150 3740 1207 ducitur

2201 1247 2341 1317 quod
2386 1246 2563 1301 verbis
2613 1245 2803 1298 talibus
2846 1242 3164 1312 pollicetur:
3195 1240 3429 1307 locuples
3459 1242 3591 1295 enim
3630 1242 3741 1297 dici-

2203 1348 2309 1407 tur,
2338 1339 2453 1393 loca
2484 1338 2633 1407 plura
2665 1347 2874 1390 tenens.
2921 1333 3034 1403 Ipsa
3069 1342 3153 1388 est
3175 1341 3317 1387 terra
3346 1346 3499 1401 quam
3527 1331 3744 1400 dignatus

2203 1443 2285 1488 est
2314 1447 2611 1498 assumere,
2653 1446 2758 1485 non
2790 1445 2946 1499 quam
2977 1428 3323 1482 humanitatis
3364 1441 3506 1481 more
3527 1427 3743 1482 calcavit.

2204 1526 2363 1583 istam
2411 1526 2670 1597 siquidem
2699 1540 2855 1594 quam
2884 1523 3105 1578 terimus
3131 1536 3239 1575 non
3266 1519 3664 1589 locupletandam
3685 1521 3748 1574 Ie-

2204 1619 2399 1688 gimus,
2432 1617 2527 1672 sed
2578 1618 2751 1687 potius
2784 1614 3206 1679 immutandam;
3239 1613 3378 1666 sicut
3425 1612 3578 1665 Isaias
3602 1612 3746 1666 dit-it:

2207 1708 2322 1764 Erit
2353 1709 2536 1763 cazlum
2564 1724 2770 1772 novum,
2794 1715 2843 1760 et
2865 1715 3002 1759 terra
3038 1722 3165 1758 nora
3199 1702 3351 1777 (Isai.
3380 1719 3498 1767 va,
3529 1702 3628 1771 l7).

511 1787 654 1857 quod
677 1787 868 1842 ﬂuctus
889 1788 1089 1844 excitat
1109 1797 1482 1858 peccatorum;
1507 1787 1633 1842 inde
1654 1788 1798 1844 venit
1823 1789 2092 1860 in0pinata
2125 1805 2172 1865 Β
2270 1800 2426 1855 γει-ε,
2458 1800 2545 1854 12,
2593 1798 2813 1852 Flumen
2867 1796 2961 1851 Dei
3000 1797 3247 1867 repletum
3287 1805 3360 1849 (st
3387 1795 3558 1865 aquis;
3586 1793 3753 1863 parasti

513 1879 821 1947 commotio,
868 1893 989 1947 qua:
1030 1878 1393 1934 innocentiam
1438 1879 1723 1942 verberat,
1774 1889 2096 1948 sanctosque

512 1974 785 2044 defatigat.
814 1974 1089 2044 Sequitur,
1114 1989 1296 2028 sonum
1320 1975 1573 2043 fluctuum
1599 1976 1711 2044 ejus
1740 1975 1854 2044 quis
1875 1975 2095 2029 sustine-

514 2066 631 2119 bit?
661 2064 759 2121 llic
799 2064 1065 2135 signiﬁcat
1094 2074 1490 2134 persecutores,
1533 2065 1623 2134 qui
1673 2065 1797 2119 licet
1823 2065 1923 2133 ipsi
1951 2067 2097 2120 velut

514 2155 707 2210 ﬂuctus
753 2154 998 2209 altissimi
1027 2155 1400 2222 concitentur,
1439 2170 1601 2209 sonus
1654 2168 1877 2221 eorum,
1913 2154 1965 2207 id
2015 2164 2099 2210 est

513 2242 652 2298 dicta
680 2242 915 2298 crudelia
955 2242 1258 2299 nullatenus
1287 2245 1355 2299 ab
1397 2243 1706 2299 hominibus
1735 2246 2095 2311 sustinentur,

514 2336 618 2391 nisi
648 2334 825 2390 divina
854 2335 1023 2406 gratia
1053 2336 1383 2393 concedente
1410 2352 1597 2393 eorum
1628 2339 1899 2407 protervis
1928 2340 2098 2397 fracta

512 2432 813 2496 superetur.
871 2424 998 2489 Quis
1046 2427 1308 2482 sustinebit
1342 2430 1650 2497 ?quantum
1703 2428 1770 2483 ad
1821 2429 2097 2486 hominum

513 2512 742 2582 pertinet
782 2513 1119 2584 fragilitatem
1143 2516 1356 2572 dicitur.
1389 2516 1546 2583 Nam,
1573 2518 1716 2573 dono
1748 2518 1960 2574 Domini
1983 2520 2100 2574 suf-

513 2606 772 2677 fiagante,
804 2588 1067 2679 martyi'es
1088 2623 1275 2664 eorum
1300 2609 1607 2665 violentiam
1625 2625 1883 2680 superare
1913 2622 2100 2681 potue-

510 2707 637 2753 runt
662 2715 677 2752 :
710 2699 851 2755 unde
877 2702 1111 2758 maxime
1139 2706 1469 2759 conturbata:
1491 2713 1618 2759 sunt
1645 2715 1854 2775 gentes,
1886 2706 2099 2776 quando

512 2790 855 2849 fidelissimos
903 2794 1235 2863 cernebant,
1264 2805 1320 2852 et
1347 2798 1499 2854 vivos
1536 2799 1717 2855 facere
1758 2801 2015 2866 virtutes,
2046 2810 2101 2858 et

511 2891 752 2939 mortuos
797 2886 1210 2955 supplicantium
1256 2897 1378 2943 vota
1428 2891 1741 2959 complere:
1779 2902 1967 2948 contra
1998 2908 2098 2948 sua

514 2975 734 3030 numina
758 2984 816 3033 et
841 2992 1027 3034 eorum
1078 2980 1370 3050 potentiam
1420 2996 1731 3050 pavescere,
1766 2992 1821 3039 et
1844 2997 2099 3053 responsa

512 3065 804 3139 denegare.
838 3069 991 3125 Tunc
1018 3073 1160 3125 enim
1189 3080 1243 3126 et
1271 3072 1555 3142 Delphicus
1583 3073 1779 3142 Apollo
1807 3077 2095 3143 conticuit;

2197 1891 2364 1945 cibum
2391 1890 2622 1954 illorum,
2646 1891 2767 1960 quia
2790 1890 2862 1942 ita
2882 1897 2953 1942 est
2974 1888 3290 1958 prwparatio
3312 1895 3422 1939 tua.
3455 1887 3591 1939 Bene
3618 1883 3754 1937 mise-

2200 1981 2431 2037 ricordia
2471 1980 2683 2036 Domini
2716 1979 3028 2048 plenissimo
3057 1979 3225 2033 ﬂuvio
3274 1986 3622 2045 comparatur.
3657 1975 3752 2028 Non

2200 2070 2342 2126 enim
2367 2070 2542 2140 aliqua
2575 2070 2815 2125 siccitate
2846 2077 3023 2138 potest
3069 2067 3346 2133 imminui,
3380 2068 3466 2135 qui
3501 2067 3749 2133 potationi-

2200 2165 2298 2219 bus
2340 2164 2545 2219 crebris
2575 2164 2746 2218 nescit
2785 2161 3040 2230 expendi.
3074 2161 3373 2215 Mundialis
3398 2174 3530 2229 aqua
3573 2166 3657 2212 aut
3676 2158 3757 2212 im-

2202 2257 2385 2312 bribus
2414 2256 2607 2326 accipit
2647 2262 3023 2326 augmentum,
3055 2261 3146 2307 aut
3186 2252 3438 2307 siccitate
3481 2250 3755 2313 defectum;

2204 2347 2293 2402 Dei
2341 2361 2470 2402 vero
2522 2347 2720 2402 ﬂuvius
2768 2361 2981 2414 semper
3031 2348 3267 2415 plenus,
3324 2344 3532 2414 sdmper
3569 2340 3760 2410 aequalis

2199 2446 2309 2502 est;
2340 2437 2409 2493 de
2448 2454 2556 2508 quo
2584 2438 2783 2493 dictum
2834 2446 2953 2492 est:
2985 2434 3262 2491 Fluminis
3305 2438 3519 2505 impetus
3563 2433 3761 2499 la’tiﬁctu

2199 2527 2453 2582 ciuitatem
2498 2527 2593 2582 Dei
2639 2527 2813 2599 (Psal.
2866 2544 2990 2594 xcv,
3041 2528 3130 2597 5);
3176 2538 3244 2585 et
3291 2530 3406 2599 ipse
3454 2527 3689 2581 Dominus
3718 2528 3759 2578 in

2202 2617 2490 2688 Evangelio
2523 2620 2633 2673 ait:
2666 2620 2768 2686 Qui
2814 2619 2991 2674 biberit
3018 2636 3089 2674 ex
3117 2636 3267 2690 aqua
3293 2635 3448 2690 quam
3476 2634 3565 2687 ego
3611 2618 3672 2669 do
3705 2615 3759 2677 ei,

2200 2727 2302 2765 non
2330 2712 2465 2765 sitiet
2490 2727 2746 2779 unquam;
2769 2712 2856 2765 sed
2879 2712 2967 2780 [iet
2997 2712 3050 2765 in
3079 2728 3138 2765 eo
3162 2716 3289 2781 fons
3312 2727 3460 2779 aquis
3484 2709 3698 2763 salientis
3718 2707 3762 2759 in

2200 2805 2357 2858 vitam
2384 2814 2628 2859 aeternam
2658 2803 2840 2876 (Joan.
2867 2820 2936 2869 tv,
2970 2800 3078 2874 15).
3105 2803 3222 2859 Nec
3263 2814 3472 2858 moveat
3501 2801 3629 2870 qttod
3656 2799 3761 2852 alibi

2205 2893 2489 2963 singulari,
2520 2893 2650 2949 alibi
2702 2893 2893 2961 plurali
2924 2908 3146 2948 numero
3174 2895 3407 2963 ﬂumina
3449 2903 3571 2947 sum
3599 2879 3761 2955 me.

2204 2983 2434 3039 Unitatis
2458 2984 2599 3039 enim
2630 2985 2796 3038 virtus
2823 2994 2904 3038 est
2956 2985 3118 3037 multa
3159 2985 3474 3053 complecti.
3507 2982 3630 3036 Nam
3658 2994 3761 3033 cum

2202 3072 2443 3129 dicamus
2472 3074 2753 3143 pluraliter
2802 3075 3099 3140 Ecclesias,
3153 3090 3323 3128 unam
3376 3084 3551 3127 tamen
3585 3079 3767 3124 constat

514 3167 641 3212 tunc
660 3172 690 3211 a
716 3158 931 3228 Delphis
954 3159 1120 3214 Diana
1150 3160 1430 3229 discessit;
1466 3171 1590 3219 tunc
1630 3164 1896 3235 Cytherea
1923 3167 2101 3223 Venus
2126 3168 2173 3229 C
2204 3179 2326 3221 esse
2351 3166 2689 3231 catholicam,
2723 3165 2863 3236 quod
2898 3164 3197 3220 innumeris
3230 3165 3438 3219 vicibus
3456 3160 3766 3232 cognoscitur

513 3249 743 3305 erubuit.
796 3250 902 3307 Sed
939 3250 1099 3321 quid,
1153 3268 1321 3324 rogo,
1366 3264 1555 3325 gentes
1599 3257 1775 3315 facere
1816 3271 2098 3330 poterant,

516 3339 732 3408 quando
758 3354 858 3396 sua
887 3343 1103 3397 numina
1127 3345 1395 3413 trepidare
1418 3348 1745 3405 cernebant?

584 3430 738 3487 Vers.
774 3432 862 3490 10.
893 3434 959 3488 Et
985 3436 1229 3491 timebunt
1250 3453 1420 3493 omnes
1443 3441 1531 3510 qui
1552 3441 1780 3498 habitant
1798 3444 1926 3513 ﬁnes
1954 3454 2104 3502 terra:

512 3539 545 3576 a
571 3524 730 3595 signis
772 3527 905 3591 tuis;
930 3528 1098 3584 exitus
1138 3531 1378 3584 matutini
1417 3543 1464 3587 et
1503 3548 1708 3604 vespere
1750 3537 2098 3594 delectaberis.

514 3614 613 3671 llic
641 3627 847 3687 tempus
872 3619 1135 3690 signiﬁcat
1161 3638 1267 3691 quo
1311 3624 1540 3693 apostoli
1593 3624 1805 3681 diversa
1847 3628 1997 3696 signa
2025 3629 2103 3685 fa-

512 3706 744 3761 ciebant.
774 3707 1006 3764 Necesse
1050 3711 1195 3765 enim
1224 3720 1340 3767 erat
1373 3722 1430 3767 ut
1464 3714 1786 3769 universitas
1812 3718 2101 3773 contremi-

513 3806 707 3865 sceret,
741 3814 858 3867 quae
878 3802 1063 3855 orbem
1096 3812 1249 3857 terrae
1277 3804 1523 3859 habitare
1552 3805 1851 3873 videbatur,
1881 3810 2098 3878 quando

520 3886 650 3941 talia
681 3888 832 3959 signa
865 3890 1116 3944 cernebat
1145 3907 1264 3961 quae
1309 3908 1409 3947 nec
1438 3894 1599 3949 lectio
1637 3910 1820 3951 eorum
1848 3898 2101 3966 prodide-

515 3985 619 4043 rat,
639 3993 738 4034 nec
763 3979 897 4034 visio
919 3981 1023 4034 ulla
1049 3991 1454 4038 monstraverat.
1482 3983 1497 4037 Ι
1506 3999 1600 4055 pse
1625 3987 1768 4041 enim
1797 3987 1931 4043 dixit
1955 3990 2098 4047 unde

512 4067 676 4122 timor
729 4069 819 4125 ille
865 4071 1071 4140 concipi
1125 4073 1423 4142 potuisset,
1456 4074 1508 4131 id
1539 4086 1659 4141 est,
1700 4093 1733 4130 α
1773 4078 1936 4149 signis
1974 4082 2098 4136 tuis.

512 4159 765 4226 Addidit,
793 4165 957 4219 exitus
983 4166 1219 4220 matutini
1238 4176 1287 4221 et
1309 4183 1511 4237 vespere
1539 4166 1891 4225 delectoberis.
1920 4171 2103 4228 Exitus

510 4255 752 4308 matutini
773 4265 856 4309 est
880 4258 1093 4325 quando
1122 4259 1312 4328 aliquis
1340 4274 1404 4313 ex
1441 4260 1623 4315 mundi
1655 4261 1814 4317 istius
1851 4263 2103 4322 felicitate

513 4345 585 4398 ad
648 4347 929 4400 Dominum
980 4350 1312 4404 convertitur
1369 4352 1724 4407 Salvatorem.
1785 4353 2102 4409 Matutinum

511 4433 659 4486 enim
690 4442 901 4497 tempus
939 4450 1151 4503 semper
1176 4439 1442 4505 clarescit,
1482 4450 1537 4496 et
1567 4457 1823 4511 processu
1845 4446 1950 4501 diei
1979 4462 2102 4517 gra-

2205 3271 2325 3313 esse
2371 3265 2745 3311 memoratum.
2792 3256 2898 3312 Sed
2951 3270 3237 3326 pos:quam
3270 3255 3339 3310 dc
3394 3270 3519 3324 pom
3563 3248 3770 3306 ﬂuminis

2204 3350 2373 3419 dixit,
2397 3351 2465 3405 de
2506 3351 2627 3405 cibo
2654 3350 2915 3420 spirituali
2963 3349 3226 3418 subjecit,
3262 3366 3333 3404 ne
3363 3346 3654 3402 convivium
3690 3342 3771 3397 De

2206 3440 2337 3495 mini
2363 3439 2791 3509 copiosissimum
2812 3439 3012 3493 amicos
3027 3453 3155 3493 suos
3178 3439 3518 3508 relinqueret
3536 3451 3598 3491 ex
3620 3433 3770 3502 aliqua

2206 3540 2354 3599 parte
2377 3530 2617 3599 jejunos.
2661 3529 2801 3584 Dicit
2828 3530 2994 3594 enim,
3020 3530 3221 3598 parasti
3251 3530 3425 3582 cibum
3459 3528 3673 3580 illorum.
3701 3518 3775 3574 Ci-

2205 3622 2298 3675 bus
2319 3622 2408 3677 ille
2435 3636 2541 3676 non
2571 3620 2821 3676 dentibus
2850 3618 3136 3684 manditur,
3182 3619 3287 3674 sed
3318 3620 3517 3673 animo:
3544 3612 3775 3667 aviditate

2205 3714 2527 3776 devoratur;
2552 3712 2617 3767 de
2638 3726 2745 3781 quo
2774 3711 2970 3766 dictum
3000 3717 3084 3765 est
3109 3727 3121 3762 :
3152 3709 3363 3762 Panem
3391 3709 3506 3762 (teli
3535 3704 3664 3757 dedit
3678 3704 3775 3760 eis;

2204 3819 2386 3875 panem
2402 3803 2702 3874 angelorum
2722 3802 3048 3854 manducavit
3082 3801 3237 3853 homo
3259 3799 3436 3870 (Psal.
3464 3812 3655 3858 cxxvu,
3675 3792 3775 3860 25).

2205 3895 2297 3951 Sic
2345 3904 2512 3950 totum
2556 3894 2623 3949 ad
2667 3894 3097 3948 communionem
3145 3906 3370 3945 sacram
3422 3886 3781 3943 convenienter

2207 3986 2455 4051 refertur,
2503 3984 2718 4055 quando
2748 3994 2801 4039 et
2829 3982 2945 4053 ejus
2986 3983 3309 4051 sanguinein
3364 3981 3624 4041 bibimus,
3653 3984 3698 4028 et
3723 3970 3780 4024 de

2204 4078 2322 4149 ejus
2364 4091 2592 4147 corpore
2642 4077 2970 4145 saginantur.
3015 4076 3078 4127 Et
3122 4088 3189 4127 ne
3252 4072 3466 4141 aliquid
3521 4066 3784 4123 casualiter

2206 4167 2401 4223 factum
2434 4175 2668 4236 putares,
2696 4167 2835 4221 sicut
2864 4165 3154 4219 arbitratur
3196 4163 3482 4218 il‘l‘ideltda
3505 4158 3782 4230 gentilitas,

2205 4256 2461 4322 subdidit,
2497 4257 2630 4324 Quia
2655 4257 2729 4310 ita
2751 4266 2825 4308 est
2848 4254 3155 4324 pra'paratie
3177 4264 3296 4306 tua.
3325 4254 3420 4307 Sic
3451 4251 3593 4306 enim
3628 4244 3786 4299 omnia

2205 4349 2545 4419 contigerunt
2590 4347 3038 4416 quemadmodum
3067 4355 3191 4398 sunt
3221 4345 3295 4398 ab
3341 4344 3468 4412 ipso
3505 4338 3745 4407 disposita
3771 4372 3784 4395 .

2206 4440 2343 4494 sicut
2368 4439 2481 4508 ipse
2509 4439 2561 4492 in
2592 4436 2881 4507 Evangelia
2901 4436 3032 4490 dicit
3062 4454 3075 4489 :
3103 4433 3304 4487 Nonne
3330 4435 3562 4504 quinque
3582 4440 3791 4500 passeres

514 4524 642 4576 tiam
689 4524 1088 4582 illuniinationis
1133 4529 1383 4596 acquirit.
1433 4531 1585 4597 Quod
1629 4543 1807 4589 autem
1854 4537 2023 4603 dixit,
2053 4537 2417 4601 etDmmeum
2456 4528 2737 4599 άίροηάίοο
2786 4537 2833 4580 ει
2880 4544 3011 4581 unus
3059 4543 3119 4580 ωε
3162 4526 3276 4580 illis
3323 4543 3433 4579 ηοη
3482 4524 3625 4577 “del
3654 4531 3791 4587 "ll"

513 4631 712 4684 uespere
739 4618 1065 4672 delectaberis
1091 4658 1105 4684 ,
1138 4621 1403 4690 significat
1431 4622 1645 4690 quando
1686 4628 1868 4694 gravia
1902 4632 2100 4697 patien-

515 4706 656 4760 tibus
683 4722 897 4776 semper
926 4710 1210 4765 obscurum
1242 4722 1359 4766 est:
1388 4713 1485 4767 sed
1511 4723 1687 4770 tamen
1718 4718 1787 4771 ad
1816 4717 2093 4776 Dominum

514 4798 735 4853 veniunt
757 4799 1087 4869 Creatorem,
1112 4802 1202 4873 qui
1239 4818 1501 4859 maerores
1541 4820 1726 4860 eorum
1753 4812 2019 4866 convertit
2041 4813 2096 4866 in

511 4888 783 4956 gaudium.
814 4890 885 4944 lta
909 4905 1252 4963 utrarumque
1275 4909 1450 4948 rerum
1481 4895 1620 4949 exitu
1642 4898 1969 4954 delectabitur
1990 4901 2094 4955 Do-

512 4979 709 5044 minus,
736 4981 855 5049 quia
901 4982 1131 5050 Undique
1174 4982 1397 5038 devotos
1439 4998 1534 5054 per
1559 4984 1940 5042 abundantiam
1978 5004 2092 5044 sua:

512 5069 770 5137 largitatis
796 5070 1047 5141 acquirit.

584 5159 735 5215 Vers.
768 5162 852 5216 ll.
884 5161 1113 5217 Visitasti
1158 5174 1344 5218 terram
1375 5175 1421 5217 et
1447 5164 1705 5220 inebriasti
1732 5183 1880 5233 eam;
1910 5167 2091 5222 multi-

508 5251 714 5322 plicasti
743 5254 1056 5322 locupletare
1083 5270 1217 5310 eam.
1245 5255 1458 5310 Terram
1488 5255 1573 5310 hic
1600 5272 1768 5326 genus
1798 5259 2089 5315 humanum

508 5344 769 5400 debemus
787 5347 1047 5415 accipere,
1082 5348 1222 5417 quod
1261 5349 1508 5403 satiatum
1541 5359 1701 5420 atque
1730 5351 1982 5406 refectum
2007 5363 2090 5408 est

508 5439 720 5505 quando
744 5440 995 5495 Dominus
1017 5441 1276 5496 advenire
1298 5440 1544 5509 dignatus
1564 5452 1666 5497 est.
1693 5443 1797 5497 Sed
1824 5444 1964 5499 unde
1989 5445 2088 5500 ista

510 5536 652 5582 terra
680 5531 916 5587 debriata
956 5535 1061 5599 sit,
1094 5534 1228 5590 alter
1255 5534 1488 5605 psalmus
1532 5537 1749 5604 exponit
1777 5523 1994 5593 dicens:
2027 5538 2091 5592 Et

512 5619 749 5682 poculum
777 5632 917 5677 tuum
941 5625 1218 5694 inebrians,
1248 5647 1398 5700 quam
1427 5630 1732 5699 pra'clarum
1758 5638 1833 5684 est
1857 5631 1876 5683 .'
1907 5630 2091 5685 Ebrie-

514 5720 590 5760 tas
620 5707 768 5776 felix,
818 5717 1032 5771 satietas
1087 5720 1364 5787 salutaris,
1402 5735 1519 5792 qua:
1569 5732 1764 5790 quanto
1819 5720 2089 5792 copiosius

2206 4631 2392 4676 terram
2422 4623 2533 4676 sine
2556 4621 2814 4675 uoluntate
2847 4620 3017 4673 Patris
3038 4620 3188 4671 υθείτὶ
3219 4616 3394 4689 (Luc.
3424 4633 3522 4681 xu,
3557 4613 3646 4681 6)?

2282 4713 2434 4768 Vers.
2470 4714 2556 4768 l3.
2591 4712 2748 4767 Rivos
2777 4714 2890 4783 ejus
2920 4710 3135 4773 inebria,
3182 4710 3493 4779 multiplica
3525 4700 3792 4776 generatio-

2203 4820 2291 4857 nes
2311 4807 2458 4874 ejus:
2487 4806 2540 4857 in
2582 4802 2862 4856 stillicidiis
2904 4804 3015 4873 ejus
3057 4801 3322 4855 taztabitur
3364 4814 3488 4853 cum
3531 4796 3792 4852 exorietur.

2206 4892 2357 4947 Rivos
2385 4893 2545 4964 213
2575 4893 2735 4947 etiam
2763 4892 2850 4947 hic
2885 4893 3015 4947 dicit
3052 4892 3358 4960 apostolos,
3394 4893 3483 4945 vel
3512 4890 3645 4942 alios
3674 4883 3792 4937 tide-

2198 4981 2300 5049 les,
2328 4983 2418 5052 qui
2444 4983 2512 5037 de
2541 4982 2633 5037 illo
2663 4981 2758 5036 Dei
2783 4996 2995 5051 semper
3025 4982 3229 5049 repleto
3258 4980 3498 5035 ﬂuuiiue
3536 4977 3794 5033 biberunt.

2198 5078 2303 5133 Sed
2329 5094 2397 5134 ne
2426 5087 2605 5148 potum
2647 5078 2883 5145 ipsorum
2924 5075 3171 5130 crederes
3215 5090 3353 5129 esse
3384 5069 3754 5128 tenuissimum
3780 5101 3793 5122 .

2199 5168 2328 5223 dicit
2352 5169 2485 5223 rivos
2506 5168 2650 5237 ipsos
2687 5167 3012 5222 inebriandos
3031 5208 3047 5231 ,
3072 5179 3123 5219 ut
3152 5167 3214 5219 ad
3251 5176 3473 5219 tantam
3505 5163 3793 5219 satietatem

2202 5259 2531 5328 perveniant,
2565 5267 2759 5329 quanta
2790 5267 2843 5312 et
2889 5258 3019 5327 ipsis
3042 5257 3254 5311 abunde
3304 5259 3576 5321 sufficiat,
3608 5262 3661 5306 et
3688 5251 3796 5301 aliis

2196 5352 2465 5422 profutura
2487 5352 2765 5406 concedat.
2791 5350 2949 5405 Redit
2971 5352 3129 5420 igitur
3146 5350 3209 5403 ad
3238 5351 3589 5420 singularem
3617 5355 3794 5399 nume-

2195 5463 2334 5509 rum,
2366 5461 2522 5515 quem
2549 5444 2927 5499 ecclesiasticm
2959 5443 3144 5496 unitati
3184 5442 3439 5495 diximus
3487 5436 3791 5494 convenire.

2196 5538 2333 5593 Dicit
2359 5541 2523 5605 enim,
2555 5539 2840 5608 multiplico
2863 5538 3211 5607 generationes
3243 5539 3392 5606 ejus,
3426 5536 3576 5589 illius
3600 5529 3795 5587 scilicet

2193 5631 2288 5683 rivi
2318 5630 2407 5699 qui
2437 5631 2505 5685 de
2552 5630 2772 5685 flumine
2814 5637 3001 5683 sancto
3044 5626 3301 5697 proﬂuit,
3339 5639 3399 5681 ut
3449 5642 3549 5695 per
3596 5635 3795 5693 genera-

2195 5722 2355 5777 tiones
2378 5720 2724 5777 succcdentes
2757 5720 3060 5789 prmdicatio
3089 5719 3241 5776 beata
3276 5732 3392 5774 non
3438 5716 3679 5782 deliciat,
3706 5706 3793 5766 sed
