3956 6178
228 305 323 359 UO

1151 311 1508 370 EXPOSITIO
1547 310 1610 366 IN
1649 308 2109 368 PSALTERIUM.
2152 311 2346 369 PSAL.
2388 313 2546 369 LXV.

3388 330 3495 386 450

218 421 609 492 multiplicetur,
641 424 780 479 unde
823 423 1085 480 catholica
1114 441 1328 497 semper
1354 437 1560 483 crescat
1608 427 1796 482 Eccle-
1823 428 1874 485 A
1942 430 1945 431 ⁷
1977 425 2127 481 Vcrs.
2164 428 2247 482 l6.
2293 427 2473 483 Induti
2511 439 2629 485 sunt
2666 432 2848 488 arietes
2888 435 3089 501 ovium,
3137 448 3185 492 et
3229 445 3486 501 convalles

215 512 325 574 sia;
374 513 552 579 utqui
604 515 766 569 modo
812 514 1125 570 imbuuntur
1169 532 1323 573 sacro
1365 517 1651 586 dogmate;
1686 526 1807 585 post

212 601 350 656 alios
378 602 578 659 docere
611 605 926 670 videantur;
958 609 1095 676 quod
1123 609 1362 678 quotidie
1396 609 1507 665 fieri
1530 609 1806 664 evidenter

210 694 578 759 agnoscimus.
634 695 840 750 Dictum
888 708 971 752 est
1019 698 1085 753 de
1128 700 1270 765 rivis,
1305 702 1394 770 qui
1447 700 1713 769 pertinent
1738 701 1803 754 ad

213 798 499 852 provectos
541 788 671 861 [ed.,
719 790 1041 861 perfectos]:
1064 809 1202 845 nunc
1236 793 1357 848 dicit
1392 793 1459 846 de
1484 792 1799 861 stillicidiis,

212 895 328 944 qua:
348 880 417 931 ad
445 880 761 934 inchoantes
784 883 1074 950 respiciunt
1094 883 1450 946 Christianos,
1477 883 1689 952 quando
1711 899 1806 937 an-

210 980 420 1037 gustata
450 972 741 1038 primordia
765 972 1018 1027 latissima
1046 989 1151 1027 non
1177 984 1352 1042 potest
1372 976 1592 1029 introire
1606 975 1805 1029 doctri-

212 1074 294 1122 na;
311 1059 382 1113 de
394 1060 593 1128 quibus
609 1060 1035 1130 dicitApostolus
1055 1080 1069 1117 :
1093 1061 1211 1116 Non
1229 1065 1372 1133 potui
1382 1064 1515 1116 vobis
1528 1064 1668 1133 loqui
1679 1081 1806 1133 qua-

208 1150 249 1204 si
271 1151 658 1219 spiritualibus,
689 1152 780 1205 sed
804 1155 953 1223 quasi
980 1155 1287 1208 carnalibus.
1317 1155 1479 1221 Quasi
1502 1154 1730 1223 parvulis
1753 1156 1803 1207 in

209 1243 415 1300 Christo
441 1244 525 1297 lac
544 1244 683 1297 vobis
704 1254 878 1316 potum
901 1246 1039 1311 dedi,
1063 1262 1162 1299 non
1184 1246 1410 1313 escam(l
1429 1245 1547 1300 Cor.
1566 1263 1641 1309 Ill,
1664 1246 1801 1312 1,2).

209 1331 501 1388 Stillicidia
556 1335 698 1388 enim
746 1345 866 1389 sunt
915 1346 1077 1407 guttae
1128 1353 1245 1403 quae
1276 1338 1342 1392 de
1393 1339 1545 1391 tectis
1583 1339 1800 1404 cadunt,

211 1440 312 1478 non
339 1426 605 1494 pondere.
637 1427 728 1481 scd
754 1428 1067 1481 assiduitate
1099 1429 1448 1495 penetrantia,
1482 1445 1600 1499 qua:
1631 1446 1802 1499 quan-

212 1525 319 1567 tum
344 1515 553 1570 distent
581 1532 610 1570 a
643 1516 772 1570 rivis
802 1517 961 1571 etiam
994 1518 1216 1573 visualis
1257 1519 1409 1573 nobis
1440 1521 1576 1573 ratio
1606 1521 1803 1589 patefa-

209 1606 298 1659 cit.
337 1606 486 1674 Ergo
519 1609 572 1661 in
616 1608 921 1675 primordiis
961 1610 1071 1662 suis
1102 1608 1360 1661 laztabitur
1390 1610 1561 1663 omnis
1588 1610 1760 1665 fidelis
1783 1651 1799 1676 ,

208 1713 320 1749 cum
343 1698 610 1751 exarietur
630 1714 694 1753 ex
726 1713 858 1767 aqua
890 1706 944 1753 et
971 1699 1169 1766 Spiritu
1198 1711 1403 1763 sancto,
1437 1700 1648 1768 quando
1677 1717 1801 1756 vere

1908 519 2241 573 abundabunt
2276 522 2532 590 frumento
2562 539 2580 576 :
2603 525 2786 577 etenim
2820 526 3114 581 clamabunt
3153 538 3202 583 et
3240 534 3488 601 hymnum

1909 606 2095 662 dicent.
2121 606 2299 663 Induti
2325 621 2471 675 sunt,
2505 612 2646 666 illam
2681 625 2880 669 vestem
2907 618 3195 686 nuptialem
3224 622 3489 690 significat

1907 714 2008 765 qua
2042 701 2225 752 arietes
2279 704 2481 765 ouium,
2525 702 2575 755 id
2621 714 2703 758 est
2736 707 2960 773 apostoli
2997 716 3050 762 et
3074 711 3244 763 sancti
3294 713 3485 782 relqui

1907 790 2221 857 vestientur,
2250 791 2339 859 qni
2367 792 2625 847 doctrinm
2656 794 2809 849 bona:
2836 796 2951 868 [ms.
2992 797 3081 864 6.,
3114 800 3276 872 bono]
3320 803 3485 859 duces

1907 882 2230 936 exstiterunt
2279 884 2472 953 p0pulo
2503 884 2833 942 Christiano.
2859 890 3135 957 Sequitur,
3166 901 3211 944 et
3232 893 3488 949 convalles

1907 971 2239 1024 abundabunt
2290 974 2566 1041 frumento.
2609 974 2876 1029 Convalles
2922 980 3143 1047 populus
3187 984 3489 1053 significant

1908 1059 2134 1114 hum‘les
2159 1102 2173 1125 ,
2208 1063 2328 1131 quia
2363 1062 2495 1116 nihil
2548 1062 2632 1117 his
2677 1065 2925 1119 humilius
2948 1112 2961 1133 ,
3012 1084 3133 1138 qua:
3162 1071 3213 1124 in
3257 1074 3483 1140 quadam

1906 1157 2065 1204 terrm
2122 1153 2456 1206 concavilate
2513 1154 2865 1208 descendunt.
2926 1157 3011 1209 isti
3073 1173 3202 1227 ergo
3258 1162 3485 1218 humiles

1905 1248 2238 1301 abundabunt
2269 1250 2556 1319 frumento,
2592 1252 2732 1305 sicut
2781 1252 2872 1306 ille
2915 1253 3227 1320 publicanus
3252 1253 3343 1323 qui
3388 1268 3485 1308 nec

1908 1339 2093 1392 oculos
2132 1340 2363 1394 audebat
2392 1343 2457 1393 ad
2490 1343 2682 1396 coelum
2715 1343 2951 1411 erigere,
2986 1360 3083 1399 nec
3110 1346 3283 1410 aliqua
3327 1345 3487 1397 meri-

1907 1437 2081 1481 torum
2117 1431 2536 1499 praesumptione
2577 1432 2868 1487 confidere.
2902 1436 3184 1487 Abundnvit
3208 1437 3485 1500 frumento,

1904 1522 2023 1590 quia
2057 1522 2270 1576 humilis
2311 1524 2567 1578 convallis
2617 1523 2715 1577 fuit
2758 1542 2771 1577 :
2800 1536 3018 1579 erectus
3048 1537 3129 1580 est
3165 1527 3286 1595 quia
3311 1566 3326 1589 ,
3352 1540 3488 1595 pras-

1903 1622 2077 1665 Stallle
2106 1613 2351 1678 Domino,
2399 1629 2459 1668 se
2486 1615 2600 1683 ipse
2624 1615 2848 1681 dejecit:
2873 1624 2928 1669 et
2950 1616 3068 1669 ideo
3096 1617 3288 1670 fortior
3316 1616 3485 1670 factus

1907 1716 2008 1770 est,
2033 1707 2152 1775 quia
2185 1708 2330 1761 vires
2360 1722 2484 1761 suas
2513 1707 2771 1761 invalidas
2801 1723 2919 1762 esse
2939 1709 3216 1763 confessus
3242 1718 3343 1763 est.
3376 1708 3485 1762 Ad-
3559 1696 3581 1717 χ

212 1790 575 1857 renascimur,
605 1800 659 1845 et
686 1790 867 1859 gloria
892 1790 1103 1844 Domini
1135 1791 1301 1857 ipsius
1332 1791 1635 1859 dignatione
1665 1807 1799 1860 prmn
1832 1787 1874 1845 Β
1901 1797 2058 1865 jecit,
2097 1798 2387 1850 clamabunt
2426 1808 2473 1852 et
2498 1798 2745 1868 hymnum
2774 1800 2961 1852 dicent.
2994 1799 3191 1853 Finalis
3218 1800 3319 1852 ista
3358 1814 3487 1853 con-

214 1894 491 1947 parantur.
522 1879 617 1935 Est
641 1880 782 1934 enim
814 1879 966 1934 nobis
998 1888 1124 1935 tunc
1146 1895 1332 1949 magna
1357 1880 1559 1948 lmtitia,
1590 1883 1801 1950 quando

211 1970 415 2038 antiqui
450 1970 686 2027 hominis
720 1980 982 2026 vetustate
1020 1971 1281 2040 deposita,
1315 1971 1366 2025 in
1396 1986 1552 2025 novm
1583 1987 1802 2041 regene-

212 2061 436 2127 rationis
458 2062 652 2130 gaudia
679 2071 1092 2116 commutamur.
1126 2061 1229 2118 Sed
1261 2062 1383 2116 licet
1421 2062 1535 2117 hmo
1564 2062 1654 2116 Dei
1674 2079 1803 2126 ,mu-

213 2166 333 2205 nera
393 2153 508 2206 alio
567 2154 729 2207 modo
785 2154 837 2207 in
886 2153 1204 2207 auctoritate
1259 2154 1428 2223 posita
1483 2153 1802 2219 videantur,

210 2258 475 2299 conversa
528 2255 704 2301 tamen
748 2254 1031 2316 provectus
1080 2245 1246 2301 nostri
1273 2246 1514 2301 ordinem
1559 2246 1803 2301 videntur

212 2346 520 2392 monstrare
575 2338 959 2393 certissimum.
992 2336 1173 2392 Primo
1218 2338 1360 2393 enim
1411 2338 1631 2395 ariditas
1680 2339 1801 2393 fidei

211 2425 537 2495 quibusdam
578 2425 869 2481 stillicidiis
916 2426 1218 2490 animatur;
1254 2436 1372 2495 post
1411 2427 1539 2482 rivis
1580 2429 1803 2483 affluen-

213 2518 352 2573 tibus
374 2518 672 2587 irrigamur
696 2535 709 2570 :
737 2517 953 2584 deinde,
982 2518 1119 2572 sicut
1152 2517 1282 2573 dicit
1312 2533 1496 2575 versus
1525 2520 1801 2589 superior,

212 2608 271 2662 ad
324 2608 573 2663 fluminis
616 2608 759 2663 illius
799 2609 1223 2678 plenitudinem,
1270 2610 1492 2678 juvanle
1544 2610 1802 2681 Domino,

215 2702 593 2768 pervenimus.
628 2700 717 2757 Sic
745 2716 841 2771 per
885 2701 1000 2755 haec
1031 2700 1130 2755 tria
1180 2701 1347 2756 divini
1386 2703 1625 2760 muneris
1671 2702 1804 2758 ordo

213 2789 545 2845 declaratur.

278 2882 439 2937 Vers.
471 2882 560 2935 M.
586 2879 860 2936 Benedices
908 2899 1149 2936 coronam
1178 2884 1303 2937 anni
1332 2884 1656 2955 benignitatis
1681 2894 1801 2947 tute,

209 2980 252 3025 et
282 2972 463 3043 campi
506 2973 582 3025 tui
613 2974 938 3042 replebantur
963 2973 1211 3026 ubertate.
1249 2971 1452 3027 Corona
1494 2974 1619 3026 anni
1662 2981 1805 3029 totus

209 3062 295 3119 hic
352 3062 597 3118 mundus
649 3063 1031 3118 convenienter
1082 3062 1381 3118 advertitur
1410 3105 1425 3129 ,
1490 3079 1585 3132 per
1639 3058 1798 3134 quem

210 3157 477 3212 catholica
501 3156 760 3210 dilatatur
786 3155 1048 3211 Ecclesia.
1078 3154 1344 3210 Benedicit
1374 3157 1516 3210 enim
1547 3156 1803 3212 Dominus
1830 3150 1875 3211 C

212 3264 340 3319 quos
371 3263 507 3303 vere
534 3246 724 3302 fecerit
741 3246 1076 3301 Christianos
1100 3246 1334 3317 ﬂumine,
1356 3246 1485 3313 rivo,
1513 3246 1798 3314 stillicidia,

211 3358 324 3409 qua:
360 3344 481 3409 jam
510 3340 760 3407 superius
793 3339 944 3393 dixit.
977 3338 1179 3393 Deinde
1204 3338 1327 3394 vide
1360 3337 1485 3407 quid
1512 3339 1755 3405 sequitur
1786 3356 1799 3393 :

215 3432 275 3486 Et
295 3435 472 3502 campi
496 3433 576 3486 tui
598 3432 925 3502 replebuntur
948 3430 1195 3484 ubertate.
1222 3428 1441 3501 Campos
1467 3431 1597 3485 dicit
1620 3431 1803 3487 fideles

216 3526 464 3580 homines
525 3532 683 3594 atque
735 3523 907 3592 justos
935 3562 951 3589 ,
1010 3522 1101 3593 qui
1167 3522 1453 3591 mqualitati
1507 3538 1803 3593 camporum

216 3616 535 3681 aquissimo
565 3621 783 3682 pectore
804 3622 1204 3682 comparantur.
1227 3613 1386 3667 Tales
1411 3615 1551 3668 enim
1576 3617 1804 3669 ubertate

214 3708 503 3776 replentur,
547 3707 672 3775 quia
721 3704 948 3760 fructum
996 3704 1372 3771 tricenarium,
1414 3715 1469 3760 et
1507 3720 1805 3776 sexagena-

217 3798 384 3863 rium,
427 3798 515 3853 vel
557 3795 961 3862 centenarium,
996 3794 1221 3850 Domino
1250 3794 1539 3865 largiente,
1582 3804 1805 3865 praesta-

217 3892 362 3947 latnt.

282 3984 443 4038 γει-ε.
472 3982 565 4036 15.
597 3979 940 4052 Pinguescent
975 3980 1103 4049 fines
1132 3979 1347 4043 deserti,
1378 3987 1426 4031 et
1469 3978 1805 4031 exsultatione

215 4078 368 4130 colles
396 4076 753 4145 accingentnr.
787 4070 942 4125 Fines
964 4072 1149 4126 deserti
1178 4072 1352 4141 p0puli
1380 4070 1617 4139 gentium
1648 4078 1802 4139 sunt,

216 4169 277 4220 ad
301 4182 445 4237 quos
469 4166 654 4219 nullus
676 4164 931 4233 pmpbeta
958 4164 1129 4217 fuerat
1152 4164 1484 4226 destinatus;
1509 4161 1601 4216 sed
1626 4162 1719 4216 toti
1748 4162 1801 4215 in

216 4258 400 4313 Judaza
430 4257 653 4312 natione
696 4258 1099 4323 nropltctabant.
1136 4254 1223 4308 Isti
1267 4270 1397 4324 ergo
1431 4256 1557 4319 ﬁnes
1588 4255 1801 4321 deserti,

222 4351 445 4422 pingues
463 4364 661 4417 magno
681 4364 901 4402 munere
921 4345 1221 4400 Divinitntis
1236 4344 1409 4401 effecti
1427 4353 1567 4409 sunt,
1592 4344 1804 4415 quando

216 4444 279 4495 ad
318 4457 420 4497 eos
457 4440 825 4510 apostolorum
870 4439 1180 4510 prxdicatio
1221 4446 1404 4490 sancta
1438 4436 1706 4505 pervenit,
1750 4443 1804 4491 et

214 4535 387 4603 gratia
426 4529 642 4587 Domini
674 4546 767 4601 per
796 4530 952 4585 fidem
984 4530 1164 4585 decori
1189 4529 1311 4583 iacti
1339 4540 1494 4597 sunt,
1524 4543 1659 4597 quos
1686 4529 1797 4598 pri-
1828 4528 1881 4587 D

219 4626 337 4680 dem
385 4624 782 4681 incredulitatis
813 4624 1010 4678 macies
1036 4620 1305 4677 horrenda
1334 4621 1597 4690 turpabat.
1622 4619 1800 4674 Prima

217 4716 454 4787 denique
486 4716 627 4771 satio
652 4729 748 4783 per
773 4713 1059 4783 prophetas
1087 4714 1140 4767 in
1164 4712 1343 4767 Judaza
1372 4714 1586 4767 natione
1614 4725 1803 4780 prove-

219 4808 324 4873 nit;
355 4807 595 4862 secunda
620 4805 675 4860 in
706 4805 954 4873 gentibus
985 4819 1081 4873 per
1110 4803 1384 4874 apostolos
1406 4804 1564 4873 longe
1593 4802 1803 4873 lateque

218 4899 409 4953 diﬂusa
431 4908 533 4952 est.
556 4898 664 4952 Sed
689 4897 807 4966 plus
830 4895 896 4959 de
917 4897 1032 4949 istis
1061 4894 1248 4963 ﬁnibus
1270 4895 1453 4949 deserti
1479 4895 1799 4951 frumentum

220 4992 391 5047 virtus
429 4990 645 5045 Domini
674 4987 1029 5058 conquisivit,
1075 5002 1233 5055 quam
1275 4985 1341 5041 de
1362 4986 1467 5041 illis
1496 4988 1655 5042 terris
1684 5001 1802 5056 qum

219 5085 380 5137 culte
414 5082 764 5145 videbantur,
814 5082 1089 5149 apparuit;
1135 5079 1276 5133 sicut
1323 5076 1579 5146 propheta
1625 5076 1800 5131 dicit:

222 5172 446 5237 Laetare,
472 5174 663 5227 sterilis
702 5186 818 5241 qua
844 5186 945 5224 non
974 5171 1111 5238 paris
1134 5186 1153 5235 ;
1175 5184 1381 5237 erumpe
1402 5176 1449 5221 et
1476 5168 1663 5233 clama,
1690 5182 1806 5238 qua:

222 5282 323 5318 non
357 5267 583 5333 parturis
606 5279 626 5317 :
653 5264 776 5333 quia
804 5261 950 5317 multi
970 5262 1067 5330 ﬁlii
1098 5262 1310 5315 deserta
1334 5260 1495 5332 magis
1517 5276 1672 5330 quam
1694 5262 1805 5331 ejus

217 5374 337 5425 qui:
367 5359 511 5412 habet
540 5359 730 5411 uirum.
761 5355 925 5411 Colles
946 5368 1074 5410 vero
1095 5352 1340 5423 copiosos
1364 5361 1628 5423 martyres
1653 5352 1810 5407 debe-

222 5464 345 5503 mus
365 5449 633 5517 accipere,
673 5447 794 5515 quia
822 5446 925 5515 ipsi
949 5452 1074 5499 sunt
1096 5451 1214 5515 post
1235 5442 1507 5514 apostolos
1527 5440 1807 5497 celsiores.

222 5537 340 5595 Hoc
389 5542 530 5595 enim
575 5538 864 5608 signiﬁcat,
906 5520 1239 5593 exsultatione
1270 5536 1617 5605 accingentur,
1653 5534 1809 5603 quia,

222 5642 509 5698 pmtante
538 5629 795 5696 Domino,
826 5629 1139 5699 perveniunt
1162 5628 1225 5685 ad
1260 5638 1523 5687 aeternum
1551 5627 1805 5698 gaudium

226 5738 324 5791 per
356 5723 689 5777 tolerantiam
724 5723 1056 5793 passionum.

1908 1885 2076 1939 clusio
2120 1888 2351 1940 ostendit
2385 1888 2539 1941 nobis
2584 1888 2873 1941 allusiones
2909 1887 3031 1941 illas
3060 1903 3193 1957 quas
3232 1890 3483 1956 superius

1909 1976 2069 2042 dixit,
2096 1977 2319 2047 mystica
2350 1978 2700 2032 similitudine
2721 1978 3109 2047 suscipiendas.
3135 1978 3318 2048 Neque
3338 1980 3481 2034 enim

1909 2069 2042 2122 fines
2082 2070 2281 2124 deserti
2317 2072 2644 2137 clamabunt,
2685 2086 2785 2127 nec
2817 2072 3115 2136 convalles,
3150 2086 3248 2126 nec
3286 2072 3482 2128 arietes

1908 2161 2086 2215 ovium
2107 2203 2123 2227 ,
2154 2177 2255 2217 nec
2299 2172 2494 2219 cmtera
2540 2179 2657 2233 qua:
2689 2163 2825 2220 dixit
2851 2165 3121 2229 anterius;
3154 2165 3248 2219 sed
3294 2167 3488 2219 clama-

1909 2251 2029 2306 bunt
2056 2254 2133 2306 illi
2168 2263 2215 2306 et
2237 2257 2483 2323 hymnum
2509 2254 2695 2318 dicent,
2728 2254 2791 2307 ad
2823 2269 2958 2323 quos
2986 2269 3074 2309 res
3100 2257 3214 2308 isne
3241 2269 3490 2323 compro-

1908 2343 2070 2398 babili
2105 2344 2450 2399 similitudine
2486 2345 2810 2401 referuntur.
2856 2346 2996 2400 Dixit
3025 2347 3167 2401 enim
3204 2348 3350 2418 prius
3378 2348 3487 2401 cla-

1909 2437 2118 2490 mabunt
2137 2479 2153 2504 ,
2186 2444 2240 2490 et
2267 2453 2331 2489 ne
2356 2437 2642 2491 clamorem
2668 2436 2840 2506 ipsum
2881 2436 3130 2492 crederes
3155 2451 3275 2492 esse
3302 2437 3489 2491 confu-

1908 2540 2051 2592 Snm,
2081 2525 2310 2590 addidit,
2334 2536 2378 2579 et
2410 2526 2655 2596 hymnum
2683 2526 2882 2591 dicent,
2913 2525 2964 2579 id
3004 2534 3089 2579 est
3112 2526 3343 2591 laudem,
3368 2540 3489 2596 qua

1910 2618 2318 2674 rationabilibus
2346 2620 2607 2673 creaturis
2641 2619 2881 2673 noscitur
2914 2619 3201 2673 convenire
3230 2620 3485 2674 suaviter.

2452 2726 2719 2781 Conclusio
2741 2727 2944 2797 psalmi.

1986 2838 2349 2909 lntclligamus
2392 2837 2642 2905 populum
2680 2836 2826 2891 illum
2869 2838 3079 2889 beatum
3111 2837 3201 2905 qui
3234 2836 3377 2891 venit
3418 2836 3485 2890 ad

1912 2930 2192 2984 Dominum
2224 2918 2494 2982 Christum
2516 2970 2529 2993 ,
2572 2925 2716 2995 quali
2742 2926 3003 2980 suavitate
3031 2925 3239 2980 laetauts
3263 2934 3377 2989 est;
3417 2936 3473 2981 et

1910 3024 2140 3077 sciamus
2181 3019 2552 3076 inaestimabile
2588 3033 2708 3073 esse
2751 3017 3104 3083 beneficium,
3148 3018 3292 3087 quod
3338 3026 3483 3073 tanta

1912 3112 2102 3182 legitur
2150 3110 2507 3168 exsultatione
2546 3109 2890 3163 celebratum.
2947 3107 3212 3177 llymnum
3269 3122 3483 3178 quoque

1908 3203 2025 3272 ejus
2062 3218 2217 3272 quem
2250 3202 2423 3271 primo
2453 3214 2612 3254 versu
2660 3198 2849 3266 psalmi
2891 3198 3248 3267 promiserat,
3286 3209 3482 3266 quanta

1905 3294 2070 3365 gratia
2100 3292 2424 3347 diversitatis
2448 3289 2685 3344 ornavit!
2718 3287 2927 3341 laudem
2959 3288 3340 3342 incarnationis
3370 3290 3487 3356 ejus

1906 3386 2133 3440 mirabili
2159 3385 2418 3439 brevitate
2444 3381 2755 3436 describens
2773 3419 2789 3444 ,
2816 3390 2870 3433 et
2891 3378 3018 3449 quid
3045 3380 3243 3432 mundo
3274 3379 3488 3446 praesti-

1907 3478 2062 3542 terit,
2120 3476 2293 3530 ﬁdelis
2342 3474 2616 3528 institutor
2655 3470 2891 3526 edocuit.
2937 3470 3015 3523 Ad
3057 3478 3384 3538 postremum
3429 3471 3480 3523 iu

1908 3568 2298 3623 resurrectione
2324 3573 2544 3617 ventura
2575 3562 2857 3616 universos
2886 3571 3100 3614 sanctos
3129 3560 3246 3629 ejus
3273 3559 3484 3630 hymni-

1906 3658 2022 3712 dica
2046 3660 2094 3711 in
2119 3672 2185 3711 eo
2210 3654 2340 3709 dicit
2362 3652 2717 3709 exsultatione
2738 3652 2990 3720 gaudere.
3015 3650 3105 3705 Sic
3125 3659 3177 3704 et
3202 3650 3484 3718 prasentia

1907 3748 2132 3804 mirabili
2173 3745 2435 3809 brevitate
2483 3744 2760 3807 narravit,
2813 3752 2865 3795 et
2895 3741 2958 3794 ad
3003 3756 3152 3808 spem
3198 3741 3487 3796 maximam

1906 3838 2279 3893 concitandam
2317 3834 2487 3889 futura
2520 3834 2674 3887 nobis
2703 3836 2917 3900 prmmia
2948 3832 3336 3893 compromisit.
3365 3831 3486 3885 Tri-

1912 3931 2045 3994 bue,
2075 3930 2186 3983 Rex
2217 3926 2474 3989 cmlestis,
2503 3934 2561 3978 ut
2582 3937 2633 3978 et
2662 3938 2760 3977 nus
2790 3924 2958 3991 erepti
2990 3924 3057 3976 ab
3084 3923 3333 3977 ariditate
3361 3936 3486 3991 pec-

1910 4022 2053 4086 cati,
2104 4018 2321 4072 flumine
2352 4014 2733 4070 misericordia:
2782 4023 2886 4067 tum
2938 4014 3206 4080 copiosius
3240 4011 3483 4081 irrigati,

1910 4111 2261 4182 pinguescere
2285 4120 2609 4171 mereamur,
2642 4116 2696 4157 ut
2722 4105 2975 4174 hymnum
3002 4119 3120 4157 cum
3152 4105 3348 4157 sanctis
3380 4103 3486 4158 tuis

1908 4202 2000 4257 tibi
2028 4199 2229 4270 jugiter
2253 4198 2536 4253 decantare
2563 4197 2853 4265 possimus.

2174 4310 2530 4369 EXPOSITIO
2571 4311 2635 4366 IN
2677 4307 3003 4369 PSALMUM
3045 4310 3202 4365 LXV.

1962 4403 2030 4460 In
2053 4405 2228 4475 finem,
2258 4403 2487 4473 psalmus
2516 4404 2701 4468 Dauid,
2733 4403 2987 4455 canticum
3014 4404 3423 4459 resurrectionis.

1976 4517 2234 4586 Quamvis
2294 4517 2411 4571 bmc
2460 4518 2675 4569 nomina
2725 4530 2844 4584 qua:
2873 4515 2924 4569 in
2969 4516 3143 4585 capite
3184 4516 3322 4572 tituli
3363 4526 3491 4573 sunt

1910 4614 2082 4682 posita
2103 4652 2116 4677 ,
2166 4612 2440 4681 praemissa
2481 4610 2815 4680 expositione
2846 4609 3127 4664 videantur
3155 4626 3274 4665 esse
3314 4612 3488 4666 nmis-

1906 4706 2063 4772 sima,
2104 4714 2279 4759 tamen
2312 4719 2416 4758 non
2448 4706 2551 4759 erit
2584 4704 2944 4773 importunum
2978 4704 3270 4758 scientibus
3319 4706 3487 4760 inter-

1906 4795 2032 4851 dum
2061 4795 2173 4862 ipsa
2228 4801 2512 4863 repetere,
2560 4802 2620 4848 ut
2649 4794 2874 4848 intentio
2919 4794 3080 4846 tutius
3128 4795 3489 4864 inscriptionis

1904 4887 2206 4943 evidentius
2229 4887 2395 4954 possit
2423 4885 2657 4954 agnosci.
2688 4884 2752 4937 In
2776 4885 2953 4953 ﬁnem,
2977 4885 3118 4954 quod
3141 4885 3339 4939 dictum
3368 4897 3484 4953 est,

1906 4978 2123 5049 reSpicit
2152 4976 2220 5031 ad
2253 4976 2537 5030 Dominum
2566 4974 2729 5046 2M.
2764 4974 3101 5030 Salvatorem
3122 5015 3137 5040 ,
3170 4974 3309 5030 sicut
3358 4976 3489 5030 dicit

1907 5070 2193 5140 Apostolus
2219 5086 2232 5123 :
2253 5065 2401 5122 Finis
2422 5068 2554 5121 enim
2582 5070 2706 5139 legis
2731 5067 2966 5122 Christus
2989 5069 3059 5123 ad
3082 5069 3331 5137 iustitiam
3345 5068 3489 5121 omni

1906 5165 2130 5219 credenti
2160 5162 2335 5235 (Rom.
2358 5176 2413 5226 ι,
2439 5160 2519 5229 ι).
2546 5160 2783 5215 Psalmus
2807 5161 2976 5229 ipsum
3004 5161 3122 5215 sine
3142 5159 3487 5228 ambiguitate

1911 5255 2209 5320 denuntiat,
2252 5253 2373 5322 quia
2397 5253 2626 5323 psalmus
2655 5267 2719 5306 ex
2742 5252 3107 5321 superioribus
3137 5260 3313 5315 sonat,
3345 5250 3489 5303 sicut

1912 5360 2073 5416 opera
2103 5345 2218 5415 ejus
2244 5344 2490 5411 dictaque
2519 5350 2832 5398 sonuerunt.
2870 5341 3034 5394 David
3078 5349 3256 5395 autem
3283 5338 3484 5394 dictum

1912 5451 1995 5498 eat
2050 5437 2387 5506 interpretari
2435 5434 2807 5491 desiderabilis
2858 5446 2909 5488 et
2949 5448 3107 5486 manu
3147 5431 3300 5486 fortis
3325 5475 3338 5500 ,
3368 5447 3489 5500 qua:

1913 5533 2072 5589 verba
2112 5530 2416 5600 specialiter
2464 5532 2733 5598 pertinent
2784 5527 2848 5581 ad
2904 5528 3098 5596 [tt-gem
3150 5536 3391 5580 nostrum
3432 5533 3489 5579 et

1915 5623 2196 5680 Dominum
2221 5620 2512 5677 Christum.
2544 5621 2725 5675 llcstat
2754 5633 2892 5673 nunc
2919 5630 2974 5673 ut
3000 5617 3276 5689 sequentia
3305 5618 3488 5672 dicere

1914 5712 2222 5769 debeamus.
2272 5710 2539 5767 Canticum
2583 5712 2725 5768 istud
2777 5711 3065 5781 generale,
3105 5710 3243 5783 quod
3288 5711 3386 5766 dici
3421 5710 3490 5765 de
