3956 6178
512 383 611 438 iiii

1769 373 1836 429 ιι.
1883 371 2158 428 Αιειιειιι
2197 346 2599 425 csssumom

3632 330 3722 425 iss

510 500 738 555 Domino
765 496 1038 555 Salvatore
1066 494 1344 566 praemissa
1383 493 1603 549 nomina
1651 491 1980 556 docuerunt,
2023 489 2088 544 de
2116 495 2167 553 Α
2193 488 2393 542 dictum
2454 495 2537 541 est
2562 526 2577 551 ,
2622 486 2735 538 date
2762 482 2986 554 gloriam
3016 480 3159 536 laudi
3201 482 3343 550 ejus,
3383 493 3434 538 et
3466 485 3722 542 :inlidOtutn

511 596 740 667 gloriosa
764 593 928 662 ipsius
951 591 1344 647 resurrectione
1364 589 1705 659 praedicatur,
1723 601 1819 656 per
1835 585 1975 656 quod
1996 585 2094 639 Ec-

511 686 670 740 clesia
695 694 882 753 gentes
909 682 1180 748 admonet,
1205 696 1337 751 quas
1362 695 1455 748 per
1475 679 1697 747 gratiam
1723 675 1931 730 Domini
1955 689 2094 743 pra:-

513 776 715 830 sciebat
730 788 850 829 esse
873 773 1194 839 credituras,
1217 782 1274 826 ut
1293 771 1649 827 communiter
1669 768 1955 840 gaudeant,
1976 780 2096 836 quae

512 875 670 922 erant
705 867 758 921 in
805 882 905 922 suo
931 868 1114 936 Capite
1156 865 1489 934 reparandae.
1539 863 1642 918 Sed
1673 863 1925 932 quoniam
1965 874 2098 928 gens

511 959 696 1014 Judasa
720 975 780 1014 se
813 967 1015 1012 tantum
1041 957 1104 1012 ad
1135 959 1306 1011 beatas
1333 957 1457 1010 vitae
1489 954 1704 1023 praemia
1733 952 1949 1020 putabat
1977 965 2099 1005 esse

514 1061 817 1116 venturam,
866 1053 987 1120 quia
1033 1050 1172 1104 inter
1196 1057 1419 1103 czeteras
1443 1047 1707 1110 nationes,
1755 1058 1873 1112 qua:
1926 1041 2100 1095 adhuc

514 1142 669 1197 idolis
711 1141 906 1196 dedita:
955 1140 1298 1203 serviebant,
1355 1139 1467 1194 sola
1503 1140 1671 1207 legem
1722 1135 1838 1191 veri
1888 1133 2100 1188 Domini

516 1233 715 1286 habere
765 1232 1047 1286 videbatur
1095 1229 1214 1300 (sed
1259 1239 1376 1283 erat
1421 1227 1753 1282 inﬁdelitatis
1807 1238 1936 1288 suae
1972 1223 2103 1277 vitio

515 1321 824 1395 peccatura)
857 1322 1149 1391 prophetia:
1200 1321 1392 1390 spiritu
1442 1321 1699 1372 canticum
1737 1317 1874 1371 istud
1921 1323 2101 1370 sancta

516 1416 751 1485 profudit
779 1416 1017 1470 Ecclesia
1040 1433 1052 1468 :
1077 1429 1324 1469 asserens
1354 1429 1502 1484 spem
1529 1413 1671 1466 illam
1691 1407 2103 1466 resurrectionis

517 1523 621 1563 non
663 1509 835 1563 solum
867 1508 1050 1562 ﬁdeles
1074 1523 1143 1561 ex
1175 1506 1374 1560 Judtcis
1396 1546 1409 1570 ,
1441 1505 1536 1559 sed
1577 1503 1984 1557 universitatem
2035 1499 2103 1552 de

517 1601 722 1652 cunctis
756 1597 1001 1666 gentibus
1050 1596 1380 1659 habituram;
1432 1591 1575 1648 sicut
1609 1591 1868 1646 Dominus
1920 1589 2048 1644 dicit
2089 1604 2104 1640 :

527 1688 654 1744 Viuo
683 1707 798 1760 ego,
831 1690 953 1742 dicit
977 1686 1250 1753 Dominus,
1272 1698 1321 1741 et
1348 1686 1642 1753 implebitur
1662 1684 1826 1755 gloria
1856 1699 1964 1736 mea
1991 1682 2107 1733 uni-

518 1797 662 1834 uersa
691 1791 824 1832 terra
851 1779 1040 1849 (Nunt.
1085 1794 1198 1841 xw,
1239 1776 1353 1847 ‘21).
1384 1777 1622 1846 Denique
1651 1785 1705 1831 et
1736 1779 1971 1843 psa‘mus
2003 1771 2108 1826 iste

519 1873 599 1928 sic
631 1872 842 1926 inchoat
871 1887 883 1924 :
916 1870 1147 1924 Jubilate
1178 1869 1307 1935 Deo,
1341 1869 1504 1922 omnis
1529 1878 1682 1922 terra.

1091 1982 1285 2037 Divisio
1327 1984 1531 2051 psalmi.

590 2100 787 2154 Contra
832 2095 1231 2167 persuasionem
1263 2095 1573 2150 Iudaeorum
1596 2137 1609 2155 ,
1644 2092 1733 2163 qui
1768 2107 1829 2147 se
1857 2090 2109 2146 dicebant

520 2190 666 2244 solos
696 2189 760 2242 ad
788 2189 996 2243 beatam
1028 2187 1187 2241 vitam
1213 2201 1324 2255 pra:
1344 2187 1591 2240 omnibus
1612 2184 1903 2253 pertinere,
1935 2191 2108 2237 mater

523 2279 763 2332 Ecclesia
813 2292 962 2347 spem
1013 2277 1278 2345 generalis
1324 2275 1731 2330 resurrectionis
1782 2273 2108 2341 interpositis

522 2367 690 2421 tribus
744 2365 1181 2432 diapsalmatibus
1227 2363 1350 2417 laeta
1385 2364 1652 2417 decantat.
1700 2362 1878 2415 Primo
1916 2359 2108 2415 ordine

523 2461 742 2513 hortans
792 2459 1192 2511 universitatem
1218 2496 1234 2518 ,
1273 2463 1331 2508 ut
1357 2454 1424 2509 de
1459 2454 1667 2508 Domini
1712 2452 2108 2508 resurrectione

522 2553 872 2620 congaudeat.
893 2565 1011 2619 qua:
1029 2549 1233 2604 cunctis
1256 2558 1372 2602 erat
1393 2547 1638 2602 ﬁdelibus
1664 2554 1863 2600 aeterna
1885 2544 2103 2615 praemia

519 2643 846 2711 praestitum.
877 2640 1124 2698 Secundo
1147 2640 1336 2695 ordine
1366 2639 1553 2692 invitat
1580 2652 1768 2692 omnes
1797 2645 1856 2690 ut
1885 2633 2108 2690 veniant

521 2736 587 2786 ad
617 2733 708 2787 Dei
732 2748 890 2801 Opera
916 2731 1332 2798 consideranda;
1373 2739 1636 2800 quatenus
1672 2745 1774 2784 una
1812 2726 2107 2784 creduli'as

520 2827 706 2895 jungat
749 2841 884 2895 quos
926 2839 1088 2879 unum
1137 2823 1416 2891 praemium
1461 2831 1773 2890 exspectare
1801 2819 2103 2874 videbatur.

527 2921 710 2975 Tertio
735 2920 927 2974 iterum
959 2927 1142 2972 monet
1161 2927 1346 2984 gentes
1368 2923 1427 2970 ut
1450 2915 1731 2970 Dominum
1763 2913 2104 2976 benedicant,

527 3015 615 3084 qui
647 3027 744 3067 nos
772 3011 898 3066 licet
927 3011 1159 3066 diversis
1191 3008 1380 3078 probet
1411 3005 1838 3062 tribulationibus
1859 3047 1873 3069 ,
1925 3012 2105 3057 tamen

523 3109 589 3161 ad
620 3107 856 3174 requiem
883 3119 994 3158 sua:
1025 3101 1380 3157 miserationis
1410 3099 1657 3155 adducet.
1683 3099 1883 3165 Quarto
1914 3095 2106 3151 ordine

526 3201 718 3254 iterum
739 3195 927 3250 invitat
946 3194 1366 3255 universitatem,
1393 3201 1450 3245 ut
1468 3190 1790 3245 commonita
1813 3189 1942 3260 [ed.,
1963 3201 2110 3242 com-

526 3286 750 3358 munita]
787 3286 1034 3354 exemplo
1063 3283 1392 3338 liberationis
1419 3297 1560 3349 sum,
1589 3282 1818 3350 amplius
1872 3279 2108 3335 conﬁdat

527 3383 578 3433 in
642 3378 866 3433 Domino
898 3395 911 3428 :
942 3376 1264 3432 benedicens
1307 3391 1429 3430 eum
1457 3417 1472 3442 ,
1514 3375 1764 3444 quoniam
1808 3373 2106 3429 orationem

527 3471 642 3541 ejus
673 3471 930 3526 exaudire
958 3470 1207 3539 dignatus
1227 3480 1328 3523 est.

1061 3580 1329 3651 Erpositio
1359 3580 1563 3650 psalmi.

599 3696 752 3751 Vers.
787 3699 838 3752 Ι.
865 3692 1089 3748 Jttbilate
1117 3693 1238 3756 Deo,
1270 3693 1430 3745 omnis
1462 3703 1629 3754 terra;
1675 3691 1928 3761 psalmum
1957 3690 2110 3744 dicite

525 3788 717 3841 nomini
743 3787 886 3857 ejus;
916 3786 1030 3838 date
1052 3787 1267 3854 gloriam
1290 3785 1431 3838 laudi
1455 3786 1585 3853 ejus.
1617 3776 1812 3837 Sa'ncta
1847 3783 2104 3844 Ecclesia,

525 3880 662 3933 sicut
690 3878 946 3942 diximus,
972 3878 1108 3930 omni
1131 3887 1278 3930 terra:
1305 3876 1431 3928 dicit
1453 3891 1571 3928 esse
1595 3874 1958 3944 gaudendum,
1989 3889 2106 3942 quae

452 4046 455 4048 _
525 3981 639 4026 erat
667 3969 879 4024 Christo
906 3968 1131 4022 Domino
1154 3967 1445 4021 creditura.
1474 3964 1724 4018 Jubilntio
1748 3967 1888 4019 enim
1910 3965 2107 4019 dicitur

523 4062 808 4117 exsultatio
847 4060 1059 4126 cordis,
1093 4075 1210 4126 qum
1253 4060 1612 4111 immensitate
1656 4058 1739 4111 sui
1769 4057 1950 4110 verbis
1999 4071 2104 4110 non

525 4166 700 4224 potest
721 4153 996 4224 explicari.
1051 4152 1200 4206 Unde
1249 4152 1442 4204 merito
1483 4166 1513 4202 a
1546 4149 1638 4202 tali
1681 4151 1847 4203 verbo
1877 4149 2106 4216 sumpsit

523 4248 768 4312 initium,
814 4255 871 4297 ut
910 4247 1082 4311 magni
1116 4241 1356 4296 beneﬁcii
1396 4239 1949 4309 incomprehensibilis
1982 4253 2102 4308 pro-

523 4337 737 4390 baretur
789 4349 909 4388 esse
951 4334 1153 4386 laetitia.
1195 4331 1324 4385 Nam
1369 4347 1488 4386 cum
1530 4331 1694 4396 dicit,
1729 4331 1892 4384 omnis
1923 4340 2095 4399 terra,

523 4442 629 4481 non
666 4430 902 4489 humum,
934 4426 1028 4479 sed
1053 4424 1238 4479 ﬁdeles
1265 4424 1529 4492 signiﬁcat
1555 4438 1620 4477 ac
1649 4424 1894 4488 devotos,
1917 4423 2004 4492 qui
2037 4423 2103 4477 de

525 4519 615 4572 tali
670 4515 914 4584 poterant
948 4515 1181 4584 gaudere
1221 4513 1498 4567 miraculo.
1530 4513 1661 4579 Quae
1703 4515 1870 4581 ﬁgura
1906 4513 2104 4568 dicitur

2197 583 2417 636 caeleste
2452 577 2740 632 siticulosis
2782 574 2975 628 animis
3025 572 3344 627 hauriatnus.
3393 574 3486 627 Dat
3536 575 3730 646 gloriam

2197 672 2342 726 laudi
2385 672 2498 742 ejus
2520 671 2608 738 qui
2643 668 2909 737 praeconia
2940 665 3146 720 Domini
3173 664 3485 733 frequentata
3523 670 3723 724 exsulta-

2199 763 2346 817 tione
2377 760 2750 822 concelebrat,
2785 766 2843 810 ut
2870 765 3038 810 totum
3081 752 3177 822 ipsi
3211 756 3488 822 deputans,
3510 757 3627 811 nihil
3652 762 3729 811 hu-

2199 851 2368 907 manis
2410 852 2637 905 acstimet
2682 848 2884 904 viribus
2922 844 3316 915 applicandum.
3365 846 3623 902 Vitandum
3662 858 3734 905 est

2201 947 2342 1000 enim
2367 953 2421 999 et
2444 945 2587 998 omni
2621 942 2795 997 studio
2828 941 3133 1007 fugiendum
3168 954 3232 993 ne
3262 938 3508 1008 fragilitas
3533 939 3735 997 humana

2203 1036 2445 1090 laudibus
2475 1036 2587 1088 suis
2627 1033 2826 1087 ambiat
2865 1032 3029 1102 erigi,
3065 1045 3184 1100 quae
3216 1032 3378 1098 niagis
3432 1031 3578 1086 debet
3616 1031 3738 1102 iusta

2205 1125 2573 1195 increpatione
2603 1125 2830 1194 culpari.
3217 1115 3224 1122 ’

2277 1216 2431 1272 Vcrs.
2464 1216 2518 1272 2.
2545 1214 2706 1268 Dicite
2729 1216 2830 1267 Ι)εο
2855 1230 2870 1266 :
2895 1214 3059 1276 Quam
3085 1213 3329 1266 terribilia
3350 1222 3463 1266 sunt
3485 1230 3625 1282 opera
3643 1215 3744 1272 tua!

2205 1308 2257 1358 in
2289 1306 2612 1358 multitudine
2639 1304 2836 1356 virtutis
2870 1313 2967 1355 tute
3011 1305 3311 1354 mentiemur
3338 1303 3420 1354 tibi
3458 1303 3632 1355 inimici
3663 1304 3742 1357 tui.

2207 1397 2503 1451 Audiamus
2533 1393 2655 1462 quid
2689 1392 2922 1445 Ecclesia
2955 1401 3141 1458 gentes
3165 1408 3270 1444 uno
3310 1401 3562 1444 commate
3587 1391 3746 1446 doceat

2206 1487 2422 1551 dicere,
2457 1495 2511 1537 et
2561 1498 2802 1552 magnam
2833 1496 3045 1536 causam
3090 1481 3359 1550 religionis
3389 1480 3484 1534 sub
3525 1481 3746 1536 brevitate

2206 1579 2548 1633 concludere.
2580 1576 2746 1642 Quam
2787 1573 3032 1628 terribilia
3060 1585 3177 1626 sunt
3211 1591 3362 1638 opera
3392 1583 3474 1627 tua
3493 1575 3511 1626 .'
3533 1575 3749 1641 Quamvis

2206 1685 2359 1737 Opera
2412 1666 2622 1721 Domini
2673 1666 2816 1719 dicat
2857 1679 2975 1718 esse
3007 1664 3289 1731 terribilia,
3319 1674 3487 1718 tamen
3529 1676 3749 1732 quantum

2209 1761 2431 1817 terroris
2477 1758 2708 1811 habeant
2739 1772 2844 1809 non
2887 1755 3082 1819 edixit;
3124 1756 3221 1810 sed
3254 1772 3405 1822 Opera
3449 1754 3640 1808 Domini
3673 1755 3752 1809 hac

2140 1875 2186 1933 Β
2212 1854 2418 1908 ratione
2471 1850 2703 1904 arbitror
2747 1864 2868 1903 esse
2918 1850 3205 1901 metuenda
3232 1891 3246 1912 ,
3298 1859 3354 1901 ut
3390 1849 3753 1902 consideremus

2213 1943 2336 2012 quid
2364 1939 2516 1994 nobis
2543 1939 2712 2008 possit
2733 1937 2993 2000 accidere,
3027 1938 3073 1992 si
3094 1938 3180 1990 illa
3211 1937 3479 2006 majestas,
3500 1953 3609 2006 quae
3630 1953 3758 1991 mun-

2210 2035 2333 2087 duni
2368 2032 2614 2086 miserata
2659 2031 2913 2097 rapexit,
2959 2029 3194 2094 peccatis
3239 2028 3432 2082 nostris
3477 2027 3756 2082 facientibus

2212 2124 2465 2179 reddatur
2497 2121 2724 2175 infensa.
2767 2120 2904 2174 Dens
2939 2121 3080 2174 enim
3128 2135 3230 2188 pro
3254 2120 3409 2173 nobis
3435 2118 3662 2189 dignatus
3689 2127 3761 2173 est

2215 2216 2374 2269 homo
2408 2215 2544 2278 ﬁeri,
2575 2214 2713 2268 sient
2741 2211 2850 2266 Leo
2879 2225 3013 2279 papa
3057 2213 3121 2264 ad
3154 2209 3481 2264 Flavianum
3523 2209 3762 2270 scribens,

2210 2307 2400 2362 doctor
2414 2304 2738 2374 apostolicus
2757 2303 2886 2358 dicit
2902 2301 3098 2373 (Epist.
3118 2301 3293 2369 l0,ad
3310 2299 3567 2366 Flavium,
3581 2317 3680 2368 cap.
3696 2300 3768 2369 6):

2212 2399 2434 2453 Creator
2459 2395 2772 2466 angelorum
2802 2410 2938 2448 unus
2970 2408 3157 2462 passus
3185 2401 3286 2448 est
3312 2408 3432 2448 esse
3461 2393 3766 2447 mortalium:

2213 2488 2496 2544 invisibilis
2525 2488 2579 2542 in
2624 2486 2762 2551 suis,
2809 2485 3032 2541 visibilis
3059 2494 3141 2541 est
3170 2485 3354 2540 factus
3381 2487 3435 2541 in
3464 2486 3675 2551 nostris;
3695 2485 3766 2538 in-

2212 2578 2718 2650 comprehensibilis
2742 2579 2913 2633 voluit
2939 2578 3371 2646 comprehendi;
3411 2588 3531 2634 ante
3559 2587 3769 2646 tempora

2211 2687 2456 2737 manens,
2480 2686 2603 2726 esse
2623 2671 2784 2740 coepit
2813 2685 2880 2725 ex
2911 2679 3174 2738 tempore.
3226 2671 3593 2726 Universitatis
3618 2666 3772 2724 Domi.

2212 2779 2336 2829 nus,
2359 2763 2608 2818 servilem
2633 2763 2857 2817 formam
2881 2763 3213 2818 obumbrata
3252 2765 3545 2832 majestatis
3568 2777 3667 2817 sum
3694 2763 3775 2815 im-

2212 2855 2502 2909 mensitate
2529 2853 2786 2922 suscepit.
2831 2853 3180 2922 lmpassibilis
3225 2855 3370 2910 Deus
3401 2871 3503 2909 non
3531 2868 3608 2909 est
3649 2851 3774 2908 dedi-

2210 2955 2402 3014 gnatus
2454 2944 2614 2999 homo
2659 2958 2780 2999 esse
2825 2945 3122 3013 passibilis,
3171 2958 3232 3000 et
3273 2947 3584 3002 immortals
3613 2945 3774 2999 mortis

2212 3037 2417 3106 legibus
2447 3035 2746 3105 subjacere.
2801 3035 2926 3089 llzrc
2970 3037 3014 3090 si
3060 3037 3508 3101 consideremus,
3557 3036 3774 3091 terribilia

2214 3126 2365 3182 nobis
2411 3134 2526 3179 sunt
2565 3140 2718 3195 Opera
2749 3125 2989 3192 Domini,
3033 3127 3254 3194 quando
3303 3138 3464 3182 tanta:
3492 3127 3759 3197 dignatiOni

2136 3253 2182 3315 ε
2215 3235 2313 3275 nec
2343 3219 2471 3274 illud
2499 3232 2783 3287 possumus
2812 3217 3090 3283 exhibere,
3119 3220 3265 3288 quod
3301 3236 3396 3287 pro
3432 3231 3600 3273 nostra
3621 3219 3771 3273 salute

2213 3317 2459 3387 dignatur
2485 3328 2582 3367 nos
2629 3313 2867 3369 caelestis
2911 3314 3078 3382 pietas
3106 3315 3430 3369 admonere.
3463 3315 3548 3369 Sic
3573 3314 3702 3368 enim
3729 3321 3776 3365 et

2212 3410 2339 3464 alibi
2364 3408 2555 3478 legitur
2584 3425 2596 3460 :
2629 3406 2877 3469 Domine,
2902 3404 3074 3457 audivi
3095 3403 3341 3457 auditum
3366 3416 3529 3470 tuum,
3553 3414 3597 3457 et
3623 3400 3777 3464 timui;

2211 3502 2520 3556 consideravi
2561 3515 2718 3568 opera
2746 3509 2856 3564 tua,
2886 3505 2935 3550 et
2976 3497 3156 3564 expavi
3189 3498 3208 3568 (
3225 3498 3424 3551 li'abac.
3454 3513 3538 3561 ιιι,
3578 3495 3654 3566 2).
3683 3492 3774 3548 Sed

2215 3597 2378 3648 timor
2397 3594 2498 3648 iste
2517 3592 2841 3646 aﬁectttosus
2862 3599 2910 3643 et
2935 3589 3048 3656 pius
3076 3598 3188 3652 est,
3211 3587 3555 3642 dulcedinem
3577 3586 3775 3650 habens,

2212 3700 2317 3740 non
2348 3682 2721 3738 amaritudinis
2773 3681 3113 3750 qualitatem;
3167 3693 3326 3747 spem
3377 3692 3660 3748 generatis,
3690 3690 3779 3730 non

2211 3775 2564 3832 difﬁdentiam
2593 3788 2816 3837 creans;
2862 3771 3194 3826 desiderium
3241 3772 3550 3834 cumulans,
3579 3783 3675 3822 non
3700 3781 3776 3820 sr-

2211 3867 2395 3922 dorem
2416 3863 2692 3918 charitatis
2714 3861 3080 3929 exstinguens.
3107 3863 3396 3932 Sequitur,
3415 3862 3471 3914 in
3488 3856 3783 3912 multitudine

2209 3957 2408 4012 virtutis
2430 3965 2528 4008 tute
2553 3955 2858 4008 mentiantur
2894 3953 2982 4006 tibi
3012 3954 3213 4007 inimici
3245 3955 3346 4007 tui.
3395 3949 3670 4005 Multitudo
3693 3946 3782 3999 uir-

2211 4049 2332 4100 tutis
2359 4057 2504 4112 erat,
2548 4045 2689 4113 quod
2719 4045 2939 4098 curabat
2967 4043 3218 4100 homines
3247 4045 3469 4100 diversa
3501 4041 3785 4098 inﬁrmitate

2209 4138 2540 4201 laborantes;
2585 4134 2678 4188 sed
2720 4134 2770 4187 in
2816 4133 2915 4188 hac
2959 4134 3147 4187 virtute
3191 4137 3580 4189 mentiebantur
3614 4127 3786 4185 inimici

2206 4225 2345 4295 ejus,
2365 4224 2575 4293 quando
2600 4223 2848 4276 dicebant
2877 4241 2889 4275 :
2916 4223 3040 4279 Haec
3065 4225 3218 4293 signa
3245 4225 3301 4279 in
3331 4223 3655 4280 Beelzebutb
3679 4219 3788 4275 facit

2208 4317 2420 4387 (Matth.
2463 4331 2533 4370 XII
2559 4356 2573 4380 ,
2622 4315 2734 4384 24).
2771 4314 2976 4368 Μεηιίιί
3005 4324 3125 4368 sunt
3168 4317 3343 4370 etiam
3374 4319 3431 4372 in
3481 4313 3786 4369 multitudine

2205 4411 2404 4464 uirtutis
2430 4408 2567 4476 ejus,
2598 4406 2810 4476 quando
2843 4407 2972 4461 dicit
3007 4421 3019 4458 :
3063 4405 3323 4461 Videbitis
3367 4407 3565 4461 Filium
3589 4400 3788 4459 hominis

2205 4505 2485 4557 venientem
2509 4503 2562 4555 in
2607 4501 2822 4554 nubibus
2851 4500 2964 4553 cmli
3003 4498 3224 4570 (Matth.
3257 4516 3427 4564 xxv'l,
3471 4499 3569 4564 (id,
3601 4497 3704 4562 65).
3734 4492 3788 4545 Et

523 4583 867 4672 metonymia,
899 4583 1062 4658 idest
1089 4604 1482 4666 transmutatio,
1515 4602 1724 4670 quoties
1754 4617 1847 4668 per
1877 4602 1928 4656 id
1959 4603 2098 4671 quod
2129 4619 2180 4677 Β
2210 4594 2284 4647 illi
2308 4595 2566 4648 dixerunt
2593 4609 2606 4646 :
2638 4591 3046 4662 Blasphemavit;
3075 4590 3206 4659 quid
3234 4590 3414 4644 adhuc
3440 4605 3636 4660 egemus
3667 4583 3789 4639 testi-

519 4698 784 4759 continet,
819 4695 868 4748 td
906 4695 1047 4764 quod
1087 4697 1390 4748 continetur
1424 4693 1669 4747 edicitur.
1704 4691 1916 4746 Judaeos
1949 4694 2094 4747 enim

522 4788 612 4841 tali
642 4786 1015 4857 praedicatione
1042 4785 1338 4849 convincit,
1387 4784 1479 4854 qui
1517 4798 1667 4851 spem
1701 4783 1872 4836 beata:
1917 4797 2096 4836 resur-

520 4882 773 4936 rectionis
822 4881 922 4934 sibi
983 4887 1186 4932 tantum
1239 4877 1572 4932 mstimabant
1618 4889 1738 4928 esse
1782 4874 2090 4941 pollicitam.

519 4973 787 5041 Sequitur,
813 4972 1062 5036 psalmum
1081 4968 1232 5022 dicite
1253 4968 1446 5022 nomini
1469 4967 1600 5036 ejus.
1625 4967 1750 5019 Post
1773 4966 1916 5018 illam
1940 4964 2094 5019 inex-

519 5064 816 5134 plicabilem
836 5061 1204 5131 jnbilationem
1235 5073 1528 5130 congruum
1556 5056 1731 5110 fuitut
1760 5055 1824 5108 ad
1856 5056 2095 5124 psalmo-

517 5155 656 5207 diam
688 5152 991 5207 credituros
1022 5150 1249 5219 populos
1281 5150 1614 5209 hortaretur;
1647 5156 1910 5217 quatenus
1951 5145 2093 5214 quod

516 5247 692 5299 animo
735 5252 1085 5311 conceperat,
1127 5241 1458 5309 depromptis
1500 5238 1746 5292 laudibus
1781 5237 2097 5305 explicaret.

517 5336 648 5390 Illud
704 5335 848 5390 enim
897 5333 999 5387 soli
1041 5332 1160 5386 Deo.
1191 5331 1462 5401 cognitum
1487 5369 1502 5391 ,
1552 5328 1690 5384 istud
1723 5327 1894 5380 fuerat
1927 5327 2096 5384 et..ab

504 5429 818 5484 hominibus
845 5426 1170 5483 audiendum
1191 5467 1207 5492 ,
1240 5425 1380 5478 sicut
1407 5421 1600 5492 legitur
1625 5439 1638 5475 :
1679 5420 1844 5477 Corde
1870 5421 2096 5472 creditur

512 5519 581 5571 ιι
601 5518 892 5586 justitiam;
914 5531 1001 5568 ore
1021 5523 1190 5567 autem
1212 5513 1270 5582 ﬁt
1297 5513 1552 5582 confessio
1573 5512 1642 5564 ad
1666 5511 1881 5566 salutent
1913 5509 2091 5582 (Rom.

515 5625 563 5675 ι,
623 5609 732 5678 l0).
778 5609 928 5674 Quod
970 5615 1150 5660 autem
1198 5603 1362 5671 dicit,
1407 5603 1601 5657 nomini
1635 5606 1786 5676 ejus,
1830 5599 2096 5672 signiﬁcat

514 5700 794 5754 Dominum
824 5699 1182 5761 Salvatorem,
1209 5696 1365 5766 cuius
1393 5696 1627 5751 adventu
1663 5694 1841 5748 mundi
1874 5694 2091 5748 vulnera

513 5792 804 5864 probantur
853 5804 973 5845 esse
1026 5799 1232 5845 curata.
1287 5789 1627 5845 intendamus
1681 5802 1894 5856 quoque
1949 5785 2085 5855 quod

2209 4685 2338 4739 bus?
2371 4685 2444 4738 Ad
2481 4695 2808 4750 postremum
2837 4681 3034 4733 mentiti
3063 4689 3183 4732 sunt
3208 4681 3266 4733 in
3295 4681 3635 4732 ntultitudine
3651 4677 3791 4728 uirtu-

2205 4780 2268 4830 tis
2300 4778 2438 4843 ejus,
2469 4774 2685 4841 quando
2714 4783 2833 4842 post
2862 4771 3287 4825 resurrectionis
3317 4770 3548 4840 gloriam
3577 4770 3688 4822 data
3714 4779 3792 4831 pe-

2203 4870 2356 4922 cunia
2385 4866 2693 4920 custodibus
2715 4863 2967 4917 dicebant
2997 4879 3010 4916 :
3040 4859 3212 4916 Dicite
3239 4862 3371 4929 quia
3403 4868 3644 4915 venerunt
3667 4866 3792 4908 nocte

2203 4959 2445 5027 discipuli
2474 4959 2606 5026 ejus,
2634 4963 2685 5008 ct
2731 4955 2888 5022 furati
2912 4960 3030 5005 sunt
3060 4968 3176 5004 eum
3199 4993 3216 5017 ,
3253 4951 3408 5005 nobis
3443 4947 3791 5002 dormientibus

2203 5050 2420 5121 (Matth.
2462 5063 2645 5112 xxvtn,
2683 5048 2793 5100 15?.
2837 5046 2923 5099 Sic
2971 5044 3307 5098 venerabilis
3340 5056 3516 5100 mater
3544 5045 3640 5097 sub
3663 5056 3789 5094 com-

2205 5140 2397 5210 pendio
2423 5137 2698 5193 brevitatis
2723 5136 2913 5191 latura:
2935 5143 3132 5187 sanctae
3166 5133 3577 5188 incarnationis
3607 5137 3790 5201 myste-

2203 5235 2281 5287 ria
2312 5229 2625 5285 declaravit.
2719 5245 2787 5290 ’γε

2272 5325 2426 5379 Veis.
2460 5322 2511 5374 3.
2540 5321 2717 5374 Omnis
2748 5334 2884 5388 terra
2911 5318 3087 5371 adoret
3112 5326 3186 5379 te,
3215 5325 3269 5370 et
3296 5316 3493 5384 psallat
3523 5313 3642 5375 tibi;
3672 5306 3799 5376 psal-

2202 5434 2339 5471 mum
2371 5417 2506 5468 dicat
2538 5413 2732 5465 nomini
2761 5420 2868 5474 tuo,
2893 5409 3171 5461 Altissime.
3201 5406 3349 5473 Quia
3379 5404 3626 5475 superius
3655 5412 3792 5454 men-

2202 5510 2326 5564 titos
2358 5507 2522 5561 fuisse
2552 5505 2684 5558 dixit
2709 5503 2984 5564 inimicos,
3020 5512 3162 5554 nunc
3187 5497 3529 5568 generalitas
3553 5494 3793 5546 admone-

2199 5610 2284 5655 tur
2325 5607 2383 5652 nt
2429 5596 2694 5652 veraciter
2728 5593 2906 5647 adoret
2955 5590 3244 5645 Dominum
3290 5589 3459 5660 215
3503 5585 3790 5639 Christum.

2197 5691 2445 5752 Addidit,
2491 5698 2536 5742 et
2578 5683 2766 5752 psallat
2803 5683 2925 5748 tibi,
2974 5679 3110 5750 quod
3161 5694 3363 5733 revera
3411 5675 3608 5732 divinis
3651 5670 3790 5724 decet

2197 5782 2479 5836 virtutibus
2510 5777 2768 5832 exhiberi.
2809 5774 3186 5843 Subsequitur,
3225 5771 3492 5838 psalmum
3535 5767 3671 5821 dicat
3700 5774 3781 5815 ηο-
