3956 6178
250 328 351 383 ιδδ

1177 333 1536 392 EXPOSITIO
1576 336 1640 393 IN
1684 338 2148 397 PSALTERIUM.
2192 340 2382 396 PSAL.
2428 341 2589 397 LXV.

3418 351 3517 406 154

246 445 371 497 mini
407 452 492 497 tuo
512 485 528 509 ,
553 444 829 498 Aliissime.
872 444 1024 500 Prius
1053 446 1292 515 dixerat,
1339 449 1526 519 psallat
1554 451 1677 518 tibi,
1708 460 1826 521 post
1858 456 1905 511 Α
1934 453 2150 516 meavit,
2175 454 2352 507 tnundi
2375 454 2529 521 hujus
2552 453 2881 523 signiﬁcabat
2902 455 3099 511 ﬂuenta
3136 471 3323 513 secure
3353 472 3513 528 posse

245 535 440 591 iterum
475 553 611 606 pene
634 540 747 609 ipsa
773 540 932 595 verba
960 542 1194 611 repetiit,
1228 542 1321 597 sed
1350 543 1486 598 bene
1516 545 1830 614 perquiren-

244 627 393 683 tibus
433 629 591 699 longe
638 630 849 685 diversa
899 643 1052 697 sunt;
1096 633 1244 698 prius
1288 636 1430 689 enim
1481 635 1829 703 psalmodiam

242 720 475 789 intelligi
509 720 680 774 voluit
713 738 726 773 :
758 722 841 774 hic
864 736 991 776 vero
1016 737 1177 789 Opera
1207 724 1503 779 sanctitatis
1533 724 1828 781 admonuit.

240 811 374 864 Nam
399 824 523 864 cum
546 810 699 877 dicit,
730 812 923 865 nomini
948 822 1056 875 tuo,
1082 813 1358 876 Altissime,
1384 814 1666 883 signiﬁcat,
1694 817 1833 870 sicut

242 916 409 968 supra
443 903 646 955 dictum
678 911 787 965 est,
822 902 1106 957 Dominum
1147 905 1481 960 Salvatorem
1504 947 1520 970 ,
1558 907 1647 975 qui
1678 908 1834 962 Altis-

240 994 407 1047 simus
433 992 559 1062 jure
589 993 786 1047 dicitur
818 1012 831 1047 :
862 994 985 1064 quia
1019 995 1149 1048 nihil
1178 1009 1339 1065 supra
1365 1012 1424 1052 se
1464 998 1652 1065 altius,
1694 1000 1833 1053 sicut

241 1084 405 1139 Pater
423 1095 477 1138 et
506 1084 740 1154 Spiritus
767 1095 1002 1151 sanctus,
1026 1086 1314 1156 quidquam
1341 1089 1537 1143 habere
1550 1095 1831 1159 cognosci-

238 1185 347 1229 tur.
377 1175 534 1241 Quod
564 1190 757 1229 nomen
788 1176 1019 1243 positum
1049 1184 1133 1231 est
1160 1176 1224 1229 ad
1258 1177 1681 1232 convincendum
1710 1194 1830 1247 spe-

240 1264 454 1319 cialiter
484 1265 792 1332 supcrbiam
822 1264 1160 1330 Judteorum,
1191 1267 1279 1334 qui
1308 1265 1384 1320 sic
1418 1267 1681 1334 abjectum
1712 1283 1831 1321 esse

240 1354 630 1418 crediderunt,
657 1362 715 1407 ut
736 1369 856 1408 eum
883 1354 1196 1421 cruciﬁgere
1226 1368 1329 1408 non
1358 1366 1635 1424 paverent.
1661 1357 1830 1411 Simul

246 1448 416 1500 etiam
446 1445 555 1498 hoc
584 1445 799 1499 nomine
829 1444 1060 1498 convicti
1086 1451 1212 1498 sunt
1240 1446 1452 1511 Ariani;
1485 1462 1605 1499 nam
1638 1446 1727 1513 qui
1750 1456 1831 1501 est

246 1540 546 1592 Altissimus
568 1538 620 1592 in
645 1537 846 1591 deitate
862 1553 978 1601 sua,
998 1553 1102 1591 non
1134 1546 1307 1605 potest
1322 1538 1520 1593 habere
1546 1538 1826 1608 majorem.

224 1668 233 1675 ι
310 1630 472 1683 Vers.
504 1630 558 1682 Δ.
595 1627 771 1681 Venite
798 1636 843 1682 et
872 1628 1032 1682 videte
1060 1645 1215 1695 Opera
1248 1629 1475 1693 Domini,
1505 1647 1655 1699 quam
1684 1633 1831 1684 terri-

241 1721 353 1772 bilis
388 1722 440 1772 in
487 1721 717 1773 consiliis
758 1737 909 1790 super
939 1722 1074 1790 ﬁlios
1099 1723 1384 1775 hominum.
1422 1724 1624 1789 Sponsa
1674 1724 1829 1792 Regis

1936 542 2184 606 transire,
2211 552 2263 595 et
2290 542 2354 594 ad
2382 544 2708 612 paenitentia:
2736 545 2996 599 tutissima
3027 548 3324 615 pervenire.
3359 548 3513 604 Unde

1935 645 2154 684 necesse
2203 631 2300 684 fuit
2330 642 2388 686 ut
2418 633 2653 688 Ecclesia
2681 649 2799 688 cum
2824 636 3023 691 sanctis
3056 636 3183 691 viris
3210 638 3263 690 in
3290 639 3516 704 idipsum

1936 734 1996 775 se
2035 720 2240 775 diceret
2275 738 2377 774 esse
2406 723 2723 789 lwtaturam,
2756 722 2842 777 ubi
2873 733 2954 778 est
2982 726 3157 792 gaudii
3188 724 3355 779 nostri
3399 728 3520 780 lous

1935 822 1989 865 et
2014 812 2204 865 salutis
2234 822 2449 867 internae
2474 816 2623 883 origo
2651 826 2964 883 praeparata.
2999 816 3148 882 Quod
3174 832 3301 872 vero
3328 815 3401 871 ait
3422 818 3515 883 ibi,

1933 904 1985 955 in
2012 903 2260 972 idipsum,
2284 904 2423 959 inter
2450 904 2664 973 protiria
2690 905 2981 975 Scriptura:
3002 908 3196 961 divina:
3226 923 3519 964 connume-

1934 990 2158 1043 randum
2188 1003 2292 1046 est.

2007 1086 2159 1141 Vers.
2194 1089 2244 1142 6.
2283 1090 2383 1154 Qui
2413 1091 2706 1144 dominatur
2737 1092 2788 1144 in
2818 1094 3000 1145 virtute
3030 1111 3121 1146 sua
3149 1096 3198 1147 in
3232 1106 3475 1150 internum
3495 1141 3511 1165 ,

1932 1177 2068 1228 oculi
2097 1179 2207 1247 ejus
2230 1196 2382 1246 super
2402 1191 2573 1248 gentes
2594 1183 2885 1250 respiciunt.
2914 1183 3168 1250 Exposuit
3195 1185 3334 1253 quod
3362 1186 3514 1242 dixe-

1935 1275 2046 1332 rat,
2094 1266 2409 1336 Laftabimur
2436 1271 2486 1322 in
2517 1271 2769 1337 idipsum;
2798 1272 3000 1325 sciliCet
3033 1290 3045 1325 :
3080 1274 3178 1336 Qui
3221 1276 3516 1329 dominatur

1932 1360 1985 1411 in
2015 1362 2196 1412 virtute
2218 1378 2311 1414 sua
2340 1364 2391 1414 in
2429 1374 2694 1417 internum.
2727 1364 2995 1416 Dominari
3035 1366 3173 1419 enim
3213 1378 3434 1434 possttttt
3462 1377 3517 1422 et

1936 1449 2201 1517 principes
2230 1460 2526 1518 terrarum;
2560 1454 2653 1508 sed
2687 1470 2791 1508 non
2820 1458 2871 1509 in
2904 1458 3083 1509 virtute
3109 1474 3226 1524 sua,
3260 1474 3431 1528 neque
3459 1461 3515 1513 in

1932 1552 2196 1594 teternum.
2230 1543 2566 1612 Quapropter
2591 1546 2706 1598 hcce
2728 1545 2833 1599 duo
2865 1546 3039 1600 addita
3067 1558 3221 1614 sunt,
3256 1558 3311 1603 ut
3340 1552 3516 1605 omni-

1934 1633 2166 1698 potentis
2214 1631 2375 1701 Regis
2408 1634 2574 1687 virtus
2616 1636 2781 1702 possit
2815 1636 3043 1689 ostendi.
3085 1636 3149 1689 Et
3187 1652 3253 1691 ne
3283 1641 3517 1706 promis-

1935 1720 2117 1773 siones
2143 1723 2422 1788 prtedictas
2442 1722 2623 1776 inanes
2643 1731 2851 1790 putaret
2871 1724 3042 1776 adhuc
3064 1740 3205 1778 ctera
3222 1729 3512 1799 gentilitas,

240 1816 430 1867 :eterni
486 1814 678 1868 ordine
729 1814 965 1869 secundo
1010 1826 1195 1882 gentes
1236 1816 1421 1869 i:.vitat
1470 1827 1524 1867 tit
1575 1816 1828 1870 miracula
1864 1811 1907 1868 Β
1934 1810 2176 1875 addidit,
2225 1810 2361 1863 oculi
2404 1816 2514 1881 ejus
2538 1829 2692 1877 super
2721 1824 2891 1884 gentes
2918 1816 3231 1883 respiciunt,
3280 1826 3336 1871 ut
3374 1820 3514 1886 quod

241 1905 454 1961 Veteris
481 1907 815 1961 Testanienti
841 1906 1046 1962 devotis
1077 1906 1279 1974 possint
1304 1908 1572 1961 mentibus
1600 1908 1825 1972 intueri;

238 2009 510 2067 quatenus
540 1998 680 2066 quod
706 1997 933 2051 Hebraeo
965 1998 1161 2065 populo
1192 1996 1242 2049 in
1278 1996 1441 2065 ﬁgura
1488 1996 1731 2065 contigit,
1776 1997 1828 2050 in

236 2106 291 2145 se
336 2098 678 2157 cognoscant
705 2089 981 2144 verissime
1026 2088 1191 2144 fuisse
1219 2089 1561 2158 complvtum.
1609 2090 1829 2158 Proprie

238 2196 363 2235 vero
392 2183 603 2236 dictum
636 2191 750 2247 est,
793 2181 1001 2249 Venite,
1040 2182 1190 2251 quasi
1221 2182 1394 2237 adhuc
1428 2184 1581 2251 longe
1612 2185 1826 2250 positis,

240 2274 389 2341 quasi
421 2274 607 2327 adhuc
636 2274 685 2327 in
712 2273 997 2343 Babylonia
1020 2272 1235 2328 civitate
1261 2274 1613 2328 morantibus.
1649 2273 1831 2330 Videte

240 2366 475 2433 positum
500 2375 610 2428 est,
634 2365 684 2419 id
714 2373 796 2419 est
819 2364 1027 2418 lumine
1050 2364 1227 2419 cordis
1246 2365 1541 2432 agnoscite.
1566 2366 1828 2420 Cirterum

239 2455 558 2510 carnalibus
599 2455 771 2509 oculis
804 2456 987 2509 videre
1016 2470 1120 2509 non
1154 2464 1401 2522 poterant
1426 2496 1438 2513 .
1473 2470 1589 2523 quae
1619 2466 1832 2509 consta-

239 2544 362 2601 bant
386 2561 518 2601 esse
548 2552 833 2614 prseterta.
866 2545 1034 2615 Opera
1063 2543 1273 2597 Domini
1303 2560 1405 2599 non
1436 2546 1534 2598 ista
1560 2545 1683 2599 dicit
1712 2561 1830 2612 qua

240 2650 425 2691 omnes
458 2636 663 2705 pariter
684 2634 887 2698 vident,
916 2634 1133 2699 caelum,
1160 2644 1381 2697 terram,
1407 2650 1552 2689 mare
1572 2644 1626 2689 et
1653 2638 1831 2690 omnia

240 2740 351 2793 qua:
395 2726 452 2779 in
488 2725 572 2779 eis
606 2736 756 2787 sunt;
801 2725 894 2779 sed
925 2725 1009 2779 illa
1057 2724 1247 2778 invitat
1273 2739 1366 2779 eos
1416 2726 1722 2793 specialiter
1753 2727 1832 2779 in-

238 2818 370 2871 tueri
406 2857 424 2880 ,
501 2831 624 2883 quae
678 2815 974 2870 ﬁdelissimi
1032 2815 1383 2883 spiritualiter
1451 2825 1829 2883 agnoverunt,

241 2907 491 2963 Hebraeis
544 2905 870 2975 fugientibus
904 2906 1138 2960 divisum
1187 2922 1336 2961 mare
1385 2908 1649 2975 patuisse,
1704 2921 1832 2975 qua-

238 2997 489 3066 draginta
541 2997 699 3051 annis
746 2995 969 3065 populos
1009 2995 1077 3049 ad
1129 2997 1464 3050 saturitatem
1522 3006 1705 3066 pastos
1775 2995 1828 3051 in

238 3101 462 3150 eremo,
514 3086 678 3140 siccis
725 3085 948 3153 pedibus
998 3085 1280 3140 transitum
1334 3085 1583 3141 Jordanis
1627 3086 1828 3142 ﬂuenta

1932 1899 2037 1953 illa:
2067 1914 2159 1967 per
2184 1916 2243 1955 se
2273 1901 2452 1956 videre
2480 1916 2580 1954 non
2613 1912 2876 1969 poterant,
2908 1915 3123 1971 aspectu
3157 1906 3267 1959 veri
3299 1908 3515 1961 luminis

1934 1990 2269 2044 intuerentur
2297 1992 2509 2045 alllattn.
2540 1993 2791 2046 Dominus
2821 1995 2960 2048 enim
2988 2010 3120 2063 quos
3145 1998 3360 2064 respicit
3388 1997 3510 2053 illu-

1934 2082 2128 2144 mittat;
2163 2097 2295 2151 quos
2324 2082 2538 2135 visitare
2560 2082 2830 2150 disponit,
2854 2090 2906 2135 et
2934 2083 3145 2137 liberat.

2005 2179 2158 2233 Vers.
2213 2180 2265 2232 7.
2310 2179 2412 2246 Qui
2454 2181 2504 2232 in
2534 2180 2610 2232 ira
2641 2192 2956 2248 provocant,
3000 2199 3102 2236 non
3140 2184 3425 2238 excitentur
3460 2187 3515 2240 in

1933 2270 2238 2339 semetipsis.
2280 2269 2622 2323 Consuetudo
2668 2268 2971 2339 fragilitatis
3028 2280 3226 2326 nostrae
3280 2288 3515 2342 congrua

1935 2357 2199 2413 brevitate
2222 2358 2490 2428 descripta
2514 2369 2619 2424 est,
2676 2357 2798 2428 quia
2826 2360 2951 2414 dum
2979 2361 3100 2414 talia
3128 2361 3350 2416 facimus
3378 2365 3519 2419 unde

1934 2449 1999 2503 ad
2028 2450 2159 2503 iram
2194 2449 2474 2503 Dominum
2508 2464 2895 2517 provocemus,
2926 2451 3224 2505 exaltamur
3245 2453 3295 2504 in
3329 2453 3513 2507 nobis~

1934 2538 2204 2606 metipsis,
2248 2551 2462 2606 peccata
2495 2547 2675 2591 nostra
2699 2537 2869 2605 magis
2896 2539 3170 2607 cupientes
3198 2538 3506 2595 defendere.

1932 2627 2037 2681 Sed
2064 2628 2162 2681 hos
2186 2627 2428 2695 prohibet
2453 2627 2503 2679 in
2526 2628 2717 2696 scipsis
2749 2628 2982 2691 exaltari,
3013 2638 3146 2693 Quos
3174 2638 3387 2697 oportet
3415 2633 3514 2683 ltu-

1933 2720 2087 2774 miles
2108 2720 2353 2774 inveniri.
2380 2717 2589 2772 Fideles
2611 2720 2750 2772 enim
2776 2734 2881 2772 non
2914 2719 2966 2771 in
2995 2734 3073 2785 se,
3102 2720 3197 2774 sed
3224 2722 3274 2774 in
3299 2720 3513 2775 Christo

1933 2810 2151 2863 exaltari
2176 2817 2427 2876 oportet,
2484 2808 2572 2861 ubi
2602 2806 2825 2862 altitudo
2851 2807 3000 2861 ﬁrma
3030 2819 3132 2875 εει,
3160 2821 3214 2864 et
3245 2826 3513 2880 nunquam

1931 2897 2165 2953 ruiturus
2187 2910 2457 2952 ascensus.

2003 2997 2157 3052 Vers.
2179 2998 2229 3051 8.
2257 2996 2566 3062 Benedicite,
2591 3005 2784 3066 gentes,
2812 2993 2977 3049 Deum
3000 3004 3250 3060 nostrum,
3274 3007 3319 3050 et
3341 2999 3517 3051 audite

1932 3102 2102 3139 vocem
2125 3086 2291 3140 laudis
2308 3089 2437 3156 ejus.
2465 3085 2620 3139 Venit
2644 3085 2707 3138 ad
2738 3085 2950 3139 tertium
2974 3084 3293 3153 membrum,
3323 3087 3373 3138 in
3404 3101 3512 3154 quo

240 3180 574 3248 praebuisse,
603 3187 657 3231 et
684 3188 878 3233 caetera
908 3194 1029 3248 qua:
1051 3177 1252 3232 Judteis
1274 3178 1564 3248 liguraliter
1588 3180 1827 3249 contige-
1858 3168 1904 3230 C
1934 3188 2119 3247 gentes
2149 3185 2332 3232 mouet
2360 3187 2415 3231 ut
2446 3176 2613 3231 Deum
2644 3191 2827 3231 verum
2862 3190 3100 3232 consona
3131 3177 3511 3244 prachatione

239 3281 385 3323 runt.
421 3268 666 3335 Subjecit
688 3309 705 3335 ,
736 3284 891 3338 quam
923 3270 1163 3322 terribilis
1185 3269 1239 3322 in
1264 3270 1489 3323 consiliis
1516 3286 1669 3338 super
1697 3270 1835 3338 ﬁlios

240 3361 531 3413 hominum.
565 3358 728 3413 Filios
768 3359 1041 3413 hominum
1086 3358 1208 3414 fecit
1238 3359 1501 3415 terribiles
1530 3370 1690 3430 atque
1721 3376 1833 3415 me-

242 3450 477 3504 tut-udos
501 3450 624 3523 [ms.
647 3450 738 3515 Α.,
763 3448 930 3505 factus
946 3458 1028 3506 est
1051 3451 1303 3505 terribilis
1319 3461 1479 3520 atque
1495 3452 1831 3517 metuendus,

239 3557 383 3605 cum,
417 3539 581 3608 etc.),
610 3554 731 3594 cum
761 3555 855 3608 per
878 3554 975 3595 eos
1001 3540 1253 3594 miracula
1276 3554 1465 3610 magna
1492 3540 1828 3595 monstravit.

240 3631 303 3685 Vs
316 3649 443 3685 rum
504 3647 626 3700 qure
652 3633 755 3686 sint
786 3631 888 3687 ista
921 3647 1083 3701 opera
1104 3673 1120 3698 ,
1163 3646 1283 3701 qua:
1312 3632 1429 3686 vult
1448 3642 1633 3702 gentes
1661 3632 1834 3686 adhuc

242 3727 405 3778 rudes
428 3738 729 3793 agnoscere
744 3763 759 3788 ,
781 3723 1055 3793 sequentia
1087 3723 1457 3779 declarabunt.

302 3816 467 3870 Vers.
503 3817 555 3870 5.
594 3814 692 3880 Qui
722 3816 964 3868 convertit
993 3830 1133 3867 mare
1169 3814 1223 3867 in
1245 3813 1445 3867 aridam
1469 3854 1485 3879 ,
1526 3823 1573 3866 et
1614 3813 1832 3881 ﬂumina

236 3908 622 3974 pertransibunt
646 3906 771 3974 pede
801 3906 911 3959 :ibi
940 3903 1555 3973 ltetabimurinidipsum.
1582 3903 1686 3956 Ista
1709 3911 1835 3957 sunt

238 4013 394 4060 opera
427 3996 671 4061 Domini,
705 4012 827 4066 qua:
854 3997 1101 4065 superior
1130 4009 1317 4050 versus
1357 3994 1651 4047 admonuit.
1696 3992 1831 4048 Con-

239 4090 386 4140 venit
414 4105 559 4140 mare
588 4088 644 4140 in
670 4089 896 4160 aridam,
920 4088 1133 4156 quando
1157 4087 1438 4143 Hebraeum
1464 4087 1716 4155 populum
1741 4101 1833 4153 per

238 4180 449 4232 medios
483 4179 681 4232 ﬂuctus
729 4178 831 4232 iter
858 4178 984 4231 fecit
1024 4178 1220 4232 habere
1251 4187 1543 4231 terrenum.
1586 4174 1834 4230 Flumina

234 4272 567 4336 pertransirit
619 4272 774 4337 pede,
816 4270 1028 4339 quando
1075 4269 1306 4324 Jordane
1352 4269 1538 4323 dextra
1592 4268 1831 4336 laevaque

234 4359 441 4426 diviso,
490 4360 548 4437 ip
578 4370 774 4413 terram
818 4358 1247 4428 repromissionis
1275 4356 1555 4413 Iudaicum
1604 4357 1821 4412 deduxt

233 4452 558 4505 exercitum.
608 4450 713 4506 Sed
746 4450 1092 4519 quaerendum
1125 4457 1208 4505 est
1244 4451 1311 4504 ad
1347 4451 1474 4520 quid
1509 4450 1701 4520 plurali
1734 4467 1831 4505 nu-

1936 3267 2254 3337 glorilicent.
2288 3268 2563 3336 Sequitur,
2595 3274 2641 3320 et
2671 3268 2844 3320 audite
2880 3282 3047 3320 vocem
3077 3266 3246 3319 laudis
3275 3268 3385 3337 ejus
3404 3308 3418 3330 ,
3461 3268 3512 3321 id

1935 3368 2011 3412 est
2044 3375 2160 3426 qua:
2188 3358 2317 3412 dicit
2347 3359 2503 3413 Pater
2541 3358 2608 3411 de
2641 3357 2779 3411 Filio
2808 3356 2954 3412 lideli
2995 3356 3311 3411 credulitate
3347 3360 3514 3412 susci-

1933 3451 2063 3521 pite.
2104 3450 2218 3505 Vox
2236 3456 2378 3506 enlm
2407 3452 2575 3504 laudis
2601 3452 2765 3518 ipsius
2792 3461 2873 3506 est
2904 3469 2916 3504 :
2956 3450 3052 3504 Hic
3078 3462 3148 3505 est
3177 3451 3346 3504 Filius
3374 3468 3514 3505 meus

1933 3544 2169 3610 dilectus,
2200 3546 2254 3597 in
2280 3560 2380 3611 quo
2418 3545 2544 3596 mihi
2572 3545 2694 3597 bene
2722 3546 3008 3613 complacui
3036 3543 3248 3614 (Manli.
3280 3560 3333 3597 ut
3354 3584 3369 3608 ,
3401 3545 3512 3615 l7).

1933 3637 2101 3702 Quam
2130 3636 2431 3705 purissimis
2460 3651 2521 3690 ac
2542 3636 2752 3690 devotis
2783 3638 3047 3690 mentibus
3070 3648 3282 3707 oportet
3310 3637 3478 3691 audiri
3492 3678 3513 3707 ,

1933 3737 1993 3782 ut
2019 3744 2153 3781 unus
2174 3736 2333 3797 atque
2362 3728 2501 3782 idem
2532 3729 2780 3782 credatur
2813 3728 3068 3782 Dominus
3097 3729 3335 3783 Christus
3361 3769 3376 3793 ,
3420 3732 3511 3799 qui

1933 3827 2057 3871 ante
2083 3818 2277 3872 saecula
2307 3832 2370 3871 ex
2404 3818 2560 3871 Patre
2591 3818 2897 3886 progeni'us
2925 3829 3006 3872 est
3043 3818 3513 3873 consubstantialis

1933 3907 2065 3976 ipsi,
2094 3897 2149 3962 et
2177 3923 2242 3963 ex
2287 3908 2450 3961 Maria
2486 3907 2702 3976 Virgine
2731 3918 3062 3975 procreatus,
3092 3908 3245 3962 nobis
3266 3908 3514 3979 dignatus

1932 4009 2015 4054 est
2044 4000 2155 4055 ﬁeri
2190 4000 2240 4054 in
2270 4008 2543 4066 assumpta
2582 4000 2910 4053 humanitate
2945 3999 3256 4053 consimilis.
3310 4000 3506 4059 Sancta

1932 4094 2076 4151 enim
2111 4092 2349 4146 Ecclesia
2382 4092 2434 4144 in
2478 4090 2576 4143 hac
2607 4090 2710 4144 ﬁde
2736 4091 2897 4154 vivit,
2939 4091 2992 4142 in
3020 4090 3117 4142 hac
3140 4089 3241 4143 llde
3271 4091 3509 4161 prolivit,

1934 4196 1989 4239 υι
2021 4184 2072 4236 in
2102 4182 2324 4235 Domino
2351 4180 2565 4235 Christo
2593 4194 2693 4235 nec
2721 4180 2837 4234 sine
2867 4194 2992 4234 vera
3018 4179 3294 4234 divinitate
3324 4183 3510 4236 huma-

1934 4278 2105 4339 nitas,
2158 4288 2258 4329 nec
2286 4272 2404 4327 sine
2429 4286 2551 4326 vera
2582 4272 2828 4327 credatur
2865 4271 3193 4325 humanitate
3236 4272 3507 4328 divinitas.

2005 4366 2155 4420 Vers.
2185 4365 2239 4420 9.
2268 4363 2369 4429 Qui
2392 4366 2558 4434 posuit
2583 4364 2809 4417 animam
2850 4379 3013 4416 meam
3042 4367 3109 4415 ad
3133 4365 3305 4429 vitam,
3337 4374 3385 4419 et
3410 4382 3511 4420 non

1935 4456 2073 4510 dedit
2090 4456 2391 4508 commoveri
2410 4454 2560 4523 pedes
2586 4470 2742 4509 meos.
2766 4453 2914 4507 Nunc
2934 4464 3212 4509 enumerat
3232 4454 3424 4523 quibus
3439 4472 3507 4511 ex

239 4557 393 4596 mero
417 4544 640 4609 ﬂumina
666 4543 923 4611 posuerit,
949 4541 1075 4596 dum
1103 4542 1342 4612 legamus
1371 4542 1685 4598 intJordaue
1714 4553 1829 4597 tan-
1857 4526 1911 4586 Ῑ)
1934 4548 2109 4601 causis
2135 4545 2499 4600 misericordia
2526 4544 2733 4598 Domini
2760 4542 3099 4612 praedicetur.
3129 4545 3240 4598 Duo
3262 4557 3384 4598 sunt
3412 4547 3511 4601 ista

233 4637 517 4687 tummodo
539 4634 863 4704 contigisse?
888 4632 1003 4687 Non
1030 4633 1455 4704 immerito,quia
1480 4635 1600 4691 licet
1629 4635 1680 4689 in
1713 4637 1827 4705 ipso

232 4725 579 4779 solummodo
610 4726 926 4794 contigerit,
960 4725 1269 4795 frequenter
1298 4737 1474 4783 tamen
1504 4727 1699 4783 ibidem
1730 4743 1823 4783 ac-

232 4814 437 4868 cidisse
476 4825 827 4868 tnonStratur.
860 4813 989 4869 Nam
1020 4824 1073 4869 et
1104 4816 1232 4870 Elite
1263 4817 1368 4870 illic
1406 4819 1524 4872 talis
1570 4819 1823 4873 transitus

232 4903 361 4967 fuit,
416 4915 469 4957 et
514 4905 779 4972 discipulo
819 4905 985 4974 ipsius
1031 4907 1274 4961 redeunti
1301 4908 1546 4963 similiter
1586 4909 1820 4966 ﬂuminis

230 4995 406 5060 ipsius
458 4996 655 5050 ﬂuenta
707 5007 991 5066 patuerunt
1035 4998 1140 5070 (IV
1178 5000 1301 5071 Reg.
1336 5015 1409 5063 lt,
1443 4999 1502 5065 8,
1550 4999 1661 5070 Η).
1695 5001 1819 5057 Sive

225 5089 355 5153 quia
390 5091 681 5156 Scriptum-
723 5088 924 5142 divinat
960 5105 1075 5142 mos
1105 5099 1205 5155 est,
1246 5098 1299 5144 et
1324 5106 1486 5144 unum
1519 5106 1613 5159 pro
1653 5091 1821 5160 pluri-

228 5178 331 5232 mis
392 5178 616 5244 dicere,
666 5190 721 5235 et
768 5183 992 5250 plurima
1030 5183 1248 5236 unitatis
1304 5184 1518 5238 nomine
1561 5183 1815 5239 vocitare.

221 5268 515 5338 Sequitur,
568 5273 639 5325 ibi
669 5273 956 5328 (tutabimur
1000 5277 1052 5327 in
1092 5276 1334 5343 idipsum.
1368 5275 1463 5329 Hic
1500 5276 1610 5345 jam
1640 5292 1817 5332 sacra-

223 5372 413 5413 menta
462 5362 676 5417 illorum
724 5378 943 5430 aperum
975 5366 1188 5421 festinat
1233 5366 1543 5428 ostendere,
1594 5367 1717 5437 quia
1758 5368 1811 5421 in

220 5468 418 5505 eorum
456 5454 893 5524 przeﬁguratione
924 5456 1185 5512 veraciter
1214 5464 1332 5525 post
1360 5456 1568 5512 laetatus
1598 5467 1679 5513 est
1717 5474 1810 5525 po—

222 5544 391 5607 pulus
420 5541 781 5600 Christianus.
816 5545 945 5600 Nam
981 5546 1122 5617 quod
1149 5561 1279 5616 gens
1309 5546 1488 5602 Judtea
1523 5562 1614 5615 per
1647 5547 1812 5601 maria

222 5636 501 5699 transivit,
531 5652 765 5705 sequens
794 5638 989 5693 Christi
1034 5638 1292 5708 baptisma
1325 5639 1623 5693 nuntiabat.
1662 5637 1812 5704 Quod

218 5724 452 5779 ﬂmnina
479 5728 595 5783 sine
616 5730 907 5784 altitudinis
933 5730 1166 5800 periculo
1196 5730 1352 5788 siccis
1376 5730 1601 5801 pedibus
1632 5740 1811 5785 trans-

1929 4651 2263 4694 sacramenta
2311 4639 2644 4694 liberationis
2688 4646 2886 4691 nostrze
2921 4655 2935 4690 :
2975 4638 3203 4704 primum
3232 4638 3371 4706 quod
3412 4654 3511 4694 nos

1928 4744 2024 4798 per
2046 4742 2239 4783 munus
2263 4728 2597 4795 baptismatis
2619 4725 2763 4781 ducit
2782 4727 2847 4780 ad
2875 4726 3069 4792 vitam;
3090 4741 3194 4780 non
3220 4728 3359 4779 enim
3384 4727 3510 4781 illuc

1928 4823 2127 4877 nostris
2153 4821 2359 4875 meritis
2385 4818 2747 4888 pervenimus,
2778 4817 2873 4872 sed
2904 4818 3068 4884 ipsius
3100 4816 3360 4870 beneﬁcio
3409 4818 3510 4870 ini-

1926 4914 2209 4969 serationis
2237 4912 2575 4966 attrabimur.
2605 4910 2804 4965 Deinde
2832 4926 2897 4965 ne
2926 4925 3023 4963 nos
3051 4908 3246 4963 exinde
3291 4908 3509 4976 permit-

1926 5012 2001 5059 tat
2023 5002 2237 5071 expelli,
2264 5003 2352 5071 qui
2378 5000 2631 5070 gravibus
2657 4999 2795 5053 vitiis
2823 4999 3111 5069 probamur
3132 4998 3357 5053 onerati.
3393 4998 3509 5065 Ipse

1925 5095 2069 5149 enim
2102 5108 2200 5146 nos
2219 5094 2361 5159 ponit
2390 5090 2459 5143 ad
2484 5091 2640 5143 vitam
2670 5091 2759 5159 qui
2787 5090 2920 5143 dixit
2946 5107 2959 5141 :
2988 5087 3098 5160 Ego
3121 5105 3230 5141 sunt
3255 5089 3354 5151 via,
3378 5088 3510 5141 ueri-

1926 5196 2034 5250 tas,
2066 5192 2114 5237 et
2140 5184 2241 5236 vita
2269 5180 2448 5250 (Joan.
2479 5195 2596 5243 xtv,
2638 5179 2718 5248 6).
2747 5179 2864 5247 Ipse
2902 5194 3114 5247 gressus
3144 5194 3176 5231 n
3214 5187 3354 5231 stros
3400 5192 3507 5231 non

1924 5277 2054 5331 sinit
2080 5276 2443 5341 commoveri,
2473 5274 2564 5344 qui
2594 5288 2809 5327 manum
2839 5288 2987 5327 suam
3021 5272 3179 5327 Petro
3200 5287 3269 5326 ne
3300 5286 3510 5340 merge-

1926 5381 2073 5425 retur
2091 5369 2334 5426 extendit
2356 5366 2566 5438 (Matth.
2600 5381 2707 5429 stv,
2739 5366 2852 5435 51).
2886 5365 2952 5418 Et
2978 5380 3045 5418 ne
3066 5365 3315 5418 crederes
3333 5364 3505 5423 otiose

1925 5460 2020 5513 ista
2049 5460 2187 5522 dici,
2235 5473 2265 5513 a
2296 5458 2484 5527 quibus
2530 5455 2783 5526 periculis
2824 5456 3040 5512 liberata
3094 5456 3284 5521 luerit,
3317 5453 3506 5510 subter

1921 5559 2220 5605 enumerat.

1996 5639 2148 5694 Vcrs.
2182 5639 2266 5695 10.
2302 5638 2558 5703 Quoniam
2593 5635 2819 5707 probasti
2859 5651 2984 5699 nos,
3033 5634 3166 5691 Deus
3196 5652 3215 5689 :
3260 5637 3378 5706 igne
3413 5652 3505 5690 nos

1923 5730 2245 5796 examinasti,
2268 5728 2398 5783 sicut
2419 5728 2536 5799 igne
2572 5728 2893 5782 examinatur
2916 5738 3203 5797 argentum.
3239 5727 3505 5784 Hactenus
