4000 6172
460 335 564 390 455

1703 340 1773 395 bl.
1814 337 2089 396 AURELII
2128 338 2521 398 CASSIODORi

3604 348 3714 404 4⁸6

459 452 714 523 singulari
746 466 970 507 numero
987 450 1331 520 prophetasse
1356 449 1565 505 vldctur
1591 451 1859 515 Ecclesia;
1885 465 2025 505 nunc
2053 455 2099 509 Δ
2130 451 2283 505 nibus
2340 453 2663 520 roboraret,
2717 453 2909 523 quibus
2958 462 3099 508 tanta
3139 454 3356 525 praemia
3408 454 3714 523 pollicetur.

462 543 737 611 pluraliter
770 544 1003 610 loquitur
1024 557 1089 597 ex
1146 542 1403 596 membris
1442 543 1593 608 suis,
1646 559 1743 614 per
1782 544 1880 597 hos
1924 558 2033 598 tres

463 647 595 685 vers:
621 647 646 685 s
673 646 944 699 exponens
973 632 1155 686 ﬁdeles
1190 632 1397 685 Domini
1430 632 1641 701 quantis
1670 633 2028 687 tribulationi-

464 722 561 775 bus
604 722 930 791 aflligantur.
961 720 1180 775 Probari
1223 736 1321 774 nos
1352 722 1475 775 facit
1504 723 1663 786 Deus,
1696 722 1909 791 quando
1939 737 2034 791 per

460 813 669 865 diversa
721 814 882 883 216
916 828 1113 881 genera
1143 816 1493 868 tentationum
1542 828 1636 881 pro
1681 814 1762 867 sui
1806 814 2033 866 nominis

440 903 797 956 confessione
848 903 1182 957 tolerantiam
1238 903 1405 957 beata:
1453 903 1718 973 passionis
1776 902 2030 972 indulget.

459 994 575 1049 Non
624 997 763 1049 enim
796 996 884 1049 ille
914 1009 1008 1049 nos
1041 997 1312 1065 probando
1354 997 1531 1062 novit,
1562 996 1655 1051 sed
1703 995 2034 1064 prmsciendo

460 1087 756 1156 cognoscit.
788 1086 1095 1156 Sequuntur
1116 1087 1339 1141 diversae
1366 1096 1656 1158 martyrum
1683 1102 1874 1156 pcenae.
1906 1085 2034 1155 Igne

459 1178 603 1231 enim
644 1177 917 1230 charitatis
956 1178 1279 1230 examinatur
1306 1177 1458 1232 beata
1489 1179 1813 1233 conscientia
1841 1218 1857 1243 ,
1913 1193 2032 1246 qua:

459 1274 664 1320 tantum
709 1266 906 1321 Christi
945 1267 1152 1323 Domini
1178 1283 1361 1323 amore
1388 1269 1751 1333 succenditur,
1786 1278 1840 1322 ut
1870 1284 2030 1323 uren-

458 1356 588 1411 tium
619 1356 949 1409 ﬂammarum
992 1365 1257 1411 tormenta
1287 1359 1581 1411 vincantur.
1625 1358 1727 1413 Sed
1759 1360 1860 1412 iste
1901 1358 2033 1427 ignis

460 1462 566 1502 non
597 1448 1053 1515 consumptorius,
1081 1450 1171 1502 sed
1212 1450 1545 1517 purgatorius
1569 1458 1671 1504 est.
1703 1450 1866 1504 Datur
1890 1451 2030 1505 enim

461 1538 667 1606 argenti
725 1539 1050 1606 exemplum,
1096 1539 1237 1607 quod
1271 1539 1393 1608 igne
1430 1540 1550 1593 ideo
1588 1540 1941 1609 decoquitur,
1976 1547 2031 1594 ut

460 1628 644 1696 purius
685 1627 807 1681 inde
854 1628 1126 1681 reddatur.
1166 1629 1378 1682 Jaceret
1423 1627 1564 1681 enim
1608 1644 1784 1682 massa
1826 1629 2031 1697 argenti

458 1732 583 1773 cum
610 1718 856 1771 sordibus
876 1718 1008 1780 suis,
1034 1718 1133 1770 nisi
1159 1716 1333 1787 magni
1355 1717 1549 1771 caloris
1570 1716 1829 1771 beneﬁcio
1855 1718 2029 1772 nativa

460 1809 856 1875 inquinamvnta
882 1808 1195 1876 deponeret.

534 1901 683 1954 Vers.
718 1900 801 1953 ll.
832 1899 1091 1953 lnduxisti
1113 1916 1202 1953 nos
1226 1900 1278 1952 in
1300 1899 1569 1970 laqueum;
1592 1898 1803 1969 posuisti
1823 1899 2035 1952 tribula-

457 1991 619 2043 tiones
646 1991 699 2043 in
712 1991 867 2044 dorsa
890 2002 1084 2044 nostra.
1116 1988 1376 2043 Induxisli
1397 2007 1488 2043 nos
1510 1992 1563 2043 in
1585 1989 1840 2059 laqueum,
1876 1989 1925 2043 id
1953 1998 2031 2044 est

399 2136 407 2143 ,
460 2082 658 2135 intrare
697 2095 793 2133 nos
843 2080 1015 2134 fecisti
1051 2081 1304 2134 custodiae
1353 2088 1569 2134 catenas
1601 2094 1735 2149 quas
1773 2088 2035 2151 martyres
2061 2061 2089 2084 4

457 2171 725 2226 sustinere
751 2179 1081 2224 meruerunt.
1115 2170 1343 2239 Laqueus
1363 2171 1451 2238 qui
1484 2184 1587 2224 non
1618 2169 1910 2238 deciperet,
1937 2170 2034 2225 sed

459 2259 711 2328 probaret
741 2274 756 2313 :
806 2258 895 2326 qui
928 2272 1124 2327 corpus
1149 2258 1363 2326 quidem
1396 2267 1665 2324 neoteret,
1702 2259 1795 2314 sed
1843 2259 2035 2314 animle

458 2348 667 2404 vincula
695 2348 1041 2413 dissolveret;
1075 2348 1162 2417 qui
1212 2363 1316 2402 non
1346 2349 1410 2403 ad
1444 2358 1651 2403 reatum
1688 2350 2031 2417 perduceret,

457 2442 554 2497 sed
593 2442 945 2496 absolutionis
992 2442 1128 2496 dona
1182 2452 1477 2510 praestaret.
1522 2442 1767 2508 Addidit,
1815 2443 2034 2513 posuisti

460 2532 814 2586 lribulationes
842 2533 893 2585 in
918 2532 1074 2586 dorso
1097 2541 1302 2600 nostro;
1326 2533 1572 2588 videlicet
1598 2533 1820 2588 verbera
1841 2548 1959 2604 qua:
1978 2543 2034 2588 et

460 2624 657 2681 Paulus
704 2625 953 2693 pertulit,
980 2632 1035 2679 et
1077 2625 1279 2693 reliqua
1313 2624 1547 2679 ﬁdelium
1576 2625 1726 2680 turba
1757 2624 2028 2680 sustinuit.

458 2715 540 2771 Ad
570 2715 672 2771 hoc
713 2715 1029 2770 verberibus
1075 2716 1368 2779 humiliati.
1399 2724 1456 2771 ut
1492 2716 1809 2772 diabolicam
1847 2730 2034 2786 super-

456 2806 599 2862 biam
620 2821 741 2860 cum
766 2806 948 2860 mundi
966 2806 1132 2874 ipsius
1151 2806 1511 2861 delectatione
1533 2816 1869 2876 respuerent.
1899 2808 2029 2863 Nam

455 2913 577 2954 cum
604 2898 731 2952 dicit
759 2915 773 2951 :
810 2895 1038 2951 Posuisti
1066 2898 1412 2953 tribulationes
1448 2900 1501 2953 iu
1528 2901 1682 2954 dorso
1711 2912 1911 2967 nostra,
1958 2901 2032 2957 si-

455 2990 672 3063 gniﬁcat
696 3003 985 3057 corporeos
1016 2990 1253 3058 dolores,
1283 3006 1417 3061 quos
1439 2992 1504 3046 de
1530 2992 1692 3048 illatis
1718 2994 2031 3050 verberibus

453 3084 805 3138 sustinebant.

2136 542 2509 597 llolocaustum
2540 548 2681 600 enim
2720 546 2914 600 dicitur
2947 555 3112 601 totum
3143 547 3437 601 incensum.
3481 548 3540 601 Et
3590 552 3716 617 quia

2134 645 2193 686 se
2226 634 2471 701 superius
2497 636 2849 689 examinatum
2875 638 2992 706 igne
3013 638 3220 692 dixerat
3242 637 3381 691 sicut
3408 650 3717 705 argentum,

2130 718 2271 788 juste
2302 736 2359 775 se
2385 722 2750 777 holocaustum
2777 726 3079 779 oblaturum
3104 726 3251 790 dicit,
3288 725 3388 779 hoc
3409 738 3490 779 est
3521 741 3717 797 purga-

2136 818 2240 864 tam
2269 812 2479 866 delictis
2501 814 2729 865 animam
2751 829 2924 868 suam.
2950 814 3219 880 Sequitur,
3246 816 3457 867 reddam
3481 816 3571 867 tibi
3599 826 3719 869 rota

2132 918 2266 967 mea,
2299 903 2348 956 id
2377 914 2455 957 est
2484 915 2539 957 ut
2562 905 2746 959 laudes
2770 914 2885 959 luas
2912 906 3009 958 Sllh
3034 908 3385 973 perpetuitate
3409 906 3717 971 decantem,

2134 1002 2187 1047 et
2213 1007 2331 1047 cum
2355 994 2556 1062 angelis
2586 1004 2639 1049 ct
2672 996 3042 1062 potestatibus,
3078 995 3284 1049 thronis
3309 1005 3361 1048 ct
3387 995 3719 1049 dominatio-

2135 1084 2291 1137 nibus
2336 1083 2590 1152 hymnum
2640 1086 3021 1139 misericordia:
3066 1095 3169 1139 tnze
3217 1100 3432 1154 semper
3477 1089 3716 1141 edicam.

2136 1175 2257 1227 llaec
2289 1183 2410 1228 sunt
2442 1176 2583 1229 enim
2626 1186 2746 1229 vota
2784 1176 3042 1240 ﬁdelium,
3078 1178 3189 1231 lucc
3217 1178 3477 1232 desideria
3501 1180 3717 1247 simpli-

2133 1266 2271 1319 cium
2299 1266 2723 1320 Christianorum
2743 1309 2758 1332 ,
2793 1278 2847 1320 ut
2879 1267 2931 1321 in
2965 1267 3048 1321 illa
3080 1268 3333 1323 societate
3362 1269 3713 1337 recipiantur,

2134 1354 2224 1424 qui
2256 1370 2317 1410 se
2344 1354 2461 1408 ﬁdei
2493 1366 2543 1410 et
2566 1370 2783 1424 operum
2817 1357 3097 1409 sanctitate
3119 1356 3431 1424 junxerunt.

2209 1444 2361 1499 Vers.
2405 1443 2489 1497 M.
2530 1444 2656 1510 Qua:
2684 1447 3023 1499 distinxerunt
3054 1448 3190 1499 labia
3230 1464 3340 1501 mea
3361 1490 3375 1514 ,
3404 1458 3449 1502 et
3487 1449 3714 1502 locutum

2133 1546 2206 1591 est
2228 1553 2284 1589 os
2312 1553 2476 1588 meum
2499 1538 2549 1588 in
2580 1538 2906 1589 tribulatione
2926 1556 3055 1590 mea.
3080 1540 3166 1591 llla
3192 1548 3305 1591 vola
3323 1543 3556 1607 exponit,
3593 1554 3716 1608 qua:

2134 1628 2382 1696 superius
2394 1626 2547 1689 dixit,
2566 1628 2615 1679 id
2632 1637 2713 1680 est
2733 1644 2847 1696 quia
2862 1632 3199 1682 distinxerunt
3220 1630 3352 1681 labia
3368 1645 3477 1681 mea
3491 1644 3510 1692 ;
3526 1628 3717 1682 lideles

2134 1716 2274 1769 enim
2302 1716 2542 1785 quamvis
2565 1719 2613 1768 in
2636 1715 2924 1771 afﬂictione
2945 1717 3050 1770 sint
3076 1719 3228 1786 positi
3272 1720 3430 1790 (sicut
3447 1719 3546 1773 Job
3566 1721 3713 1787 τελῇ),

2065 1802 2107 1860 Β
2139 1804 2419 1859 Dominum
2472 1805 2706 1871 laudant,
2751 1816 2803 1861 et
2832 1820 2890 1860 se
2922 1822 3131 1875 semper
3169 1819 3438 1862 accusant.
3482 1809 3715 1877 Ideoque

2138 1891 2429 1959 probantur
2440 1891 2750 1958 distinguere
2771 1902 2886 1945 vota
2903 1894 3047 1947 labiis
3069 1894 3198 1958 suis,
3223 1896 3345 1963 quia
3364 1894 3577 1947 dubium
3602 1910 3713 1948 non

2098 2056 2111 2063 ν
2139 1992 2221 2037 est
2246 1983 2471 2037 divisum
2503 1996 2624 2037 esse
2670 1984 2810 2052 quod
2850 1983 3165 2038 humanitati
3196 1987 3505 2053 imputatur,
3535 1994 3591 2038 et
3624 1985 3718 2037 Di-

2139 2073 2344 2126 vinitati
2367 2087 2579 2142 semper
2599 2073 2838 2128 oﬁ‘ertur.
2866 2074 2929 2128 Et
2952 2076 3158 2144 respice
3178 2076 3391 2132 beatam
3415 2077 3716 2130 tolerantize

2135 2165 2503 2233 sanctitatem,
2535 2174 2592 2219 ut
2624 2166 2709 2220 il'a
2740 2179 2800 2219 se
2830 2177 2953 2219 vota
2980 2168 3147 2222 laudis
3175 2167 3317 2221 dicat
3343 2183 3401 2222 re
3422 2153 3567 2221 lde're
3592 2178 3719 2235 post

2136 2256 2607 2324 resurrectionem,
2632 2271 2749 2325 qua:
2771 2257 2823 2311 in
2841 2259 3177 2314 tribulatione
3190 2260 3479 2321 concinuit,
3498 2262 3718 2329 quando

2138 2344 2441 2414 frequenter
2461 2346 2638 2401 carnis
2670 2347 3035 2404 imbecillitate
3065 2359 3330 2416 peccatur,
3358 2360 3412 2403 et
3437 2349 3718 2403 doloribus

2136 2435 2272 2491 victa
2304 2437 2616 2507 plerumque
2648 2454 2749 2493 non
2779 2439 2971 2495 sinitur
3018 2441 3194 2494 anima
3227 2440 3515 2510 probabilia
3556 2455 3717 2494 emn-

2137 2530 2282 2599 plere
2319 2529 2598 2599 disposita.
2634 2530 2728 2585 llic
2768 2540 2943 2586 autem
2989 2533 3078 2587 Dei
3112 2547 3335 2587 munere
3363 2542 3507 2587 tanta
3553 2532 3714 2601 copia

2134 2618 2411 2675 charitatis
2465 2620 2805 2686 ostenditur,
2852 2630 2907 2676 ut
2953 2622 3179 2677 adversa
3201 2624 3381 2678 omnia
3428 2638 3718 2693 superasse

2135 2719 2485 2767 monstretur.

2203 2810 2357 2865 νει-ε.
2405 2810 2491 2866 15.
2537 2809 2853 2866 Ποιοεαιιεια
2893 2814 3172 2869 medullula
3204 2815 3414 2883 offeram
3459 2818 3547 2870 tibi
3594 2833 3719 2871 cum

2134 2899 2340 2954 incenso
2390 2910 2441 2955 et
2487 2903 2752 2958 arietibus.
2788 2903 2977 2958 Adhuc
3017 2906 3127 2974 ipsa
3157 2918 3271 2959 vota
3305 2924 3423 2972 qua:
3466 2908 3717 2974 superius

2136 2993 2482 3059 memoravit,
2511 2996 2751 3064 exponit.
2806 2995 3126 3049 Holocausta
3151 2997 3427 3051 medullula
3456 3009 3579 3052 sunt
3626 3014 3719 3051 sa-

2133 3081 2329 3139 criﬁcia
2355 3098 2472 3153 qua:
2498 3099 2628 3153 puro
2656 3092 2812 3154 atque
2835 3085 3020 3139 intimo
3042 3086 3204 3142 corde
3244 3086 3438 3141 divinis
3477 3102 3682 3157 conSpe
3700 3120 3718 3129 -

528 3175 681 3230 Vei-s.
719 3177 800 3229 l2.
837 3173 1132 3246 Imposuisti
1171 3175 1404 3229 homines
1428 3191 1581 3247 super
1610 3180 1776 3247 capita
1806 3186 1982 3231 nostra
2013 3194 2033 3233 :
2060 3174 2104 3236 C
2139 3174 2315 3230 ctibus
2343 3174 2554 3230 damus.
2578 3174 2707 3229 Nam
2738 3174 2950 3243 quando
2976 3175 3025 3230 in
3055 3177 3227 3231 vicem
3260 3176 3551 3231 bolocausti
3582 3192 3719 3231 con-

457 3268 779 3320 transivimus
819 3283 911 3335 per
948 3267 1117 3337 ignem
1146 3276 1191 3319 et
1232 3283 1447 3336 aquam,
1473 3278 1521 3320 et
1566 3268 1816 3322 induxisli
1858 3286 1948 3323 nos
1978 3270 2033 3323 in

456 3358 801 3427 refrigerium.
834 3354 1153 3424 Imposuisli,
1186 3355 1334 3419 dicit,
1365 3366 1422 3409 ut
1446 3356 1622 3410 omnia
1653 3357 1816 3425 ipsius
1845 3358 2035 3412 volun-

458 3458 568 3504 tate
587 3447 719 3501 facta
747 3449 908 3502 fuisse
928 3456 1226 3513 constaret,
1250 3445 1387 3501 sicut
1412 3446 1540 3500 dicit
1556 3448 1808 3503 Dominus
1832 3449 2029 3503 Pilato:

460 3540 583 3595 Non
596 3539 801 3592 haberes
814 3538 1174 3608 potestatemin
1197 3552 1294 3604 me,
1318 3538 1419 3590 nisi
1436 3538 1528 3590 tibi
1553 3540 1671 3592 data
1696 3540 1875 3608 fuisset
1892 3540 2034 3594 desu-

458 3647 550 3704 per
570 3629 748 3701 (Joan.
781 3645 894 3694 xix,
928 3628 1329 3698 ll).chnitur,
1360 3628 1682 3694 homines,ut
1708 3630 2032 3700 intelligeres

460 3732 790 3791 peccatores,
813 3720 1007 3790 quippe
1032 3722 1120 3790 qui
1148 3721 1608 3790 persecutionibus
1638 3723 1795 3775 sasvis
1818 3729 2032 3776 sanctos

460 3823 720 3881 martyres
740 3809 964 3865 diversis
982 3812 1301 3865 cruciatibus
1323 3812 1649 3882 afﬁigebant.
1677 3812 1846 3880 Super
1861 3815 2033 3882 capita

460 3913 652 3967 nostra,
692 3904 790 3954 hoc
815 3910 926 3965 est,
950 3911 1006 3955 ut
1038 3900 1196 3955 dares
1222 3902 1300 3955 eis
1329 3910 1644 3971 potestatem
1673 3902 1952 3971 capitalem
1977 3904 2029 3957 in

462 4008 560 4048 nos
592 3995 727 4047 ferre
753 3991 1094 4046 sententiam.
1125 3991 1365 4057 Addidit,
1398 3995 1721 4047 transivimus
1750 4010 1839 4064 per
1866 3995 2032 4065 ignem

458 4096 506 4140 et
536 4099 751 4156 aquam,
779 4084 917 4153 quod
947 4084 1126 4154 utique
1154 4083 1349 4138 factum
1378 4095 1479 4150 est,
1504 4086 1716 4155 quando
1738 4087 2034 4141 aliosmar-

461 4190 633 4248 tvrum
666 4177 800 4246 ignis
828 4177 1142 4245 absumpsit,
1174 4178 1307 4231 alios
1336 4192 1467 4246 aqua
1493 4179 1802 4245 devoravit,
1854 4189 1907 4235 et
1937 4196 2033 4249 per

457 4272 668 4323 diversa
697 4270 961 4323 elementa
988 4283 1130 4321 mors
1155 4284 1339 4321 corum
1374 4272 1626 4336 probatur
1656 4271 1894 4337 impleta.
1934 4271 2032 4326 Se-

459 4360 639 4426 quitur
666 4358 845 4410 szcculi
878 4358 1019 4411 illius
1047 4358 1200 4410 beata
1234 4359 1545 4426 promissio,
1576 4370 1623 4413 et
1663 4362 1912 4416 induxiin
1940 4381 2032 4417 nos

460 4449 511 4501 in
537 4447 859 4515 refrigerium
879 4486 892 4508 ,
939 4457 991 4498 ut
1050 4447 1149 4500 ista
1180 4449 1356 4500 omnia
1388 4464 1506 4515 quae
1536 4452 1585 4502 in
1629 4452 1883 4505 membris
1919 4455 2029 4506 suis

2140 3265 2413 3320 tritioncm
2452 3265 2628 3320 cordis
2653 3265 2958 3331 offerimus,
2996 3275 3207 3336 oportet
3236 3276 3293 3321 ut
3334 3268 3477 3323 intus
3518 3269 3717 3324 habeat

2138 3353 2475 3424 purissimam
2504 3354 2686 3419 ﬁdem,
2735 3354 2879 3408 intus
2907 3355 3099 3410 habeat
3125 3371 3285 3425 opera
3318 3356 3471 3420 ﬁdei,
3503 3373 3621 3426 quae
3642 3360 3717 3411 ad

2136 3448 2307 3502 vicem
2350 3446 2594 3500 medulla:
2622 3446 2949 3501 oblationem
2992 3449 3395 3518 pinguissimam
3438 3450 3664 3503 reddant
3701 3468 3736 3503 :-

2135 3554 2203 3595 ne
2228 3540 2298 3593 sit
2330 3538 2537 3593 aridum
2567 3550 2727 3609 atque
2766 3555 2989 3593 vacuum
3020 3541 3158 3610 quod
3191 3541 3387 3595 divinis
3414 3546 3720 3612 conspecti-

2134 3630 2233 3686 bus
2263 3630 2620 3684 immolamus.
2653 3630 2987 3699 Quapropter
3014 3631 3135 3685 talia
3169 3645 3228 3686 se
3258 3632 3558 3687 holocausta
3586 3650 3715 3701 pro-

2136 3720 2294 3775 mittit
2320 3720 2534 3786 oﬁ'erre,
2577 3738 2695 3787 qua:
2726 3723 3029 3777 ﬁrmitatem
3072 3724 3301 3778 habeant
3326 3720 3603 3795 medullae,
3658 3737 3717 3782 et

2136 3812 2509 3883 pinguedinem
2543 3813 2663 3867 ﬁdei
2696 3813 2964 3868 salutaris.
3005 3814 3257 3881 Addidit,
3281 3831 3394 3867 cum
3418 3820 3621 3871 incenso
3662 3826 3715 3871 et

2133 3904 2391 3957 arietibus.
2414 3902 2688 3958 Incensum
2712 3904 2978 3973 signiﬁcat
3001 3909 3288 3967 orationes,
3314 3921 3431 3975 qna-
3457 3910 3525 3959 ad
3544 3908 3719 3963 instar

2136 3993 2501 4062 thymiamatis
2546 3994 2747 4048 divinis
2788 3997 3163 4064 conspectibus
3206 3995 3531 4063 offeruntur;
3575 4000 3719 4054 sicut

2132 4084 2258 4138 alibi
2291 4085 2486 4154 legitur
2518 4101 2530 4137 :
2560 4082 2723 4138 Intret
2746 4088 2907 4139 oratio
2939 4102 3048 4138 mea
3070 4087 3198 4139 sicut
3228 4088 3483 4141 incensum
3516 4090 3567 4141 in
3588 4108 3715 4144 con-

2131 4183 2305 4242 spectu
2354 4182 2442 4227 luo
2478 4172 2645 4241 (Psal.
2690 4189 2821 4238 ρει..
2874 4174 2954 4243 2).
2999 4176 3193 4230 Arieles
3239 4192 3365 4230 vero
3407 4179 3715 4247 signiﬁcant

2132 4264 2423 4333 apostolos,
2455 4265 2543 4334 qui
2569 4266 2731 4319 duces
2775 4266 3079 4320 Christiano
3111 4267 3304 4335 populo
3328 4268 3427 4337 piis
3455 4274 3719 4338 przedicao

2134 4354 2364 4408 tionibus
2407 4355 2746 4409 exstiterunt.
2787 4356 2851 4409 Et
2892 4356 3097 4425 respice
3126 4359 3375 4425 quoniam
3426 4368 3712 4428 utrumque

2131 4447 2440 4515 conjunxit,
2479 4448 2733 4513 dicendo,
2774 4465 2890 4502 cum
2919 4450 3123 4503 incenso
3148 4459 3193 4503 et
3222 4452 3483 4504 arietibus.
3530 4450 3711 4521 Ipsum

464 4538 759 4606 patiebatur
788 4533 1045 4597 Ecclesia,
1077 4548 1179 4587 nco
1200 4537 1265 4587 ad
1289 4535 1655 4590 detestabilem
1684 4554 1969 4604 ptenam,s
1993 4541 2024 4594 d
2058 4540 2106 4599 D
2131 4552 2314 4592 revera
2368 4539 2630 4591 incensum
2682 4538 3052 4593 suavissimqu
3110 4548 3192 4594 est
3247 4540 3506 4604 Domino,
3564 4542 3709 4611 qu--d

460 4625 525 4678 ad
553 4623 743 4692 quietis
765 4624 1139 4677 beatitudinem
1156 4637 1507 4692 cognosceres
1536 4641 1656 4680 esse
1684 4629 1898 4685 collata.
1932 4633 2028 4686 Re-

463 4716 725 4785 [riget'iunt
747 4722 828 4768 est
852 4714 992 4767 enim
1019 4723 1135 4781 lost
1164 4726 1475 4782 perurentes
1504 4731 1661 4773 curas
1699 4720 2027 4781 delectabilis

460 4817 515 4861 et
540 4820 746 4859 antmna
776 4806 1061 4866 securitas,
1087 4820 1243 4873 quam
1276 4808 1327 4860 in
1356 4804 1447 4860 illa
1487 4809 1833 4867 retributione
1859 4819 2029 4870 susci-

461 4895 610 4967 piunt
636 4894 726 4965 qui
749 4895 853 4965 pati
878 4910 973 4965 pro
1008 4896 1213 4951 Domini
1246 4899 1463 4954 nomine
1490 4914 1819 4959 meruerunt.

530 4986 682 5041 Vers.
730 4988 811 5040 l5.
844 4986 1075 5040 lntroibo
1101 4988 1154 5040 in
1183 4988 1388 5043 domum
1427 5001 1567 5045 tuam
1597 4995 1649 5048 in
1685 4996 2031 5061 holocaustis;

458 5078 669 5132 reddam
699 5078 788 5151 tibi
808 5090 918 5130 vota
944 5094 1073 5131 mea.
1099 5077 1193 5133 Hic
1218 5080 1445 5135 redeunt
1473 5085 1710 5138 membra
1736 5086 1932 5141 Christi
1964 5087 2029 5142 ad

462 5183 739 5223 munerum
782 5168 1124 5235 singularem.
1161 5170 1298 5223 Dicit
1324 5171 1466 5224 enim
1499 5188 1693 5241 corpus
1717 5176 1831 5244 ejus
1861 5176 1914 5229 in
1939 5178 2033 5229 do-

461 5279 597 5315 mum
648 5260 813 5329 ipsius
852 5275 910 5314 se
953 5260 1175 5315 feliciter
1199 5263 1537 5328 intraturum,
1592 5264 1642 5317 id
1670 5276 1749 5319 est
1792 5266 1844 5319 in
1883 5267 2028 5321 illam

460 5350 689 5405 futuram
719 5348 1011 5403 Jerusalem
1038 5348 1124 5402 ubi
1155 5363 1257 5402 non
1286 5350 1590 5405 holocausta
1615 5354 1873 5421 pecudum
1892 5397 1907 5421 ,
1932 5357 2026 5410 sed

461 5440 667 5509 puritas
680 5440 934 5509 qua-ritur
956 5439 1273 5491 animarum.
1301 5439 1363 5493 Et
1387 5441 1603 5497 intende
1621 5448 1870 5512 quoniam
1888 5445 2029 5500 sicut

462 5530 632 5582 tribus
654 5532 895 5584 versibus
923 5529 1289 5599 superioribus
1319 5545 1503 5599 pinnas
1534 5542 1825 5604 martyrum
1863 5537 2026 5604 dixit,

464 5621 531 5673 ita
568 5635 703 5673 nunc
731 5621 847 5674 aliis
870 5630 1094 5689 quatuor
1118 5636 1283 5691 usque
1308 5623 1373 5678 ad
1398 5623 1553 5678 linem
1580 5625 1858 5682 divisionis
1881 5644 2029 5683 com-

464 5720 723 5763 memorat
749 5712 888 5763 bona
912 5710 1216 5780 beatorum;
1247 5723 1301 5767 ut
1328 5713 1509 5771 ﬁdeles
1537 5716 1590 5770 iu
1618 5716 1766 5773 duris
1787 5720 2029 5774 afﬂictio.

2134 4628 2494 4696 apostolorum
2544 4629 2913 4683 traditionibus
2947 4630 3199 4699 probatur
3236 4631 3568 4697 adjttuctum.
3600 4633 3715 4687 διε.

2135 4731 2314 4774 mento
2355 4731 2529 4775 autem
2557 4722 2696 4791 quod
2729 4722 2815 4775 hic
2844 4738 3028 4777 versus
3072 4733 3126 4777 et
3156 4738 3385 4791 sequens
3422 4725 3712 4792 allegorice

2135 4809 2507 4879 proferuntur;
2550 4825 2643 4878 per
2680 4812 3060 4879 signiﬁcantius
3085 4813 3226 4866 enim
3256 4814 3561 4867 animalium
3615 4818 3715 4870 de-

2136 4903 2368 4957 claratur
2393 4902 2594 4956 oblatio
2622 4903 2958 4958 devotorum.

2207 5002 2358 5058 Vers.
2392 5002 2475 5057 16.
2512 5003 2737 5068 Olferam
2765 5005 2856 5057 tibi
2892 5005 3034 5058 boves
3074 5022 3188 5059 cum
3220 5005 3391 5061 hircis.
3425 5004 3584 5060 Boves
3630 5008 3718 5061 in-

2135 5093 2441 5163 telliguntur
2464 5094 2860 5159 prtedicatores,
2879 5094 2966 5163 qui
2991 5105 3203 5163 pectora
3230 5097 3457 5149 humana
3485 5096 3718 5151 feliciter

2132 5192 2414 5237 exarantcs
2441 5224 2456 5249 ,
2506 5198 2691 5239 eorum
2739 5186 2985 5240 sensibus
3030 5186 3266 5241 caelestis
3311 5188 3457 5241 verbi
3501 5190 3711 5242 semina

2078 5314 2083 5317 .
2132 5272 2402 5327 fructuosa
2452 5272 2775 5328 condebant.
2824 5273 2973 5328 Hirci
3015 5290 3143 5330 vero
3176 5278 3570 5346 intelliguntur,
3618 5284 3714 5346 qui

2133 5363 2408 5418 diabolicis
2466 5365 2815 5433 pravitatibus
2851 5367 3125 5421 studentes
3166 5368 3387 5437 hispidis
3428 5368 3568 5423 vitiis
3614 5385 3713 5422 ve-

2132 5456 2382 5509 stiuntur.
2416 5455 2609 5510 Hircus
2637 5458 2779 5511 enim
2820 5457 2993 5513 dictus
3019 5468 3100 5512 est
3128 5462 3275 5528 quasi
3314 5458 3569 5515 hirsutus.
3601 5461 3712 5516 Sed

2133 5552 2187 5597 et
2230 5558 2324 5598 eos
2352 5559 2472 5598 cum
2506 5546 2674 5599 bobus
2717 5545 2874 5601 oﬁ‘ert
2906 5547 3138 5601 Ecclesia
3159 5592 3172 5615 ,
3218 5550 3430 5617 quando
3456 5554 3714 5604 conversi

2132 5632 2346 5688 Christo
2396 5635 2623 5690 Domino
2675 5638 3021 5694 conﬁtentur.
3072 5638 3261 5692 Hircus
3297 5640 3438 5694 enim
3484 5640 3580 5694 fuit
3622 5643 3715 5698 ille

2136 5724 2268 5780 latro
2297 5725 2386 5795 qui
2417 5728 2677 5796 peudcbat
2707 5729 2758 5782 in
2790 5743 2977 5795 cruce;
3012 5730 3103 5784 sed
3133 5744 3251 5785 mox
3277 5729 3445 5785 lactus
3475 5739 3557 5787 est
3587 5731 3676 5785 bos
3697 5774 3712 5797 ,
