3956 6178
218 235 303 290 55⁵1
1140 238 1494 295 EXPOSITIO
1534 238 1598 292 IN
1640 237 2094 293 PSALTERIUM.
2141 236 2328 293 PSAL.
2374 239 2556 293 LXVI.
3174 258 3179 267 '
3366 245 3470 298 £58

217 352 426 419 quando
436 352 502 406 ad
516 352 920 407 conversionem
936 351 1191 414 veritatis,
1211 351 1434 405 Domino
1452 349 1793 420 respiciente,
1824 354 1876 411 Α

218 445 481 512 pervenit.
514 444 653 498 Dixit
677 444 819 497 enim
848 461 861 498 :
884 442 1135 497 Memento
1157 443 1278 507 mei,
1304 440 1541 508 Domine,
1566 457 1680 494 cum
1708 456 1793 493 re-

214 539 353 591 neris
381 538 434 591 in
463 554 675 607 regnum
705 548 850 591 tuum
877 535 1029 608 (Luc.
1061 553 1209 601 xxut,
1242 536 1362 604 42).

286 626 441 682 Vers.
478 626 562 681 Γ.
598 617 774 681 Venite
812 638 858 682 et
884 629 1087 685 audite.
1112 637 1160 682 et
1190 626 1408 681 narrabo
1433 626 1570 680 vobis
1588 666 1603 690 ,
1626 641 1797 679 omnes

215 718 298 785 qui
343 717 534 770 timetis
563 716 859 785 Dominum,
888 726 1080 786 quanta
1118 718 1234 785 fecit
1262 717 1451 769 anim
1474 731 1619 769 mete.
1649 715 1801 770 Venit

218 808 278 861 ad
296 817 547 876 quartam
574 809 917 877 positionem,
943 808 1029 862 ubi
1050 824 1154 861 non
1175 808 1283 875 jam
1307 806 1488 867 rudes,
1508 806 1600 861 sed
1616 806 1800 859 ﬁdeles

219 899 445 952 advocat
494 914 557 952 ac
596 900 819 953 devotos
863 899 1017 969 :jam
1049 900 1180 953 nihil
1221 899 1288 953 de
1316 899 1650 967 passiouibus
1690 902 1800 952 suis

218 1002 685 1053 commemorans,
716 990 809 1043 sed
841 999 1009 1043 totum
1041 992 1107 1042 de
1145 990 1336 1043 animm
1358 1003 1467 1043 sua:
1490 990 1803 1043 liberatione

220 1079 488 1132 locutura.
523 1079 807 1132 Audiamus
846 1090 1035 1149 quanta
1060 1079 1180 1147 fecit
1212 1080 1396 1132 animo:
1420 1079 1587 1147 ipsius
1607 1118 1622 1143 ,
1653 1087 1707 1130 ut
1750 1085 1804 1130 et

220 1184 310 1222 nos
340 1170 622 1231 discamus
648 1180 920 1237 expetere,
954 1171 1112 1239 217
1136 1170 1277 1237 quod
1302 1168 1450 1224 Matri
1486 1178 1682 1223 nostrae
1710 1181 1803 1222 co—

219 1264 565 1328 gnoverimus
596 1261 875 1316 Dominum
906 1260 1217 1315 contulisse.

288 1353 446 1407 Vera.
473 1354 559 1407 l8.
590 1353 670 1407 Ad
696 1354 863 1422 ipsum
887 1368 975 1407 ore
997 1369 1106 1406 ineo
1135 1351 1372 1417 clamavi,
1404 1364 1450 1407 et
1476 1352 1692 1407 exaltari
1712 1351 1804 1404 sub

220 1444 397 1514 lingua
428 1460 562 1497 mea.
594 1444 685 1499 His
707 1443 912 1498 duabus
933 1444 1093 1499 rebus
1116 1443 1395 1514 diligenter
1425 1444 1656 1510 impletis
1681 1458 1803 1511 per-

222 1537 388 1592 lectus
416 1537 653 1592 eﬂicitur
677 1536 1032 1591 Christianus.
1064 1536 1322 1602 Primum,
1353 1545 1407 1590 ut
1430 1536 1496 1589 ad
1522 1536 1804 1589 Dominum

221 1632 403 1683 clamet
434 1644 525 1682 ore
555 1643 687 1695 suo,
725 1628 776 1683 id
816 1637 898 1684 est
926 1637 1072 1684 recta
1100 1627 1452 1694 conscientia,
1486 1643 1590 1682 non
1617 1627 1806 1681 volun-

2439 349 2708 405 Conclusio
2730 352 2934 419 psalmi.

1972 461 2267 532 Pediseqna
2313 462 2526 531 quidem
2578 462 2914 531 e\positione
2965 463 3199 531 psalmus
3242 464 3343 519 iste
3370 464 3471 520 de-

1902 567 2091 607 cursus
2121 561 2234 617 est,
2258 554 2353 607 sed
2382 554 2539 609 modo
2567 554 2721 608 nobis
2768 562 2849 608 est
2888 553 3005 623 ejus
3034 555 3314 610 adunanda
3345 570 3472 611 con-

1904 647 2099 709 textio,
2132 655 2191 700 ut
2229 649 2394 700 virtus
2427 646 2582 715 hujus
2624 648 2811 701 cantici
2857 647 3134 704 evidenter
3178 650 3345 717 possit
3381 667 3473 718 ag-

1905 736 2071 789 nosci.
2110 736 2342 789 Primum
2370 736 2673 790 salutariter
2701 747 2883 803 gentes
2904 736 3133 791 allocuta
3160 746 3244 793 est
3286 750 3470 795 sancta

1906 835 2075 880 mater
2132 827 2388 889 Ecclesia,
2418 835 2475 880 ut
2522 828 2842 896 generaliter
2888 827 2938 881 iu
2990 828 3194 883 Domini
3227 829 3470 885 laudibus

1904 925 2248 984 occupentur,
2278 924 2537 984 quatenus
2595 932 2882 985 supernum
2926 918 3249 975 desiderium
3290 923 3471 976 mundi

1905 1008 2058 1062 nobis
2086 1008 2239 1063 tollat
2266 1009 2533 1062 allectum.
2568 1009 2765 1063 Deinde
2792 1010 2979 1065 invitat
3017 1026 3127 1076 eas,
3178 1021 3237 1067 ut
3260 1014 3472 1068 discant

1907 1099 2158 1154 miracula
2218 1099 2425 1154 Veteris
2490 1101 2817 1155 Testamenti
2870 1103 2934 1155 ad
2993 1106 3470 1173 prmtigumtiouem

1906 1192 2009 1246 illis
2037 1191 2212 1260 potius
2243 1194 2352 1246 visa
2403 1193 2566 1247 fuisse
2601 1194 2857 1257 concedi;
2900 1206 3162 1261 quatenus
3213 1198 3277 1251 ad
3324 1211 3474 1265 Spem

1907 1283 2192 1334 maximam
2220 1297 2451 1350 sequens
2484 1284 2705 1351 populus
2736 1286 3036 1340 concitetur
3055 1325 3070 1350 ,
3104 1289 3317 1355 quando
3346 1307 3463 1358 quin

1906 1372 2069 1426 veteri
2102 1373 2293 1440 populo
2337 1383 2462 1428 sunt
2510 1378 2771 1443 prxstita,
2808 1376 2995 1430 futura:
3042 1381 3461 1447 regenerationis

1909 1462 2162 1517 beneﬁcia
2192 1464 2521 1517 nuntiabant.
2558 1466 2744 1519 Docuit
2785 1482 2881 1521 nos
2917 1469 3075 1521 etiam
3118 1472 3367 1536 quoniam
3399 1473 3470 1528 de

1908 1555 2132 1610 diversis
2176 1555 2415 1610 cladibus
2466 1571 2596 1624 quas
2652 1558 2737 1612 hic
2788 1560 3013 1627 populus
3044 1564 3270 1618 sustinet
3315 1564 3477 1619 Chri-

1908 1649 2134 1712 stianus,
2167 1648 2373 1701 Domini
2401 1650 2743 1705 miseratione
2765 1651 3037 1715 liberetur.
3063 1665 3117 1709 et
3145 1654 3209 1707 ad
3240 1656 3380 1711 illam
3405 1657 3479 1712 lc-

224 1731 324 1775 tate
354 1735 637 1791 perversa.
659 1721 747 1776 Sic
774 1721 917 1775 enim
947 1719 1014 1775 de
1042 1720 1125 1773 bis
1144 1719 1372 1774 dicimus
1396 1718 1484 1787 qui
1511 1718 1687 1785 aliqua
1718 1732 1803 1770 ra-

1917 1740 2062 1794 licem
2095 1738 2347 1806 patriam,
2380 1739 2495 1806 ipso
2536 1739 2821 1809 largiente,
2860 1742 3152 1809 perveniat.
3187 1744 3477 1799 Promissio

223 1814 365 1867 tione
392 1811 657 1865 falluntur
684 1829 700 1866 :
732 1811 963 1865 Mentem
992 1825 1143 1865 suam
1172 1824 1278 1864 non
1306 1808 1494 1875 habet;
1525 1816 1652 1862 sunt
1679 1807 1808 1861 alie-

223 1922 280 1961 na
307 1922 436 1976 qua:
468 1906 726 1974 loquitur.
754 1905 893 1973 Ergo
936 1920 1024 1957 ore
1064 1918 1159 1957 suo
1189 1902 1417 1965 clamat,
1444 1900 1536 1969 qui
1581 1898 1807 1952 Domino

224 2015 349 2067 pure
378 1997 656 2066 supplicat
678 2005 705 2049 :‘
726 1996 846 2065 quia
878 1996 1007 2049 illud
1036 2009 1141 2049 non
1173 2004 1437 2063 nostrum,
1460 1992 1555 2045 sed
1586 1990 1807 2044 omnino

223 2088 555 2143 diabolieum
608 2095 693 2141 est
733 2087 873 2154 quod
927 2084 1269 2154 Cognoscitur
1295 2096 1415 2138 esse
1467 2095 1804 2149 perversum.

222 2180 530 2245 Secundum
558 2177 831 2246 sequitur,
859 2186 907 2230 et
937 2177 1157 2230 exaltoui
1186 2176 1279 2227 sub
1324 2174 1501 2243 lingua
1533 2188 1667 2225 mea.
1698 2169 1807 2226 Sub

225 2270 397 2338 lingua
442 2266 610 2331 dicit,
644 2268 696 2321 in
736 2266 1062 2321 conscientia
1095 2281 1107 2317 :
1140 2264 1263 2334 quia
1306 2278 1401 2318 cor
1435 2270 1672 2316 nostrum
1715 2262 1808 2315 sub

224 2363 399 2431 lingua
429 2368 620 2413 nostra
642 2368 745 2424 est,
777 2358 863 2413 ubi
895 2359 1053 2412 tacita
1082 2356 1405 2427 cogitatione
1428 2354 1728 2417 laudamus,
1753 2364 1807 2409 et

224 2456 451 2505 exaltare
484 2451 643 2505 nobis
675 2451 820 2505 illum
856 2450 1133 2515 videmur,
1186 2449 1273 2517 qui
1314 2462 1526 2516 semper
1554 2448 1809 2515 probatur

225 2544 561 2599 Altissimus.
594 2541 663 2595 Et
689 2541 806 2596 vide
828 2542 1069 2596 ordinem
1101 2556 1299 2595 rerum.
1338 2538 1515 2593 Primo
1537 2537 1673 2591 dixit
1698 2537 1808 2590 oris

226 2636 559 2698 clamorem;
613 2633 807 2687 deinde
856 2632 1004 2686 venit
1043 2632 1108 2686 ad
1150 2630 1489 2700 purissimum
1522 2626 1698 2684 cordis
1726 2626 1806 2680 al-

226 2723 446 2787 lectum,
480 2723 625 2777 nnde
655 2733 709 2778 et
735 2724 880 2777 taciti
914 2723 1150 2777 solemus
1189 2722 1382 2776 audiri.

295 2816 457 2870 Vers.
494 2815 584 2868 i9.
615 2813 940 2883 Iniquitatsm
968 2816 1013 2866 si
1042 2813 1278 2885 conspexi
1306 2814 1359 2865 in
1383 2811 1532 2865 corde
1551 2825 1682 2874 meo,
1709 2825 1810 2862 non

224 2908 473 2960 exaudiat
507 2904 669 2959 Dms.
712 2904 863 2971 Quod
910 2905 1161 2958 dixerat:
1196 2903 1436 2957 Exaltavi
1483 2900 1574 2955 sub
1627 2900 1812 2971 lingua

225 3012 332 3049 mea
355 3038 374 3063 ,
410 2996 589 3065 ipsum
624 2994 908 3065 diligenter
936 2997 1174 3064 exponit.
1208 2992 1339 3047 Nam
1365 2992 1451 3061 qui
1480 2993 1646 3047 Deum
1697 2992 1811 3045 lau-

225 3085 312 3139 dat
340 3087 401 3138 in
429 3084 597 3138 corde
624 3098 745 3150 suo,
775 3099 878 3139 non
905 3081 1067 3138 debet
1091 3097 1307 3138 sensum
1361 3084 1503 3135 varia
1551 3084 1747 3152 imagin
1770 3111 1809 3131 λ-
1839 3088 1884 3152 C

227 3178 372 3233 tione
405 3176 762 3241 confundere,
782 3191 881 3231 nec
904 3176 1137 3246 aliquam
1158 3175 1473 3244 iniquitatem
1498 3175 1809 3243 conspicere,

224 3270 317 3323 sed
349 3277 532 3322 totam
582 3266 659 3320 illi
704 3275 935 3320 mentem
966 3266 1372 3335 vigilantissime
1412 3265 1703 3335 deputare,
1756 3270 1813 3317 ut

224 3361 405 3416 locum
438 3360 495 3414 in
527 3373 595 3414 eo
616 3359 860 3413 diabolus
883 3367 1112 3428 nequeat
1143 3358 1403 3412 invenire.
1426 3357 1517 3410 Sic
1542 3357 1684 3411 enim
1714 3371 1811 3425 pu-

225 3453 355 3506 ritas
386 3451 603 3505 orantis
628 3449 887 3518 accipitur
905 3490 921 3516 ,
948 3447 993 3503 si
1021 3448 1185 3502 nullis
1231 3448 1611 3516 cogitationum
1638 3446 1812 3500 sordi-

225 3542 321 3595 bus
353 3541 654 3610 polluatur.
686 3539 825 3593 Dicit
848 3540 1027 3594 enim:
1062 3539 1119 3595 Si
1150 3539 1253 3592 hoc
1288 3538 1410 3602 feci,
1444 3552 1546 3591 non
1572 3536 1813 3590 exaudiat

230 3632 367 3687 Dm
392 3648 415 3687 :
438 3633 734 3685 ostendens
760 3630 1013 3700 quoniam
1040 3631 1130 3699 qui
1160 3629 1288 3686 talia
1320 3628 1541 3694 iaciunt,
1564 3628 1813 3683 inanibus

223 3716 532 3776 visionibus
572 3720 892 3775 illuduntur.

303 3812 462 3866 Vere.
486 3810 582 3863 ‘20.
620 3808 899 3877 Pr0pterea
929 3809 1188 3863 exaudivit
1219 3824 1299 3861 me
1325 3807 1486 3873 Deus,
1518 3816 1567 3861 et
1597 3805 1813 3860 intendit

223 3904 335 3954 voci
362 3901 618 3956 orationis
644 3915 789 3954 mete.
816 3900 948 3967 Quia
970 3915 1075 3954 non
1103 3908 1453 3969 conspexerat
1483 3898 1812 3966 iniquitatem

226 3992 283 4046 in
312 3993 486 4047 corde
515 4004 638 4057 suo,
675 3998 954 4060 propterea
982 4003 1043 4045 se
1092 3989 1223 4045 dicit
1248 3989 1509 4043 auditum.
1535 3988 1625 4042 Ille
1667 3987 1812 4039 enim

218 4084 438 4138 clamor
458 4083 705 4137 ascendit
728 4084 795 4136 ad
824 4081 1106 4136 Dominum
1135 4080 1225 4150 qui
1254 4079 1604 4150 pollutionem
1634 4091 1812 4147 rerum

222 4190 337 4229 non
362 4176 528 4228 habet
560 4172 1300 4227 humanarumJutendentes
1331 4171 1474 4225 enim
1495 4170 1563 4224 ad
1593 4169 1767 4237 ipsum
1793 4206 1811 4232 ,

222 4266 395 4319 talem
429 4264 719 4332 recipimus
749 4260 1195 4328 vicissitudinem,
1219 4270 1277 4315 ut
1304 4269 1359 4316 et
1393 4260 1481 4315 ille
1512 4274 1611 4313 nos
1641 4257 1809 4312 mise-

216 4364 381 4409 ratus
406 4356 662 4408 intendat.
694 4353 934 4422 Denique
955 4355 1054 4407 hoc
1079 4353 1320 4423 sequitur
1338 4392 1352 4415 ,
1382 4361 1429 4405 et
1458 4350 1674 4405 intendit
1703 4348 1812 4402 voci

220 4446 483 4498 orationis
514 4460 662 4498 mete.
694 4444 1069 4513 Supplicemus
1091 4455 1300 4514 ergout
1326 4444 1489 4497 donet
1518 4443 1672 4497 nobis
1692 4456 1811 4496 ora-
1843 4466 1893 4526 ι)

217 4543 439 4588 tionem
464 4533 808 4601 purissimam
830 4572 845 4596 ,
873 4542 1139 4602 quatenus
1178 4533 1405 4587 ﬁdeliter
1444 4540 1727 4597 exoratus,
1760 4538 1815 4585 et

216 4624 314 4678 ille
347 4637 456 4678 nos
477 4623 788 4692 plenissime
809 4626 877 4679 de
905 4623 1139 4679 sacrario
1168 4638 1279 4678 sua:
1305 4623 1517 4691 pietatis
1540 4620 1816 4676 exaudiat.

294 4714 464 4769 Vera.
490 4714 584 4767 2|.
613 4711 921 4769 Benedictus
948 4715 1233 4779 Dominus,
1266 4715 1353 4782 qui
1382 4729 1482 4767 non
1509 4713 1698 4766 amovit
1725 4712 1819 4767 de-

216 4812 582 4880 precationem
612 4824 779 4863 mant
813 4819 860 4863 et
908 4810 1310 4864 misericordiam
1336 4824 1479 4861 suam
1506 4824 1537 4860 a
1567 4823 1664 4859 me.
1697 4805 1812 4860 Duo

210 4907 323 4959 ista
358 4917 610 4959 connexa
638 4912 786 4957 sunt.
818 4902 1042 4969 Quando
1081 4901 1221 4956 Deus
1271 4903 1680 4971 deprecationem
1707 4918 1812 4956 non

209 5005 458 5062 mut,
493 4995 918 5050 misericordiam
940 5009 1093 5050 suam
1113 4993 1231 5048 sine
1258 4992 1594 5048 dubitatione
1614 5007 1813 5047 conce-

207 5090 320 5142 dit.
352 5086 491 5141 Nam
521 5103 643 5141 cum
666 5087 841 5140 oratio
867 5097 1049 5141 nostra
1072 5086 1436 5155 suspenditur,
1468 5096 1518 5140 et
1550 5086 1694 5140 illLus
1715 5086 1815 5141 mi-

207 5183 534 5238 sericordia
580 5181 899 5250 protelatur.
948 5178 1363 5234 Consideremus
1406 5179 1563 5233 etiam
1608 5188 1812 5244 quartze

209 5274 410 5343 partis
439 5274 645 5327 initiutn
667 5312 683 5336 ,
707 5288 808 5339 qua
842 5270 1001 5326 fuerit
1039 5273 1264 5326 veritate
1289 5279 1627 5338 conceptum.
1672 5269 1814 5324 Dixit

203 5368 377 5423 enim
418 5382 432 5419 :
469 5364 645 5419 Venite
671 5374 720 5419 et
746 5364 917 5418 audite
944 5374 1139 5428 quanta
1178 5365 1294 5433 fecit
1323 5365 1509 5419 anima
1542 5379 1688 5418 tum.
1720 5365 1817 5420 Se-

203 5469 391 5514 cutus
416 5468 499 5511 est
527 5458 579 5510 in
610 5458 718 5511 ﬁne
757 5458 1117 5513 voracissima:
1150 5458 1517 5527 promissionis
1543 5457 1765 5513 eﬂ'ectus
1798 5476 1810 5511 :

204 5552 346 5619 quia
389 5563 492 5603 nec
533 5548 938 5617 deprecationem
982 5548 1101 5618 ejus
1144 5549 1392 5603 amovisse
1429 5547 1770 5617 cognoscitur
1795 5590 1808 5615 ,

205 5654 321 5696 nec
352 5639 766 5693 miscricordiam
791 5654 942 5692 suum
971 5639 1311 5709 suspendisse
1340 5647 1685 5696 monstratur.

564 5732 835 5792 Ρηιοι.
884 5731 1078 5793 LXX.

1908 1832 2210 1901 singularis,
2243 1832 2460 1899 sponsio
2489 1831 2877 1894 desiderabilis,
2909 1843 2962 1890 et
3006 1833 3115 1903 hic,
3149 1835 3265 1903 ipso
3293 1846 3474 1905 prote-

1909 1932 2085 1990 gente,
2116 1920 2389 1985 custodiri,
2421 1930 2476 1975 et
2516 1922 2615 1987 ibi,
2646 1924 2832 1977 eodem
2868 1924 3155 1993 largiente,
3188 1927 3239 1980 in
3277 1938 3479 1981 aeterno

1912 2015 2129 2083 praemio
2155 2014 2422 2068 collocari.
2450 2014 2558 2066 Hoc
2585 2014 2629 2068 si
2664 2014 2769 2067 ﬁxo
2793 2015 2973 2068 animo
3002 2031 3214 2085 semper
3245 2018 3478 2072 intendi-

1911 2120 2063 2169 mus,
2103 2118 2369 2172 nunquam
2409 2103 2590 2158 mundi
2635 2104 2790 2158 istius
2814 2098 3051 2173 pericula
3093 2108 3477 2171 formidamus;

1909 2198 2001 2251 sed
2031 2212 2150 2251 cum
2178 2195 2359 2251 laetitia
2387 2211 2590 2250 summa
2620 2191 2980 2264 cantabimus,
3019 2203 3159 2269 quod
3218 2203 3270 2256 in
3322 2202 3479 2273 hujus

1912 2288 2096 2357 psalmi
2135 2287 2239 2342 ﬁne
2278 2288 2637 2355 conscriptum
2679 2298 2760 2343 est
2800 2307 2812 2341 :
2847 2288 3151 2346 Benedictus
3198 2293 3475 2362 Dominus,

1910 2378 1997 2446 qui
2027 2394 2125 2430 non
2155 2380 2339 2431 amovit
2369 2379 2777 2445 deprecationem
2803 2396 2966 2433 meam
2996 2390 3043 2436 et
3080 2385 3482 2439 miscricordiam

1911 2484 2056 2522 suam
2078 2484 2111 2522 α
2138 2485 2235 2524 uie.

2174 2608 2535 2663 EXPOSl'I‘lO
2574 2609 2638 2663 IN
2680 2610 3002 2667 PSALMUM
3046 2611 3227 2668 LXVI.

2053 2717 2120 2773 In
2145 2720 2315 2788 ﬁnem,
2346 2721 2399 2774 in
2431 2721 2660 2790 hymnis,
2689 2721 2915 2787 psalmus
2942 2724 3125 2776 cantici
3153 2725 3335 2778 David.

1987 2859 2219 2930 Hymnus
2246 2868 2300 2913 et
2329 2860 2579 2912 canticum
2620 2860 2731 2913 haec
2757 2861 2863 2914 duo
2890 2862 3125 2930 nomina,
3162 2864 3262 2917 nisi
3312 2866 3481 2920 subti-

1917 2956 2035 3011 liter
2070 2956 2451 3024 inspiciantur,
2482 2970 2643 3007 unum
2674 2955 2922 3009 videntur
2962 2960 3344 3025 propemodum
3400 2962 3483 3013 in-

1916 3046 2092 3100 dicare
2122 3044 2430 3116 mysterium
2458 3063 2468 3096 :
2498 3044 2616 3112 quia
2648 3057 2871 3112 utraque
2911 3045 3116 3099 laudem
3164 3044 3374 3102 Domini
3407 3049 3481 3103 si-

1912 3138 2165 3209 gniﬁcare
2196 3146 2572 3191 monstrantur.
2595 3135 3104 3207 Ilymnum‘diximus
3123 3154 3337 3196 carmen
3365 3158 3486 3198 esse

1916 3228 2067 3283 metri
2093 3226 2313 3296 alicujus
2337 3228 2449 3297 lege
2470 3230 2850 3294 compositum;
2880 3229 3017 3282 sicut
3040 3244 3226 3286 omnes
3253 3233 3485 3301 psalmos

1914 3318 1965 3371 in
2000 3318 2224 3373 Hebraea
2254 3318 2432 3387 lingua
2460 3326 2668 3372 constat
2712 3333 2831 3373 csse
2874 3319 3149 3375 formatos.
3183 3323 3243 3376 lli
3272 3326 3485 3394 quaties

1912 3408 2012 3465 soli
2042 3416 2310 3477 ponuntur
2338 3409 2389 3461 iu
2414 3408 2595 3471 titulis,
2623 3408 2993 3478 signiﬁcantur
3016 3413 3230 3481 organis
3265 3422 3319 3468 et
3346 3423 3485 3485 tym-

1916 3502 2064 3570 panis
2094 3499 2256 3555 luisse
2278 3499 2489 3570 prolati.
2514 3499 2619 3555 Sed
2644 3503 2657 3553 i
2691 3509 2743 3555 te
2771 3500 2988 3571 hymnus
3012 3517 3173 3573 quem
3202 3520 3340 3561 nunc
3360 3520 3484 3575 pro-

1917 3591 2072 3659 pheta
2093 3592 2269 3656 canit,‘
2298 3591 2417 3646 ideo
2446 3592 2701 3660 praemisit
2741 3594 2793 3646 in
2823 3594 2998 3661 ﬁnem,
3031 3598 3150 3665 quia
3183 3606 3292 3651 tota
3314 3601 3485 3655 oratio

1916 3684 1982 3738 ad
2037 3684 2317 3739 Dominum
2362 3684 2629 3738 Christum
2675 3684 2790 3739 sine
2829 3685 3160 3743 dubitatione
3211 3689 3480 3760 dirigitur.

1917 3776 2159 3829 Psalmus
2183 3790 2307 3830 vero
2337 3776 2524 3829 cantici
2546 3784 2629 3831 est
2657 3775 2747 3845 qui
2775 3777 2889 3831 sola
2922 3779 3163 3834 humanae
3192 3781 3338 3837 vocis
3368 3798 3480 3838 mo-

1915 3868 2189 3923 dulatione
2239 3869 2546 3922 cauebatur.
2604 3868 2712 3921 Sed
2759 3882 2899 3922 nunc
2952 3884 3047 3938 per
3096 3871 3213 3926 haec
3266 3875 3478 3930 nomina

1916 3966 2200 4027 utrumque
2253 3956 2669 4024 deprehenditur
2710 3957 2950 4026 potuisse
2993 3960 3279 4030 conjungi,
3335 3974 3390 4018 ιιι
3432 3976 3486 4020 οι

1916 4046 2287 4102 instrumentis
2316 4045 2532 4099 musicis
2564 4054 2619 4099 et
2657 4049 2883 4099 humana
2917 4063 3047 4103 voce
3080 4063 3393 4117 caneretur;
3426 4066 3483 4109 ct

1919 4137 2039 4191 ideo
2066 4135 2238 4188 omnis
2276 4142 2464 4188 cantus
2493 4145 2545 4188 et
2566 4134 2783 4203 hymnus
2803 4145 2905 4198 est,
2935 4151 3038 4190 non
3063 4141 3237 4192 omnis
3267 4140 3486 4211 hymnus

1917 4236 1972 4281 et
1998 4237 2183 4280 cantus
2201 4236 2302 4279 est.
2333 4224 2462 4279 Nam
2487 4224 2587 4278 hoc
2609 4224 2761 4279 nobis
2789 4227 3143 4285 distinctionis
3166 4230 3323 4300 hujus
3352 4250 3488 4303 pra:-

1918 4318 2007 4373 bet
2040 4316 2317 4382 iudicium,
2348 4317 2468 4383 quia
2499 4316 2687 4386 psalmi
2717 4318 2805 4386 qui
2837 4320 3104 4373 canticum
3131 4337 3233 4376 non
3264 4324 3480 4395 habent,

1924 4420 2165 4480 poterant
2188 4425 2280 4481 per
2307 4409 2421 4465 sola
2449 4410 2649 4464 musica
2678 4412 3027 4467 instrumenta
3052 4420 3279 4470 cantari.

2487 4518 2681 4575 Divisio
2710 4522 2917 4591 psalmi.

1993 4629 2120 4685 Post
2146 4629 2459 4699 sexagesimi
2494 4629 2660 4698 quinti
2702 4630 2889 4699 psalmi
2926 4634 3190 4691 canticum
3228 4638 3487 4697 Resurre-

1920 4724 2133 4788 etiouis,
2152 4723 2376 4779 mirabili
2394 4722 2581 4777 ordine
2605 4722 3030 4792 deprecationem
3059 4744 3209 4783 suam
3232 4735 3489 4802 prapheta

1920 4813 2225 4884 subjuuxit,
2251 4821 2308 4867 ut
2346 4812 2607 4868 benedicti
2647 4813 2713 4867 ad
2753 4814 2985 4872 divinam
3012 4822 3368 4887 cognitionem
3398 4827 3492 4880 de-

1920 4908 2042 4961 duci
2066 4922 2387 4971 inereamur,
2418 4906 2482 4959 ad
2506 4919 2661 4976 quam
2702 4916 2885 4962 nostra
2931 4923 3035 4965 non
3064 4914 3270 4979 possint
3300 4920 3486 4973 merita

1923 5000 2222 5068 pervenire.
2253 4996 2430 5052 Prima
2477 5012 2605 5065 ergo
2640 5008 2789 5068 parte
2818 4999 3061 5055 lidelibus
3102 5002 3324 5073 loquens
3369 5023 3492 5079 sup-

1923 5092 2085 5162 plicat
2126 5098 2183 5144 ut
2222 5088 2462 5144 benedici
2512 5104 2632 5144 cum
2679 5092 2809 5159 ipsis
2838 5104 3106 5147 mercatur
3153 5110 3180 5147 a
3234 5097 3491 5161 Domino;

1922 5191 2181 5252 quatenus
2209 5180 2488 5235 illuminati
2514 5181 2674 5235 corde
2694 5220 2708 5244 ,
2741 5182 2789 5234 iu
2817 5185 3024 5237 cunctis
3063 5188 3312 5255 gnntibus
3340 5191 3490 5246 Cliri-

1922 5282 2061 5327 stum
2085 5270 2363 5325 Dominum
2384 5269 2772 5338 praedicandum
2785 5287 2905 5327 esse
2930 5286 3269 5343 cognoscant.
3294 5278 3494 5338 Deinde

1920 5376 2211 5417 conversus
2240 5362 2305 5414 ad
2338 5361 2616 5415 Dominum
2643 5401 2657 5426 ,
2697 5364 2990 5432 prophetiae
3018 5366 3205 5434 spiritu
3232 5371 3491 5429 conﬁten-

1919 5463 2045 5510 dum
2076 5454 2150 5507 illi
2174 5454 2307 5507 dicit
2334 5468 2363 5506 a
2395 5453 2622 5521 populis,
2654 5454 2781 5522 quia
2804 5462 2990 5523 gentes
3012 5455 3215 5523 judicat
3247 5460 3301 5513 in
3331 5466 3499 5532 mqui-

1921 5543 2047 5601 tate.
2072 5546 2259 5600 Tertio
2290 5543 2535 5598 eumdem
2567 5560 2780 5599 versum
2815 5546 3027 5614 repetit,
3062 5547 3219 5616 quem
3246 5556 3495 5621 superius

1918 5638 2072 5707 dixit,
2108 5638 2208 5693 hoc
2236 5636 2547 5707 mysterium
2594 5637 2884 5707 adjiciens,
2916 5638 3037 5711 quia
3072 5639 3301 5699 fructum
3337 5659 3493 5701 suum

3014 5728 3086 5790 15
