3956 6178
542 251 643 305 139

1754 262 1820 316 Μ.
1865 263 2103 319 Αυιιειλ

2208 266 2566 322 ιιιςειυιιοιιι
3654 280 3738 332 4θῦ

542 379 679 424 terra
709 350 814 438 jam
846 371 1091 440 protulit;
1121 380 1172 425 et
1204 370 1319 425 ideo
1344 371 1682 441 frequentata
1728 374 1890 428 verbo
1918 384 2106 444 postu-
2138 378 2184 437 Α
2286 375 2438 431 Vers.
2472 379 2527 432 5.
2554 378 2913 447 ‘Couﬁtmntur
2957 380 3045 434 tibi
3078 379 3274 448 populi,
3308 378 3469 447 Deus;
3495 388 3741 452 ιοηριεαη.

543 462 614 515 lat
644 476 739 515 nos
766 461 962 515 debere
993 461 1261 515 benedici.

1072 598 1338 669 Expositio
1376 605 1578 673 psalmi.

612 738 761 791 Vera.
796 739 846 793 Ι.
878 736 1019 792 Deus
1046 741 1344 794 misereatur
1387 745 1580 808 nostri,
1612 755 1658 798 et
1688 745 1947 798 benedicat
1986 760 2074 799 nos
2093 762 2115 810 ;

539 828 790 881 illuminat
819 831 1014 882 vultum
1040 847 1191 883 suum
1219 848 1371 897 super
1399 851 1513 897 nos,
1544 844 1587 886 et
1616 836 1917 888 misereatur
1943 837 2113 891 nobis.

540 917 994 985 Supplicationem
1017 933 1166 973 suam
1193 923 1356 991 218
1387 924 1642 989 propheta
1665 924 1900 993 dirigens
1927 924 1992 978 ad
2022 940 2116 979 ne-

538 1007 757 1061 cessarii
780 1008 1011 1062 nominis
1030 1011 1261 1065 cucurrit
1306 1012 1591 1066 auxilium.
1619 1013 1763 1068 Bene
1791 1014 1932 1068 enim
1966 1016 2114 1083 prius

540 1097 764 1151 ntisereri
793 1098 963 1166 petiit,
994 1098 1082 1168 qui
1112 1100 1179 1153 de
1212 1101 1527 1156 meritorum
1553 1118 1770 1157 suorum
1817 1118 1981 1172 opere
2006 1120 2111 1159 non

540 1187 898 1257 prresnmpsit.
927 1187 1079 1242 Prius
1107 1190 1249 1245 enim
1284 1190 1383 1245 fuit
1410 1231 1426 1256 ,
1454 1199 1514 1246 ut
1543 1191 1861 1245 misereretur
1884 1194 2116 1247 erranti-

542 1278 660 1341 bus,
714 1288 765 1331 et
827 1286 1007 1347 postea
1051 1280 1440 1335 benedictionis
1489 1296 1599 1335 suae
1646 1282 1785 1335 dona
1812 1292 2112 1349 praestaret.

540 1366 670 1421 Nam
694 1367 992 1422 benedictio
1023 1368 1232 1423 Domini
1264 1384 1359 1424 nos
1391 1385 1600 1438 semper
1624 1379 1933 1439 augmentat
1960 1387 1975 1423 :
2002 1373 2116 1427 sive

538 1474 656 1512 cum
689 1459 835 1511 illum
862 1460 1221 1525 benedicintus,
1249 1475 1345 1516 nos
1367 1462 1611 1519 absolute
1640 1462 1975 1529 proﬁcimus;
1999 1464 2114 1519 sive

538 1566 778 1606 cumuos
811 1551 900 1605 ille
946 1552 1288 1619 benedia'erit,
1337 1554 1532 1608 anima:
1583 1562 1780 1608 nostris
1835 1553 2112 1623 profutura

539 1643 801 1697 concedit.
837 1642 942 1698 Sed
990 1658 1294 1713 qumramus
1321 1659 1481 1713 quam
1530 1643 1955 1699 benedictionem
1990 1659 2114 1714 pos-

2221 474 2301 517 tur
2331 468 2418 517 tibi
2450 470 2629 536 pepuli
2659 486 2850 521 omnes.
2885 470 3167 536 Postquam
3196 468 3349 522 ﬁdem
3378 476 3630 540 provenire
3659 493 3737 543 po-

2220 557 2356 622 pulis
2383 559 2621 611 exoravit
2650 560 2907 626 [)l‘Opilelu
2936 600 2950 623 ,
2994 561 3135 613 venit
3164 558 3229 613 ad
3264 560 3541 615 secundam
3565 577 3744 631 partem

2216 644 2401 699 dicens
2428 648 2491 699 ad
2525 648 2803 704 Dominum
2844 666 2857 701 :
2889 648 3241 718 Conﬁteantttr
3269 649 3353 702 tibi
3384 654 3565 721 populi,
3606 654 3743 710 Deus.

2218 735 2568 803 Conﬁleanlvtr
2596 740 2814 793 verbum
2838 739 3168 808 uaquivocum
3199 748 3320 804 est;
3349 756 3460 794 nam
3490 750 3539 799 et
3565 744 3747 808 laudes,

2218 838 2273 883 et
2300 839 2639 898 peccatorum
2670 832 3068 900 deplorationes
3108 833 3346 885 noscitur
3376 833 3594 887 indicare
3630 852 3746 889 eon-

2217 918 2396 973 fessio.
2430 920 2537 975 Sed
2567 922 2653 975 hic
2696 932 2983 988 utrumque
3010 920 3169 975 debet
3200 921 3437 988 intelligi,
3471 931 3524 974 ut
3566 934 3614 976 et
3636 940 3745 991 pec-

2216 1018 2330 1063 cata
2360 1023 2453 1063 sua
2485 1014 2821 1079 conﬁteantur
2851 1011 3049 1081 pepuli,
3079 1020 3134 1066 et
3161 1011 3382 1081 gloriam
3417 1013 3607 1066 Domini
3633 1031 3751 1082 prau-

2217 1100 2403 1154 dicare
2431 1116 2537 1155 non
2563 1103 2829 1157 desinant.
2863 1104 3103 1171 Denique
3139 1102 3358 1157 verbum
3396 1103 3558 1171 ipsum
3585 1106 3633 1157 in
3658 1120 3749 1157 nuo

2216 1207 2380 1246 versu
2405 1194 2645 1246 noscitur
2681 1208 2804 1247 esse
2836 1193 3161 1263 geminatum
3185 1232 3201 1258 ,
3254 1200 3310 1247 ut
3351 1207 3378 1244 a
3408 1192 3540 1245 lideli
3581 1194 3751 1261 populo

2220 1284 2344 1356 [ms.
2374 1284 2461 1349 Α.,
2494 1283 2583 1347 F.,
2614 1284 2677 1337 ad
2704 1284 2912 1338 ﬁdelem
2943 1279 3219 1352 pOpuluui]
3245 1291 3409 1336 totum
3434 1296 3752 1350 cognosceres

2215 1384 2336 1429 esse
2387 1373 2710 1428 iaciendum.
2745 1374 2875 1428 Nam
2904 1374 3048 1443 quod
3079 1373 3304 1436 addidit,
3334 1387 3520 1435 euntes,
3552 1372 3748 1425 Donati-

2216 1476 2420 1521 starum
2451 1467 2742 1537 pravitates
2768 1466 2933 1527 elisit,
2952 1467 3039 1535 qni
3073 1472 3259 1533 putant
3280 1463 3567 1519 Ecclesiatn
3593 1463 3754 1516 Domi-

2216 1558 2267 1611 ni
2292 1558 2344 1611 in
2369 1558 2499 1611 orbe
2534 1566 2796 1611 terrarum
2825 1572 2928 1610 non
2953 1570 3073 1611 esse
3096 1555 3369 1609 diffusam.

2288 1648 2442 1705 Vers.
2465 1649 2518 1701 4.
2549 1648 2809 1702 Loetentur
2833 1658 2879 1701 et
2914 1650 3164 1703 exsultent
3189 1657 3361 1718 gentes
3388 1662 3407 1702 .'
3431 1646 3657 1715 quoidam
3672 1648 3755 1716 ju-

540 1735 693 1798 tulat,
723 1735 843 1802 quia
870 1734 1048 1788 mulus
1073 1742 1198 1788 sunt
1226 1750 1367 1804 quas,
1400 1735 1657 1804 largiente
1699 1736 1943 1803 Domino,
1976 1750 2111 1791 con—
2142 1732 2185 1791 Β
2214 1742 2353 1793 dicas
2380 1741 2595 1807 papulas
2639 1740 2694 1792 in
2739 1739 3005 1810 aquitate,
3038 1748 3085 1791 et
3116 1747 3290 1809 gentes
3326 1740 3377 1791 in
3415 1746 3544 1791 terra
3574 1737 3752 1804 dirigis.

537 1825 821 1880 ceduntur.
854 1823 1121 1878 Benedixit
1149 1825 1315 1880 Adam
1342 1833 1467 1880 ante
1503 1833 1776 1895 peccatum
1805 1826 1992 1881 dicens
2019 1827 2067 1881 ei
2094 1844 2109 1881 :

542 1916 761 1973 Crescite
780 1925 826 1971 et
857 1917 1288 1987 multiplicamini,
1314 1926 1362 1972 et
1398 1918 1586 1986 replete
1612 1927 1823 1983 terram,
1858 1928 1906 1973 et
1940 1920 2108 1972 donti-

540 2010 737 2063 namini
782 2012 891 2075 eius
923 2008 1073 2077 (Gen.
1106 2024 1143 2075 ι,
1171 2009 1288 2078 28).
1342 2008 1617 2065 Bsnedizit
1665 2010 1935 2064 Abraham
1987 2024 2110 2064 cum

538 2101 709 2156 dixit:
739 2099 1049 2154 Benedicens
1071 2099 1363 2153 benedicens
1386 2111 1453 2165 te,
1485 2108 1535 2152 et
1555 2100 1902 2168 ntultipIicans
1931 2099 2108 2151 multi-

539 2195 741 2265 plicabo
771 2209 936 2248 seuseu
974 2203 1116 2245 tuum
1154 2194 1283 2245 sicut
1316 2192 1491 2247 stellas
1532 2192 1645 2245 coeli
1673 2199 1719 2244 et
1743 2192 1873 2244 sicut
1902 2205 2105 2243 arenam

538 2304 651 2356 qua:
673 2298 744 2341 est
766 2288 832 2340 ad
853 2302 994 2341 orant
1011 2288 1166 2339 maris
1190 2286 1341 2355 (Gen.
1362 2302 1494 2351 uti,
1518 2287 1628 2354 Π).
1655 2285 2107 2341 Beuediatitetiam

539 2384 709 2432 terras
739 2376 790 2429 in
821 2378 996 2429 varios
1025 2376 1228 2430 fructus
1256 2416 1271 2437 ,
1298 2384 1353 2429 ut
1383 2375 1725 2445 indigentiam
1760 2387 1958 2430 nostra:
1999 2375 2105 2429 fra-

538 2466 751 2536 gilitatis
778 2466 1106 2522 excluderet.
1138 2466 1239 2521 Sed
1270 2467 1355 2521 hic
1384 2467 1524 2520 illam
1553 2467 1982 2522 benedictionem
2015 2482 2107 2537 pe~

540 2559 646 2624 tiit,
678 2573 835 2627 quam
871 2560 1056 2612 subter
1084 2558 1325 2626 exponit,
1359 2568 1417 2613 ut
1452 2560 1701 2613 tenebras
1732 2568 1925 2613 nostra:
1956 2574 2106 2612 men-

542 2649 610 2703 tis
642 2646 964 2715 excludens,
1006 2648 1247 2703 claritate
1288 2663 1385 2703 nos
1416 2648 1627 2703 Domini
1657 2648 1950 2704 Salvatoris
1987 2648 2105 2701 illu-

538 2742 711 2796 minet.
745 2742 995 2811 Sequitur
1021 2740 1236 2810 quippe.
1265 2740 1513 2794 illuminet
1542 2740 1738 2793 vultum
1777 2756 1928 2795 suum
1956 2757 2110 2806 super

540 2848 649 2887 nos.
680 2832 801 2886 Haec
846 2840 959 2886 erat
990 2833 1176 2901 petitio
1226 2831 1649 2896 benedictionis,
1704 2842 1757 2885 ut
1799 2832 2109 2885 illuminaret

539 2927 730 2981 vultum
768 2941 915 2979 suum
947 2941 1099 2995 super
1119 2938 1209 2979 eos
1237 2942 1249 2976 :
1283 2924 1407 2993 quia
1442 2939 1563 2995 eum
1597 2922 1776 2977 videre
1818 2937 1923 2976 non
1956 2931 2107 2991 puteo

541 3024 677 3079 rant,
707 3014 795 3084 qui
826 3013 880 3067 in
912 3014 1021 3067 suis
1051 3014 1252 3067 viribus
1285 3012 1499 3066 luminis
1522 3012 1780 3067 beneﬁcia
1811 3027 1913 3065 non
1945 3012 2106 3066 liabe-

2217 1830 2573 1898 Quterendttm
2603 1830 2759 1883 nobis
2787 1837 2871 1884 est
2896 1842 3060 1898 quare
3087 1835 3516 1898 stionem-gentes
3542 1828 3692 1880 laztari
3717 1836 3759 1879 et

2220 1920 2511 1985 exsultare,
2553 1935 2674 1975 cum
2700 1919 2956 1988 judicium
2984 1919 3269 1974 Dominum
3307 1919 3451 1973 dicat
3471 1932 3585 1972 esse
3607 1917 3752 1969 lactu-

2214 2008 2371 2067 rum?
2397 2010 2631 2065 Metuere
2651 2012 2792 2063 enim
2823 2018 2995 2078 potest
3024 2024 3117 2064 res
3145 2011 3498 2073 conscientia,
3536 2022 3646 2061 cum
3672 2021 3755 2058 au-

2210 2104 2291 2159 dit
2318 2117 2564 2158 veracem
2601 2102 2882 2156 Dominum
2900 2102 3289 2171 judicaturum.
3314 2101 3419 2157 Sed
3442 2101 3506 2156 de
3531 2100 3628 2155 illis
3646 2099 3758 2151 dicit

2210 2195 2299 2265 qui
2330 2194 2437 2262 jam
2469 2192 2701 2247 confessi
2728 2200 2945 2261 peccata
2971 2232 2987 2257 ,
3034 2191 3329 2246 formidare
3362 2200 3625 2261 nequeunt
3644 2203 3758 2242 ven-

2211 2294 2328 2340 tura
2347 2285 2568 2355 judicia.
2598 2284 2707 2339 lllis
2734 2283 2878 2340 enim
2910 2298 3011 2339 non
3038 2285 3225 2354 judex,
3255 2284 3353 2339 sed
3394 2284 3666 2338 advocatus
3688 2290 3757 2335 est

2208 2376 2475 2445 Christus,
2508 2376 2597 2446 qui
2628 2390 2688 2430 se
2719 2376 2935 2444 propria
2974 2373 3326 2429 confessione
3372 2374 3754 2429 damnaverunt.

2211 2470 2546 2539 Quapropter
2574 2469 2828 2523 exsultent
2856 2478 3029 2539 gentes
3056 2476 3111 2522 et
3136 2468 3427 2538 gaudeant,
3457 2482 3569 2536 qua:
3597 2464 3759 2517 faciem

2209 2562 2326 2632 ejus
2371 2562 2425 2615 in
2453 2560 2794 2615 confessione
2838 2558 3140 2629 praevenire
3162 2568 3503 2613 meruerunt.
3533 2557 3758 2625 Sequitur

2210 2664 2391 2705 causa»
2430 2650 2628 2705 laatitire
2677 2666 2690 2703 :
2740 2650 2863 2718 quia
2900 2648 3240 2703 misericordi
3280 2647 3449 2716 judici
3499 2647 3759 2715 probantur

2208 2756 2330 2797 esse
2358 2741 2585 2795 confessi
2613 2781 2627 2804 ,
2660 2740 2750 2810 qui
2777 2738 2925 2794 novit
2954 2738 3240 2793 humilium
3283 2738 3447 2792 corda
3478 2750 3683 2797 sanare,
3715 2740 3760 2787 et

2209 2834 2563 2904 superborum
2605 2833 2742 2887 colla
2786 2832 3085 2887 concidere.
3118 2832 3256 2886 Nam
3288 2840 3347 2887 ut
3392 2832 3536 2885 illam
3568 2829 3756 2883 conles«

2209 2923 2411 2977 sionem
2446 2938 2603 2992 quam
2637 2922 2870 2976 diximus
2896 2963 2910 2984 ,
2956 2921 3244 2977 debuisses
3286 2921 3593 2984 advertere,
3615 2918 3758 2981 dicit,

2209 3024 2256 3068 et
2300 3024 2471 3083 gentes
2500 3015 2552 3067 in
2584 3024 2721 3067 terra
2757 3013 2961 3083 dirigis,
2986 3013 3165 3078 utique
3215 3013 3271 3066 in
3304 3017 3403 3066 lioc
3444 3010 3661 3073 mundo,
3686 3006 3759 3060 nlii

540 3103 685 3158 bant.
722 3104 868 3157 illum
899 3104 1039 3157 enim
1073 3103 1331 3157 humanus
1353 3102 1533 3156 videre
1556 3117 1659 3155 non
1690 3111 1866 3171 potest
1895 3118 2105 3169 sensus,
2139 3094 2183 3158 C
2212 3119 2304 3161 eas
2331 3105 2459 3160 lacis
2486 3104 2676 3160 delicta
2715 3105 2928 3172 prppria
2964 3103 3211 3159 conﬁteri
3238 3146 3252 3170 ,
3300 3113 3359 3157 ut
3397 3101 3651 3157 diabolico
3679 3112 3761 3151 nc-

539 3198 641 3251 nisi
673 3197 761 3264 qui
798 3195 1098 3263 splendoris
1138 3195 1304 3263 ipsius
1347 3193 1505 3248 fuerit
1538 3194 1783 3247 claritate
1839 3194 2100 3261 perfusus.

540 3288 774 3357 Repetit,
796 3299 842 3341 et
870 3289 1163 3342 misereatur
1193 3288 1354 3341 nobis.
1385 3286 1692 3341 Necessaria
1720 3286 1946 3349 iteratio,
1976 3303 2107 3356 quo-

539 3378 680 3431 niam
708 3388 761 3431 et
787 3393 813 3430 a
844 3378 1209 3432 misericordia
1250 3377 1459 3430 Domini
1494 3382 1755 3445 prolicere
1788 3379 1854 3429 ini
1878 3378 2103 3446 ipituus,

538 3476 592 3523 et
613 3467 664 3521 in
695 3468 829 3522 bona
860 3482 976 3535 spe,
1012 3467 1044 3534 ίι
1066 3482 1126 3521 so
1156 3467 1430 3535 largiente,
1460 3481 1751 3521 servamur.
1784 3470 1908 3532 Quae
1943 3471 2105 3536 tigura

538 3557 732 3611 dicitur
760 3558 1081 3626 epembasis,
1117 3557 1165 3610 id
1194 3568 1296 3622 est,
1326 3558 1576 3627 repetitio
1602 3558 1785 3612 crebra
1818 3560 2102 3613 sermonis.

565 3675 571 3681 -
608 3646 762 3701 Vers.
793 3647 846 3699 Ξ.
880 3644 946 3701 Ut
982 3662 1344 3717 cegnoscantus
1394 3648 1447 3700 in
1497 3656 1635 3700 terra
1677 3649 1807 3701 viam
1839 3658 1977 3701 tuam
2002 3691 2016 3714 ,
2050 3649 2103 3702 in

538 3737 766 3790 omnibus
786 3738 1015 3807 gentibus
1058 3740 1281 3791 salutare
1310 3748 1477 3790 tuum.
1515 3736 1802 3791 Evidenter
1838 3739 2105 3808 expressit

537 3830 675 3900 quod
706 3832 950 3895 superius
976 3830 1136 3896 dixit,
1169 3829 1427 3884 benedice:
1458 3847 1583 3897 ms;
1614 3839 1683 3895 et,
1714 3831 1964 3883 illuminet
1995 3830 2102 3885 vul-

538 3936 647 3977 tunt
672 3941 816 3977 suum
838 3941 987 3994 super
1013 3941 1123 3979 nos.
1155 3923 1233 3979 Ad
1262 3926 1363 3981 hoc
1394 3927 1532 3982 enim
1561 3926 1660 3981 ista
1709 3928 2016 3996 proﬁciunt,
2048 3938 2103 3982 ut

537 4016 589 4070 in
618 4017 717 4070 hoc
747 4016 945 4070 mundo
975 4034 1101 4088 cogn
1137 4034 1339 4072 scamus
1392 4020 1524 4071 vium
1572 4020 1716 4074 illam
1755 4021 2015 4083 veritatis,
2048 4021 2103 4076 id

533 4116 615 4163 est
649 4109 927 4163 Dominum
957 4108 1315 4177 Salvatorem,
1347 4112 1434 4179 qui
1465 4126 1563 4166 nos
1602 4112 1748 4166 ducit
1778 4113 1844 4167 ad
1890 4115 2050 4167 vitam
2084 4130 2097 4167 :

534 4198 585 4252 in
612 4214 712 4267 qua
745 4214 901 4254 nemo
920 4214 1102 4254 errare
1132 4203 1349 4269 poterit,
1381 4202 1482 4257 nisi
1511 4202 1602 4273 qui
1644 4203 1711 4258 ab
1755 4203 1870 4273 ejus
1903 4205 2100 4274 regulis

532 4288 743 4343 deviare
792 4290 1085 4358 prmsumit.
1114 4290 1182 4344 Et
1224 4307 1292 4347 ne
1316 4307 1413 4348 nos
1457 4294 1683 4362 probare
1708 4295 1811 4349 hoc
1836 4298 2100 4365 exemplis

531 4378 649 4433 aliis
678 4394 956 4447 egeremus
979 4419 996 4447 ,
1039 4382 1158 4449 quis
1187 4392 1329 4437 esset
1363 4386 1443 4436 via
1468 4426 1483 4449 ,
1516 4395 1905 4455 consequenter
1933 4403 2098 4459 expo-

2209 3205 2411 3268 queant
2437 3211 2623 3251 errore
2647 3196 2907 3250 subverti.
2945 3222 2956 3235 ~

2281 3295 2435 3351 Vers.
2461 3297 2515 3350 5.
2539 3294 2889 3364 Confiteantur
2912 3294 3001 3349 tibi
3024 3294 3229 3363 populi,
3259 3294 3429 3358 Deus;
3456 3289 3760 3360 confiteantur

2208 3386 2296 3439 tibi
2324 3384 2503 3456 papuli
2534 3399 2724 3438 omnes.
2764 3382 2919 3439 Venit
2945 3384 3009 3437 ad
3049 3384 3273 3438 tertiam
3304 3385 3677 3443 narrationum
3718 3380 3760 3429 in

2208 3488 2311 3544 qua
2337 3487 2553 3530 versum
2580 3474 2799 3542 quidem
2828 3474 3074 3528 wounds
3094 3475 3270 3542 partis
3295 3474 3526 3541 repetit,
3552 3470 3639 3527 sed
3663 3482 3761 3523 oni-

2205 3564 2335 3618 nino
2355 3577 2465 3619 rem
2489 3563 2646 3618 aliam
2674 3563 2859 3617 subter
2879 3562 3095 3630 adjecit.
3120 3562 3175 3616 in
3204 3563 3480 3633 superiori
3507 3561 3641 3617 enim
3665 3573 3763 3612 ver-

2205 3670 2268 3711 su
2298 3655 2477 3724 posuit
2504 3668 2524 3710 :
2561 3654 2817 3709 Lwtentur
2845 3663 2892 3707 et
2919 3654 3173 3711 exsultent
3202 3663 3382 3725 gentes
3407 3670 3423 3717 ;
3447 3667 3585 3707 nunc
3610 3659 3761 3703 autem

2205 3747 2334 3803 dicit
2364 3766 2378 3801 :
2408 3747 2569 3803 Terra
2599 3747 2739 3801 dedit
2770 3747 2992 3815 fructum
3018 3761 3208 3810 suum;
3264 3754 3327 3800 ut
3356 3747 3459 3800 etsi
3491 3758 3643 3799 unum
3682 3739 3766 3794 ini-

2205 3839 2336 3893 tium
2367 3844 2545 3899 sonet,
2576 3851 2684 3891 non
2716 3846 2899 3890 tamen
2918 3849 3115 3890 sensus
3150 3835 3277 3905 ipse
3307 3843 3531 3905 propter
3556 3843 3763 3900 sequen-

2206 3929 2275 3984 tia
2305 3928 2369 3982 ad
2418 3940 2609 3982 causas
2645 3926 2851 3983 similes
2896 3926 3116 3980 tendere
3159 3925 3439 3981 videatur.
3492 3925 3622 3978 Istos
3658 3932 3767 3971 vero

2205 4017 2424 4089 populos
2448 4030 2583 4087 quos
2609 4015 2928 4085 frequenter
2955 4015 3187 4083 repetit,
3214 4016 3447 4084 quidam
3466 4028 3558 4068 eos
3590 4006 3765 4063 duode-

2203 4110 2308 4164 cim
2341 4109 2511 4164 tribus
2556 4107 2859 4174 intelligere
2886 4107 3194 4170 voluerunt,
3230 4122 3355 4176 qua:
3385 4107 3441 4162 in
3470 4104 3561 4161 illo
3590 4098 3767 4173 judicio

2203 4198 2655 4255 remunerationis
2678 4197 2901 4267 gratiam
2932 4206 3374 4264 consequentur.

2270 4296 2425 4352 Vers.
2458 4296 2509 4351 6.
2542 4294 2699 4350 Terra
2729 4296 2868 4350 dedit
2899 4296 3119 4364 fructum
3169 4312 3337 4350 suum
3364 4312 3384 4350 :
3415 4295 3665 4349 benedicnt
3690 4302 3766 4340 uos

2207 4389 2363 4449 Deus,
2396 4388 2535 4443 Deus
2560 4399 2747 4442 noster.
2782 4387 2936 4441 Terra
2957 4388 3092 4441 dedit
3122 4388 3367 4456 fructum
3389 4404 3560 4449 suum,
3589 4383 3767 4439 scilicet

530 4471 658 4535 suit,
688 4473 739 4524 in
765 4473 994 4526 omnibus
1019 4473 1250 4543 gentibus
1278 4477 1502 4547 salutare
1525 4486 1696 4541 tuum;
1728 4487 1785 4532 ut
1812 4494 1910 4533 nec
1942 4481 2097 4534 unius
2126 4461 2179 4520 D
2202 4478 2575 4533 confessiones
2622 4476 2940 4545 populorum
2963 4517 2978 4542 ,
3010 4476 3154 4542 quod
3202 4479 3469 4545 superius
3510 4470 3767 4544 provenire

532 4564 633 4618 loci
659 4565 740 4617 via
772 4564 870 4618 ista
919 4564 1262 4631 crederetur,
1304 4575 1356 4620 et
1406 4567 1563 4635 quale
1598 4576 1743 4622 esset
1781 4568 2098 4624 beneﬁcium

530 4654 755 4719 mundi,
802 4654 1108 4708 testimonio
1149 4655 1380 4711 nominis
1423 4657 1503 4710 sui
1554 4659 1817 4723 patuisset
1859 4664 2095 4730 agnosci.

528 4746 678 4814 Quod
709 4762 903 4802 nomen
928 4747 1028 4818 ipsi
1055 4746 1269 4803 Christo
1303 4750 1527 4803 Domino
1550 4750 1831 4806 evidenter
1854 4761 2089 4821 aptatum

527 4848 629 4904 est,
662 4845 874 4910 quando
907 4840 1093 4895 beatus
1121 4841 1210 4896 ille
1240 4842 1459 4895 Simeon
1491 4858 1611 4896 eum
1643 4843 1697 4896 in
1727 4844 1972 4897 manibus
2004 4860 2090 4898 ar:-

526 4931 730 5000 cipiens
758 4931 887 4985 dixit
910 4950 920 4982 :
944 4930 1095 4985 Nunc
1126 4932 1323 4986 dimitte
1345 4948 1536 4986 servum
1561 4942 1701 4987 tuum
1722 4934 1772 4986 in
1796 4950 1938 5003 pace,
1969 4936 2090 5003 quia

526 5022 756 5076 viderunt
783 5023 915 5076 oculi
943 5024 1040 5076 mei
1086 5024 1309 5077 salutare
1348 5034 1490 5077 tuum
1515 5065 1529 5087 ,
1574 5024 1709 5094 quod
1737 5026 1929 5091 parasti
1973 5035 2089 5079 ante

526 5114 707 5181 faciem
736 5114 958 5165 omnium
1006 5112 1309 5183 populorum
1344 5113 1493 5182 (Luc.
1528 5129 1585 5179 ιι,
1613 5114 1729 5181 ‘29),
1770 5124 1873 5168 etc.
1905 5114 2093 5167 Consi-

522 5204 649 5258 dera
679 5203 837 5257 etiam
867 5203 1007 5272 quod
1042 5204 1095 5257 in
1134 5207 1304 5270 primo
1330 5218 1488 5257 versu
1537 5204 1774 5273 loquitur
1826 5203 1890 5257 ad
1925 5218 2091 5273 popu-

523 5295 631 5349 lum
682 5293 919 5357 ﬁdelem,
968 5300 1022 5347 et
1064 5294 1242 5347 subito
1283 5295 1611 5348 convertitur
1663 5294 1728 5349 ad
1809 5294 2086 5348 Dominum

520 5382 813 5448 Christum,
848 5397 950 5433 nou
989 5382 1215 5449 injuria,
1257 5383 1505 5450 quoniam
1557 5382 1655 5436 hoc
1698 5392 1781 5436 est
1832 5384 2089 5438 membris

523 5474 664 5543 loqui
696 5475 835 5543 quod
862 5474 1042 5542 capiti.
1086 5473 1210 5527 llaec
1248 5474 1411 5543 ﬁgura
1447 5473 1646 5527 dicitur
1674 5473 2084 5543 prosphonesis,

524 5566 573 5619 id
600 5573 683 5618 est
705 5566 1039 5625 exclamatio.
1068 5564 1273 5633 quoties
1323 5565 1461 5619 inter
1496 5565 1598 5619 alia
1629 5581 1749 5637 quia
1776 5566 2042 5637 loquimur
2069 5606 2086 5636 ,

523 5654 585 5707 ad
616 5653 893 5709 Dominum
926 5656 1096 5709 subito
1123 5655 1285 5709 verba
1311 5655 1693 5711 convertimus.

2203 4568 2503 4622 necessaria
2558 4569 2877 4635 repetitione
2941 4568 3292 4621 memoravit.
3346 4568 3551 4623 Revera
3601 4576 3763 4623 suum.

2200 4672 2355 4726 quem
2386 4658 2470 4724 pia
2502 4656 2709 4711 Doluini
2755 4657 2996 4724 largitate
3020 4658 3309 4725 percepit,
3359 4673 3471 4711 non
3497 4668 3646 4725 quem
3672 4649 3765 4704 dis-

2156 4758 2159 4759 '
2198 4751 2319 4803 bolo
2350 4750 2646 4803 seminante
2674 4749 2968 4817 generavit.
3006 4746 3160 4799 Dedit
3189 4748 3367 4802 etiam
3390 4760 3528 4801 terra
3564 4746 3765 4813 fructum

2198 4857 2385 4905 suum,
2448 4840 2659 4908 quando
2706 4838 2984 4893 Dominum
3044 4838 3401 4894 Salvatorern
3454 4838 3763 4893 diversarum

2197 4932 2429 4999 gentium
2462 4931 2615 4984 turba
2642 4930 2900 4996 suscepit.
2935 4928 3031 4983 illa“
3068 4929 3225 4983 enim
3272 4945 3399 4998 quae
3428 4937 3548 4983 erat
3573 4930 3767 4993 poculo

2197 5025 2327 5078 Adae
2347 5022 2646 5092 spinis[ms.
2667 5020 2710 5075 ϐ
2724 5061 2761 5088 .,
2788 5030 3126 5091 peccaton
3157 5019 3364 5092 spinis]
3376 5031 3434 5077 et
3455 5017 3659 5075 tribulis
3670 5010 3765 5081 ple-

2196 5128 2283 5176 na,
2315 5112 2531 5167 vitalem
2563 5111 2793 5167 fructum
2820 5111 3024 5175 intulit,
3046 5126 3173 5165 cum
3204 5113 3431 5165 Domini
3457 5104 3768 5178 jussionibus

2194 5205 2449 5259 obedivit.
2478 5203 2631 5258 Tunc
2656 5203 2797 5257 enim
2824 5202 3199 5271 apostolorum
3228 5202 3371 5257 ﬁdes
3398 5201 3451 5255 in
3495 5197 3661 5252 varias
3683 5191 3768 5243 litt-

2195 5310 2325 5363 guas
2355 5304 2544 5349 sancto
2570 5293 2770 5362 Spiritu
2802 5292 3044 5360 replente
3068 5292 3370 5359 prorupit;
3402 5298 3530 5344 tunc
3568 5287 3768 5338 virtutes

2198 5386 2602 5441 inaestimabiles
2624 5388 2861 5443 mundus
2879 5383 3097 5451 agnovit
3123 5398 3139 5446 ;
3170 5391 3308 5439 tunc
3341 5395 3532 5438 revera
3560 5376 3766 5432 fructum

2196 5492 2350 5531 suum
2391 5485 2531 5532 terra
2572 5476 2814 5545 protulit,
2840 5474 3049 5541 quando
3072 5475 3274 5541 spinas
3296 5473 3501 5529 diaboli
3543 5462 3767 5523 tribulos-

2194 5582 2298 5636 que
2328 5566 2586 5621 deseruit.
2621 5567 2685 5619 Et
2708 5566 2831 5633 quia
2858 5564 3060 5621 fructus
3089 5564 3399 5632 provenire
3426 5560 3618 5630 potuit,
3642 5554 3767 5622 justo

2196 5657 2496 5713 benedictio
2546 5655 2881 5723 postulatur;
2932 5652 3057 5708 dicit
3119 5654 3276 5709 enim
3319 5650 3645 5707 :Benedicat
3688 5652 3766 5694 μοι
