3956 6178
228 242 309 296 iiii
370 233 379 243 ’
1134 231 1489 289 EXPOSITIO
1527 230 1588 285 IN
1630 225 2073 283 PSALTERiUM.
2121 222 2307 277 PSAL.
2350 218 2552 275 LXVII.
3369 211 3472 265 £69.

227 355 379 416 Deus,
414 350 552 405 Deus
584 362 773 402 noster.
809 346 1024 401 Dixerat
1059 345 1224 400 semel
1249 343 1419 407 Deus;
1448 342 1540 397 sed
1578 352 1643 395 ne
1670 354 1796 408 gen-
1828 347 1879 404 Α
2483 329 2674 384 Divisio
2702 329 2907 398 psalmi.

224 447 391 502 lilium
422 440 679 497 θυιηῖιιιιδ
709 445 1004 507 limaret“.
1044 436 1167 505 (illia
1197 436 1297 502 i951
1331 430 1495 488 θευιη
1525 447 1584 488 ⁵ο
1610 431 1798 485 diem“
1899 442 1916 474 ί
1975 443 2327 499 Providentiae
2366 442 2554 512 spiritu
2585 440 2847 510 propheta
2886 436 3205 506 completus,
3234 448 3352 504 quae
3379 433 3478 489 ini—

222 540 431 598 culere,
458 533 701 606 quamvis
730 532 884 584 vanis
928 529 1200 583 erroribus
1244 526 1587 595 implicentur
1609 565 1622 587 ,
1654 524 1801 576 addi.

1950 538 2058 590 .icis
2086 535 2298 589 Domini
2338 535 2615 597 accidant,
2659 533 2741 587 vel
2779 544 2896 600 qua:
2927 529 3168 584 fidelibus
3207 529 3258 582 in
3306 529 3479 582 futura

222 633 297 686 dil
329 642 533 694 W116".
574 623 713 677 θειιδ
741 632 947 686 ηοδιετέ
975 631 1029 673 υἱ
1071 632 1255 674 revera
1289 618 1404 687 ipse
1445 614 1593 670 εοῖυε
1623 613 1803 668 OMU"
1906 627 2234 697 judicatione
2264 625 2593 693 contingant,
2630 638 2723 692 per
2751 622 3042 690 aptativum
3065 621 3280 675 modum
3309 620 3481 688 primo

223 725 321 773 dus
354 718 492 771 Deus
538 715 826 778 credatur,
876 718 1031 779 quem
1076 718 1257 764 sancta
1288 708 1549 763 Catholica
1579 704 1709 759 colit
1754 713 1804 757 et
1910 700 2151 787 ingressu
2184 718 2368 786 psam}
2390 716 2548 786 hujus
2580 716 2960 770 convmieuler
2994 714 3173 795 edicit)
3199 721 3255 766 ut
3281 720 3334 767 ει
3362 720 3485 779 ρετ.

227 810 518 863 conﬁtetur
550 804 790 860 Ecclesia
812 845 827 870 ,
868 803 971 856 hoc
997 802 1114 869 est,
1146 802 1389 865 Patrem,
1419 804 1471 852 et
1502 798 1726 861 Filium,
1758 805 1811 849 et

1957 808 2056 863 dos
2082 810 2151 863 de
2182 823 2335 877 poena
2368 816 2586 873 terreat,
2633 817 2687 861 et
2719 806 2944 859 famulus
2976 802 3183 858 Domini
3222 804 3485 874 promissa

229 903 489 971 Spiritum
519 913 787 952 sanctum.
1916 902 2355 955 remuneratione
2389 899 2643 953 laetificet.
2688 897 2934 954 Secunda
2980 898 3221 966 ingressu
3262 897 3488 948 virtutes

300 993 457 1046 νει-ε.
492 986 546 1044 7.
576 988 849 1044 Benedicat
889 1004 978 1041 nos
1011 982 1146 1039 Deus
1167 1031 1183 1054 ,
1212 996 1258 1038 et
1308 994 1534 1038 metuant
1567 992 1679 1037 eum
1707 988 1813 1035 Om-
1914 990 2177 1061 signiﬁcat
2202 1002 2333 1059 quas
2360 990 2587 1044 contulit
2614 982 2808 1057 p0pulo
2829 986 3169 1049 iud-acorum;
3201 999 3263 1037 ac
3287 980 3481 1039 deinde

228 1104 314 1140 nes
344 1086 477 1154 ﬁnes
506 1094 676 1137 terra.
723 1081 969 1137 Cernith
991 1121 1006 1143 ,
1050 1076 1328 1133 Benedicat
1359 1094 1470 1144 nos,
1499 1077 1639 1146 quod
1670 1090 1813 1145 sirpe
1917 1082 2047 1135 dicit
2073 1081 2519 1150 quemadmodum
2548 1092 2615 1135 ex
2648 1079 2728 1135 his
2763 1079 2981 1148 perfecit
3006 1077 3324 1133 Ecclesiam.
3352 1077 3484 1132 Ter-

233 1176 588 1241 repetendum
620 1185 721 1239 eSt,
748 1182 799 1226 et
827 1173 942 1226 sine
970 1168 1075 1225 line
1097 1178 1304 1224 constat
1329 1171 1618 1239 Optandum
1648 1187 1659 1221 :
1692 1168 1816 1237 quia
1923 1176 1995 1227 tio
2025 1188 2118 1242 per
2148 1174 2344 1228 montis
2372 1175 2605 1243 speciem
2639 1173 2902 1242 signiﬁcat
2931 1172 3213 1226 Dominum
3243 1169 3489 1227 Salvato-

233 1284 450 1337 seniper
500 1264 902 1331 necessarium,
935 1278 1152 1331 semper
1201 1261 1455 1332 probatur
1483 1276 1604 1315 esse
1650 1258 1817 1328 proti-
1923 1278 2058 1328 rem,
2092 1277 2341 1318 asserens
2392 1278 2512 1331 qua:
2556 1262 2809 1317 beneficia
2860 1261 3165 1331 pra‘Stiterit
3214 1260 3489 1323 Ecclesiae,

234 1378 417 1415 cuum.
446 1360 577 1427 Quae
602 1358 769 1429 ﬁgura
801 1356 999 1410 dicitur
1027 1354 1309 1423 tautologia
1335 1396 1349 1419 ,
1387 1353 1438 1407 id
1477 1360 1558 1407 est
1581 1353 1818 1421 ejusdem
1923 1355 2137 1423 quando
2167 1368 2285 1409 eam
2315 1356 2724 1410 resurrectionis
2776 1366 2885 1409 suae
2918 1367 3141 1410 munere
3177 1352 3494 1408 sublevavit.

235 1452 508 1507 sermonis
541 1448 777 1504 iteratio.
814 1447 1121 1501 lntueamnr
1162 1447 1322 1499 etiam
1365 1443 1821 1511 quemadmodum
1927 1444 2131 1511 Quarto
2170 1444 2506 1497 inimicorum
2548 1444 2759 1498 Domini
2790 1445 3091 1513 superbiam
3140 1456 3501 1514 conquassatu-

240 1546 399 1597 timor
445 1543 539 1596 Dei
583 1542 721 1594 inter
772 1538 932 1611 219
978 1530 1165 1607 magna
1213 1542 1434 1591 munera
1486 1534 1781 1604 postuletur
1804 1577 1817 1599 ,
1928 1538 2046 1590 dam
2077 1550 2195 1591 esse
2224 1538 2549 1603 pronuntiat,
2579 1545 2629 1590 et
2659 1537 3038 1591 conversiones
3065 1544 3120 1591 et
3151 1534 3407 1604 msrtytia
3432 1534 3501 1591 ab

238 1632 453 1702 quando
495 1642 615 1700 post
636 1628 1056 1684 benedictionem
1082 1631 1297 1698 petitum
1346 1638 1519 1681 metus
1549 1626 1664 1693 ejus
1696 1640 1825 1679 con-
1932 1640 2156 1696 utroque
2186 1641 2312 1680 sexu
2344 1628 2504 1682 etiam
2536 1640 2599 1681 ex
2630 1627 2876 1695 pessimis
2905 1627 3034 1680 dicit
3065 1641 3185 1681 esse
3214 1622 3453 1681 facienda
3482 1667 3498 1693 ,

239 1724 353 1778 cedi
406 1733 561 1776 terrae
609 1721 794 1790 ﬁnibus
837 1730 1114 1775 exoratur.
1152 1716 1245 1772 Est
1292 1717 1433 1773 enim
1490 1717 1627 1770 inter
1657 1718 1823 1785 prima
1861 1718 2045 1778 ficum
2097 1718 2356 1772 adventus
2404 1714 2613 1773 Domini
2677 1716 2874 1772 mundo
2928 1719 3174 1770 salutaris
3232 1718 3491 1771 iiluxerit.

244 1817 331 1871 Dei
365 1824 593 1871 munera
616 1855 631 1881 ,
683 1814 930 1884 quoniam
962 1813 1049 1880 qui
1091 1812 1235 1866 illum
1278 1811 1465 1865 timere
1510 1819 1740 1874 norunt,
1775 1817 1830 1862 et
1932 1808 2124 1874 Quinto
2154 1808 2280 1862 dicit
2312 1812 2361 1862 in
2408 1808 2650 1862 ecclesiis
2679 1807 2961 1861 Dominum
2992 1806 3190 1862 debere
3219 1807 3499 1872 benedici,

239 1924 423 1963 amare
448 1923 560 1961 non
589 1902 861 1961 desinunt.
887 1906 976 1962 Sic
998 1904 1140 1960 enim
1172 1915 1224 1958 et
1251 1901 1503 1957 Salomon
1526 1901 1655 1956 dicit
1680 1918 1691 1953 :
1721 1898 1829 1953 Ini-
1933 1902 2016 1954 ubi
2047 1900 2296 1969 apostoli,
2329 1909 2385 1955 et
2416 1900 2661 1954 Christus
2687 1899 2801 1969 ipse
2829 1898 3131 1968 praedicavit
3165 1898 3503 1967 :supplicans

240 2004 363 2052 tium
395 1998 666 2065 sapientia:
705 1998 855 2050 timor
886 1990 1091 2049 Domini
1118 1993 1304 2066 (Eccli.
1345 2009 1383 2060 ι,
1419 1993 1532 2063 i6),
1563 2002 1615 2048 et
1645 1994 1695 2046 in
1725 1993 1828 2046 alio
1933 2004 1991 2049 ut
2022 1994 2159 2049 dona
2191 2010 2309 2065 quae
2343 1994 2491 2049 dedit
2523 1994 2767 2048 fidelibus
2809 1994 2939 2058 suis,
2971 2004 3293 2046 conservare
3319 1991 3505 2059 digne-

242 2097 492 2161 psalmo:
526 2090 720 2144 Timent
740 2089 1012 2143 Dominum
1038 2088 1198 2141 omnis
1216 2084 1723 2158 terra(Psal.xxxn.
1749 2084 1827 2155 8).
1935 2090 2040 2140 tur.
2074 2086 2252 2142 Monet
2280 2088 2438 2142 etiam
2470 2096 2527 2140 ut
2570 2086 2824 2141 velociter
2866 2084 2931 2139 ad
2963 2082 3241 2138 Dominum
3288 2083 3505 2137 veniant

240 2182 343 2236 Sed
378 2182 551 2235 timor
579 2182 679 2235 iste
717 2194 823 2233 non
871 2194 932 2232 cx
974 2179 1199 2231 humana
1233 2175 1587 2245 trepidatione
1617 2174 1829 2229 coutin-
1932 2180 2019 2249 qui
2050 2179 2101 2233 in
2126 2178 2227 2234 hoc
2256 2178 2454 2233 mundo
2487 2180 2734 2248 tanquam
2788 2179 2839 2231 in
2877 2174 3108 2246 IEgypto
3145 2184 3201 2230 et
3229 2170 3503 2243 Altinopia

242 2276 330 2343 git,
363 2273 463 2328 sed
488 2270 674 2327 divina
701 2271 1048 2341 inSpii-atione
1078 2272 1379 2339 pra-statur.
1415 2266 1567 2322 llunc
1605 2281 1734 2336 ergo
1764 2266 1824 2320 ti-
1932 2280 2349 2326 commorantur.
2394 2269 2558 2325 Sexto
2580 2270 2821 2340 ingressu
2867 2268 3268 2324 universitatem
3318 2276 3497 2321 monet

242 2382 452 2421 morem
486 2376 639 2420 terra:
662 2365 846 2433 ﬁnibus
888 2363 1143 2433 propheta
1182 2363 1466 2417 miseratus
1496 2364 1734 2431 optavit,
1771 2370 1829 2416 ut
1935 2370 1991 2418 ut
2020 2362 2209 2432 psallat
2252 2360 2476 2417 Domino
2523 2361 2735 2417 Christo
2761 2403 2775 2428 ,
2824 2360 2914 2431 qui
2948 2359 3058 2430 jam
3102 2358 3506 2415 resurreCtiouis

242 2470 294 2515 et
312 2460 551 2514 credere
591 2458 923 2527 inciperent,
970 2467 1023 2512 et
1052 2457 1253 2511 credita
1279 2466 1433 2511 canta
1478 2455 1833 2511 sollicitudine
1933 2468 2044 2510 suae
2073 2455 2338 2540 miracula.
2359 2454 2638 2524 patefecit;
2664 2464 2728 2508 ac
2753 2451 2947 2509 deinde
2976 2451 3237 2521 psalmum
3272 2450 3502 2506 domini-

243 2548 613 2604 custodirent.
1937 2556 1998 2601 ca
2040 2547 2195 2601 laude
2224 2544 2505 2601 conclusit.

789 2659 1060 2717 Conclusio
1096 2663 1300 2731 psalmi.
1562 2743 1566 2747 ~
1610 2736 1613 2739 ν

2471 2682 2737 2755 Expositio
2780 2683 2981 2752 psalmi.

313 2777 495 2843 Quam
530 2774 815 2827 latissimos
856 2773 983 2828 ﬁdei
1016 2788 1236 2844 carnpos
1268 2776 1371 2829 sub
1411 2775 1670 2830 brevitate
1708 2791 1835 2830 sua-

243 2871 477 2924 vissima
500 2866 739 2936 psalmus
759 2866 860 2920 iste
879 2866 1188 2935 complexus
1208 2868 1321 2921 est!
1347 2866 1677 2937 Supplicavit
1692 2869 1835 2922 enim

246 2961 488 3015 Domino
533 2958 791 3024 Christo,
835 2966 893 3012 ut
936 2957 1171 3013 adventu
1218 2972 1315 3013 suo
1368 2958 1684 3014 benedicere
1739 2972 1837 3014 nos

245 3052 401 3121 larga
434 3051 635 3120 pietate
655 3049 937 3118 dignetur:
966 3060 1228 3118 quatenus
1257 3050 1402 3104 salus
1435 3050 1612 3104 mundi
1650 3061 1838 3120 exspe—
1867 3082 1912 3145 ρ

245 3154 394 3197 rtata
453 3142 707 3212 gentibus
734 3142 1058 3205 innotescat,
1110 3141 1419 3197 etfructum
1463 3142 1841 3199 misericordiae

251 3236 433 3302 ipsius
464 3234 539 3289 de
588 3232 895 3302 plenissima
939 3234 1201 3304 religione
1244 3235 1559 3304 percipiant.
1591 3234 1672 3289 Sit
1718 3249 1844 3307 ergo

248 3326 417 3379 nobis
458 3335 516 3380 et
572 3324 833 3379 brevitate
883 3323 1259 3392 dulcissimus,
1298 3334 1351 3379 et
1401 3325 1691 3394 prophetia:
1734 3342 1844 3381 sum

249 3416 525 3485 dignitate
559 3414 876 3484 pmclarus,
918 3414 1132 3484 quando
1181 3415 1311 3469 illud
1352 3424 1476 3470 ante
1532 3425 1613 3470 tot
1651 3418 1845 3472 sucula

250 3509 516 3574 praedixit
553 3547 569 3569 ,
622 3509 761 3575 quod
813 3508 923 3577 jam
972 3507 1278 3563 Salutariter
1333 3510 1561 3562 mundus
1609 3510 1839 3580 agnovit.

250 3597 487 3663 Przsta,
526 3597 639 3652 Rex
669 3606 892 3663 aeterne,
919 3607 979 3653 ut
1011 3599 1148 3653 sicut
1171 3608 1220 3653 te
1252 3600 1303 3652 in
1340 3598 1638 3659 humilitate
1669 3602 1846 3657 (armis

253 3691 485 3744 venisse
511 3688 883 3755 cognovimus,
917 3688 989 3743 ita
1019 3700 1072 3744 et
1102 3690 1154 3744 in
1184 3691 1400 3744 deitatis
1448 3692 1683 3760 potentia
1719 3706 1850 3748 con-

251 3794 482 3835 cessum
510 3777 670 3833 nobis
698 3778 1017 3841 clementem
1044 3778 1278 3848 iudicem
1310 3781 1623 3837 sentiamus.

520 3889 882 3945 EXPOSITK)
919 3891 984 3945 IN
1022 3892 1347 3949 PSALMUM
1394 3892 1599 3949 LXVII.

581 3978 651 4032 In
677 3980 853 4048 ﬁnem,
885 3981 1115 4049 psalmus
1139 3983 1326 4036 cantici
1345 3982 1536 4037 David.

2011 2825 2159 2881 Vcrs.
2196 2825 2246 2880 1.
2277 2824 2535 2894 Exsurgat
2565 2823 2723 2889 Deus,
2751 2833 2796 2877 et
2823 2822 3336 2894 dissipenturinimiti
3365 2825 3507 2896 ejus;

1938 2927 1983 2972 et
2010 2918 2209 2988 fugiant
2236 2933 2266 2969 a
2305 2916 2437 2985 facie
2481 2916 2594 2986 ejus
2636 2915 2724 2980 qui
2753 2915 2969 2968 oderunt
3011 2931 3143 2968 eum.
3167 2913 3512 2970 Conﬁdenter

1942 3009 2197 3080 propheta
2228 3010 2432 3063 videtur
2459 3017 2645 3076 Optare
2674 3008 2815 3077 quod
2857 3008 3004 3062 novit
3047 3022 3168 3063 esse
3200 3018 3495 3063 venturum.

1945 3100 2082 3156 Petit
2111 3102 2252 3156 enim
2285 3102 2729 3155 resurrectionem
2760 3099 2956 3153 Christi
2982 3138 2999 3166 ,
3030 3099 3083 3153 in
3129 3112 3234 3169 qua
3283 3099 3504 3169 dissipa-

1944 3203 2117 3246 rentur
2139 3192 2371 3256 adversi,
2395 3192 2600 3247 scilicet
2626 3190 2815 3254 Judaei,
2844 3189 2933 3261 qui
2966 3189 3367 3245 resurrectionis
3394 3190 3509 3259 ejus

1946 3284 2175 3339 videndo
2198 3284 2510 3353 potentiam,
2530 3283 2746 3338 sceleris
2769 3283 2851 3337 sui
2880 3282 3115 3337 facinora
3138 3282 3508 3338 formidabant.

1948 3375 2091 3432 Ultio
2121 3377 2317 3446 quippe
2355 3390 2543 3429 eorum
2586 3388 2693 3428 uno
2732 3374 2896 3428 verbo
2928 3372 3197 3440 descripta
3243 3374 3348 3429 est.
3396 3370 3511 3427 Non

1946 3465 2089 3518 enim
2122 3465 2175 3517 in
2204 3468 2361 3518 unam‘
2386 3474 2595 3533 gentem
2623 3463 2849 3533 populus
2882 3463 2993 3533 ipse
3018 3463 3274 3519 collectus
3293 3472 3392 3531 cst,
3423 3458 3520 3521 sed

1947 3568 2042 3623 per
2070 3553 2253 3609 orbem
2294 3556 2557 3610 terrarqu
2590 3553 2756 3609 eiiusa
2800 3554 3057 3610 charitate
3094 3553 3367 3621 diSpersus
3411 3567 3514 3610 est.

1949 3644 2197 3714 Sequitur
2246 3644 2633 3699 inaestimabilis
2669 3648 2823 3713 ptena‘
2872 3644 3139 3700 maledicti
3155 3660 3171 3703 :
3216 3656 3273 3700 ut
3316 3646 3379 3700 ab
3404 3650 3519 3718 ejus

1948 3739 2079 3806 [acie
2106 3739 2305 3808 fugiant
2329 3738 2483 3807 cujus
2508 3737 2703 3806 ubique
2742 3740 2955 3793 constat
2995 3734 3119 3794 esse
3158 3743 3519 3809 praesentiam.

1948 3829 2116 3895 Quale
2140 3840 2221 3883 est
2246 3829 2388 3884 enim
2416 3844 2628 3898 semper
2650 3830 2851 3899 fugere,
2876 3834 2931 3884 et‘
2955 3830 3145 3886 infensi
3159 3832 3356 3902 judicis
3381 3849 3517 3905 prte-

1950 3920 2177 3973 Seutiam
2208 3932 2316 3973 non
2341 3918 2543 3974 vitare?
2569 3919 2805 3984 Addidit,
2834 3921 2921 3989 q’ut'
2940 3920 3152 3975 oderunt
3177 3938 3310 3989 eum,
3343 3931 3399 3977 ut
3422 3939 3514 3980 eos

1596 4066 1599 4071 λ
1952 4006 2276 4077 significaret
2302 4009 2391 4076 qui
2421 4008 2474 4062 in
2496 4021 2588 4062 sua
2611 4009 2899 4077 pertinacia
2918 4012 3291 4067 constiterunt.
3322 4013 3512 4068 Odium

334 4090 467 4144 Vim
498 4089 733 4143 nominis
760 4089 911 4144 istius
940 4090 1063 4146 hinc
1088 4090 1347 4148 debemus
1393 4094 1694 4165 advertere,
1728 4097 1851 4165 quia
1952 4097 2093 4151 enim
2144 4096 2247 4150 illis
2294 4097 2457 4151 rebus
2497 4096 2755 4151 debemus
2786 4094 3005 4166 quibus
3036 4112 3135 4155 uos
3179 4102 3520 4170 acquiescere

248 4182 392 4236 dum
417 4181 542 4247 ﬁnis
571 4179 800 4248 dicatur,
827 4180 879 4233 in
912 4181 1063 4237 initio
1092 4196 1306 4253 semper
1341 4188 1660 4255 apponitur;
1688 4190 1854 4260 sigui-
1953 4188 2258 4241 nullatenus
2289 4201 2446 4257 posse
2473 4189 2806 4256 profitemur.

247 4274 390 4327 litat
422 4273 568 4326 enim
599 4283 778 4325 rerum
809 4282 966 4342 caput
999 4285 1052 4329 et
1078 4278 1333 4331 teter-nale
1363 4280 1703 4347 principium,
1746 4283 1841 4337 sic-

2028 4276 2180 4331 Vers.
2212 4278 2269 4330 2.
2300 4272 2446 4332 Sicut
2476 4278 2646 4346 deﬁcit
2676 4278 2849 4349 fumus
2879 4278 3141 4350 deﬁciant.

246 4372 313 4419 ut
368 4366 492 4432 ipse
550 4364 605 4416 in
644 4362 931 4434 Evangelia
978 4365 1104 4421 dicit
1137 4384 1151 4421 :
1184 4366 1296 4438 Ego
1341 4386 1455 4423 sum
1505 4373 1851 4444 principium,
2031 4368 2182 4423 Vers.
2211 4367 2265 4421 3.
2302 4366 2450 4423 Sicut
2484 4368 2601 4439 ﬂuit
2635 4384 2751 4423 cera
2776 4376 2815 4423 at
2848 4371 2983 4440 facie
3020 4374 3174 4442 ignis,
3207 4374 3280 4429 sic
3323 4386 3527 4446 pereant

246 4467 483 4525 propter
510 4456 649 4525 quod
669 4466 714 4509 et
743 4458 923 4526 loquor
948 4459 1086 4513 vobis
1109 4457 1289 4532 (Joan.
1318 4476 1432 4527 vui,
1460 4463 1576 4533 Q6).
1606 4465 1854 4532 Sequitur
1884 4452 1931 4512 1)
1959 4470 2247 4529 pecca'ores
2283 4475 2316 4513 a
2343 4460 2473 4531 facie
2499 4458 2617 4514 Dei.
2663 4461 2721 4514 in
2747 4459 2864 4515 istis
2891 4462 3100 4518 duobus
3144 4466 3385 4522 versibus
3429 4471 3529 4524 sub

244 4550 505 4619 psalmus
531 4549 743 4614 cantici,
772 4551 860 4619 qui
893 4552 1122 4605 humana
1152 4560 1355 4607 tantum
1380 4553 1538 4622 solet,
1568 4562 1624 4608 ut
1650 4554 1850 4609 dictum
1957 4551 2356 4619 comparatione
2385 4552 2597 4622 gemina
2623 4562 2961 4622 peccatorUm
3005 4568 3161 4627 poena
3203 4561 3524 4627 praedicitur.

243 4652 368 4705 est,
406 4655 542 4695 voce
569 4639 796 4695 cantari.
837 4639 1001 4694 David
1028 4648 1202 4698 autem
1234 4644 1407 4710 ipsum
1445 4645 1725 4701 Dominum
1754 4647 1853 4702 de-
1960 4642 2160 4699 Fumus
2190 4656 2273 4699 est
2299 4646 2440 4699 enim
2473 4660 2538 4700 ex
2568 4646 2777 4699 flamma
2809 4648 2905 4701 ista
2936 4652 3263 4719 corruptibiii
3302 4660 3527 4726 surgens

242 4734 472 4796 δίέηειι,
503 4742 660 4801 quem
684 4740 736 4786 et
764 4732 877 4801 [inii
897 4733 989 4787 iile
1008 4735 1334 4801 pronuntiat.
1361 4736 1570 4806 Longus
1600 4739 1851 4806 psalmus,
1962 4735 2241 4789 tenebrosa
2268 4735 2782 4805 eonglobatio,qu:e,
2805 4746 3061 4807 quantum
3091 4741 3205 4809 plus
3231 4745 3526 4810 extollitur,

238 4834 305 4877 et
335 4822 418 4875 ad
454 4821 721 4891 fastidium
754 4822 1097 4876 relevandum
1139 4824 1377 4892 quinque
1419 4826 1858 4895 diapsalmatibus
1968 4832 2170 4893 tantum
2214 4839 2310 4894 per
2357 4827 2515 4880 inane
2546 4836 2808 4881 tenuatur.
2843 4820 2975 4883 Huic
3007 4842 3313 4899 peccatores
3339 4835 3533 4888 merito

241 4920 629 4981 prznotatus,
660 4927 754 4978 per
779 4926 896 4979 qum
926 4925 1022 4965 nos
1046 4910 1337 4967 divi-iones
1367 4925 1729 4984 competenter
1757 4919 1855 4972 iin-
1964 4926 2373 4986 comparantur,
2399 4918 2651 4985 quoniam
2670 4934 2733 4973 ex
2760 4920 2970 4975 ﬂamma
3002 4923 3246 4992 nequitiae
3277 4940 3387 4978 suze
3415 4942 3535 4995 pro-

241 5001 594 5070 prcssimus.
626 5000 759 5053 Nam
789 5000 916 5053 licet
945 5000 1040 5054 has
1083 5001 1133 5054 in
1165 5002 1288 5055 aliis
1314 5005 1530 5071 psalmis
1552 5045 1567 5070 ,
1604 5016 1854 5074 quantum
1964 5008 2168 5063 ducunt
2192 5010 2463 5065 luiiiiferas
2486 5011 2744 5074 action-5,
2778 5024 2896 5080 quas
2934 5014 3056 5070 licet
3096 5015 3163 5070 ad
3202 5017 3411 5085 altiora,
3448 5034 3537 5071 sn-

235 5093 480 5162 aspirat
524 5092 814 5158 Dominus,
868 5094 1101 5146 humana
1144 5104 1508 5162 perscrutetu‘r
1557 5096 1807 5152 industria
1835 5140 1851 5163 ,
1965 5103 2151 5172 perbia'
2177 5101 2429 5170 faciente,
2462 5117 2808 5173 consurgant,
2840 5118 3060 5162 necesse
3088 5118 3168 5163 est
3206 5118 3262 5162 ut
3301 5124 3394 5163 sua
3426 5127 3537 5165 ma-

234 5185 390 5237 istz
426 5192 605 5236 tamen
636 5184 927 5237 incisiones
958 5184 1201 5239 absolute
1231 5188 1519 5254 sequendae
1546 5201 1690 5253 sunt,
1721 5206 1854 5259 quas
1964 5193 2066 5262 gis,
2095 5192 2241 5247 velut
2273 5192 2465 5257 fumus,
2494 5195 2732 5249 elatione
2755 5195 3021 5251 deficiant.
3053 5196 3301 5268 Sequitur
3339 5215 3528 5256 eorum

230 5291 355 5345 per
391 5274 753 5344 dispertiunt:
800 5275 980 5330 divina
1029 5275 1163 5331 fecit
1208 5279 1521 5334 auctoritas.
1564 5280 1849 5336 Sciendum
1962 5284 2065 5339 alia
2090 5286 2589 5355 comparatio.Cera
2608 5294 2689 5342 est
2710 5304 2777 5342 ex
2810 5290 2939 5343 favis
2959 5292 3180 5347 collecta
3201 5301 3378 5346 tenera
3404 5296 3539 5348 mol-

230 5378 337 5422 es:
397 5378 581 5420 autem
624 5374 741 5421 toto
784 5366 987 5434 psalmo
1044 5382 1142 5435 per
1187 5370 1436 5439 mymicas
1480 5373 1856 5430 similitudines
1959 5378 2132 5447 lisque
2155 5380 2468 5443 substantia,
2502 5396 2620 5451 qua:
2649 5384 2725 5435 sic
2753 5382 2890 5451 ignis
2920 5385 3099 5437 calore
3142 5384 3448 5452 resolvitur,
3478 5398 3539 5441 ut

232 5457 737 5528 psalmigrspbum
767 5458 908 5527 loqui
938 5498 951 5522 ,
1001 5458 1097 5528 qui
1139 5463 1491 5517 sacramentis
1536 5468 1856 5535 evangelicis
1963 5468 2081 5538 ejus
2106 5472 2433 5537 corpulentia
2464 5473 2672 5539 penitus
2693 5472 3021 5527 absumatur.
3048 5474 3216 5544 Hujus
3238 5474 3537 5532 similitudo

236 5551 503 5605 mnino
531 5552 768 5618 repletus
810 5562 911 5617 est,
949 5562 1003 5606 et
1041 5553 1371 5609 ascensiOnis
1410 5554 1609 5612 Christi
1648 5560 1847 5615 descri-
1966 5565 2398 5631 delinquentibus
2424 5578 2792 5633 competenter
2812 5578 3056 5640 aptatur,
3085 5571 3338 5641 quoniam
3371 5573 3422 5628 in
3453 5576 3542 5645 ju-

232 5650 467 5717 ptione
491 5646 682 5702 devota
704 5655 1028 5700 monstratur
1058 5662 1178 5702 esse
1203 5650 1524 5720 praecipuus.
1967 5652 2106 5707 dicio
2139 5650 2232 5707 Dei
2282 5672 2313 5708 a
2358 5658 2488 5725 {acie
2530 5659 2699 5729 ipsius
2745 5661 2823 5717 sie
2870 5660 3179 5732 diSperennt
3225 5678 3532 5737 peceatores,
