4000 6172
516 220 620 273 his

513 333 963 404 quemadmodum
989 348 1125 389 certe
1142 331 1800 403 deliquatitudoproxiino
1822 331 1941 400 igne
1965 344 2091 383 con-
2126 331 2176 387 Α

515 428 762 481 sumitur.
793 425 857 479 Et
885 426 1087 480 intuere
1113 424 1253 493 quod
1288 424 1376 477 hic
1406 432 1713 493 peccatores
1763 423 1814 475 in
1849 422 2100 474 substan-

516 520 588 573 tia
614 535 708 573 sua
740 531 844 570 non
882 518 1010 571 dicit
1054 530 1213 585 posse
1242 514 1526 577 consumi,
1566 514 1656 584 qui
1687 524 1946 582 perpetuo
1977 514 2098 581 igne

516 611 803 679 torquendi
834 619 987 672 sunt;
1017 608 1109 663 sed
1143 608 1274 663 dicit
1300 622 1393 662 eos
1437 625 1469 661 α
1497 609 1628 678 facie
1653 606 1747 660 Dei
1776 623 1882 660 esse
1908 609 2099 675 peritu-

516 720 600 756 ros
624 744 639 769 ,
672 700 793 769 quia
827 715 1098 767 nunquam
1146 699 1212 753 ad
1263 703 1487 769 gratam
1539 699 1703 770 ipsius
1739 698 2098 768 beneﬁciaque

518 793 731 849 venturi
756 801 897 857 sunt,
924 800 1061 847 Sicut
1106 791 1318 860 quidam
1349 792 1646 847 errantium
1692 791 1875 844 dicere
1925 799 2096 844 tenta-

514 893 732 941 vernnt.
762 884 829 939 Et
860 894 983 938 nota
1013 884 1154 953 quod
1184 886 1234 937 in
1261 884 1343 939 bis
1372 885 1617 939 versibus
1642 884 1806 954 ﬁgura
1836 892 1918 937 est
1944 898 2097 952 para-

518 978 661 1042 bole,
695 977 744 1031 id
777 985 859 1031 est
910 992 1088 1031 rerum
1122 975 1459 1031 dissimilium
1510 977 1873 1043 comparatio;
1906 988 2095 1042 pecca-

517 1072 725 1145 toribus
754 1072 897 1128 enim
945 1073 1119 1125 fumus
1175 1080 1230 1125 et
1268 1087 1387 1126 cera
1431 1082 1738 1138 comparata
1779 1080 2096 1124 noscuntur.

588 1161 741 1216 Vers.
772 1160 827 1216 4.
856 1160 922 1213 Et
942 1163 1077 1232 justi
1106 1163 1397 1230 epulentur,
1437 1173 1483 1215 et
1521 1162 1777 1216 exsultent
1807 1162 1861 1215 in
1894 1177 2099 1230 conspe-

520 1262 605 1303 ctu
624 1250 1073 1315 Dei;dclectentur
1100 1253 1151 1303 in
1177 1252 1377 1304 lartitia.
1402 1253 1547 1306 Sicut
1574 1253 1820 1321 superius
1847 1253 1985 1305 dicta
2018 1261 2099 1305 est

520 1359 680 1410 poena
726 1354 1091 1414 peccatorum,
1148 1345 1217 1397 ita
1261 1345 1689 1414 nuncjustorum
1741 1344 2099 1399 remuneratio

519 1448 739 1490 ventura
765 1446 1031 1490 narratur.
1064 1436 1258 1505 Epulas
1280 1437 1507 1491 dicimus
1534 1437 1825 1505 exquisitas
1856 1443 1909 1490 et
1931 1436 2101 1488 abun-

518 1529 709 1581 dantes
750 1528 933 1596 copias
978 1529 1240 1593 ciborum,
1275 1528 1465 1597 quibus
1507 1536 1562 1583 et
1604 1542 1801 1596 corpus
1832 1526 2095 1593 reficitur,

519 1628 572 1669 et
629 1617 942 1686 plerumque
971 1617 1293 1672 desiderium
1329 1618 1491 1689 220
1541 1616 1817 1672 edacitatis
1852 1626 2096 1685 augetur.

1744 218 1810 273 M.
1856 172 2129 272 itUBEl."
2169 210 2564 268 CASSIODURI
3653 216 3743 289 4(ῑῂ

2278 325 2427 378 Vers.
2462 325 2513 377 6.
2550 322 2906 376 Turbabuutur
2948 340 2978 376 α
3009 323 3137 392 facie
3168 325 3277 392 ejus
3317 321 3482 379 Putris
3508 304 3741 395 orphano-

2204 433 2317 468 rum
2354 424 2402 469 'et
2439 411 2639 468 Judicis
2683 415 2953 467 viduarum
2998 430 3016 468 :
3059 414 3192 468 Deus
3230 415 3281 466 in
3309 413 3415 466 loco
3449 428 3616 471 sancto
3644 436 3745 474 suo.

2208 509 2492 576 Postquam
2549 506 2681 561 dixit
2731 506 2783 559 in
2833 514 3123 573 conspectu
3177 505 3383 559 Domini
3432 506 3591 562 beatis
3642 524 3749 565 csso

2201 599 2539 669 gaudendum
2566 640 2580 663 ,
2615 612 2757 651 nunc
2787 615 2817 649 α
2842 598 2973 667 [acie
3003 598 3161 667 ipsius
3191 596 3466 664 praedones
3492 608 3639 668 atque
3664 602 3752 652 im-

2204 693 2318 761 pios
2341 692 2535 745 asserit
2566 704 2683 744 esse
2716 688 3021 758 pellendos,
3052 688 3141 756 qni
3181 688 3445 755 orphanos
3486 704 3545 744 ac
3587 691 3754 745 viduas

2203 799 2341 837 saeva
2372 782 2659 850 cupiditate
2688 782 3004 836 dilacerant.
3046 780 3259 833 Turbati
3288 780 3427 833 enim
3468 790 3518 834 ct
3549 783 3757 836 nimium

2204 874 2552 928 formidantes
2581 890 2613 925 a
2652 872 2783 942 [acie
2829 869 2925 924 Dei
2980 870 3114 925 tales
3156 870 3521 939 expelluntur,
3560 873 3785 939 quando-

2201 962 2466 1035 audicrint
2492 982 2503 1014 :
2540 963 2620 1015 Ite
2643 964 2692 1015 in
2718 964 2887 1032 ignem
2907 972 3172 1028 (clinium,
3202 964 3288 1031 qui
3318 973 3523 1031 paratus
3553 974 3618 1017 est
3649 966 3756 1018 dia-

2204 1054 2318 1107 bolo
2341 1062 2385 1106 et
2413 1052 2609 1123 angelis
2644 1056 2756 1123 ejus
2785 1051 2999 1120 (Matth.
3037 1067 3161 1120 xxv,
3197 1050 3309 1120 41).
3340 1052 3440 1107 Sed
3472 1054 3557 1121 qui
3583 1054 3646 1107 sit
3671 1056 3759 1110 ista

2202 1159 2231 1197 a
2255 1142 2409 1212 cujus
2432 1142 2570 1197 facie
2599 1143 2893 1211 pelluntur,
2919 1143 3157 1213 exponit,
3194 1142 3243 1195 id
3264 1152 3365 1205 est,
3402 1140 3567 1195 Patris
3590 1147 3760 1215 orpha-

2202 1251 2383 1286 n.rrunt
2413 1242 2459 1287 et
2484 1232 2686 1287 Judicis
2718 1235 3006 1287 viduarum.
3050 1234 3125 1288 De
3173 1249 3277 1302 quo
3307 1242 3359 1287 et
3388 1235 3509 1287 alibi
3543 1236 3720 1305 legitur
3747 1252 3760 1290 :

2203 1324 2419 1393 Pupilla
2455 1336 2499 1381 et
2531 1327 2697 1379 vidua:
2739 1337 2788 1378 tu
2818 1329 2917 1381 eris
2946 1327 3159 1397 adjutor
3183 1326 3357 1396 (l’sal.
3390 1343 3463 1391 ts,
3510 1328 3609 1397 ll).
3640 1329 3763 1394 Quid

2203 1432 2330 1487 ergo
2360 1417 2699 1486 deprtedator
2727 1433 2912 1470 eorum
2965 1418 3070 1486 pati
3100 1420 3315 1485 poterit,
3347 1418 3437 1485 qui
3479 1418 3663 1486 jndicis
3691 1421 3763 1473 sui

2203 1517 2481 1575 susceptos
2524 1508 2684 1575 impia
2732 1507 3056 1563 laceratione
3085 1508 3376 1562 contrivit?
3407 1506 3577 1563 Patris
3602 1519 3763 1565 autem

2204 1606 2250 1649 et
2274 1594 2478 1650 Iudicis
2514 1597 2781 1666 genitivos
2813 1598 2989 1667 posuit
3032 1612 3187 1653 casus
3210 1637 3224 1663 ,
3256 1609 3313 1653 ut
3345 1598 3470 1669 quid
3502 1602 3571 1654 sit
3603 1601 3764 1667 Deus,

522 1708 615 1761 llis
646 1718 1027 1777 comparantur
1060 1708 1247 1777 pabula
1279 1687 1515 1762 fidelium
1541 1751 1555 1774 ,
1589 1710 1774 1779 sagina
1796 1708 2090 1777 justorum,
2128 1699 2177 1759 B
2206 1687 2289 1779 [iis
2314 1689 2775 1779 ⁰9¹¹³Ρ¹εκέοηίδι¹δ
2817 1690 2982 1757 Ροεδίῑ
3022 1689 3253 1746 οείθυάίο
3288 1691 3511 1745 Addit!“
3539 1708 3798 1762 ψιυιιυθμ

517 1800 605 1869 qui
645 1801 865 1855 saturati
896 1802 1067 1855 adhuc
1088 1800 1417 1867 desiderant,
1444 1809 1498 1854 et
1524 1801 1591 1855 de
1618 1801 1927 1857 coelestibus
1950 1798 2088 1854 deli-

518 1894 616 1946 ciis
672 1892 1059 1961 ineXplebiliter
1102 1892 1417 1948 farciuntur.
1468 1892 1573 1947 Sed
1626 1882 1712 1947 ubi
1764 1893 2097 1961 reperiantur

518 1983 633 2036 ἰδίω
672 1982 911 2044 deliciae,
960 1982 1350 2050 subsequenter
1393 1982 1731 2053 adiungitur;
1794 1983 1998 2036 scilicet
2044 1983 2096 2035 in

517 2082 795 2142 conspectu
830 2072 957 2137 Dei,
985 2074 1072 2127 ubi
1116 2089 1330 2143 semper
1361 2082 1442 2128 est
1483 2074 1852 2128 desiderabilis
1891 2084 1946 2128 et
1976 2089 2095 2128 vera

520 2164 721 2218 laetitia.
762 2165 927 2231 Quale
958 2174 1039 2219 est
1068 2163 1207 2218 enim
1241 2166 1497 2219 exsultare
1535 2165 1635 2219 sub
1664 2173 1951 2233 conspectu
1981 2174 2099 2218 tan-

519 2258 554 2310 ti
583 2255 801 2325 judicis,
826 2266 881 2311 ut
912 2256 1059 2309 illum
1097 2272 1253 2324 quem
1288 2256 1373 2310 hie
1408 2256 1551 2324 juste
1582 2258 1866 2311 metuimus
1889 2296 1903 2319 ,
1933 2256 2097 2325 ipsius

522 2363 746 2403 munere
774 2348 979 2403 liberati
1008 2350 1106 2402 sub
1130 2346 1245 2415 ejus
1276 2349 1557 2416 praesentia
1582 2348 1950 2417 gaudeamus?
1989 2347 2097 2402 Ad-

512 2440 664 2510 jecit,
694 2439 1001 2493 delectentur
1033 2439 1084 2491 in
1115 2439 1315 2503 la'titia,
1361 2448 1417 2492 ut
1448 2439 1547 2492 hoc
1578 2439 1748 2507 ipsum
1784 2438 1902 2493 illos
1931 2443 2097 2507 possit

518 2531 803 2597 delectare,
845 2530 982 2600 quod
1013 2531 1115 2584 laeti
1154 2538 1277 2583 sunt
1312 2546 1324 2581 :
1359 2530 1481 2599 quia
1512 2529 1636 2583 dum
1669 2530 1906 2583 l.rtitiam
1947 2546 2096 2586 suam

519 2622 665 2677 nullo
698 2631 896 2677 norunt
938 2622 1043 2677 ﬁne
1095 2621 1479 2688 claudendum,
1516 2624 1732 2677 suavius
1773 2623 1823 2676 in
1863 2639 1924 2677 ea
1963 2625 2098 2677 dile-

526 2722 759 2778 ctantur,
802 2724 959 2780 quam
1003 2726 1063 2766 se
1091 2711 1382 2766 amissuros
1428 2726 1549 2765 esse
1594 2727 1698 2766 non
1723 2713 1979 2768 sentiunt.
2010 2715 2099 2771 Sic

519 2800 863 2854 beatitudinis
931 2800 1069 2854 illius
1134 2810 1353 2855 ventura
1419 2800 1639 2856 felicitas
1696 2801 2098 2858 subiacentibus

521 2889 834 2959 quibusdam
868 2890 1098 2944 modulis
1140 2889 1423 2944 indicatur.

594 2981 742 3037 Vers.
774 2984 826 3037 5.
860 2981 1070 3036 Cantate
1104 2981 1231 3049 Deo,
1264 2984 1517 3051 psalmum
1545 2984 1695 3036 dicite
1726 2983 1918 3036 nomini
1948 2988 2096 3054 ejus;

2199 1776 2338 1831 Deus
2363 1778 2415 1831 in
2442 1779 2553 1831 loco
2575 1790 2749 1832 sancto
2771 1795 2863 1832 suo
2882 1821 2893 1842 ,
2926 1779 3354 1834 subaudiendum
3397 1778 3497 1849 est,
3540 1782 3625 1852 qui
3668 1784 3758 1836 iiii-

2200 1868 2511 1924 mutabilem
2539 1880 2719 1924 servat
2762 1872 3078 1941 firmamque
3122 1875 3487 1939 sententiam;
3530 1877 3658 1929 sicut
3705 1878 3765 1930 do

2200 1962 2315 2031 ipso
2346 1977 2375 2015 a
2416 1961 2571 2016 Patre
2603 1962 2754 2031 Angit
2789 1964 2897 2019 tino
2925 1964 3124 2018 dictum
3148 1976 3271 2020 est:
3312 1968 3487 2021 Mutas
3520 1981 3765 2038 tempora,

2202 2068 2300 2109 nec
2325 2066 2500 2107 muas
2527 2054 2748 2108 Consilia
2783 2053 2916 2119 .Lib.
2953 2070 2969 2108 ι
2997 2055 3181 2126 Con[.,
3204 2073 3330 2126 cap.
3363 2058 3443 2128 4).

2276 2144 2423 2198 Vcrs.
2458 2146 2509 2199 7.
2537 2144 2691 2210 Deus,
2714 2147 2800 2215 qui
2822 2147 3050 2200 habitare
3070 2148 3194 2216 facit
3229 2153 3503 2204 unanimes
3528 2153 3575 2203 in
3598 2153 3765 2215 doma;

2200 2236 2285 2304 qui
2308 2236 2472 2287 educit
2512 2236 2701 2289 vinctos
2728 2237 2779 2288 in
2805 2238 3123 2306 fortitudine.
3153 2238 3207 2293 lu
3242 2241 3353 2295 hoc
3384 2236 3539 2297 versu
3565 2254 3615 2296 et
3650 2246 3767 2297 duo-

2202 2326 2298 2378 bus
2330 2325 2447 2379 aliis
2492 2326 2583 2394 qui
2633 2340 2929 2394 sequuntur
2978 2344 3073 2398 per
3117 2330 3503 2387 duodecimam
3551 2336 3765 2403 speciem

2202 2414 2525 2470 definitionis
2565 2432 2682 2486 qua:
2712 2415 2896 2471 Griece
2926 2420 3036 2474 κατ’
3064 2418 3271 2476 ἷπαινον
3292 2463 3312 2489 ,
3350 2424 3532 2479 Latine
3556 2441 3643 2493 per
3670 2426 3767 2477 lau~

2202 2508 2570 2575 dcuidicitur,
2619 2511 2923 2565 declaratur
2968 2513 3084 2582 quis
3114 2515 3185 2567 sit
3216 2515 3403 2582 Deus,
3450 2518 3500 2571 id
3529 2528 3634 2583 est,
3684 2517 3772 2583 Qui

2203 2599 2431 2653 habitare
2461 2602 2587 2671 facit
2618 2604 2881 2655 unanimes
2907 2604 2957 2655 in
2988 2604 3140 2656 domo
3167 2622 3186 2669 ;
3212 2608 3366 2660 sicut
3390 2608 3578 2677 legitur
3606 2610 3653 2662 in
3684 2612 3772 2661 Ac-

2205 2693 2344 2746 tibus
2389 2693 2753 2761 apostolorum
2807 2711 2821 2748 :
2874 2694 3224 2751 Multitudinis
3268 2711 3455 2753 autem
3486 2701 3772 2754 credentium

2203 2794 2311 2834 erat
2337 2798 2421 2835 cor
2452 2800 2610 2836 unum
2638 2793 2685 2837 et
2712 2785 2883 2837 anima
2914 2802 3015 2839 una
3055 2788 3191 2857 (Act.
3226 2804 3293 2842 ιγ
3318 2833 3333 2857 ,
3376 2791 3487 2861 39.).
3517 2792 3635 2846 Sive
3668 2794 3771 2862 quia

2207 2874 2480 2943 prepheta:
2506 2884 2563 2929 et
2592 2877 2933 2945 evangelista:
2966 2879 3015 2931 in
3048 2880 3207 2933 domo
3231 2880 3463 2938 Domini
3486 2899 3639 2938 unum
3668 2898 3771 2937 sen-

2208 2967 2435 3032 tientes,
2474 2968 2692 3021 verbum
2725 2968 2962 3023 veritatis
2997 2982 3371 3028 consentanea
3417 2975 3769 3044 praidicatione

523 3075 618 3125 iter
664 3072 819 3143 [alite
864 3072 948 3138 ei,
979 3076 1062 3141 qui
1105 3073 1331 3125 ascendit
1366 3090 1518 3139 suptr
1563 3089 1827 3137 occasum;
1859 3073 2096 3129 Dominut

2212 3060 2371 3113 locuti
2403 3070 2544 3113 sunt.
2579 3060 2644 3114 Et
2672 3062 2797 3115 alibi
2831 3063 2943 3130 ipse
2973 3064 3208 3119 dicturus
3255 3078 3379 3124 est;
3416 3068 3576 3134 Quam
3599 3068 3766 3121 bonum

520 3180 701 3217 nomen
745 3174 819 3217 est
869 3165 946 3227 ei;
993 3164 1239 3217 exsultate
1268 3163 1319 3216 in
1351 3176 1616 3230 conspeitu
1646 3169 1774 3236 ejus.
1811 3165 2094 3236 Postquam

524 3256 881 3325 pessimorum
944 3272 1129 3325 prenas
1177 3255 1556 3325 justorumque
1603 3258 1821 3325 prmmia
1876 3269 2097 3312 ventura

524 3349 792 3414 narravit,
837 3348 1078 3402 hortatur
1121 3348 1347 3417 populos
1385 3349 1644 3416 propheta
1690 3355 1746 3402 ut
1779 3349 1828 3402 in
1860 3349 1943 3403 his
1978 3365 2098 3418 qua:

522 3440 803 3495 audierant
853 3440 992 3495 fideli
1038 3450 1217 3495 mente
1266 3452 1698 3508 praesumentes,
1759 3440 1941 3494 laudes
1991 3441 2100 3495 Deo

524 3533 827 3606 hymnidica
843 3534 1197 3588 exsultatione
1214 3534 1608 3588 concelebrent.
1628 3532 1808 3587 Cantat
1829 3534 1972 3586 enim
1994 3532 2101 3586 Deo

521 3626 610 3694 qui
661 3624 1166 3692 contemplationem
1219 3624 1339 3691 ejus
1395 3638 1528 3693 puro
1576 3639 1640 3678 ac
1691 3624 1833 3678 fideli
1889 3638 2102 3694 semper

528 3715 707 3770 animo
738 3724 1039 3769 contuetur.
1091 3714 1361 3769 Psalmum
1400 3716 1523 3767 dicit
1576 3715 1770 3768 nomini
1815 3716 1959 3784 ejus,
2009 3715 2099 3783 qui

521 3821 685 3877 opera
716 3809 911 3872 efﬁcit,
944 3823 1062 3878 qua:
1088 3805 1185 3864 ille
1218 3809 1488 3877 praecepit.
1524 3808 1797 3877 Sequitur,
1830 3812 1922 3864 iter
1949 3810 2101 3881 facite

522 3904 589 3967 ei,
627 3904 674 3957 id
705 3914 787 3958 est
834 3902 994 3957 corda
1035 3912 1211 3956 vestra
1257 3903 1536 3973 puriﬁcata
1588 3911 1928 3972 prarparate,
1983 3920 2102 3973 qua:

519 3998 766 4067 dignetur
820 4007 1038 4051 sanctus
1095 3996 1351 4051 Dominus
1392 3997 1643 4061 introire;
1695 3997 1809 4052 sive
1846 3998 2101 4067 praedica-

520 4091 749 4146 tionibus
773 4089 942 4144 beatis
964 4099 1185 4143 cnnctos
1215 4090 1457 4153 imbuite,
1482 4091 1620 4145 sicut
1654 4092 1817 4146 Isaias
1841 4093 2097 4161 pr0phcta

516 4182 645 4235 dicit
677 4198 691 4236 :
736 4180 924 4234 Parate
952 4181 1056 4233 vias
1091 4178 1317 4244 Domini,
1366 4191 1530 4233 rectas
1576 4183 1727 4251 facile
1750 4184 1954 4236 semitas
1987 4187 2100 4254 ejus

517 4268 672 4339 (lsai.
715 4285 803 4335 xc,
836 4270 911 4339 5).
955 4270 1060 4325 Sed
1085 4270 1169 4323 cui
1200 4270 1288 4322 fiat
1329 4269 1469 4323 istud
1499 4272 1594 4324 iter
1621 4271 1872 4338 edicitur,
1904 4276 1992 4343 qui
2017 4292 2101 4326 as-

516 4364 683 4415 cendit
706 4377 855 4432 super
891 4376 1148 4415 occasum.
1175 4362 1415 4415 Ascendit
1450 4364 1631 4431 utique
1667 4363 1918 4419 Dominus
1948 4367 2099 4420 Chri-

2202 3163 2248 3208 et
2298 3170 2449 3220 quam
2488 3156 2777 3223 jucundum
2824 3156 3285 3229 hab'tare’fratres
3340 3164 3391 3214 in
3424 3180 3574 3215 unum
3606 3162 3762 3231 (l’sal.

2201 3260 2398 3309 cxxxn,
2431 3243 2513 3313 1)!
2564 3243 2627 3297 In
2658 3247 2809 3299 domo
2839 3250 2979 3302 enim
3010 3250 3149 3305 illius
3190 3252 3555 3320 ipsihabitant
3597 3256 3677 3320 qui
3715 3268 3766 3306 se

2204 3350 2383 3392 mutua
2419 3339 2683 3394 charitate
2704 3342 3033 3395 consociant.
3070 3344 3135 3397 In
3158 3345 3318 3400 domo
3354 3363 3481 3403 vero
3496 3348 3764 3401 Ecclesium

2202 3432 2488 3501 signiﬁcat.
2522 3432 2801 3503 Sequitur,
2833 3437 2923 3506 qui
2944 3437 3112 3490 educit
3143 3439 3344 3494 vinctos
3385 3443 3439 3494 in
3469 3441 3762 3511 fortitudine.

2204 3521 2301 3576 llic
2341 3522 2625 3577 humanum
2654 3539 2827 3593 genus
2856 3527 3156 3597 signiﬁcat.
3201 3533 3350 3601 quod
3397 3536 3625 3587 vinctum
3668 3533 3768 3597 lege

2206 3613 2409 3681 peccati
2457 3613 2790 3669 fortitudinis
2829 3632 2941 3670 suae
2985 3620 3181 3675 robore
3241 3622 3766 3691 liberavit.'Alligato

2202 3705 2344 3759 enim
2376 3704 2611 3773 diabolo,
2653 3708 2830 3761 eduxit
2858 3710 3047 3763 vinctos
3074 3727 3211 3781 quos
3243 3715 3469 3770 tenebat
3497 3716 3582 3769 ille
3618 3714 3766 3782 capti-

2204 3810 2321 3849 vos.
2373 3797 2513 3851 Bene
2563 3809 2743 3853 autem
2782 3800 2982 3855 dictum
3024 3813 3140 3870 est,
3195 3807 3413 3871 eduxit,
3452 3810 3572 3877 quia
3600 3821 3684 3861 eos
3708 3804 3765 3857 ab

2203 3888 2414 3943 inferno
2457 3890 2689 3945 liberans
2710 3935 2725 3958 ,
2766 3893 2830 3946 ad
2853 3896 3043 3963 gaudia
3089 3900 3243 3963 regni
3274 3900 3517 3955 emit-stis
3543 3898 3765 3954 elevavit.

2277 3980 2425 4037 Vers.
2455 3982 2507 4036 8.
2553 3982 2805 4037 Similiter
2845 4001 2930 4037 eos
2958 3988 3047 4054 qui
3076 3988 3131 4041 in
3181 3989 3317 4043 iram
3364 4001 3664 4059 prouocant,
3693 3988 3768 4058 qui

2205 4073 2438 4127 habitant
2483 4075 2536 4128 in
2576 4076 2839 4145 sepulcris.
2876 4078 3168 4134 l‘lnutnerat
3213 4083 3395 4141 adhuc
3434 4100 3566 4153 quos
3609 4083 3766 4137 educit

2204 4165 2411 4219 tinctos
2467 4167 2520 4221 in
2575 4167 2885 4223 fortitudine
2927 4186 3044 4226 sua.
3078 4170 3140 4224 In
3171 4175 3307 4239 iram
3339 4177 3483 4230 enim
3518 4180 3767 4245 prouocant

2203 4255 2511 4321 Dominum,
2545 4258 2840 4327 blasphemi
2881 4271 2933 4314 ct
2975 4265 3206 4329 pessima
3265 4282 3327 4321 se
3378 4267 3766 4329 conversatione

2205 4355 2516 4401 tractantes.
2560 4349 2660 4415 Ipsi
2698 4360 2821 4403 sunt
2853 4352 3049 4422 quippe
3088 4358 3173 4422 qui
3220 4357 3329 4409 vivi
3362 4359 3589 4410 habitant
3625 4357 3672 4408 in
3699 4368 3767 4405 se-

520 4464 637 4507 stus
656 4467 807 4521 super
830 4466 1066 4504 occasum
1087 4466 1115 4504 a
1145 4453 1366 4505 mortuis
1388 4454 1739 4522 resurgendo,
1761 4464 1817 4509 ut
1832 4458 2091 4525 captivam

2203 4438 2418 4507 pulcris,
2446 4438 2497 4491 id
2527 4449 2606 4492 est
2636 4442 2721 4510 qui
2770 4441 2821 4495 in
2850 4443 3006 4498 fetida
3041 4454 3093 4499 et
3118 4449 3329 4502 carnali
3360 4452 3572 4504 actione
3597 4445 3765 4514 sepulti

517 4541 739 4595 duceret
784 4548 1022 4593 nostram
1063 4542 1462 4609 captivitatem,
1493 4552 1547 4597 et
1577 4560 1722 4599 mors
1765 4547 2091 4616 relinqueret

519 4631 739 4696 liberos,
779 4645 913 4701 quos
938 4633 1174 4699 peccatis
1203 4632 1544 4709 alligantibus
1573 4636 1786 4689 tenebat
1810 4636 2089 4691 obnoxios.

518 4722 750 4778 Necesse
796 4724 939 4777 enim
983 4722 1084 4778 fuit
1130 4734 1187 4779 ut
1227 4741 1434 4780 occasus
1474 4727 1791 4783 tenebrosus
1843 4729 2091 4797 cedet-et,

516 4830 680 4882 super
704 4829 858 4883 quem
890 4814 981 4870 Sol
1021 4815 1249 4885 justitite
1288 4817 1610 4883 probabatur
1648 4829 1887 4874 exortus.
1922 4820 1987 4875 Et
2030 4836 2096 4878 ne

515 4910 634 4975 quis
680 4909 1010 4978 ambigeret,
1048 4912 1161 4979 quis
1200 4912 1424 4965 ascendit
1452 4930 1604 4982 super
1633 4930 1886 4982 occasum,
1918 4915 2047 4971 dicit
2080 4934 2093 4972 :

434 5002 439 5007 ”
518 4998 767 5053 Dominus
796 5016 975 5054 nomen
1001 5011 1072 5054 est
1104 5004 1149 5055 ei
1168 5043 1181 5064 ,
1216 5011 1273 5058 ut
1302 5020 1459 5058 nemo
1490 5006 1749 5059 dubitaret
1784 5006 1945 5062 Deum
1978 5022 2099 5063 esse

520 5090 794 5143 Dominum
826 5092 1196 5159 Salvatorem,
1253 5111 1411 5160 quem
1467 5095 1681 5150 nefandi
1731 5096 1902 5152 Juvimi
1953 5099 2096 5154 velut

516 5198 853 5235 communem
890 5182 1157 5238 hominem
1195 5186 1565 5239 trucidandum
1593 5202 1712 5243 esse
1744 5198 2088 5257 putaverunt.

517 5272 802 5341 Sequitur,
844 5279 1093 5325 exsulate
1132 5276 1183 5327 in
1238 5288 1507 5344 conspectu
1553 5280 1697 5347 ejus;
1726 5293 1830 5331 non
1861 5278 1913 5332 in
1962 5296 2097 5349 pra--

514 5363 684 5416 scntia
716 5360 1021 5427 hominum,
1057 5364 1143 5416 uhi
1175 5375 1258 5417 est
1284 5365 1483 5418 eadnca
1518 5366 1696 5418 Iretitia
1717 5408 1729 5431 ,
1772 5368 1863 5421 st'd
1896 5368 1945 5421 in
1975 5386 2096 5423 con—

511 5463 684 5521 spectu
707 5456 849 5524 ejus,
883 5453 968 5506 ubi
1010 5451 1208 5523 jngiter
1249 5469 1308 5508 se
1348 5456 1550 5523 puritas
1584 5457 1776 5511 mentis
1822 5459 2089 5525 oblectat;

514 5550 567 5594 et
593 5543 857 5608 quaslibet
903 5543 987 5597 hic
1018 5560 1287 5598 arruinnas
1333 5546 1601 5613 patiatur,
1654 5549 2090 5607 consideratione

516 5630 676 5689 futuri
704 5632 909 5704 pracinii
936 5647 1147 5706 semper
1178 5634 1426 5707 erigitur.

2202 4539 2327 4583 sunt
2362 4547 2374 4582 :
2405 4530 2470 4584 de
2503 4532 2695 4598 quibus
2724 4535 2866 4587 etin
2915 4535 3023 4588 alio
3051 4536 3167 4591 loco
3198 4540 3409 4593 dictum
3439 4550 3522 4595 est
3550 4558 3563 4591 :
3595 4536 3766 4605 Sepul-

2200 4636 2342 4673 crum
2368 4630 2547 4690 pateus
2573 4633 2644 4674 est
2672 4635 2846 4692 guttur
2870 4640 3043 4678 eorum
3070 4624 3244 4697 (Psal.
3281 4645 3338 4694 v,
3375 4633 3488 4700 il).
3513 4630 3634 4683 Nam
3658 4627 3671 4679 ι
3693 4634 3768 4677 cet

2203 4724 2440 4767 mortuos
2490 4714 2759 4768 visualiter
2807 4718 3186 4786 suscitaverit,
3254 4721 3552 4775 humanum
3606 4728 3761 4769 tamen

2204 4819 2372 4874 genus
2409 4803 2474 4858 de
2510 4806 2774 4874 sepulcris
2813 4809 3045 4877 eripuit,
3094 4813 3318 4876 quando
3361 4813 3444 4867 eis
3480 4823 3572 4881 per
3604 4817 3765 4861 veram

2205 4898 2363 4953 fidem
2394 4898 2513 4952 vitre
2546 4899 2734 4969 gaudia
2762 4901 2938 4953 votiva
2968 4903 3222 4956 restituit.

2275 4988 2426 5043 Vers.
2461 4988 2513 5042 9.
2550 4989 2685 5042 Deus
2708 5032 2722 5055 ,
2757 5006 2869 5044 cum
2898 4992 3211 5061 egredereris
3242 5011 3426 5049 eorum
3454 4992 3638 5065 papula
3664 4998 3764 5051 tuo;

2202 5082 2324 5135 dum
2354 5085 2778 5153 trunsgredereris
2808 5087 2860 5137 in
2909 5087 3125 5139 deserto.
3180 5088 3529 5157 .Inngendum
3556 5096 3634 5140 est
3662 5083 3767 5136 huic

2202 5174 2403 5239 versui,
2430 5176 2787 5243 cognosceris.
2820 5177 3009 5230 Adhuc
3031 5177 3175 5232 enini
3227 5177 3283 5231 in
3315 5176 3638 5248 Operationis
3663 5171 3765 5241 ejus

2204 5265 2446 5320 laudibus
2476 5278 2799 5335 perseverat.
2822 5266 3071 5338 Egressus
3099 5279 3172 5322 est
3202 5272 3428 5339 quidem
3454 5271 3587 5325 Deus
3613 5279 3765 5319 coram

2205 5359 2395 5426 populo
2440 5359 2749 5424 lsraelitico,
2802 5360 2926 5414 dum
2971 5361 3021 5414 in
3068 5362 3331 5417 columna
3360 5363 3496 5434 ignis
3522 5355 3761 5430 apparuit.

2202 5455 2325 5509 dum
2359 5455 2411 5507 in
2440 5454 2652 5509 deserto
2701 5468 2794 5509 eos
2834 5470 3047 5509 manune
3091 5456 3349 5525 largitate
3400 5454 3626 5511 satiavit.
3671 5445 3762 5503 Sed

2201 5550 2301 5602 hoc
2331 5547 2521 5601 melius
2550 5547 2616 5601 ad
2651 5548 2901 5616 p0pulum
2928 5548 3148 5617 respicit
3181 5549 3573 5603 Christianum.
3618 5541 3761 5613 Egre'

2199 5640 2333 5692 ditur
2358 5637 2500 5695 enim
2531 5654 2702 5693 caram
2745 5639 2938 5711 papula
2958 5682 2973 5709 ,
3001 5640 3223 5711 quando
3262 5641 3443 5696 educit
3494 5638 3685 5694 vinctos
3713 5630 3760 5685 in
