  <div class='ocr_page' id='page_1' title='image "/cluster/home/n/w/nwhite01/storage/ocr_20150623/70/hvd.32044054758735/238.png"; bbox 0 0 3956 6178; ppageno 0'>
   <div class='ocr_carea' id='block_1_1' title="bbox 202 430 288 481">
    <p class='ocr_par' dir='ltr' id='par_1_1' title="bbox 202 430 288 481">
     <span class='ocr_line' id='line_1_1' title="bbox 202 430 288 481; baseline 0 0"><span class='ocrx_word' id='word_1_1' title='bbox 202 430 288 481; x_wconf 56' lang='lat'><strong>.165</strong></span> 
     </span>
    </p>
   </div>
   <div class='ocr_carea' id='block_1_2' title="bbox 1071 424 2509 482">
    <p class='ocr_par' dir='ltr' id='par_1_2' title="bbox 1071 424 2509 482">
     <span class='ocr_line' id='line_1_2' title="bbox 1071 424 2509 482; baseline 0.002 -4"><span class='ocrx_word' id='word_1_2' title='bbox 1071 424 1428 482; x_wconf 73' lang='lat' dir='ltr'><strong>EXPOSlTlO</strong></span> <span class='ocrx_word' id='word_1_3' title='bbox 1467 426 1529 481; x_wconf 76' lang='grc' dir='ltr'><strong>ΙΝ</strong></span> <span class='ocrx_word' id='word_1_4' title='bbox 1571 424 2028 481; x_wconf 75' lang='lat' dir='ltr'><strong>PSALTERIUM.</strong></span> <span class='ocrx_word' id='word_1_5' title='bbox 2074 424 2260 481; x_wconf 82' lang='lat' dir='ltr'><strong>PSAL.</strong></span> <span class='ocrx_word' id='word_1_6' title='bbox 2303 426 2509 481; x_wconf 74' lang='lat' dir='ltr'><strong>LXVII.</strong></span> 
     </span>
    </p>
   </div>
   <div class='ocr_carea' id='block_1_3' title="bbox 3344 426 3447 484">
    <p class='ocr_par' dir='ltr' id='par_1_3' title="bbox 3344 426 3447 484">
     <span class='ocr_line' id='line_1_3' title="bbox 3344 426 3447 484; baseline 0.01 -1"><span class='ocrx_word' id='word_1_7' title='bbox 3344 426 3447 484; x_wconf 66' lang='lat'><strong>468</strong></span> 
     </span>
    </p>
   </div>
   <div class='ocr_carea' id='block_1_4' title="bbox 198 536 3449 611">
    <p class='ocr_par' dir='ltr' id='par_1_4' title="bbox 198 536 3449 611">
     <span class='ocr_line' id='line_1_4' title="bbox 198 536 3449 611; baseline 0.002 -21"><span class='ocrx_word' id='word_1_8' title='bbox 198 536 497 590; x_wconf 80' lang='lat' dir='ltr'><strong>fortitudine</strong></span> <span class='ocrx_word' id='word_1_9' title='bbox 536 552 661 599; x_wconf 87' lang='lat' dir='ltr'><strong>sua;</strong></span> <span class='ocrx_word' id='word_1_10' title='bbox 695 537 908 606; x_wconf 65' lang='lat' dir='ltr'><strong>quando</strong></span> <span class='ocrx_word' id='word_1_11' title='bbox 948 538 1334 592; x_wconf 86' lang='lat' dir='ltr'><strong>resuscitantnr</strong></span> <span class='ocrx_word' id='word_1_12' title='bbox 1363 538 1449 607; x_wconf 86' lang='lat' dir='ltr'><strong>qui</strong></span> <span class='ocrx_word' id='word_1_13' title='bbox 1493 537 1546 590; x_wconf 85' lang='lat' dir='ltr'><strong>in</strong></span> <span class='ocrx_word' id='word_1_14' title='bbox 1594 536 1765 604; x_wconf 82' lang='lat' dir='ltr'><strong>sepul-</strong></span> <span class='ocrx_word' id='word_1_15' title='bbox 1798 539 1842 595; x_wconf 81' lang='grc' dir='ltr'><strong>Α</strong></span> <span class='ocrx_word' id='word_1_16' title='bbox 1870 551 2183 590; x_wconf 80' lang='lat' dir='ltr'><strong>Concessum</strong></span> <span class='ocrx_word' id='word_1_17' title='bbox 2214 546 2317 592; x_wconf 87' lang='lat' dir='ltr'><strong>est.</strong></span> <span class='ocrx_word' id='word_1_18' title='bbox 2348 539 2477 591; x_wconf 84' lang='lat' dir='ltr'><strong>Nam</strong></span> <span class='ocrx_word' id='word_1_19' title='bbox 2510 538 2678 606; x_wconf 84' lang='lat' dir='ltr'><strong>ipsum</strong></span> <span class='ocrx_word' id='word_1_20' title='bbox 2706 554 2917 609; x_wconf 86' lang='lat' dir='ltr'><strong>quoque</strong></span> <span class='ocrx_word' id='word_1_21' title='bbox 2944 540 3290 611; x_wconf 82' lang='lat' dir='ltr'><strong>Evangeliutn</strong></span> <span class='ocrx_word' id='word_1_22' title='bbox 3319 546 3449 597; x_wconf 78' lang='lat' dir='ltr'><strong>mul-</strong></span> 
     </span>
    </p>
   </div>
   <div class='ocr_carea' id='block_1_5' title="bbox 197 626 1763 696">
    <p class='ocr_par' dir='ltr' id='par_1_5' title="bbox 197 626 1763 696">
     <span class='ocr_line' id='line_1_5' title="bbox 197 626 1763 696; baseline -0.001 -16"><span class='ocrx_word' id='word_1_23' title='bbox 197 629 286 681; x_wconf 80' lang='lat' dir='ltr'><strong>rris</strong></span> <span class='ocrx_word' id='word_1_24' title='bbox 314 628 567 680; x_wconf 77' lang='lat' dir='ltr'><strong>habitant.</strong></span> <span class='ocrx_word' id='word_1_25' title='bbox 616 629 791 696; x_wconf 71' lang='lat' dir='ltr'><strong>Ipsum</strong></span> <span class='ocrx_word' id='word_1_26' title='bbox 823 628 963 682; x_wconf 91' lang='lat' dir='ltr'><strong>enim</strong></span> <span class='ocrx_word' id='word_1_27' title='bbox 998 640 1284 682; x_wconf 88' lang='lat' dir='ltr'><strong>contuetur</strong></span> <span class='ocrx_word' id='word_1_28' title='bbox 1314 630 1504 693; x_wconf 80' lang='lat' dir='ltr'><strong>ﬁdelis,</strong></span> <span class='ocrx_word' id='word_1_29' title='bbox 1551 626 1763 696; x_wconf 79' lang='lat' dir='ltr'><strong>quando</strong></span> 
     </span>
    </p>
   </div>
   <div class='ocr_carea' id='block_1_6' title="bbox 198 719 1765 789">
    <p class='ocr_par' dir='ltr' id='par_1_6' title="bbox 198 719 1765 789">
     <span class='ocr_line' id='line_1_6' title="bbox 198 719 1765 789; baseline -0.001 -19"><span class='ocrx_word' id='word_1_30' title='bbox 198 720 244 771; x_wconf 89' lang='lat' dir='ltr'><strong>itt</strong></span> <span class='ocrx_word' id='word_1_31' title='bbox 293 719 546 785; x_wconf 81' lang='lat' dir='ltr'><strong>operibus</strong></span> <span class='ocrx_word' id='word_1_32' title='bbox 580 720 787 787; x_wconf 77' lang='lat' dir='ltr'><strong>magnis</strong></span> <span class='ocrx_word' id='word_1_33' title='bbox 818 720 933 787; x_wconf 87' lang='lat' dir='ltr'><strong>ejus</strong></span> <span class='ocrx_word' id='word_1_34' title='bbox 976 720 1219 786; x_wconf 79' lang='lat' dir='ltr'><strong>pietatem</strong></span> <span class='ocrx_word' id='word_1_35' title='bbox 1255 719 1651 789; x_wconf 86' lang='lat' dir='ltr'><strong>potentiamque</strong></span> <span class='ocrx_word' id='word_1_36' title='bbox 1678 731 1765 771; x_wconf 80' lang='lat' dir='ltr'><strong>co-</strong></span> 
     </span>
    </p>
   </div>
   <div class='ocr_carea' id='block_1_7' title="bbox 195 808 1763 881">
    <p class='ocr_par' dir='ltr' id='par_1_7' title="bbox 195 808 1763 881">
     <span class='ocr_line' id='line_1_7' title="bbox 195 808 1763 881; baseline 0.001 -22"><span class='ocrx_word' id='word_1_37' title='bbox 195 810 415 877; x_wconf 77' lang='lat' dir='ltr'><strong>gnoscit.</strong></span> <span class='ocrx_word' id='word_1_38' title='bbox 442 810 809 881; x_wconf 78' lang='lat' dir='ltr'><strong>Transgressus</strong></span> <span class='ocrx_word' id='word_1_39' title='bbox 840 822 912 863; x_wconf 81' lang='lat' dir='ltr'><strong>est</strong></span> <span class='ocrx_word' id='word_1_40' title='bbox 941 812 1098 864; x_wconf 85' lang='lat' dir='ltr'><strong>etiam</strong></span> <span class='ocrx_word' id='word_1_41' title='bbox 1130 813 1182 863; x_wconf 89' lang='lat' dir='ltr'><strong>iu</strong></span> <span class='ocrx_word' id='word_1_42' title='bbox 1208 814 1426 876; x_wconf 84' lang='lat' dir='ltr'><strong>deserto,</strong></span> <span class='ocrx_word' id='word_1_43' title='bbox 1461 808 1672 879; x_wconf 85' lang='lat' dir='ltr'><strong>quando</strong></span> <span class='ocrx_word' id='word_1_44' title='bbox 1702 809 1763 860; x_wconf 89' lang='lat' dir='ltr'><strong>ad</strong></span> 
     </span>
    </p>
   </div>
   <div class='ocr_carea' id='block_1_8' title="bbox 197 902 1769 971">
    <p class='ocr_par' dir='ltr' id='par_1_8' title="bbox 197 902 1769 971">
     <span class='ocr_line' id='line_1_8' title="bbox 197 902 1769 971; baseline -0.003 -19"><span class='ocrx_word' id='word_1_45' title='bbox 197 910 375 966; x_wconf 65' lang='lat' dir='ltr'><strong>gentes</strong></span> <span class='ocrx_word' id='word_1_46' title='bbox 404 902 570 961; x_wconf 87' lang='lat' dir='ltr'><strong>venit,</strong></span> <span class='ocrx_word' id='word_1_47' title='bbox 607 902 669 952; x_wconf 85' lang='lat' dir='ltr'><strong>ad</strong></span> <span class='ocrx_word' id='word_1_48' title='bbox 703 918 832 970; x_wconf 65' lang='lat' dir='ltr'><strong>quas</strong></span> <span class='ocrx_word' id='word_1_49' title='bbox 858 902 1125 971; x_wconf 69' lang='lat' dir='ltr'><strong>poplteta</strong></span> <span class='ocrx_word' id='word_1_50' title='bbox 1156 903 1332 955; x_wconf 73' lang='lat' dir='ltr'><strong>nullus</strong></span> <span class='ocrx_word' id='word_1_51' title='bbox 1360 902 1617 964; x_wconf 76' lang='lat' dir='ltr'><strong>accessit;</strong></span> <span class='ocrx_word' id='word_1_52' title='bbox 1649 915 1769 969; x_wconf 73' lang='lat' dir='ltr'><strong>qum</strong></span> 
     </span>
    </p>
   </div>
   <div class='ocr_carea' id='block_1_9' title="bbox 200 989 1769 1047">
    <p class='ocr_par' dir='ltr' id='par_1_9' title="bbox 200 989 1769 1047">
     <span class='ocr_line' id='line_1_9' title="bbox 200 989 1769 1047; baseline 0.004 -10"><span class='ocrx_word' id='word_1_53' title='bbox 200 992 335 1042; x_wconf 80' lang='lat' dir='ltr'><strong>velut</strong></span> <span class='ocrx_word' id='word_1_54' title='bbox 383 1005 595 1043; x_wconf 88' lang='lat' dir='ltr'><strong>eretnus</strong></span> <span class='ocrx_word' id='word_1_55' title='bbox 626 990 862 1044; x_wconf 83' lang='lat' dir='ltr'><strong>desolata</strong></span> <span class='ocrx_word' id='word_1_56' title='bbox 895 1009 921 1041; x_wconf 87' lang='lat' dir='ltr'><strong>:t</strong></span> <span class='ocrx_word' id='word_1_57' title='bbox 954 994 1114 1047; x_wconf 83' lang='lat' dir='ltr'><strong>vetbo</strong></span> <span class='ocrx_word' id='word_1_58' title='bbox 1164 992 1367 1046; x_wconf 63' lang='lat' dir='ltr'><strong>Doluini</strong></span> <span class='ocrx_word' id='word_1_59' title='bbox 1415 989 1769 1045; x_wconf 71' lang='lat' dir='ltr'><strong>reddebantur</strong></span> 
     </span>
    </p>
   </div>
   <div class='ocr_carea' id='block_1_10' title="bbox 205 1086 412 1135">
    <p class='ocr_par' dir='ltr' id='par_1_10' title="bbox 205 1086 412 1135">
     <span class='ocr_line' id='line_1_10' title="bbox 205 1086 412 1135; baseline 0 -2"><span class='ocrx_word' id='word_1_60' title='bbox 205 1086 315 1133; x_wconf 66' lang='lat' dir='ltr'><strong>alie.</strong></span> <span class='ocrx_word' id='word_1_61' title='bbox 345 1100 412 1135; x_wconf 70' lang='lat' dir='ltr'><strong>ae.</strong></span> 
     </span>
    </p>
   </div>
   <div class='ocr_carea' id='block_1_11' title="bbox 263 1173 1769 1241">
    <p class='ocr_par' dir='ltr' id='par_1_11' title="bbox 263 1173 1769 1241">
     <span class='ocr_line' id='line_1_11' title="bbox 263 1173 1769 1241; baseline 0.001 -13"><span class='ocrx_word' id='word_1_62' title='bbox 263 1173 421 1228; x_wconf 77' lang='lat' dir='ltr'><strong>Vers.</strong></span> <span class='ocrx_word' id='word_1_63' title='bbox 456 1174 541 1228; x_wconf 84' lang='lat' dir='ltr'><strong>l0.</strong></span> <span class='ocrx_word' id='word_1_64' title='bbox 576 1174 737 1228; x_wconf 84' lang='lat' dir='ltr'><strong><em>Terra</em></strong></span> <span class='ocrx_word' id='word_1_65' title='bbox 764 1186 896 1227; x_wconf 89' lang='lat' dir='ltr'><strong>mota</strong></span> <span class='ocrx_word' id='word_1_66' title='bbox 924 1185 997 1229; x_wconf 86' lang='lat' dir='ltr'><strong>est</strong></span> <span class='ocrx_word' id='word_1_67' title='bbox 1008 1194 1028 1241; x_wconf 86' lang='lat'><strong><em>;</em></strong></span> <span class='ocrx_word' id='word_1_68' title='bbox 1056 1177 1236 1230; x_wconf 87' lang='lat' dir='ltr'><strong>etenim</strong></span> <span class='ocrx_word' id='word_1_69' title='bbox 1262 1177 1373 1230; x_wconf 72' lang='lat' dir='ltr'><strong>(teli</strong></span> <span class='ocrx_word' id='word_1_70' title='bbox 1393 1176 1769 1231; x_wconf 79' lang='lat' dir='ltr'><strong>distillaveruut</strong></span> 
     </span>
    </p>
   </div>
   <div class='ocr_carea' id='block_1_12' title="bbox 201 1263 1771 1337">
    <p class='ocr_par' dir='ltr' id='par_1_12' title="bbox 201 1263 1771 1337">
     <span class='ocr_line' id='line_1_12' title="bbox 201 1263 1771 1337; baseline 0.006 -26"><span class='ocrx_word' id='word_1_71' title='bbox 201 1280 224 1311; x_wconf 89' lang='lat' dir='ltr'><strong>a</strong></span> <span class='ocrx_word' id='word_1_72' title='bbox 260 1264 397 1333; x_wconf 71' lang='lat' dir='ltr'><strong>facie</strong></span> <span class='ocrx_word' id='word_1_73' title='bbox 441 1263 551 1327; x_wconf 61' lang='lat' dir='ltr'><strong>Dei,</strong></span> <span class='ocrx_word' id='word_1_74' title='bbox 586 1282 728 1318; x_wconf 88' lang='lat' dir='ltr'><strong>mons</strong></span> <span class='ocrx_word' id='word_1_75' title='bbox 772 1265 902 1319; x_wconf 84' lang='lat' dir='ltr'><strong>Sina</strong></span> <span class='ocrx_word' id='word_1_76' title='bbox 928 1283 959 1317; x_wconf 93' lang='lat' dir='ltr'><strong>a</strong></span> <span class='ocrx_word' id='word_1_77' title='bbox 991 1267 1123 1333; x_wconf 73' lang='lat' dir='ltr'><strong>facie</strong></span> <span class='ocrx_word' id='word_1_78' title='bbox 1153 1266 1243 1319; x_wconf 90' lang='lat' dir='ltr'><strong>Dei</strong></span> <span class='ocrx_word' id='word_1_79' title='bbox 1270 1265 1454 1320; x_wconf 83' lang='lat' dir='ltr'><strong>Israel.</strong></span> <span class='ocrx_word' id='word_1_80' title='bbox 1489 1267 1771 1337; x_wconf 86' lang='lat' dir='ltr'><strong>lntcrjecto</strong></span> 
     </span>
    </p>
   </div>
   <div class='ocr_carea' id='block_1_13' title="bbox 200 1354 1769 1426">
    <p class='ocr_par' dir='ltr' id='par_1_13' title="bbox 200 1354 1769 1426">
     <span class='ocr_line' id='line_1_13' title="bbox 200 1354 1769 1426; baseline 0.005 -23"><span class='ocrx_word' id='word_1_81' title='bbox 200 1354 565 1419; x_wconf 71' lang='lat' dir='ltr'><strong>diapsalmate,</strong></span> <span class='ocrx_word' id='word_1_82' title='bbox 592 1356 727 1408; x_wconf 80' lang='lat' dir='ltr'><strong>venit</strong></span> <span class='ocrx_word' id='word_1_83' title='bbox 754 1356 818 1407; x_wconf 88' lang='lat' dir='ltr'><strong>ad</strong></span> <span class='ocrx_word' id='word_1_84' title='bbox 847 1356 1137 1409; x_wconf 89' lang='lat' dir='ltr'><strong>secundum</strong></span> <span class='ocrx_word' id='word_1_85' title='bbox 1171 1358 1493 1426; x_wconf 79' lang='lat' dir='ltr'><strong>ingressum,</strong></span> <span class='ocrx_word' id='word_1_86' title='bbox 1526 1358 1615 1411; x_wconf 84' lang='lat' dir='ltr'><strong>tibi</strong></span> <span class='ocrx_word' id='word_1_87' title='bbox 1648 1374 1769 1412; x_wconf 87' lang='lat' dir='ltr'><strong>emt-</strong></span> 
     </span>
    </p>
   </div>
   <div class='ocr_carea' id='block_1_14' title="bbox 206 1444 1766 1513">
    <p class='ocr_par' dir='ltr' id='par_1_14' title="bbox 206 1444 1766 1513">
     <span class='ocr_line' id='line_1_14' title="bbox 206 1444 1766 1513; baseline 0.004 -22"><span class='ocrx_word' id='word_1_88' title='bbox 206 1452 373 1495; x_wconf 75' lang='lat' dir='ltr'><strong>iuerat</strong></span> <span class='ocrx_word' id='word_1_89' title='bbox 396 1458 515 1510; x_wconf 65' lang='lat' dir='ltr'><strong>quae</strong></span> <span class='ocrx_word' id='word_1_90' title='bbox 549 1444 842 1497; x_wconf 88' lang='lat' dir='ltr'><strong>lsraclitico</strong></span> <span class='ocrx_word' id='word_1_91' title='bbox 865 1446 1059 1513; x_wconf 88' lang='lat' dir='ltr'><strong>populo</strong></span> <span class='ocrx_word' id='word_1_92' title='bbox 1087 1448 1253 1500; x_wconf 89' lang='lat' dir='ltr'><strong>virtus</strong></span> <span class='ocrx_word' id='word_1_93' title='bbox 1277 1447 1451 1499; x_wconf 85' lang='lat' dir='ltr'><strong>divina</strong></span> <span class='ocrx_word' id='word_1_94' title='bbox 1483 1448 1766 1501; x_wconf 86' lang='lat' dir='ltr'><strong>concessit.</strong></span> 
     </span>
    </p>
   </div>
   <div class='ocr_carea' id='block_1_15' title="bbox 205 1532 1769 1601">
    <p class='ocr_par' dir='ltr' id='par_1_15' title="bbox 205 1532 1769 1601">
     <span class='ocr_line' id='line_1_15' title="bbox 205 1532 1769 1601; baseline 0.004 -17"><span class='ocrx_word' id='word_1_95' title='bbox 205 1532 356 1585; x_wconf 69' lang='lat' dir='ltr'><strong>Terra</strong></span> <span class='ocrx_word' id='word_1_96' title='bbox 388 1543 523 1585; x_wconf 87' lang='lat' dir='ltr'><strong>mota</strong></span> <span class='ocrx_word' id='word_1_97' title='bbox 556 1544 648 1601; x_wconf 81' lang='lat' dir='ltr'><strong>est,</strong></span> <span class='ocrx_word' id='word_1_98' title='bbox 683 1536 733 1588; x_wconf 90' lang='lat' dir='ltr'><strong>id</strong></span> <span class='ocrx_word' id='word_1_99' title='bbox 766 1547 846 1589; x_wconf 89' lang='lat' dir='ltr'><strong>est</strong></span> <span class='ocrx_word' id='word_1_100' title='bbox 894 1536 1091 1589; x_wconf 87' lang='lat' dir='ltr'><strong>terreni</strong></span> <span class='ocrx_word' id='word_1_101' title='bbox 1137 1536 1382 1591; x_wconf 83' lang='lat' dir='ltr'><strong>homines</strong></span> <span class='ocrx_word' id='word_1_102' title='bbox 1408 1536 1635 1591; x_wconf 88' lang='lat' dir='ltr'><strong>videndo</strong></span> <span class='ocrx_word' id='word_1_103' title='bbox 1666 1547 1769 1590; x_wconf 88' lang='lat' dir='ltr'><strong>tam</strong></span> 
     </span>
    </p>
   </div>
   <div class='ocr_carea' id='block_1_16' title="bbox 204 1625 1771 1692">
    <p class='ocr_par' dir='ltr' id='par_1_16' title="bbox 204 1625 1771 1692">
     <span class='ocr_line' id='line_1_16' title="bbox 204 1625 1771 1692; baseline 0.004 -18"><span class='ocrx_word' id='word_1_104' title='bbox 204 1640 390 1692; x_wconf 74' lang='lat' dir='ltr'><strong>uagna</strong></span> <span class='ocrx_word' id='word_1_105' title='bbox 431 1627 686 1678; x_wconf 87' lang='lat' dir='ltr'><strong>miracula</strong></span> <span class='ocrx_word' id='word_1_106' title='bbox 741 1626 1099 1680; x_wconf 82' lang='lat' dir='ltr'><strong>crediderunt.</strong></span> <span class='ocrx_word' id='word_1_107' title='bbox 1156 1625 1278 1680; x_wconf 50' lang='grc' dir='ltr'><strong>(Σοέιὶ</strong></span> <span class='ocrx_word' id='word_1_108' title='bbox 1328 1627 1698 1680; x_wconf 83' lang='lat' dir='ltr'><strong>distillaverunt</strong></span> <span class='ocrx_word' id='word_1_109' title='bbox 1740 1645 1771 1680; x_wconf 91' lang='lat' dir='ltr'><strong>a</strong></span> 
     </span>
    </p>
   </div>
   <div class='ocr_carea' id='block_1_17' title="bbox 203 1713 1769 1783">
    <p class='ocr_par' dir='ltr' id='par_1_17' title="bbox 203 1713 1769 1783">
     <span class='ocr_line' id='line_1_17' title="bbox 203 1713 1769 1783; baseline 0.004 -21"><span class='ocrx_word' id='word_1_110' title='bbox 203 1718 331 1782; x_wconf 45' lang='lat' dir='ltr'><strong>{acie</strong></span> <span class='ocrx_word' id='word_1_111' title='bbox 383 1713 510 1776; x_wconf 83' lang='lat' dir='ltr'><strong>Dei,</strong></span> <span class='ocrx_word' id='word_1_112' title='bbox 558 1717 771 1783; x_wconf 89' lang='lat' dir='ltr'><strong>quando</strong></span> <span class='ocrx_word' id='word_1_113' title='bbox 822 1718 874 1770; x_wconf 93' lang='lat' dir='ltr'><strong>in</strong></span> <span class='ocrx_word' id='word_1_114' title='bbox 921 1718 1090 1770; x_wconf 79' lang='lat' dir='ltr'><strong>vicem</strong></span> <span class='ocrx_word' id='word_1_115' title='bbox 1133 1717 1521 1772; x_wconf 73' lang='lat' dir='ltr'><strong>stillicidiorum</strong></span> <span class='ocrx_word' id='word_1_116' title='bbox 1578 1734 1769 1772; x_wconf 78' lang='lat' dir='ltr'><strong>manna</strong></span> 
     </span>
    </p>
   </div>
   <div class='ocr_carea' id='block_1_18' title="bbox 199 1807 1772 1879">
    <p class='ocr_par' dir='ltr' id='par_1_18' title="bbox 199 1807 1772 1879">
     <span class='ocr_line' id='line_1_18' title="bbox 199 1807 1772 1879; baseline 0.004 -22"><span class='ocrx_word' id='word_1_117' title='bbox 199 1807 473 1860; x_wconf 83' lang='lat' dir='ltr'><strong>descendit</strong></span> <span class='ocrx_word' id='word_1_118' title='bbox 515 1823 547 1860; x_wconf 83' lang='grc' dir='ltr'><em>α</em></span> <span class='ocrx_word' id='word_1_119' title='bbox 576 1809 707 1877; x_wconf 81' lang='lat' dir='ltr'><strong>facie</strong></span> <span class='ocrx_word' id='word_1_120' title='bbox 753 1808 846 1861; x_wconf 95' lang='lat' dir='ltr'><strong>Dei</strong></span> <span class='ocrx_word' id='word_1_121' title='bbox 873 1849 887 1873; x_wconf 89' lang='lat'><strong>,</strong></span> <span class='ocrx_word' id='word_1_122' title='bbox 918 1810 1041 1877; x_wconf 86' lang='lat' dir='ltr'><strong>quia</strong></span> <span class='ocrx_word' id='word_1_123' title='bbox 1083 1824 1175 1876; x_wconf 85' lang='lat' dir='ltr'><strong>per</strong></span> <span class='ocrx_word' id='word_1_124' title='bbox 1208 1811 1507 1865; x_wconf 86' lang='lat' dir='ltr'><strong>columnam</strong></span> <span class='ocrx_word' id='word_1_125' title='bbox 1547 1811 1683 1879; x_wconf 79' lang='lat' dir='ltr'><strong>ignis</strong></span> <span class='ocrx_word' id='word_1_126' title='bbox 1710 1827 1772 1864; x_wconf 85' lang='lat' dir='ltr'><strong>ac</strong></span> 
     </span>
    </p>
   </div>
   <div class='ocr_carea' id='block_1_19' title="bbox 1869 629 3451 702">
    <p class='ocr_par' dir='ltr' id='par_1_19' title="bbox 1869 629 3451 702">
     <span class='ocr_line' id='line_1_19' title="bbox 1869 629 3451 702; baseline 0.004 -21"><span class='ocrx_word' id='word_1_127' title='bbox 1869 638 2035 681; x_wconf 83' lang='lat' dir='ltr'><strong>larunt</strong></span> <span class='ocrx_word' id='word_1_128' title='bbox 2066 636 2277 682; x_wconf 88' lang='lat' dir='ltr'><strong>constat</strong></span> <span class='ocrx_word' id='word_1_129' title='bbox 2304 642 2422 683; x_wconf 89' lang='lat' dir='ltr'><strong>esse</strong></span> <span class='ocrx_word' id='word_1_130' title='bbox 2452 630 2711 682; x_wconf 84' lang='lat' dir='ltr'><strong>virtutum.</strong></span> <span class='ocrx_word' id='word_1_131' title='bbox 2743 629 2876 696; x_wconf 85' lang='lat' dir='ltr'><strong>Quid</strong></span> <span class='ocrx_word' id='word_1_132' title='bbox 2906 630 3045 683; x_wconf 86' lang='lat' dir='ltr'><strong>enim</strong></span> <span class='ocrx_word' id='word_1_133' title='bbox 3076 633 3263 701; x_wconf 80' lang='lat' dir='ltr'><strong>fortius</strong></span> <span class='ocrx_word' id='word_1_134' title='bbox 3293 649 3451 702; x_wconf 86' lang='lat' dir='ltr'><strong>quam</strong></span> 
     </span>
    </p>
   </div>
   <div class='ocr_carea' id='block_1_20' title="bbox 1870 717 3452 792">
    <p class='ocr_par' dir='ltr' id='par_1_20' title="bbox 1870 717 3452 792">
     <span class='ocr_line' id='line_1_20' title="bbox 1870 717 3452 792; baseline 0.006 -24"><span class='ocrx_word' id='word_1_135' title='bbox 1870 717 2077 769; x_wconf 82' lang='lat' dir='ltr'><strong>animas</strong></span> <span class='ocrx_word' id='word_1_136' title='bbox 2110 717 2335 781; x_wconf 75' lang='lat' dir='ltr'><strong>salvere,</strong></span> <span class='ocrx_word' id='word_1_137' title='bbox 2369 734 2484 787; x_wconf 77' lang='lat' dir='ltr'><strong>qua:</strong></span> <span class='ocrx_word' id='word_1_138' title='bbox 2518 733 2759 772; x_wconf 85' lang='lat' dir='ltr'><strong>errorum</strong></span> <span class='ocrx_word' id='word_1_139' title='bbox 2791 734 3005 773; x_wconf 90' lang='lat' dir='ltr'><strong>suorum</strong></span> <span class='ocrx_word' id='word_1_140' title='bbox 3038 721 3179 775; x_wconf 87' lang='lat' dir='ltr'><strong>vitiis</strong></span> <span class='ocrx_word' id='word_1_141' title='bbox 3207 731 3452 792; x_wconf 87' lang='lat' dir='ltr'><strong>poterant</strong></span> 
     </span>
    </p>
   </div>
   <div class='ocr_carea' id='block_1_21' title="bbox 1872 806 3450 876">
    <p class='ocr_par' dir='ltr' id='par_1_21' title="bbox 1872 806 3450 876">
     <span class='ocr_line' id='line_1_21' title="bbox 1872 806 3450 876; baseline 0.004 -16"><span class='ocrx_word' id='word_1_142' title='bbox 1872 806 2133 860; x_wconf 87' lang='lat' dir='ltr'><strong>interire?</strong></span> <span class='ocrx_word' id='word_1_143' title='bbox 2162 809 2299 862; x_wconf 88' lang='lat' dir='ltr'><strong>sicut</strong></span> <span class='ocrx_word' id='word_1_144' title='bbox 2328 809 2558 863; x_wconf 75' lang='lat' dir='ltr'><strong>Jac-..bus</strong></span> <span class='ocrx_word' id='word_1_145' title='bbox 2602 811 2874 876; x_wconf 84' lang='lat' dir='ltr'><strong>apostolus</strong></span> <span class='ocrx_word' id='word_1_146' title='bbox 2915 811 3043 865; x_wconf 85' lang='lat' dir='ltr'><strong>dicit</strong></span> <span class='ocrx_word' id='word_1_147' title='bbox 3075 829 3087 864; x_wconf 83' lang='lat'><strong>:</strong></span> <span class='ocrx_word' id='word_1_148' title='bbox 3124 812 3269 867; x_wconf 89' lang='lat' dir='ltr'><strong>Scire</strong></span> <span class='ocrx_word' id='word_1_149' title='bbox 3307 815 3450 867; x_wconf 80' lang='lat' dir='ltr'><strong>debet</strong></span> 
     </span>
    </p>
   </div>
   <div class='ocr_carea' id='block_1_22' title="bbox 1867 898 3453 969">
    <p class='ocr_par' dir='ltr' id='par_1_22' title="bbox 1867 898 3453 969">
     <span class='ocr_line' id='line_1_22' title="bbox 1867 898 3453 969; baseline 0.007 -21"><span class='ocrx_word' id='word_1_150' title='bbox 1867 899 2002 967; x_wconf 87' lang='lat' dir='ltr'><strong>quis,</strong></span> <span class='ocrx_word' id='word_1_151' title='bbox 2030 898 2149 967; x_wconf 89' lang='lat' dir='ltr'><strong>quia</strong></span> <span class='ocrx_word' id='word_1_152' title='bbox 2191 900 2279 968; x_wconf 84' lang='lat' dir='ltr'><strong>qui</strong></span> <span class='ocrx_word' id='word_1_153' title='bbox 2306 901 2527 952; x_wconf 79' lang='lat' dir='ltr'><strong>converti</strong></span> <span class='ocrx_word' id='word_1_154' title='bbox 2555 901 2722 969; x_wconf 80' lang='lat' dir='ltr'><strong>fecerit</strong></span> <span class='ocrx_word' id='word_1_155' title='bbox 2745 913 3053 969; x_wconf 87' lang='lat' dir='ltr'><strong>peccatorem</strong></span> <span class='ocrx_word' id='word_1_156' title='bbox 3078 903 3143 955; x_wconf 90' lang='lat' dir='ltr'><strong>ab</strong></span> <span class='ocrx_word' id='word_1_157' title='bbox 3169 920 3338 958; x_wconf 86' lang='lat' dir='ltr'><strong>errore</strong></span> <span class='ocrx_word' id='word_1_158' title='bbox 3362 908 3453 959; x_wconf 72' lang='lat' dir='ltr'><strong>vita</strong></span> 
     </span>
    </p>
   </div>
   <div class='ocr_carea' id='block_1_23' title="bbox 1868 986 3451 1059">
    <p class='ocr_par' dir='ltr' id='par_1_23' title="bbox 1868 986 3451 1059">
     <span class='ocr_line' id='line_1_23' title="bbox 1868 986 3451 1059; baseline 0.006 -20"><span class='ocrx_word' id='word_1_159' title='bbox 1868 1003 2007 1052; x_wconf 66' lang='lat' dir='ltr'><strong>sum,</strong></span> <span class='ocrx_word' id='word_1_160' title='bbox 2040 986 2202 1040; x_wconf 87' lang='lat' dir='ltr'><strong>salvat</strong></span> <span class='ocrx_word' id='word_1_161' title='bbox 2226 989 2450 1041; x_wconf 86' lang='lat' dir='ltr'><strong>animam</strong></span> <span class='ocrx_word' id='word_1_162' title='bbox 2479 992 2619 1059; x_wconf 82' lang='lat' dir='ltr'><strong>ejus,</strong></span> <span class='ocrx_word' id='word_1_163' title='bbox 2648 1000 2693 1043; x_wconf 89' lang='lat' dir='ltr'><strong>et</strong></span> <span class='ocrx_word' id='word_1_164' title='bbox 2725 991 2889 1057; x_wconf 82' lang='lat' dir='ltr'><strong>operit</strong></span> <span class='ocrx_word' id='word_1_165' title='bbox 2918 992 3292 1046; x_wconf 81' lang='lat' dir='ltr'><strong>multitudinem</strong></span> <span class='ocrx_word' id='word_1_166' title='bbox 3323 997 3451 1048; x_wconf 80' lang='lat' dir='ltr'><strong>deli-</strong></span> 
     </span>
    </p>
   </div>
   <div class='ocr_carea' id='block_1_24' title="bbox 1869 1077 2458 1149">
    <p class='ocr_par' dir='ltr' id='par_1_24' title="bbox 1869 1077 2458 1149">
     <span class='ocr_line' id='line_1_24' title="bbox 1869 1077 2458 1149; baseline 0.003 -18"><span class='ocrx_word' id='word_1_167' title='bbox 1869 1087 2062 1131; x_wconf 86' lang='lat' dir='ltr'><strong>ctorum</strong></span> <span class='ocrx_word' id='word_1_168' title='bbox 2089 1077 2227 1148; x_wconf 82' lang='lat' dir='ltr'><strong>(Jac.</strong></span> <span class='ocrx_word' id='word_1_169' title='bbox 2262 1094 2311 1143; x_wconf 92' lang='lat' dir='ltr'><strong>v,</strong></span> <span class='ocrx_word' id='word_1_170' title='bbox 2343 1078 2458 1149; x_wconf 70' lang='lat'><strong>20).</strong></span> 
     </span>
    </p>
   </div>
   <div class='ocr_carea' id='block_1_25' title="bbox 1944 1169 3453 1240">
    <p class='ocr_par' dir='ltr' id='par_1_25' title="bbox 1944 1169 3453 1240">
     <span class='ocr_line' id='line_1_25' title="bbox 1944 1169 3453 1240; baseline 0.003 -18"><span class='ocrx_word' id='word_1_171' title='bbox 1944 1169 2093 1223; x_wconf 81' lang='lat' dir='ltr'><strong>Vers.</strong></span> <span class='ocrx_word' id='word_1_172' title='bbox 2126 1170 2211 1225; x_wconf 79' lang='grc'><strong>14.</strong></span> <span class='ocrx_word' id='word_1_173' title='bbox 2244 1169 2352 1223; x_wconf 80' lang='lat' dir='ltr'><strong>Rea:</strong></span> <span class='ocrx_word' id='word_1_174' title='bbox 2382 1172 2623 1223; x_wconf 85' lang='lat' dir='ltr'><strong>rirtutum</strong></span> <span class='ocrx_word' id='word_1_175' title='bbox 2646 1170 2857 1236; x_wconf 86' lang='lat' dir='ltr'><strong>dilecti,</strong></span> <span class='ocrx_word' id='word_1_176' title='bbox 2885 1180 2931 1224; x_wconf 86' lang='lat' dir='ltr'><strong>et</strong></span> <span class='ocrx_word' id='word_1_177' title='bbox 2957 1172 3145 1240; x_wconf 76' lang='lat' dir='ltr'><strong>species</strong></span> <span class='ocrx_word' id='word_1_178' title='bbox 3166 1173 3343 1227; x_wconf 73' lang='lat' dir='ltr'><strong>domus</strong></span> <span class='ocrx_word' id='word_1_179' title='bbox 3373 1174 3453 1226; x_wconf 85' lang='lat' dir='ltr'><strong>di-</strong></span> 
     </span>
    </p>
   </div>
   <div class='ocr_carea' id='block_1_26' title="bbox 1869 1261 3453 1332">
    <p class='ocr_par' dir='ltr' id='par_1_26' title="bbox 1869 1261 3453 1332">
     <span class='ocr_line' id='line_1_26' title="bbox 1869 1261 3453 1332; baseline 0.002 -18"><span class='ocrx_word' id='word_1_180' title='bbox 1869 1262 2036 1314; x_wconf 80' lang='lat' dir='ltr'><strong>videre</strong></span> <span class='ocrx_word' id='word_1_181' title='bbox 2071 1261 2257 1331; x_wconf 88' lang='lat' dir='ltr'><strong>spolia.</strong></span> <span class='ocrx_word' id='word_1_182' title='bbox 2302 1261 2498 1316; x_wconf 82' lang='lat' dir='ltr'><strong>Versus</strong></span> <span class='ocrx_word' id='word_1_183' title='bbox 2544 1262 2645 1316; x_wconf 82' lang='lat' dir='ltr'><strong>i8le</strong></span> <span class='ocrx_word' id='word_1_184' title='bbox 2690 1261 2970 1316; x_wconf 88' lang='lat' dir='ltr'><strong>sollicitius</strong></span> <span class='ocrx_word' id='word_1_185' title='bbox 3020 1262 3338 1332; x_wconf 88' lang='lat' dir='ltr'><strong>inqttiratur,</strong></span> <span class='ocrx_word' id='word_1_186' title='bbox 3371 1272 3453 1317; x_wconf 89' lang='lat' dir='ltr'><strong>est</strong></span> 
     </span>
    </p>
   </div>
   <div class='ocr_carea' id='block_1_27' title="bbox 1871 1349 3455 1417">
    <p class='ocr_par' dir='ltr' id='par_1_27' title="bbox 1871 1349 3455 1417">
     <span class='ocr_line' id='line_1_27' title="bbox 1871 1349 3455 1417; baseline 0.001 -14"><span class='ocrx_word' id='word_1_187' title='bbox 1871 1350 2012 1403; x_wconf 88' lang='lat' dir='ltr'><strong>enim</strong></span> <span class='ocrx_word' id='word_1_188' title='bbox 2042 1349 2328 1404; x_wconf 77' lang='lat' dir='ltr'><strong>verborum</strong></span> <span class='ocrx_word' id='word_1_189' title='bbox 2359 1350 2649 1404; x_wconf 88' lang='lat' dir='ltr'><strong>subtilitate</strong></span> <span class='ocrx_word' id='word_1_190' title='bbox 2679 1351 2977 1417; x_wconf 77' lang='lat' dir='ltr'><strong>perplexas.</strong></span> <span class='ocrx_word' id='word_1_191' title='bbox 3013 1350 3108 1403; x_wconf 90' lang='lat' dir='ltr'><strong>Hic</strong></span> <span class='ocrx_word' id='word_1_192' title='bbox 3137 1352 3280 1405; x_wconf 91' lang='lat' dir='ltr'><strong>enim</strong></span> <span class='ocrx_word' id='word_1_193' title='bbox 3302 1395 3315 1417; x_wconf 94' lang='lat'><strong>,</strong></span> <span class='ocrx_word' id='word_1_194' title='bbox 3373 1352 3455 1404; x_wconf 87' lang='lat' dir='ltr'><strong>di-</strong></span> 
     </span>
    </p>
   </div>
   <div class='ocr_carea' id='block_1_28' title="bbox 1873 1438 3455 1511">
    <p class='ocr_par' dir='ltr' id='par_1_28' title="bbox 1873 1438 3455 1511">
     <span class='ocr_line' id='line_1_28' title="bbox 1873 1438 3455 1511; baseline 0.001 -18"><span class='ocrx_word' id='word_1_195' title='bbox 1873 1440 2087 1505; x_wconf 86' lang='lat' dir='ltr'><strong>lectum,</strong></span> <span class='ocrx_word' id='word_1_196' title='bbox 2124 1438 2319 1493; x_wconf 84' lang='lat' dir='ltr'><strong>Filium</strong></span> <span class='ocrx_word' id='word_1_197' title='bbox 2350 1439 2520 1492; x_wconf 84' lang='lat' dir='ltr'><strong>Patris</strong></span> <span class='ocrx_word' id='word_1_198' title='bbox 2548 1439 2803 1494; x_wconf 86' lang='lat' dir='ltr'><strong>debemus</strong></span> <span class='ocrx_word' id='word_1_199' title='bbox 2842 1440 3125 1508; x_wconf 84' lang='lat' dir='ltr'><strong>accipere,</strong></span> <span class='ocrx_word' id='word_1_200' title='bbox 3166 1442 3304 1495; x_wconf 86' lang='lat' dir='ltr'><strong>sicut</strong></span> <span class='ocrx_word' id='word_1_201' title='bbox 3342 1442 3455 1511; x_wconf 90' lang='lat' dir='ltr'><strong>ipse</strong></span> 
     </span>
    </p>
   </div>
   <div class='ocr_carea' id='block_1_29' title="bbox 1875 1526 3453 1596">
    <p class='ocr_par' dir='ltr' id='par_1_29' title="bbox 1875 1526 3453 1596">
     <span class='ocr_line' id='line_1_29' title="bbox 1875 1526 3453 1596; baseline 0.002 -16"><span class='ocrx_word' id='word_1_202' title='bbox 1875 1528 1925 1581; x_wconf 91' lang='lat' dir='ltr'><strong>in</strong></span> <span class='ocrx_word' id='word_1_203' title='bbox 1971 1529 2256 1596; x_wconf 81' lang='lat' dir='ltr'><strong>Evangelia</strong></span> <span class='ocrx_word' id='word_1_204' title='bbox 2294 1528 2458 1581; x_wconf 84' lang='lat' dir='ltr'><strong>dicit:</strong></span> <span class='ocrx_word' id='word_1_205' title='bbox 2508 1527 2610 1580; x_wconf 84' lang='lat' dir='ltr'><strong>Hic</strong></span> <span class='ocrx_word' id='word_1_206' title='bbox 2649 1539 2723 1581; x_wconf 87' lang='lat' dir='ltr'><strong>est</strong></span> <span class='ocrx_word' id='word_1_207' title='bbox 2755 1526 2923 1581; x_wconf 85' lang='lat' dir='ltr'><strong>Filius</strong></span> <span class='ocrx_word' id='word_1_208' title='bbox 2948 1545 3087 1583; x_wconf 86' lang='lat' dir='ltr'><strong>meus</strong></span> <span class='ocrx_word' id='word_1_209' title='bbox 3115 1529 3329 1583; x_wconf 81' lang='lat' dir='ltr'><strong>dilectus</strong></span> <span class='ocrx_word' id='word_1_210' title='bbox 3353 1572 3369 1592; x_wconf 87' lang='lat'><strong>,</strong></span> <span class='ocrx_word' id='word_1_211' title='bbox 3399 1532 3453 1583; x_wconf 86' lang='lat' dir='ltr'><strong>in</strong></span> 
     </span>
    </p>
   </div>
   <div class='ocr_carea' id='block_1_30' title="bbox 1872 1616 3453 1688">
    <p class='ocr_par' dir='ltr' id='par_1_30' title="bbox 1872 1616 3453 1688">
     <span class='ocr_line' id='line_1_30' title="bbox 1872 1616 3453 1688; baseline 0.003 -17"><span class='ocrx_word' id='word_1_212' title='bbox 1872 1633 1971 1686; x_wconf 86' lang='lat' dir='ltr'><strong>quo</strong></span> <span class='ocrx_word' id='word_1_213' title='bbox 1999 1619 2122 1671; x_wconf 85' lang='lat' dir='ltr'><strong>mitti</strong></span> <span class='ocrx_word' id='word_1_214' title='bbox 2151 1617 2271 1671; x_wconf 81' lang='lat' dir='ltr'><strong>bene</strong></span> <span class='ocrx_word' id='word_1_215' title='bbox 2298 1618 2581 1687; x_wconf 84' lang='lat' dir='ltr'><strong>complacai</strong></span> <span class='ocrx_word' id='word_1_216' title='bbox 2612 1616 2822 1688; x_wconf 76' lang='lat' dir='ltr'><strong>(Matth.</strong></span> <span class='ocrx_word' id='word_1_217' title='bbox 2851 1634 2905 1672; x_wconf 90' lang='lat' dir='ltr'><strong>ttt</strong></span> <span class='ocrx_word' id='word_1_218' title='bbox 2926 1659 2942 1684; x_wconf 91' lang='lat'><strong>,</strong></span> <span class='ocrx_word' id='word_1_219' title='bbox 2979 1619 3085 1687; x_wconf 88' lang='lat' dir='ltr'><strong>I7).</strong></span> <span class='ocrx_word' id='word_1_220' title='bbox 3116 1620 3264 1685; x_wconf 86' lang='lat' dir='ltr'><strong>Quod</strong></span> <span class='ocrx_word' id='word_1_221' title='bbox 3298 1622 3453 1675; x_wconf 84' lang='lat' dir='ltr'><strong>selte-</strong></span> 
     </span>
    </p>
   </div>
   <div class='ocr_carea' id='block_1_31' title="bbox 1878 1707 3450 1776">
    <p class='ocr_par' dir='ltr' id='par_1_31' title="bbox 1878 1707 3450 1776">
     <span class='ocr_line' id='line_1_31' title="bbox 1878 1707 3450 1776; baseline 0.001 -15"><span class='ocrx_word' id='word_1_222' title='bbox 1878 1724 1957 1761; x_wconf 90' lang='lat' dir='ltr'><strong>ma</strong></span> <span class='ocrx_word' id='word_1_223' title='bbox 1988 1707 2185 1763; x_wconf 89' lang='lat' dir='ltr'><strong>dicitur</strong></span> <span class='ocrx_word' id='word_1_224' title='bbox 2213 1709 2577 1762; x_wconf 78' lang='lat' dir='ltr'><strong>antonomasia</strong></span> <span class='ocrx_word' id='word_1_225' title='bbox 2601 1748 2615 1771; x_wconf 92' lang='lat'><strong>,</strong></span> <span class='ocrx_word' id='word_1_226' title='bbox 2646 1709 2695 1761; x_wconf 88' lang='lat' dir='ltr'><strong>id</strong></span> <span class='ocrx_word' id='word_1_227' title='bbox 2727 1717 2809 1762; x_wconf 89' lang='lat' dir='ltr'><strong>est</strong></span> <span class='ocrx_word' id='word_1_228' title='bbox 2836 1710 2950 1763; x_wconf 83' lang='lat' dir='ltr'><strong>vice</strong></span> <span class='ocrx_word' id='word_1_229' title='bbox 2980 1708 3210 1763; x_wconf 88' lang='lat' dir='ltr'><strong>nominis</strong></span> <span class='ocrx_word' id='word_1_230' title='bbox 3239 1710 3409 1776; x_wconf 88' lang='lat' dir='ltr'><strong>posita</strong></span> <span class='ocrx_word' id='word_1_231' title='bbox 3431 1751 3450 1775; x_wconf 92' lang='lat'><strong>,</strong></span> 
     </span>
    </p>
   </div>
   <div class='ocr_carea' id='block_1_32' title="bbox 1876 1799 3450 1870">
    <p class='ocr_par' dir='ltr' id='par_1_32' title="bbox 1876 1799 3450 1870">
     <span class='ocr_line' id='line_1_32' title="bbox 1876 1799 3450 1870; baseline 0.006 -23"><span class='ocrx_word' id='word_1_232' title='bbox 1876 1799 2085 1867; x_wconf 81' lang='lat' dir='ltr'><strong>quando</strong></span> <span class='ocrx_word' id='word_1_233' title='bbox 2112 1801 2191 1855; x_wconf 90' lang='lat' dir='ltr'><strong>sic</strong></span> <span class='ocrx_word' id='word_1_234' title='bbox 2218 1800 2357 1855; x_wconf 85' lang='lat' dir='ltr'><strong>aliud</strong></span> <span class='ocrx_word' id='word_1_235' title='bbox 2386 1815 2576 1855; x_wconf 85' lang='lat' dir='ltr'><strong>nomen</strong></span> <span class='ocrx_word' id='word_1_236' title='bbox 2608 1800 2837 1869; x_wconf 85' lang='lat' dir='ltr'><strong>ponitur,</strong></span> <span class='ocrx_word' id='word_1_237' title='bbox 2865 1812 2924 1855; x_wconf 90' lang='lat' dir='ltr'><strong>ut</strong></span> <span class='ocrx_word' id='word_1_238' title='bbox 2954 1810 3129 1855; x_wconf 84' lang='lat' dir='ltr'><strong>tamen</strong></span> <span class='ocrx_word' id='word_1_239' title='bbox 3158 1802 3282 1857; x_wconf 87' lang='lat' dir='ltr'><strong>illud</strong></span> <span class='ocrx_word' id='word_1_240' title='bbox 3310 1805 3450 1870; x_wconf 88' lang='lat' dir='ltr'><strong>quod</strong></span> 
     </span>
    </p>
   </div>
   <div class='ocr_carea' id='block_1_33' title="bbox 198 1888 1773 1971">
    <p class='ocr_par' dir='ltr' id='par_1_33' title="bbox 198 1899 1768 1971">
     <span class='ocr_line' id='line_1_33' title="bbox 198 1899 1768 1971; baseline 0.003 -20"><span class='ocrx_word' id='word_1_241' title='bbox 198 1900 351 1951; x_wconf 89' lang='lat' dir='ltr'><strong>nubis</strong></span> <span class='ocrx_word' id='word_1_242' title='bbox 411 1901 691 1963; x_wconf 70' lang='lat' dir='ltr'><strong>prmsentia</strong></span> <span class='ocrx_word' id='word_1_243' title='bbox 750 1899 914 1966; x_wconf 84' lang='lat' dir='ltr'><strong>ipsius</strong></span> <span class='ocrx_word' id='word_1_244' title='bbox 967 1900 1307 1954; x_wconf 75' lang='lat' dir='ltr'><strong>noscebatur.</strong></span> <span class='ocrx_word' id='word_1_245' title='bbox 1360 1899 1510 1955; x_wconf 82' lang='lat' dir='ltr'><strong>Mons</strong></span> <span class='ocrx_word' id='word_1_246' title='bbox 1558 1917 1768 1971; x_wconf 86' lang='lat' dir='ltr'><strong>quoque</strong></span> 
     </span>
    </p>
   </div>
   <div class='ocr_carea' id='block_1_34' title="bbox 1882 1888 3445 1971">
    <p class='ocr_par' dir='ltr' id='par_1_34' title="bbox 1882 1888 3445 1959">
     <span class='ocr_line' id='line_1_34' title="bbox 1882 1888 3445 1959; baseline 0.003 -18"><span class='ocrx_word' id='word_1_247' title='bbox 1882 1891 2230 1944; x_wconf 85' lang='lat' dir='ltr'><strong>necessarium</strong></span> <span class='ocrx_word' id='word_1_248' title='bbox 2262 1889 2418 1943; x_wconf 78' lang='lat' dir='ltr'><strong>fuerit</strong></span> <span class='ocrx_word' id='word_1_249' title='bbox 2444 1897 2721 1944; x_wconf 84' lang='lat' dir='ltr'><strong>sentiatur.</strong></span> <span class='ocrx_word' id='word_1_250' title='bbox 2756 1888 2941 1944; x_wconf 86' lang='lat' dir='ltr'><strong>Dilecti</strong></span> <span class='ocrx_word' id='word_1_251' title='bbox 2966 1905 3095 1959; x_wconf 77' lang='lat' dir='ltr'><strong>ergo</strong></span> <span class='ocrx_word' id='word_1_252' title='bbox 3124 1892 3301 1956; x_wconf 83' lang='lat' dir='ltr'><strong>Pater,</strong></span> <span class='ocrx_word' id='word_1_253' title='bbox 3333 1894 3445 1946; x_wconf 71' lang='lat' dir='ltr'><strong>Ite:</strong></span> 
     </span>
    </p>
   </div>
   <div class='ocr_carea' id='block_1_35' title="bbox 200 1986 1763 2060">
    <p class='ocr_par' dir='ltr' id='par_1_35' title="bbox 200 1986 1763 2060">
     <span class='ocr_line' id='line_1_35' title="bbox 200 1986 1763 2060; baseline 0.003 -21"><span class='ocrx_word' id='word_1_254' title='bbox 200 1988 323 2040; x_wconf 75' lang='lat' dir='ltr'><strong>Sina</strong></span> <span class='ocrx_word' id='word_1_255' title='bbox 356 2004 392 2037; x_wconf 86' lang='grc' dir='ltr'>α</span> <span class='ocrx_word' id='word_1_256' title='bbox 424 1988 553 2053; x_wconf 79' lang='lat' dir='ltr'><strong>[acie</strong></span> <span class='ocrx_word' id='word_1_257' title='bbox 588 1987 679 2040; x_wconf 85' lang='lat' dir='ltr'><strong>Dei</strong></span> <span class='ocrx_word' id='word_1_258' title='bbox 710 1986 950 2053; x_wconf 78' lang='lat' dir='ltr'><strong>fumavit,</strong></span> <span class='ocrx_word' id='word_1_259' title='bbox 979 1990 1191 2058; x_wconf 86' lang='lat' dir='ltr'><strong>quando</strong></span> <span class='ocrx_word' id='word_1_260' title='bbox 1218 1989 1291 2043; x_wconf 87' lang='lat' dir='ltr'><strong>ibi</strong></span> <span class='ocrx_word' id='word_1_261' title='bbox 1320 1989 1525 2060; x_wconf 82' lang='lat' dir='ltr'><strong>Moyses</strong></span> <span class='ocrx_word' id='word_1_262' title='bbox 1556 1990 1606 2043; x_wconf 82' lang='lat' dir='ltr'><strong>in</strong></span> <span class='ocrx_word' id='word_1_263' title='bbox 1636 1992 1763 2043; x_wconf 85' lang='lat' dir='ltr'><strong>dua-</strong></span> 
     </span>
    </p>
   </div>
   <div class='ocr_carea' id='block_1_36' title="bbox 196 2078 1768 2148">
    <p class='ocr_par' dir='ltr' id='par_1_36' title="bbox 196 2078 1768 2148">
     <span class='ocr_line' id='line_1_36' title="bbox 196 2078 1768 2148; baseline 0.002 -17"><span class='ocrx_word' id='word_1_264' title='bbox 196 2079 284 2131; x_wconf 85' lang='lat' dir='ltr'><strong>bus</strong></span> <span class='ocrx_word' id='word_1_265' title='bbox 312 2078 519 2131; x_wconf 80' lang='lat' dir='ltr'><strong>tabulis</strong></span> <span class='ocrx_word' id='word_1_266' title='bbox 553 2079 722 2146; x_wconf 81' lang='lat' dir='ltr'><strong>legem</strong></span> <span class='ocrx_word' id='word_1_267' title='bbox 754 2079 938 2132; x_wconf 80' lang='lat' dir='ltr'><strong>beatus</strong></span> <span class='ocrx_word' id='word_1_268' title='bbox 965 2080 1189 2148; x_wconf 88' lang='lat' dir='ltr'><strong>accepit.</strong></span> <span class='ocrx_word' id='word_1_269' title='bbox 1220 2079 1350 2132; x_wconf 88' lang='lat' dir='ltr'><strong>Nam</strong></span> <span class='ocrx_word' id='word_1_270' title='bbox 1397 2088 1451 2133; x_wconf 89' lang='lat' dir='ltr'><strong>et</strong></span> <span class='ocrx_word' id='word_1_271' title='bbox 1493 2079 1545 2133; x_wconf 90' lang='lat' dir='ltr'><strong>in</strong></span> <span class='ocrx_word' id='word_1_272' title='bbox 1586 2080 1768 2135; x_wconf 76' lang='lat' dir='ltr'><strong>Exodo</strong></span> 
     </span>
    </p>
   </div>
   <div class='ocr_carea' id='block_1_37' title="bbox 197 2166 1768 2238">
    <p class='ocr_par' dir='ltr' id='par_1_37' title="bbox 197 2166 1768 2238">
     <span class='ocr_line' id='line_1_37' title="bbox 197 2166 1768 2238; baseline 0.006 -23"><span class='ocrx_word' id='word_1_273' title='bbox 197 2170 258 2218; x_wconf 83' lang='lat' dir='ltr'><strong>ita</strong></span> <span class='ocrx_word' id='word_1_274' title='bbox 286 2168 551 2236; x_wconf 84' lang='lat' dir='ltr'><strong>scriptum</strong></span> <span class='ocrx_word' id='word_1_275' title='bbox 589 2179 670 2221; x_wconf 87' lang='lat' dir='ltr'><strong>est</strong></span> <span class='ocrx_word' id='word_1_276' title='bbox 699 2185 711 2218; x_wconf 90' lang='lat'><strong>:</strong></span> <span class='ocrx_word' id='word_1_277' title='bbox 745 2166 904 2220; x_wconf 86' lang='lat' dir='ltr'><strong>Totus</strong></span> <span class='ocrx_word' id='word_1_278' title='bbox 940 2179 1106 2222; x_wconf 86' lang='lat' dir='ltr'><strong>autem</strong></span> <span class='ocrx_word' id='word_1_279' title='bbox 1152 2186 1296 2222; x_wconf 88' lang='lat' dir='ltr'><strong>mons</strong></span> <span class='ocrx_word' id='word_1_280' title='bbox 1342 2169 1471 2223; x_wconf 88' lang='lat' dir='ltr'><strong>Sina</strong></span> <span class='ocrx_word' id='word_1_281' title='bbox 1501 2170 1768 2238; x_wconf 79' lang='lat' dir='ltr'><strong>fumabat,</strong></span> 
     </span>
    </p>
   </div>
   <div class='ocr_carea' id='block_1_38' title="bbox 195 2257 1768 2330">
    <p class='ocr_par' dir='ltr' id='par_1_38' title="bbox 195 2257 1768 2330">
     <span class='ocr_line' id='line_1_38' title="bbox 195 2257 1768 2330; baseline 0.005 -23"><span class='ocrx_word' id='word_1_282' title='bbox 195 2273 247 2309; x_wconf 79' lang='lat' dir='ltr'><strong>eo</strong></span> <span class='ocrx_word' id='word_1_283' title='bbox 272 2260 419 2327; x_wconf 74' lang='lat' dir='ltr'><strong>quod</strong></span> <span class='ocrx_word' id='word_1_284' title='bbox 445 2257 633 2310; x_wconf 86' lang='lat' dir='ltr'><strong>Dotnin</strong></span> <span class='ocrx_word' id='word_1_285' title='bbox 656 2275 694 2311; x_wconf 9' lang='lat' dir='ltr'><strong>is</strong></span> <span class='ocrx_word' id='word_1_286' title='bbox 723 2259 1061 2314; x_wconf 64' lang='lat' dir='ltr'><strong>descendisset</strong></span> <span class='ocrx_word' id='word_1_287' title='bbox 1088 2277 1240 2330; x_wconf 82' lang='lat' dir='ltr'><strong>super</strong></span> <span class='ocrx_word' id='word_1_288' title='bbox 1267 2276 1385 2314; x_wconf 87' lang='lat' dir='ltr'><strong>eum</strong></span> <span class='ocrx_word' id='word_1_289' title='bbox 1414 2259 1619 2329; x_wconf 75' lang='lat' dir='ltr'><strong>(Exod.</strong></span> <span class='ocrx_word' id='word_1_290' title='bbox 1650 2276 1734 2315; x_wconf 80' lang='lat' dir='ltr'><strong>xtx</strong></span> <span class='ocrx_word' id='word_1_291' title='bbox 1752 2302 1768 2329; x_wconf 90' lang='lat'><strong>,</strong></span> 
     </span>
    </p>
   </div>
   <div class='ocr_carea' id='block_1_39' title="bbox 196 2342 1365 2418">
    <p class='ocr_par' dir='ltr' id='par_1_39' title="bbox 196 2342 1365 2418">
     <span class='ocr_line' id='line_1_39' title="bbox 196 2342 1365 2418; baseline 0.002 -16"><span class='ocrx_word' id='word_1_292' title='bbox 196 2350 312 2418; x_wconf 72' lang='grc' dir='ltr'><strong>ιε).</strong></span> <span class='ocrx_word' id='word_1_293' title='bbox 1360 2342 1365 2347; x_wconf 76' lang='grc'><em>’</em></span> 
     </span>
    </p>
   </div>
   <div class='ocr_carea' id='block_1_40' title="bbox 262 2446 1772 2519">
    <p class='ocr_par' dir='ltr' id='par_1_40' title="bbox 262 2446 1772 2519">
     <span class='ocr_line' id='line_1_40' title="bbox 262 2446 1772 2519; baseline 0.001 -20"><span class='ocrx_word' id='word_1_294' title='bbox 262 2448 419 2501; x_wconf 59' lang='grc' dir='ltr'><strong>νει-ς.</strong></span> <span class='ocrx_word' id='word_1_295' title='bbox 482 2448 564 2501; x_wconf 88' lang='lat' dir='ltr'><strong>ll.</strong></span> <span class='ocrx_word' id='word_1_296' title='bbox 626 2446 861 2499; x_wconf 82' lang='lat' dir='ltr'><strong>Pluviam</strong></span> <span class='ocrx_word' id='word_1_297' title='bbox 914 2446 1255 2500; x_wconf 76' lang='lat' dir='ltr'><strong>uoluntariam</strong></span> <span class='ocrx_word' id='word_1_298' title='bbox 1318 2464 1585 2519; x_wconf 75' lang='lat' dir='ltr'><strong>segregans</strong></span> <span class='ocrx_word' id='word_1_299' title='bbox 1640 2447 1772 2501; x_wconf 83' lang='lat' dir='ltr'><strong>Deus</strong></span> 
     </span>
    </p>
   </div>
   <div class='ocr_carea' id='block_1_41' title="bbox 194 2537 1773 2609">
    <p class='ocr_par' dir='ltr' id='par_1_41' title="bbox 194 2537 1773 2609">
     <span class='ocr_line' id='line_1_41' title="bbox 194 2537 1773 2609; baseline 0.003 -22"><span class='ocrx_word' id='word_1_300' title='bbox 194 2540 483 2592; x_wconf 65' lang='lat' dir='ltr'><strong>hmeditati</strong></span> <span class='ocrx_word' id='word_1_301' title='bbox 514 2548 649 2603; x_wconf 69' lang='lat' dir='ltr'><strong>tum;</strong></span> <span class='ocrx_word' id='word_1_302' title='bbox 691 2538 873 2591; x_wconf 86' lang='lat' dir='ltr'><strong>etenim</strong></span> <span class='ocrx_word' id='word_1_303' title='bbox 900 2537 1161 2604; x_wconf 84' lang='lat' dir='ltr'><strong>inﬁrmata</strong></span> <span class='ocrx_word' id='word_1_304' title='bbox 1185 2548 1257 2591; x_wconf 84' lang='lat' dir='ltr'><strong>est</strong></span> <span class='ocrx_word' id='word_1_305' title='bbox 1282 2554 1299 2591; x_wconf 91' lang='lat'><strong><em>:</em></strong></span> <span class='ocrx_word' id='word_1_306' title='bbox 1324 2546 1378 2591; x_wconf 87' lang='lat' dir='ltr'><strong>tu</strong></span> <span class='ocrx_word' id='word_1_307' title='bbox 1404 2554 1519 2592; x_wconf 88' lang='lat' dir='ltr'><strong>vero</strong></span> <span class='ocrx_word' id='word_1_308' title='bbox 1562 2540 1773 2609; x_wconf 75' lang='lat' dir='ltr'><strong>perfeci-</strong></span> 
     </span>
    </p>
   </div>
   <div class='ocr_carea' id='block_1_42' title="bbox 193 2629 1765 2698">
    <p class='ocr_par' dir='ltr' id='par_1_42' title="bbox 193 2629 1765 2698">
     <span class='ocr_line' id='line_1_42' title="bbox 193 2629 1765 2698; baseline 0 -16"><span class='ocrx_word' id='word_1_309' title='bbox 193 2633 253 2682; x_wconf 80' lang='lat' dir='ltr'><strong>sti</strong></span> <span class='ocrx_word' id='word_1_310' title='bbox 280 2650 425 2685; x_wconf 83' lang='lat' dir='ltr'><strong>eam.</strong></span> <span class='ocrx_word' id='word_1_311' title='bbox 463 2631 696 2697; x_wconf 77' lang='lat' dir='ltr'><strong>Exponit</strong></span> <span class='ocrx_word' id='word_1_312' title='bbox 722 2629 848 2684; x_wconf 88' lang='lat' dir='ltr'><strong>illud</strong></span> <span class='ocrx_word' id='word_1_313' title='bbox 879 2629 1015 2698; x_wconf 85' lang='lat' dir='ltr'><strong>quod</strong></span> <span class='ocrx_word' id='word_1_314' title='bbox 1046 2630 1286 2697; x_wconf 80' lang='lat' dir='ltr'><strong>superius</strong></span> <span class='ocrx_word' id='word_1_315' title='bbox 1316 2629 1448 2684; x_wconf 80' lang='lat' dir='ltr'><strong>dixit</strong></span> <span class='ocrx_word' id='word_1_316' title='bbox 1485 2647 1499 2685; x_wconf 88' lang='lat'><strong>:</strong></span> <span class='ocrx_word' id='word_1_317' title='bbox 1533 2630 1659 2683; x_wconf 76' lang='grc' dir='ltr'><strong>ϐωιὶ</strong></span> <span class='ocrx_word' id='word_1_318' title='bbox 1686 2631 1765 2683; x_wconf 84' lang='lat' dir='ltr'><strong>di-</strong></span> 
     </span>
    </p>
   </div>
   <div class='ocr_carea' id='block_1_43' title="bbox 190 2720 1771 2794">
    <p class='ocr_par' dir='ltr' id='par_1_43' title="bbox 190 2720 1771 2794">
     <span class='ocr_line' id='line_1_43' title="bbox 190 2720 1771 2794; baseline 0.001 -17"><span class='ocrx_word' id='word_1_319' title='bbox 190 2742 209 2777; x_wconf 85' lang='lat' dir='ltr'><strong>s</strong></span> <span class='ocrx_word' id='word_1_320' title='bbox 236 2728 539 2779; x_wconf 72' lang='lat' dir='ltr'><strong>iilwerunt.</strong></span> <span class='ocrx_word' id='word_1_321' title='bbox 568 2724 679 2792; x_wconf 76' lang='lat' dir='ltr'><strong>ipsi</strong></span> <span class='ocrx_word' id='word_1_322' title='bbox 699 2734 780 2777; x_wconf 88' lang='lat' dir='ltr'><strong>est</strong></span> <span class='ocrx_word' id='word_1_323' title='bbox 805 2726 944 2778; x_wconf 86' lang='lat' dir='ltr'><strong>enim</strong></span> <span class='ocrx_word' id='word_1_324' title='bbox 976 2724 1147 2794; x_wconf 70' lang='lat' dir='ltr'><strong>pluvia</strong></span> <span class='ocrx_word' id='word_1_325' title='bbox 1172 2724 1453 2777; x_wconf 84' lang='lat' dir='ltr'><strong>voluntaria</strong></span> <span class='ocrx_word' id='word_1_326' title='bbox 1473 2720 1627 2793; x_wconf 86' lang='lat' dir='ltr'><strong>quam</strong></span> <span class='ocrx_word' id='word_1_327' title='bbox 1648 2733 1771 2778; x_wconf 89' lang='lat' dir='ltr'><strong>tunc</strong></span> 
     </span>
    </p>
   </div>
   <div class='ocr_carea' id='block_1_44' title="bbox 191 2817 1771 2889">
    <p class='ocr_par' dir='ltr' id='par_1_44' title="bbox 191 2817 1771 2889">
     <span class='ocr_line' id='line_1_44' title="bbox 191 2817 1771 2889; baseline -0.001 -19"><span class='ocrx_word' id='word_1_328' title='bbox 191 2818 512 2873; x_wconf 67' lang='lat' dir='ltr'><strong>comedendi</strong></span> <span class='ocrx_word' id='word_1_329' title='bbox 552 2818 705 2870; x_wconf 85' lang='lat' dir='ltr'><strong>avida</strong></span> <span class='ocrx_word' id='word_1_330' title='bbox 745 2832 874 2885; x_wconf 63' lang='lat' dir='ltr'><strong>gens</strong></span> <span class='ocrx_word' id='word_1_331' title='bbox 902 2817 1082 2870; x_wconf 70' lang='lat' dir='ltr'><strong>ludant</strong></span> <span class='ocrx_word' id='word_1_332' title='bbox 1112 2818 1425 2885; x_wconf 84' lang='lat' dir='ltr'><strong>promeruit.</strong></span> <span class='ocrx_word' id='word_1_333' title='bbox 1457 2820 1611 2889; x_wconf 71' lang='lat'><strong>221</strong></span> <span class='ocrx_word' id='word_1_334' title='bbox 1642 2818 1771 2871; x_wconf 83' lang='lat' dir='ltr'><strong>Nam</strong></span> 
     </span>
    </p>
   </div>
   <div class='ocr_carea' id='block_1_45' title="bbox 188 2908 1765 2975">
    <p class='ocr_par' dir='ltr' id='par_1_45' title="bbox 188 2908 1765 2975">
     <span class='ocr_line' id='line_1_45' title="bbox 188 2908 1765 2975; baseline 0.001 -16"><span class='ocrx_word' id='word_1_335' title='bbox 188 2921 239 2962; x_wconf 80' lang='lat' dir='ltr'><strong>ut</strong></span> <span class='ocrx_word' id='word_1_336' title='bbox 270 2908 544 2963; x_wconf 74' lang='lat' dir='ltr'><strong>Voluntati</strong></span> <span class='ocrx_word' id='word_1_337' title='bbox 595 2908 709 2974; x_wconf 85' lang='lat' dir='ltr'><strong>ejus</strong></span> <span class='ocrx_word' id='word_1_338' title='bbox 738 2909 1044 2970; x_wconf 79' lang='lat' dir='ltr'><strong>Sutisﬁeret,</strong></span> <span class='ocrx_word' id='word_1_339' title='bbox 1077 2909 1410 2975; x_wconf 76' lang='lat' dir='ltr'><strong>inexpertum</strong></span> <span class='ocrx_word' id='word_1_340' title='bbox 1455 2909 1765 2963; x_wconf 85' lang='lat' dir='ltr'><strong>miraculum</strong></span> 
     </span>
    </p>
   </div>
   <div class='ocr_carea' id='block_1_46' title="bbox 190 2998 1771 3073">
    <p class='ocr_par' dir='ltr' id='par_1_46' title="bbox 190 2998 1771 3073">
     <span class='ocr_line' id='line_1_46' title="bbox 190 2998 1771 3073; baseline 0.001 -22"><span class='ocrx_word' id='word_1_341' title='bbox 190 3001 431 3053; x_wconf 82' lang='lat' dir='ltr'><strong>mundus</strong></span> <span class='ocrx_word' id='word_1_342' title='bbox 463 2999 692 3073; x_wconf 76' lang='lat' dir='ltr'><strong>accepit.</strong></span> <span class='ocrx_word' id='word_1_343' title='bbox 727 2998 911 3051; x_wconf 46' lang='lat' dir='ltr'><strong>Pluria</strong></span> <span class='ocrx_word' id='word_1_344' title='bbox 941 2998 1197 3066; x_wconf 71' lang='lat' dir='ltr'><strong>siquidem</strong></span> <span class='ocrx_word' id='word_1_345' title='bbox 1227 3000 1311 3051; x_wconf 77' lang='lat' dir='ltr'><strong>illa</strong></span> <span class='ocrx_word' id='word_1_346' title='bbox 1340 2998 1623 3052; x_wconf 82' lang='lat' dir='ltr'><strong>voluntaria</strong></span> <span class='ocrx_word' id='word_1_347' title='bbox 1656 2999 1771 3064; x_wconf 66' lang='lat' dir='ltr'><strong>fuit,</strong></span> 
     </span>
    </p>
   </div>
   <div class='ocr_carea' id='block_1_47' title="bbox 182 3088 1775 3159">
    <p class='ocr_par' dir='ltr' id='par_1_47' title="bbox 182 3088 1775 3159">
     <span class='ocr_line' id='line_1_47' title="bbox 182 3088 1775 3159; baseline 0.001 -16"><span class='ocrx_word' id='word_1_348' title='bbox 182 3107 285 3144; x_wconf 83' lang='lat' dir='ltr'><strong>neu</strong></span> <span class='ocrx_word' id='word_1_349' title='bbox 316 3094 427 3145; x_wconf 88' lang='lat' dir='ltr'><strong>ista</strong></span> <span class='ocrx_word' id='word_1_350' title='bbox 464 3107 583 3159; x_wconf 69' lang='lat' dir='ltr'><strong>qua:</strong></span> <span class='ocrx_word' id='word_1_351' title='bbox 615 3089 937 3158; x_wconf 79' lang='lat' dir='ltr'><strong>generaliter</strong></span> <span class='ocrx_word' id='word_1_352' title='bbox 968 3089 1161 3157; x_wconf 84' lang='lat' dir='ltr'><strong>ubique</strong></span> <span class='ocrx_word' id='word_1_353' title='bbox 1182 3088 1509 3142; x_wconf 57' lang='lat' dir='ltr'><strong>diffunditur.</strong></span> <span class='ocrx_word' id='word_1_354' title='bbox 1538 3090 1775 3159; x_wconf 79' lang='lat' dir='ltr'><strong>Denique</strong></span> 
     </span>
    </p>
   </div>
   <div class='ocr_carea' id='block_1_48' title="bbox 182 3181 1772 3252">
    <p class='ocr_par' dir='ltr' id='par_1_48' title="bbox 182 3181 1772 3252">
     <span class='ocr_line' id='line_1_48' title="bbox 182 3181 1772 3252; baseline -0.001 -16"><span class='ocrx_word' id='word_1_355' title='bbox 182 3186 256 3236; x_wconf 70' lang='lat' dir='ltr'><strong>sic</strong></span> <span class='ocrx_word' id='word_1_356' title='bbox 285 3184 576 3252; x_wconf 74' lang='lat' dir='ltr'><strong>sequitur:</strong></span> <span class='ocrx_word' id='word_1_357' title='bbox 609 3181 891 3251; x_wconf 75' lang='lat' dir='ltr'><strong>Segregans</strong></span> <span class='ocrx_word' id='word_1_358' title='bbox 910 3181 1044 3235; x_wconf 85' lang='lat' dir='ltr'><strong>Deus</strong></span> <span class='ocrx_word' id='word_1_359' title='bbox 1070 3181 1353 3234; x_wconf 79' lang='lat' dir='ltr'><strong>Itazreditati</strong></span> <span class='ocrx_word' id='word_1_360' title='bbox 1374 3192 1496 3245; x_wconf 71' lang='lat' dir='ltr'><strong>ltttl‘,</strong></span> <span class='ocrx_word' id='word_1_361' title='bbox 1519 3183 1639 3250; x_wconf 72' lang='lat' dir='ltr'><strong>quia</strong></span> <span class='ocrx_word' id='word_1_362' title='bbox 1670 3198 1772 3235; x_wconf 89' lang='lat' dir='ltr'><strong>non</strong></span> 
     </span>
    </p>
   </div>
   <div class='ocr_carea' id='block_1_49' title="bbox 1874 1978 3448 2049">
    <p class='ocr_par' dir='ltr' id='par_1_49' title="bbox 1874 1978 3448 2049">
     <span class='ocr_line' id='line_1_49' title="bbox 1874 1978 3448 2049; baseline 0.003 -20"><span class='ocrx_word' id='word_1_363' title='bbox 1874 1978 2182 2048; x_wconf 68' lang='lat' dir='ltr'><strong>angelorum</strong></span> <span class='ocrx_word' id='word_1_364' title='bbox 2223 1986 2277 2032; x_wconf 89' lang='lat' dir='ltr'><strong>et</strong></span> <span class='ocrx_word' id='word_1_365' title='bbox 2319 1987 2636 2045; x_wconf 87' lang='lat' dir='ltr'><strong>potestatum</strong></span> <span class='ocrx_word' id='word_1_366' title='bbox 2678 1986 2796 2044; x_wconf 86' lang='lat' dir='ltr'><strong>est,</strong></span> <span class='ocrx_word' id='word_1_367' title='bbox 2827 1980 2917 2046; x_wconf 86' lang='lat' dir='ltr'><strong>qui</strong></span> <span class='ocrx_word' id='word_1_368' title='bbox 2958 1978 3238 2034; x_wconf 83' lang='lat' dir='ltr'><strong>virtutibus</strong></span> <span class='ocrx_word' id='word_1_369' title='bbox 3277 1980 3448 2049; x_wconf 80' lang='lat' dir='ltr'><strong>impe-</strong></span> 
     </span>
    </p>
   </div>
   <div class='ocr_carea' id='block_1_50' title="bbox 1875 2067 3452 2139">
    <p class='ocr_par' dir='ltr' id='par_1_50' title="bbox 1875 2067 3452 2139">
     <span class='ocr_line' id='line_1_50' title="bbox 1875 2067 3452 2139; baseline 0.003 -18"><span class='ocrx_word' id='word_1_370' title='bbox 1875 2076 1992 2132; x_wconf 90' lang='lat' dir='ltr'><strong>rat;</strong></span> <span class='ocrx_word' id='word_1_371' title='bbox 2024 2067 2165 2137; x_wconf 89' lang='lat' dir='ltr'><strong>quod</strong></span> <span class='ocrx_word' id='word_1_372' title='bbox 2197 2076 2249 2121; x_wconf 91' lang='lat' dir='ltr'><strong>et</strong></span> <span class='ocrx_word' id='word_1_373' title='bbox 2279 2068 2346 2122; x_wconf 91' lang='lat' dir='ltr'><strong>de</strong></span> <span class='ocrx_word' id='word_1_374' title='bbox 2377 2067 2508 2121; x_wconf 82' lang='lat' dir='ltr'><strong>Filio</strong></span> <span class='ocrx_word' id='word_1_375' title='bbox 2534 2067 2917 2122; x_wconf 89' lang='lat' dir='ltr'><strong>convenienter</strong></span> <span class='ocrx_word' id='word_1_376' title='bbox 2946 2069 3222 2138; x_wconf 88' lang='lat' dir='ltr'><strong>accipitur,</strong></span> <span class='ocrx_word' id='word_1_377' title='bbox 3251 2070 3319 2125; x_wconf 87' lang='lat' dir='ltr'><strong>de</strong></span> <span class='ocrx_word' id='word_1_378' title='bbox 3344 2086 3452 2139; x_wconf 89' lang='lat' dir='ltr'><strong>quo</strong></span> 
     </span>
    </p>
   </div>
   <div class='ocr_carea' id='block_1_51' title="bbox 1873 2156 3451 2230">
    <p class='ocr_par' dir='ltr' id='par_1_51' title="bbox 1873 2156 3451 2230">
     <span class='ocr_line' id='line_1_51' title="bbox 1873 2156 3451 2230; baseline 0.004 -20"><span class='ocrx_word' id='word_1_379' title='bbox 1873 2159 2010 2212; x_wconf 51' lang='lat' dir='ltr'><strong>alius</strong></span> <span class='ocrx_word' id='word_1_380' title='bbox 2049 2157 2283 2227; x_wconf 83' lang='lat' dir='ltr'><strong>psalmus</strong></span> <span class='ocrx_word' id='word_1_381' title='bbox 2320 2157 2485 2212; x_wconf 88' lang='lat' dir='ltr'><strong>dicit:</strong></span> <span class='ocrx_word' id='word_1_382' title='bbox 2516 2156 2769 2214; x_wconf 89' lang='lat' dir='ltr'><strong>Dominus</strong></span> <span class='ocrx_word' id='word_1_383' title='bbox 2806 2161 3048 2215; x_wconf 77' lang='lat' dir='ltr'><strong>virtutum</strong></span> <span class='ocrx_word' id='word_1_384' title='bbox 3084 2162 3190 2230; x_wconf 83' lang='lat' dir='ltr'><strong>ipse</strong></span> <span class='ocrx_word' id='word_1_385' title='bbox 3228 2170 3299 2216; x_wconf 87' lang='lat' dir='ltr'><strong>est</strong></span> <span class='ocrx_word' id='word_1_386' title='bbox 3341 2162 3451 2217; x_wconf 74' lang='lat' dir='ltr'><strong>Rea:</strong></span> 
     </span>
    </p>
   </div>
   <div class='ocr_carea' id='block_1_52' title="bbox 1873 2246 3450 2321">
    <p class='ocr_par' dir='ltr' id='par_1_52' title="bbox 1873 2246 3450 2321">
     <span class='ocr_line' id='line_1_52' title="bbox 1873 2246 3450 2321; baseline 0.006 -23"><span class='ocrx_word' id='word_1_387' title='bbox 1873 2246 2052 2317; x_wconf 74' lang='lat' dir='ltr'><strong>gloria:</strong></span> <span class='ocrx_word' id='word_1_388' title='bbox 2078 2246 2249 2316; x_wconf 79' lang='lat' dir='ltr'><strong>(Psal.</strong></span> <span class='ocrx_word' id='word_1_389' title='bbox 2273 2263 2401 2303; x_wconf 69' lang='grc' dir='ltr'><em>χχιιι</em></span> <span class='ocrx_word' id='word_1_390' title='bbox 2422 2289 2438 2310; x_wconf 84' lang='lat'><strong>.</strong></span> <span class='ocrx_word' id='word_1_391' title='bbox 2463 2249 2553 2317; x_wconf 78' lang='grc'><strong>10)</strong></span> <span class='ocrx_word' id='word_1_392' title='bbox 2576 2266 2592 2315; x_wconf 89' lang='grc'>;</span> <span class='ocrx_word' id='word_1_393' title='bbox 2618 2252 2758 2321; x_wconf 90' lang='lat' dir='ltr'><strong>quod</strong></span> <span class='ocrx_word' id='word_1_394' title='bbox 2785 2259 2958 2307; x_wconf 90' lang='lat' dir='ltr'><strong>tamen</strong></span> <span class='ocrx_word' id='word_1_395' title='bbox 2985 2263 3184 2309; x_wconf 73' lang='lat' dir='ltr'><strong>sanctae</strong></span> <span class='ocrx_word' id='word_1_396' title='bbox 3204 2254 3450 2309; x_wconf 82' lang='lat' dir='ltr'><strong>Trinitati</strong></span> 
     </span>
    </p>
   </div>
   <div class='ocr_carea' id='block_1_53' title="bbox 1874 2341 3444 2403">
    <p class='ocr_par' dir='ltr' id='par_1_53' title="bbox 1874 2341 3444 2403">
     <span class='ocr_line' id='line_1_53' title="bbox 1874 2341 3444 2403; baseline 0.004 -11"><span class='ocrx_word' id='word_1_397' title='bbox 1874 2348 2077 2393; x_wconf 89' lang='lat' dir='ltr'><strong>certum</strong></span> <span class='ocrx_word' id='word_1_398' title='bbox 2118 2350 2199 2394; x_wconf 87' lang='lat' dir='ltr'><strong>est</strong></span> <span class='ocrx_word' id='word_1_399' title='bbox 2230 2343 2535 2403; x_wconf 86' lang='lat' dir='ltr'><strong>convenire.</strong></span> <span class='ocrx_word' id='word_1_400' title='bbox 2568 2341 2665 2396; x_wconf 84' lang='lat' dir='ltr'><strong>Hic</strong></span> <span class='ocrx_word' id='word_1_401' title='bbox 2695 2352 2872 2397; x_wconf 87' lang='lat' dir='ltr'><strong>tamen</strong></span> <span class='ocrx_word' id='word_1_402' title='bbox 2906 2344 3114 2400; x_wconf 86' lang='lat' dir='ltr'><strong>Patrem</strong></span> <span class='ocrx_word' id='word_1_403' title='bbox 3148 2345 3258 2399; x_wconf 86' lang='lat' dir='ltr'><strong>vult</strong></span> <span class='ocrx_word' id='word_1_404' title='bbox 3288 2344 3444 2400; x_wconf 90' lang='lat' dir='ltr'><strong>intel-</strong></span> 
     </span>
    </p>
   </div>
   <div class='ocr_carea' id='block_1_54' title="bbox 1875 2430 3451 2504">
    <p class='ocr_par' dir='ltr' id='par_1_54' title="bbox 1875 2430 3451 2504">
     <span class='ocr_line' id='line_1_54' title="bbox 1875 2430 3451 2504; baseline 0.002 -20"><span class='ocrx_word' id='word_1_405' title='bbox 1875 2430 2004 2500; x_wconf 80' lang='lat' dir='ltr'><strong>ligi,</strong></span> <span class='ocrx_word' id='word_1_406' title='bbox 2037 2431 2160 2501; x_wconf 88' lang='lat' dir='ltr'><strong>quia</strong></span> <span class='ocrx_word' id='word_1_407' title='bbox 2204 2432 2372 2486; x_wconf 84' lang='lat' dir='ltr'><strong>dilecti</strong></span> <span class='ocrx_word' id='word_1_408' title='bbox 2403 2433 2610 2501; x_wconf 87' lang='lat' dir='ltr'><strong>posuit,</strong></span> <span class='ocrx_word' id='word_1_409' title='bbox 2645 2434 2695 2485; x_wconf 91' lang='lat' dir='ltr'><strong>id</strong></span> <span class='ocrx_word' id='word_1_410' title='bbox 2733 2443 2817 2487; x_wconf 85' lang='lat' dir='ltr'><strong>est</strong></span> <span class='ocrx_word' id='word_1_411' title='bbox 2841 2431 3063 2489; x_wconf 79' lang='lat' dir='ltr'><strong>Christi.</strong></span> <span class='ocrx_word' id='word_1_412' title='bbox 3101 2435 3370 2504; x_wconf 82' lang='lat' dir='ltr'><strong>Sequitur,</strong></span> <span class='ocrx_word' id='word_1_413' title='bbox 3404 2444 3451 2488; x_wconf 85' lang='lat' dir='ltr'><strong>et</strong></span> 
     </span>
    </p>
   </div>
   <div class='ocr_carea' id='block_1_55' title="bbox 1874 2522 3447 2591">
    <p class='ocr_par' dir='ltr' id='par_1_55' title="bbox 1874 2522 3447 2591">
     <span class='ocr_line' id='line_1_55' title="bbox 1874 2522 3447 2591; baseline 0.003 -18"><span class='ocrx_word' id='word_1_414' title='bbox 1874 2522 2063 2591; x_wconf 81' lang='lat' dir='ltr'><strong>species</strong></span> <span class='ocrx_word' id='word_1_415' title='bbox 2093 2522 2270 2575; x_wconf 86' lang='lat' dir='ltr'><strong>domus</strong></span> <span class='ocrx_word' id='word_1_416' title='bbox 2303 2523 2528 2576; x_wconf 84' lang='lat' dir='ltr'><strong>dividere</strong></span> <span class='ocrx_word' id='word_1_417' title='bbox 2556 2524 2742 2589; x_wconf 80' lang='lat' dir='ltr'><strong>spolia.</strong></span> <span class='ocrx_word' id='word_1_418' title='bbox 2778 2524 3126 2580; x_wconf 85' lang='lat' dir='ltr'><strong>Pulcltritudo</strong></span> <span class='ocrx_word' id='word_1_419' title='bbox 3152 2524 3342 2579; x_wconf 87' lang='lat' dir='ltr'><strong>domus</strong></span> <span class='ocrx_word' id='word_1_420' title='bbox 3368 2525 3447 2578; x_wconf 89' lang='lat' dir='ltr'><strong>di-</strong></span> 
     </span>
    </p>
   </div>
   <div class='ocr_carea' id='block_1_56' title="bbox 1880 2613 3454 2684">
    <p class='ocr_par' dir='ltr' id='par_1_56' title="bbox 1880 2613 3454 2684">
     <span class='ocr_line' id='line_1_56' title="bbox 1880 2613 3454 2684; baseline 0.005 -20"><span class='ocrx_word' id='word_1_421' title='bbox 1880 2613 2014 2665; x_wconf 69' lang='lat' dir='ltr'><strong>vina:</strong></span> <span class='ocrx_word' id='word_1_422' title='bbox 2056 2614 2415 2682; x_wconf 81' lang='lat' dir='ltr'><strong>COgnoscitur,</strong></span> <span class='ocrx_word' id='word_1_423' title='bbox 2459 2615 2674 2682; x_wconf 80' lang='lat' dir='ltr'><strong>quando</strong></span> <span class='ocrx_word' id='word_1_424' title='bbox 2703 2617 2873 2684; x_wconf 85' lang='lat' dir='ltr'><strong>spolia</strong></span> <span class='ocrx_word' id='word_1_425' title='bbox 2903 2616 3133 2678; x_wconf 86' lang='lat' dir='ltr'><strong>diaboli,</strong></span> <span class='ocrx_word' id='word_1_426' title='bbox 3167 2617 3216 2672; x_wconf 92' lang='lat' dir='ltr'><strong>id</strong></span> <span class='ocrx_word' id='word_1_427' title='bbox 3247 2627 3330 2672; x_wconf 90' lang='lat' dir='ltr'><strong>est</strong></span> <span class='ocrx_word' id='word_1_428' title='bbox 3357 2617 3454 2671; x_wconf 78' lang='lat' dir='ltr'><strong>ho-</strong></span> 
     </span>
    </p>
   </div>
   <div class='ocr_carea' id='block_1_57' title="bbox 1876 2702 3457 2761">
    <p class='ocr_par' dir='ltr' id='par_1_57' title="bbox 1876 2702 3457 2761">
     <span class='ocr_line' id='line_1_57' title="bbox 1876 2702 3457 2761; baseline 0.003 -8"><span class='ocrx_word' id='word_1_429' title='bbox 1876 2702 2046 2755; x_wconf 84' lang='lat' dir='ltr'><strong>mines</strong></span> <span class='ocrx_word' id='word_1_430' title='bbox 2075 2702 2324 2755; x_wconf 78' lang='lat' dir='ltr'><strong>sceletati</strong></span> <span class='ocrx_word' id='word_1_431' title='bbox 2368 2703 2416 2755; x_wconf 89' lang='lat' dir='ltr'><strong>in</strong></span> <span class='ocrx_word' id='word_1_432' title='bbox 2452 2702 2660 2757; x_wconf 85' lang='lat' dir='ltr'><strong>Domini</strong></span> <span class='ocrx_word' id='word_1_433' title='bbox 2704 2704 2994 2759; x_wconf 87' lang='lat' dir='ltr'><strong>Ecclesiam</strong></span> <span class='ocrx_word' id='word_1_434' title='bbox 3039 2705 3457 2761; x_wconf 69' lang='lat' dir='ltr'><strong>ttansferuntttr.</strong></span> 
     </span>
    </p>
   </div>
   <div class='ocr_carea' id='block_1_58' title="bbox 1879 2795 3448 2869">
    <p class='ocr_par' dir='ltr' id='par_1_58' title="bbox 1879 2795 3448 2869">
     <span class='ocr_line' id='line_1_58' title="bbox 1879 2795 3448 2869; baseline 0.003 -18"><span class='ocrx_word' id='word_1_435' title='bbox 1879 2795 2062 2863; x_wconf 83' lang='lat' dir='ltr'><strong>Spolia</strong></span> <span class='ocrx_word' id='word_1_436' title='bbox 2101 2796 2362 2866; x_wconf 88' lang='lat' dir='ltr'><strong>siquidem</strong></span> <span class='ocrx_word' id='word_1_437' title='bbox 2401 2797 2597 2853; x_wconf 72' lang='lat' dir='ltr'><strong>diaboli</strong></span> <span class='ocrx_word' id='word_1_438' title='bbox 2640 2809 2767 2853; x_wconf 83' lang='lat' dir='ltr'><strong>sunt</strong></span> <span class='ocrx_word' id='word_1_439' title='bbox 2804 2801 2982 2867; x_wconf 87' lang='lat' dir='ltr'><strong>p0puli</strong></span> <span class='ocrx_word' id='word_1_440' title='bbox 3023 2815 3156 2869; x_wconf 81' lang='lat' dir='ltr'><strong>quos</strong></span> <span class='ocrx_word' id='word_1_441' title='bbox 3195 2802 3448 2856; x_wconf 86' lang='lat' dir='ltr'><strong>Dominus</strong></span> 
     </span>
    </p>
   </div>
   <div class='ocr_carea' id='block_1_59' title="bbox 1875 2885 3442 2960">
    <p class='ocr_par' dir='ltr' id='par_1_59' title="bbox 1875 2885 3442 2960">
     <span class='ocr_line' id='line_1_59' title="bbox 1875 2885 3442 2960; baseline 0.003 -21"><span class='ocrx_word' id='word_1_442' title='bbox 1875 2888 2085 2955; x_wconf 83' lang='lat' dir='ltr'><strong>alligato</strong></span> <span class='ocrx_word' id='word_1_443' title='bbox 2112 2885 2249 2941; x_wconf 85' lang='lat' dir='ltr'><strong>l&#39;urte</strong></span> <span class='ocrx_word' id='word_1_444' title='bbox 2274 2887 2549 2952; x_wconf 88' lang='lat' dir='ltr'><strong>liberavit,</strong></span> <span class='ocrx_word' id='word_1_445' title='bbox 2576 2890 2713 2943; x_wconf 87' lang='lat' dir='ltr'><strong>sicut</strong></span> <span class='ocrx_word' id='word_1_446' title='bbox 2738 2889 2790 2942; x_wconf 88' lang='lat' dir='ltr'><strong>in</strong></span> <span class='ocrx_word' id='word_1_447' title='bbox 2822 2889 3112 2960; x_wconf 80' lang='lat' dir='ltr'><strong>Evangelia</strong></span> <span class='ocrx_word' id='word_1_448' title='bbox 3140 2891 3253 2960; x_wconf 75' lang='lat' dir='ltr'><strong>ipse</strong></span> <span class='ocrx_word' id='word_1_449' title='bbox 3280 2891 3442 2946; x_wconf 85' lang='lat' dir='ltr'><strong>dicit:</strong></span> 
     </span>
    </p>
   </div>
   <div class='ocr_carea' id='block_1_60' title="bbox 1879 2975 3449 3049">
    <p class='ocr_par' dir='ltr' id='par_1_60' title="bbox 1879 2975 3449 3049">
     <span class='ocr_line' id='line_1_60' title="bbox 1879 2975 3449 3049; baseline 0.003 -21"><span class='ocrx_word' id='word_1_450' title='bbox 1879 2975 2042 3028; x_wconf 69' lang='lat' dir='ltr'><strong>Nemo</strong></span> <span class='ocrx_word' id='word_1_451' title='bbox 2072 2977 2225 3029; x_wconf 86' lang='lat' dir='ltr'><strong>intrat</strong></span> <span class='ocrx_word' id='word_1_452' title='bbox 2256 2976 2306 3029; x_wconf 83' lang='lat' dir='ltr'><strong>in</strong></span> <span class='ocrx_word' id='word_1_453' title='bbox 2336 2976 2543 3029; x_wconf 85' lang='lat' dir='ltr'><strong>domum</strong></span> <span class='ocrx_word' id='word_1_454' title='bbox 2571 2978 2719 3046; x_wconf 76' lang='lat' dir='ltr'><strong>[ortis</strong></span> <span class='ocrx_word' id='word_1_455' title='bbox 2747 2987 2793 3032; x_wconf 90' lang='lat' dir='ltr'><strong>et</strong></span> <span class='ocrx_word' id='word_1_456' title='bbox 2822 2993 2942 3031; x_wconf 81' lang='lat' dir='ltr'><strong>vasa</strong></span> <span class='ocrx_word' id='word_1_457' title='bbox 2972 2981 3082 3049; x_wconf 85' lang='lat' dir='ltr'><strong>ejus</strong></span> <span class='ocrx_word' id='word_1_458' title='bbox 3113 2980 3321 3049; x_wconf 84' lang='lat' dir='ltr'><strong>diripit,</strong></span> <span class='ocrx_word' id='word_1_459' title='bbox 3349 2980 3449 3033; x_wconf 87' lang='lat' dir='ltr'><strong>nisi</strong></span> 
     </span>
    </p>
   </div>
   <div class='ocr_carea' id='block_1_61' title="bbox 1877 3066 3449 3140">
    <p class='ocr_par' dir='ltr' id='par_1_61' title="bbox 1877 3066 3449 3140">
     <span class='ocr_line' id='line_1_61' title="bbox 1877 3066 3449 3140; baseline 0.003 -22"><span class='ocrx_word' id='word_1_460' title='bbox 1877 3067 2018 3135; x_wconf 89' lang='lat' dir='ltr'><strong>prius</strong></span> <span class='ocrx_word' id='word_1_461' title='bbox 2062 3066 2345 3136; x_wconf 79' lang='lat' dir='ltr'><strong>alligaverit</strong></span> <span class='ocrx_word' id='word_1_462' title='bbox 2377 3067 2558 3135; x_wconf 80' lang='lat' dir='ltr'><strong>fortem</strong></span> <span class='ocrx_word' id='word_1_463' title='bbox 2580 3107 2595 3132; x_wconf 93' lang='lat'><strong>,</strong></span> <span class='ocrx_word' id='word_1_464' title='bbox 2624 3076 2670 3120; x_wconf 88' lang='lat' dir='ltr'><strong>et</strong></span> <span class='ocrx_word' id='word_1_465' title='bbox 2702 3077 2821 3121; x_wconf 87' lang='lat' dir='ltr'><strong>tunc</strong></span> <span class='ocrx_word' id='word_1_466' title='bbox 2848 3068 3053 3123; x_wconf 76' lang='lat' dir='ltr'><strong>domum</strong></span> <span class='ocrx_word' id='word_1_467' title='bbox 3082 3069 3222 3122; x_wconf 66' lang='lat' dir='ltr'><strong>illius</strong></span> <span class='ocrx_word' id='word_1_468' title='bbox 3248 3070 3449 3140; x_wconf 75' lang='lat' dir='ltr'><strong>diripiat</strong></span> 
     </span>
    </p>
   </div>
   <div class='ocr_carea' id='block_1_62' title="bbox 1881 3155 3447 3228">
    <p class='ocr_par' dir='ltr' id='par_1_62' title="bbox 1881 3155 3447 3228">
     <span class='ocr_line' id='line_1_62' title="bbox 1881 3155 3447 3228; baseline 0.004 -20"><span class='ocrx_word' id='word_1_469' title='bbox 1881 3157 2074 3224; x_wconf 78' lang='lat' dir='ltr'><strong>(Marc.</strong></span> <span class='ocrx_word' id='word_1_470' title='bbox 2106 3172 2163 3210; x_wconf 84' lang='grc' dir='ltr'><strong>ιιι</strong></span> <span class='ocrx_word' id='word_1_471' title='bbox 2186 3198 2199 3220; x_wconf 87' lang='grc'><em>,</em></span> <span class='ocrx_word' id='word_1_472' title='bbox 2223 3155 2336 3226; x_wconf 70' lang='grc'><strong>27).</strong></span> <span class='ocrx_word' id='word_1_473' title='bbox 2372 3156 2466 3211; x_wconf 90' lang='lat' dir='ltr'><strong>llis</strong></span> <span class='ocrx_word' id='word_1_474' title='bbox 2492 3158 2635 3211; x_wconf 90' lang='lat' dir='ltr'><strong>enim</strong></span> <span class='ocrx_word' id='word_1_475' title='bbox 2665 3158 2848 3226; x_wconf 88' lang='lat' dir='ltr'><strong>spoliis</strong></span> <span class='ocrx_word' id='word_1_476' title='bbox 2888 3158 3103 3213; x_wconf 72' lang='lat' dir='ltr'><strong>domum</strong></span> <span class='ocrx_word' id='word_1_477' title='bbox 3143 3173 3252 3213; x_wconf 65' lang='lat' dir='ltr'><strong>suae</strong></span> <span class='ocrx_word' id='word_1_478' title='bbox 3292 3168 3447 3228; x_wconf 85' lang='lat' dir='ltr'><strong>pote-</strong></span> 
     </span>
    </p>
   </div>
   <div class='ocr_carea' id='block_1_63' title="bbox 186 3247 3453 3341">
    <p class='ocr_par' dir='ltr' id='par_1_63' title="bbox 186 3247 3453 3341">
     <span class='ocr_line' id='line_1_63' title="bbox 186 3247 3453 3341; baseline -0.001 -17"><span class='ocrx_word' id='word_1_479' title='bbox 186 3274 283 3325; x_wconf 59' lang='grc' dir='ltr'><strong>μου</strong></span> <span class='ocrx_word' id='word_1_480' title='bbox 318 3247 591 3326; x_wconf 53' lang='lat' dir='ltr'><strong>Dianaittus</strong></span> <span class='ocrx_word' id='word_1_481' title='bbox 620 3247 735 3325; x_wconf 66' lang='lat' dir='ltr'><strong>aliis</strong></span> <span class='ocrx_word' id='word_1_482' title='bbox 763 3247 1006 3341; x_wconf 50' lang='lat' dir='ltr'><strong>(gentibus</strong></span> <span class='ocrx_word' id='word_1_483' title='bbox 1036 3271 1199 3338; x_wconf 74' lang='lat' dir='ltr'><strong>dedit,</strong></span> <span class='ocrx_word' id='word_1_484' title='bbox 1227 3271 1363 3339; x_wconf 89' lang='lat' dir='ltr'><strong>quod</strong></span> <span class='ocrx_word' id='word_1_485' title='bbox 1398 3247 1775 3326; x_wconf 29' lang='lat' dir='ltr'><strong>tuzxcvliebrceo</strong></span> <span class='ocrx_word' id='word_1_486' title='bbox 1804 3265 1849 3326; x_wconf 89' lang='lat' dir='ltr'>C</span> <span class='ocrx_word' id='word_1_487' title='bbox 1882 3247 2034 3302; x_wconf 56' lang='lat' dir='ltr'><strong>“aiis</strong></span> <span class='ocrx_word' id='word_1_488' title='bbox 2060 3248 2291 3341; x_wconf 55' lang='grc' dir='ltr'><strong>ξηἭθΫίίξ</strong></span> <span class='ocrx_word' id='word_1_489' title='bbox 2317 3247 2609 3341; x_wconf 50' lang='grc' dir='ltr'><strong>βθίῖιεῗδίωη</strong></span> <span class='ocrx_word' id='word_1_490' title='bbox 2639 3258 2874 3302; x_wconf 56' lang='lat' dir='ltr'><strong>“meum</strong></span> <span class='ocrx_word' id='word_1_491' title='bbox 2896 3250 3133 3341; x_wconf 50' lang='lat' dir='ltr'><strong>Samium</strong></span> <span class='ocrx_word' id='word_1_492' title='bbox 3154 3250 3297 3316; x_wconf 61' lang='grc' dir='ltr'><strong>Ῐθθίίι</strong></span> <span class='ocrx_word' id='word_1_493' title='bbox 3319 3265 3453 3321; x_wconf 67' lang='grc' dir='ltr'><strong>ίίυο⁶</strong></span> 
     </span>
    </p>
   </div>
   <div class='ocr_carea' id='block_1_64' title="bbox 186 3352 1779 3430">
    <p class='ocr_par' dir='ltr' id='par_1_64' title="bbox 186 3352 1779 3430">
     <span class='ocr_line' id='line_1_64' title="bbox 186 3352 1779 3430; baseline 0.003 -19"><span class='ocrx_word' id='word_1_494' title='bbox 186 3365 392 3430; x_wconf 46' lang='lat' dir='ltr'><strong>popqu</strong></span> <span class='ocrx_word' id='word_1_495' title='bbox 428 3365 713 3415; x_wconf 73' lang='lat' dir='ltr'><strong>miseratus</strong></span> <span class='ocrx_word' id='word_1_496' title='bbox 740 3361 977 3414; x_wconf 87' lang='lat' dir='ltr'><strong>indulsit.</strong></span> <span class='ocrx_word' id='word_1_497' title='bbox 1011 3360 1299 3415; x_wconf 70' lang='lat' dir='ltr'><strong>Ilmreditas</strong></span> <span class='ocrx_word' id='word_1_498' title='bbox 1331 3352 1467 3415; x_wconf 82' lang='lat' dir='ltr'><strong>enim</strong></span> <span class='ocrx_word' id='word_1_499' title='bbox 1497 3362 1657 3430; x_wconf 78' lang='lat' dir='ltr'><strong>ipsius</strong></span> <span class='ocrx_word' id='word_1_500' title='bbox 1687 3363 1779 3415; x_wconf 86' lang='lat' dir='ltr'><strong>luit</strong></span> 
     </span>
    </p>
   </div>
   <div class='ocr_carea' id='block_1_65' title="bbox 187 3450 1772 3523">
    <p class='ocr_par' dir='ltr' id='par_1_65' title="bbox 187 3450 1772 3523">
     <span class='ocr_line' id='line_1_65' title="bbox 187 3450 1772 3523; baseline -0.001 -18"><span class='ocrx_word' id='word_1_501' title='bbox 187 3458 430 3523; x_wconf 46' lang='lat' dir='ltr'><strong>populus</strong></span> <span class='ocrx_word' id='word_1_502' title='bbox 459 3454 806 3507; x_wconf 40' lang='lat' dir='ltr'><strong>ilebrtt&#39;mum</strong></span> <span class='ocrx_word' id='word_1_503' title='bbox 825 3496 837 3517; x_wconf 92' lang='lat'><strong>,</strong></span> <span class='ocrx_word' id='word_1_504' title='bbox 876 3454 1014 3505; x_wconf 80' lang='lat' dir='ltr'><strong>siettt</strong></span> <span class='ocrx_word' id='word_1_505' title='bbox 1040 3453 1227 3521; x_wconf 79' lang='lat' dir='ltr'><strong>legitur</strong></span> <span class='ocrx_word' id='word_1_506' title='bbox 1252 3469 1265 3504; x_wconf 76' lang='grc' dir='ltr'><strong>ε</strong></span> <span class='ocrx_word' id='word_1_507' title='bbox 1300 3450 1365 3504; x_wconf 82' lang='lat' dir='ltr'><strong>Et</strong></span> <span class='ocrx_word' id='word_1_508' title='bbox 1396 3456 1531 3520; x_wconf 77' lang='lat' dir='ltr'><strong>facta</strong></span> <span class='ocrx_word' id='word_1_509' title='bbox 1558 3462 1629 3505; x_wconf 80' lang='lat' dir='ltr'><strong>est</strong></span> <span class='ocrx_word' id='word_1_510' title='bbox 1661 3470 1772 3514; x_wconf 77' lang='lat' dir='ltr'><strong>por-</strong></span> 
     </span>
    </p>
   </div>
   <div class='ocr_carea' id='block_1_66' title="bbox 186 3544 1776 3615">
    <p class='ocr_par' dir='ltr' id='par_1_66' title="bbox 186 3544 1776 3615">
     <span class='ocr_line' id='line_1_66' title="bbox 186 3544 1776 3615; baseline -0.001 -18"><span class='ocrx_word' id='word_1_511' title='bbox 186 3551 251 3599; x_wconf 87' lang='lat' dir='ltr'><strong>tio</strong></span> <span class='ocrx_word' id='word_1_512' title='bbox 284 3548 514 3600; x_wconf 80' lang='lat' dir='ltr'><strong>Domini</strong></span> <span class='ocrx_word' id='word_1_513' title='bbox 558 3546 780 3615; x_wconf 84' lang='lat' dir='ltr'><strong>populus</strong></span> <span class='ocrx_word' id='word_1_514' title='bbox 804 3546 941 3613; x_wconf 80' lang='lat' dir='ltr'><strong>ejus,</strong></span> <span class='ocrx_word' id='word_1_515' title='bbox 972 3544 1132 3598; x_wconf 72' lang='lat' dir='ltr'><strong>Iacob</strong></span> <span class='ocrx_word' id='word_1_516' title='bbox 1163 3544 1420 3615; x_wconf 80' lang='lat' dir='ltr'><strong>funiculus</strong></span> <span class='ocrx_word' id='word_1_517' title='bbox 1465 3545 1776 3599; x_wconf 79' lang='lat' dir='ltr'><strong>ltwrcditatis</strong></span> 
     </span>
    </p>
   </div>
   <div class='ocr_carea' id='block_1_67' title="bbox 185 3636 1783 3709">
    <p class='ocr_par' dir='ltr' id='par_1_67' title="bbox 185 3636 1783 3709">
     <span class='ocr_line' id='line_1_67' title="bbox 185 3636 1783 3709; baseline 0 -21"><span class='ocrx_word' id='word_1_518' title='bbox 185 3642 295 3709; x_wconf 71' lang='lat' dir='ltr'><strong>ejus</strong></span> <span class='ocrx_word' id='word_1_519' title='bbox 337 3639 539 3708; x_wconf 78' lang='lat' dir='ltr'><strong>(Dent.</strong></span> <span class='ocrx_word' id='word_1_520' title='bbox 572 3653 737 3693; x_wconf 68' lang='grc' dir='ltr'><strong>χχχιι.</strong></span> <span class='ocrx_word' id='word_1_521' title='bbox 780 3638 859 3704; x_wconf 89' lang='grc'><strong>9).</strong></span> <span class='ocrx_word' id='word_1_522' title='bbox 912 3636 1038 3691; x_wconf 68' lang='grc' dir='ltr'><strong>11ωο</strong></span> <span class='ocrx_word' id='word_1_523' title='bbox 1077 3638 1119 3690; x_wconf 90' lang='lat' dir='ltr'><strong>si</strong></span> <span class='ocrx_word' id='word_1_524' title='bbox 1158 3637 1222 3689; x_wconf 86' lang='lat' dir='ltr'><strong>ad</strong></span> <span class='ocrx_word' id='word_1_525' title='bbox 1270 3644 1478 3705; x_wconf 84' lang='lat' dir='ltr'><strong>tempus</strong></span> <span class='ocrx_word' id='word_1_526' title='bbox 1524 3637 1783 3704; x_wconf 78' lang='lat' dir='ltr'><strong>inﬁrmata</strong></span> 
     </span>
    </p>
   </div>
   <div class='ocr_carea' id='block_1_68' title="bbox 184 3727 1778 3793">
    <p class='ocr_par' dir='ltr' id='par_1_68' title="bbox 184 3727 1778 3793">
     <span class='ocr_line' id='line_1_68' title="bbox 184 3727 1778 3793; baseline -0.001 -13"><span class='ocrx_word' id='word_1_527' title='bbox 184 3742 278 3793; x_wconf 77' lang='lat' dir='ltr'><strong>est,</strong></span> <span class='ocrx_word' id='word_1_528' title='bbox 312 3729 559 3782; x_wconf 85' lang='lat' dir='ltr'><strong>Domino</strong></span> <span class='ocrx_word' id='word_1_529' title='bbox 584 3727 849 3782; x_wconf 88' lang='lat' dir='ltr'><strong>Salvatori</strong></span> <span class='ocrx_word' id='word_1_530' title='bbox 885 3728 1101 3781; x_wconf 88' lang='lat' dir='ltr'><strong>minime</strong></span> <span class='ocrx_word' id='word_1_531' title='bbox 1125 3727 1412 3791; x_wconf 85' lang='lat' dir='ltr'><strong>credendo,</strong></span> <span class='ocrx_word' id='word_1_532' title='bbox 1438 3728 1646 3793; x_wconf 76' lang='lat' dir='ltr'><strong>perfecit</strong></span> <span class='ocrx_word' id='word_1_533' title='bbox 1677 3728 1778 3779; x_wconf 77' lang='lat' dir='ltr'><strong>lite-</strong></span> 
     </span>
    </p>
   </div>
   <div class='ocr_carea' id='block_1_69' title="bbox 186 3816 1784 3886">
    <p class='ocr_par' dir='ltr' id='par_1_69' title="bbox 186 3816 1784 3886">
     <span class='ocr_line' id='line_1_69' title="bbox 186 3816 1784 3886; baseline -0.001 -17"><span class='ocrx_word' id='word_1_534' title='bbox 186 3822 469 3873; x_wconf 75' lang='lat' dir='ltr'><strong>reditatem</strong></span> <span class='ocrx_word' id='word_1_535' title='bbox 502 3832 657 3871; x_wconf 89' lang='lat' dir='ltr'><strong>suam</strong></span> <span class='ocrx_word' id='word_1_536' title='bbox 685 3858 700 3882; x_wconf 95' lang='lat'><strong>,</strong></span> <span class='ocrx_word' id='word_1_537' title='bbox 744 3816 955 3885; x_wconf 84' lang='lat' dir='ltr'><strong>quando</strong></span> <span class='ocrx_word' id='word_1_538' title='bbox 984 3826 1170 3885; x_wconf 80' lang='lat' dir='ltr'><strong>gentes</strong></span> <span class='ocrx_word' id='word_1_539' title='bbox 1214 3817 1443 3886; x_wconf 86' lang='lat' dir='ltr'><strong>reliquas</strong></span> <span class='ocrx_word' id='word_1_540' title='bbox 1486 3819 1536 3870; x_wconf 87' lang='lat' dir='ltr'><strong>in</strong></span> <span class='ocrx_word' id='word_1_541' title='bbox 1567 3816 1784 3885; x_wconf 90' lang='lat' dir='ltr'><strong>supple-</strong></span> 
     </span>
    </p>
   </div>
   <div class='ocr_carea' id='block_1_70' title="bbox 190 3907 1087 3963">
    <p class='ocr_par' dir='ltr' id='par_1_70' title="bbox 190 3907 1087 3963">
     <span class='ocr_line' id='line_1_70' title="bbox 190 3907 1087 3963; baseline -0.002 -2"><span class='ocrx_word' id='word_1_542' title='bbox 190 3922 447 3963; x_wconf 64' lang='lat' dir='ltr'><strong>mentum</strong></span> <span class='ocrx_word' id='word_1_543' title='bbox 481 3908 684 3961; x_wconf 83' lang='lat' dir='ltr'><strong>creduli</strong></span> <span class='ocrx_word' id='word_1_544' title='bbox 713 3907 812 3959; x_wconf 90' lang='lat' dir='ltr'><strong>atis</strong></span> <span class='ocrx_word' id='word_1_545' title='bbox 839 3907 1087 3959; x_wconf 87' lang='lat' dir='ltr'><strong>admittit.</strong></span> 
     </span>
    </p>
   </div>
   <div class='ocr_carea' id='block_1_71' title="bbox 259 3996 1793 4066">
    <p class='ocr_par' dir='ltr' id='par_1_71' title="bbox 259 3996 1793 4066">
     <span class='ocr_line' id='line_1_71' title="bbox 259 3996 1793 4066; baseline -0.002 -15"><span class='ocrx_word' id='word_1_546' title='bbox 259 4003 426 4055; x_wconf 58' lang='lat' dir='ltr'><strong>\‘ers.</strong></span> <span class='ocrx_word' id='word_1_547' title='bbox 474 4000 568 4053; x_wconf 69' lang='grc' dir='ltr'><strong>Η..</strong></span> <span class='ocrx_word' id='word_1_548' title='bbox 613 3998 872 4052; x_wconf 81' lang='lat' dir='ltr'><strong>Animalia</strong></span> <span class='ocrx_word' id='word_1_549' title='bbox 912 4006 997 4050; x_wconf 86' lang='lat' dir='ltr'><strong>tua</strong></span> <span class='ocrx_word' id='word_1_550' title='bbox 1024 3997 1377 4051; x_wconf 86' lang='lat' dir='ltr'><strong>inhabitabunt</strong></span> <span class='ocrx_word' id='word_1_551' title='bbox 1402 3997 1451 4049; x_wconf 85' lang='lat' dir='ltr'><strong>in</strong></span> <span class='ocrx_word' id='word_1_552' title='bbox 1480 4011 1574 4049; x_wconf 87' lang='lat' dir='ltr'><strong>ca:</strong></span> <span class='ocrx_word' id='word_1_553' title='bbox 1599 3996 1793 4066; x_wconf 71' lang='lat' dir='ltr'><strong>parasti</strong></span> 
     </span>
    </p>
   </div>
   <div class='ocr_carea' id='block_1_72' title="bbox 180 4087 1792 4157">
    <p class='ocr_par' dir='ltr' id='par_1_72' title="bbox 180 4087 1792 4157">
     <span class='ocr_line' id='line_1_72' title="bbox 180 4087 1792 4157; baseline -0.001 -16"><span class='ocrx_word' id='word_1_554' title='bbox 180 4095 234 4143; x_wconf 79' lang='lat' dir='ltr'><strong>in</strong></span> <span class='ocrx_word' id='word_1_555' title='bbox 263 4093 563 4145; x_wconf 78' lang='lat' dir='ltr'><strong>dulcedine</strong></span> <span class='ocrx_word' id='word_1_556' title='bbox 591 4101 677 4141; x_wconf 87' lang='lat' dir='ltr'><strong>tua</strong></span> <span class='ocrx_word' id='word_1_557' title='bbox 707 4090 951 4157; x_wconf 82' lang='lat' dir='ltr'><strong>pauperi,</strong></span> <span class='ocrx_word' id='word_1_558' title='bbox 980 4087 1134 4142; x_wconf 72' lang='lat' dir='ltr'><strong>Deus.</strong></span> <span class='ocrx_word' id='word_1_559' title='bbox 1159 4088 1287 4155; x_wconf 86' lang='lat' dir='ltr'><strong>Quia</strong></span> <span class='ocrx_word' id='word_1_560' title='bbox 1317 4088 1559 4156; x_wconf 81' lang='lat' dir='ltr'><strong>superius</strong></span> <span class='ocrx_word' id='word_1_561' title='bbox 1583 4087 1792 4141; x_wconf 77' lang='lat' dir='ltr'><strong>dixerat</strong></span> 
     </span>
    </p>
   </div>
   <div class='ocr_carea' id='block_1_73' title="bbox 1884 3338 2948 3396">
    <p class='ocr_par' dir='ltr' id='par_1_73' title="bbox 1884 3338 2948 3396">
     <span class='ocr_line' id='line_1_73' title="bbox 1884 3338 2948 3396; baseline 0.002 -3"><span class='ocrx_word' id='word_1_562' title='bbox 1884 3341 2024 3393; x_wconf 89' lang='lat' dir='ltr'><strong>niam</strong></span> <span class='ocrx_word' id='word_1_563' title='bbox 2057 3338 2251 3393; x_wconf 79' lang='lat' dir='ltr'><strong>ferocis</strong></span> <span class='ocrx_word' id='word_1_564' title='bbox 2280 3339 2478 3394; x_wconf 90' lang='lat' dir='ltr'><strong>inimici</strong></span> <span class='ocrx_word' id='word_1_565' title='bbox 2505 3347 2625 3396; x_wconf 85' lang='lat' dir='ltr'><strong>vota</strong></span> <span class='ocrx_word' id='word_1_566' title='bbox 2653 3340 2948 3395; x_wconf 82' lang='lat' dir='ltr'><strong>irustravit.</strong></span> 
     </span>
    </p>
   </div>
   <div class='ocr_carea' id='block_1_74' title="bbox 1954 3452 3456 3523">
    <p class='ocr_par' dir='ltr' id='par_1_74' title="bbox 1954 3452 3456 3523">
     <span class='ocr_line' id='line_1_74' title="bbox 1954 3452 3456 3523; baseline 0 -17"><span class='ocrx_word' id='word_1_567' title='bbox 1954 3453 2106 3507; x_wconf 73' lang='lat' dir='ltr'><strong>Vers.</strong></span> <span class='ocrx_word' id='word_1_568' title='bbox 2150 3452 2235 3509; x_wconf 75' lang='grc'><strong>15.</strong></span> <span class='ocrx_word' id='word_1_569' title='bbox 2280 3452 2339 3507; x_wconf 84' lang='lat' dir='ltr'><strong>Si</strong></span> <span class='ocrx_word' id='word_1_570' title='bbox 2379 3453 2643 3506; x_wconf 83' lang='lat' dir='ltr'><strong>dormiatis</strong></span> <span class='ocrx_word' id='word_1_571' title='bbox 2679 3453 2812 3506; x_wconf 83' lang='lat' dir='ltr'><strong>inter</strong></span> <span class='ocrx_word' id='word_1_572' title='bbox 2850 3453 3041 3506; x_wconf 68' lang='lat' dir='ltr'><strong>medios</strong></span> <span class='ocrx_word' id='word_1_573' title='bbox 3068 3453 3249 3517; x_wconf 80' lang='lat' dir='ltr'><strong>cleros,</strong></span> <span class='ocrx_word' id='word_1_574' title='bbox 3277 3469 3456 3523; x_wconf 67' lang='lat' dir='ltr'><strong>pennae</strong></span> 
     </span>
    </p>
   </div>
   <div class='ocr_carea' id='block_1_75' title="bbox 1885 3545 3457 3615">
    <p class='ocr_par' dir='ltr' id='par_1_75' title="bbox 1885 3545 3457 3615">
     <span class='ocr_line' id='line_1_75' title="bbox 1885 3545 3457 3615; baseline -0.002 -17"><span class='ocrx_word' id='word_1_575' title='bbox 1885 3545 2133 3600; x_wconf 82' lang='lat' dir='ltr'><strong>columba:</strong></span> <span class='ocrx_word' id='word_1_576' title='bbox 2160 3546 2497 3615; x_wconf 74' lang='lat' dir='ltr'><strong>deargentata:</strong></span> <span class='ocrx_word' id='word_1_577' title='bbox 2516 3585 2530 3606; x_wconf 91' lang='lat'><strong>.</strong></span> <span class='ocrx_word' id='word_1_578' title='bbox 2562 3554 2609 3598; x_wconf 87' lang='lat' dir='ltr'><strong>et</strong></span> <span class='ocrx_word' id='word_1_579' title='bbox 2640 3545 2921 3615; x_wconf 85' lang='lat' dir='ltr'><strong>posteriora</strong></span> <span class='ocrx_word' id='word_1_580' title='bbox 2945 3545 3087 3598; x_wconf 87' lang='lat' dir='ltr'><strong>dorsi</strong></span> <span class='ocrx_word' id='word_1_581' title='bbox 3111 3547 3220 3613; x_wconf 86' lang='lat' dir='ltr'><strong>ejus</strong></span> <span class='ocrx_word' id='word_1_582' title='bbox 3259 3547 3310 3596; x_wconf 83' lang='lat' dir='ltr'><strong>in</strong></span> <span class='ocrx_word' id='word_1_583' title='bbox 3342 3560 3457 3613; x_wconf 84' lang='lat' dir='ltr'><strong>spe-</strong></span> 
     </span>
    </p>
   </div>
   <div class='ocr_carea' id='block_1_76' title="bbox 1883 3630 3461 3705">
    <p class='ocr_par' dir='ltr' id='par_1_76' title="bbox 1883 3630 3461 3705">
     <span class='ocr_line' id='line_1_76' title="bbox 1883 3630 3461 3705; baseline -0.001 -16"><span class='ocrx_word' id='word_1_584' title='bbox 1883 3637 1961 3690; x_wconf 88' lang='lat' dir='ltr'><strong>cie</strong></span> <span class='ocrx_word' id='word_1_585' title='bbox 1985 3637 2117 3690; x_wconf 89' lang='lat' dir='ltr'><strong>auri.</strong></span> <span class='ocrx_word' id='word_1_586' title='bbox 2149 3636 2581 3692; x_wconf 87' lang='lat' dir='ltr'><strong>Subaudiendum</strong></span> <span class='ocrx_word' id='word_1_587' title='bbox 2602 3676 2616 3699; x_wconf 91' lang='lat'><strong>,</strong></span> <span class='ocrx_word' id='word_1_588' title='bbox 2639 3636 2928 3705; x_wconf 77' lang='lat' dir='ltr'><strong>suscipient</strong></span> <span class='ocrx_word' id='word_1_589' title='bbox 2953 3650 3069 3689; x_wconf 85' lang='lat' dir='ltr'><strong>vos.</strong></span> <span class='ocrx_word' id='word_1_590' title='bbox 3094 3636 3187 3689; x_wconf 89' lang='lat' dir='ltr'><strong>Hic</strong></span> <span class='ocrx_word' id='word_1_591' title='bbox 3213 3630 3461 3699; x_wconf 83' lang='lat' dir='ltr'><strong>dormire,</strong></span> 
     </span>
    </p>
   </div>
   <div class='ocr_carea' id='block_1_77' title="bbox 1887 3724 3453 3794">
    <p class='ocr_par' dir='ltr' id='par_1_77' title="bbox 1887 3724 3453 3794">
     <span class='ocr_line' id='line_1_77' title="bbox 1887 3724 3453 3794; baseline -0.003 -13"><span class='ocrx_word' id='word_1_592' title='bbox 1887 3742 1991 3781; x_wconf 92' lang='lat' dir='ltr'><strong>non</strong></span> <span class='ocrx_word' id='word_1_593' title='bbox 2022 3734 2293 3794; x_wconf 89' lang='lat' dir='ltr'><strong>stuporem</strong></span> <span class='ocrx_word' id='word_1_594' title='bbox 2316 3726 2487 3780; x_wconf 86' lang='lat' dir='ltr'><strong>somni</strong></span> <span class='ocrx_word' id='word_1_595' title='bbox 2508 3724 2797 3793; x_wconf 73' lang='lat' dir='ltr'><strong>significat,</strong></span> <span class='ocrx_word' id='word_1_596' title='bbox 2823 3733 2915 3779; x_wconf 88' lang='lat' dir='ltr'><strong>aut</strong></span> <span class='ocrx_word' id='word_1_597' title='bbox 2934 3725 3252 3780; x_wconf 80' lang='lat' dir='ltr'><strong>oblivionem</strong></span> <span class='ocrx_word' id='word_1_598' title='bbox 3274 3740 3453 3778; x_wconf 89' lang='lat' dir='ltr'><strong>rerum</strong></span> 
     </span>
    </p>
   </div>
   <div class='ocr_carea' id='block_1_78' title="bbox 1887 3816 3455 3887">
    <p class='ocr_par' dir='ltr' id='par_1_78' title="bbox 1887 3816 3455 3887">
     <span class='ocr_line' id='line_1_78' title="bbox 1887 3816 3455 3887; baseline -0.004 -16"><span class='ocrx_word' id='word_1_599' title='bbox 1887 3833 2046 3887; x_wconf 90' lang='lat' dir='ltr'><strong>quam</strong></span> <span class='ocrx_word' id='word_1_600' title='bbox 2079 3819 2183 3885; x_wconf 87' lang='lat' dir='ltr'><strong>pati</strong></span> <span class='ocrx_word' id='word_1_601' title='bbox 2214 3818 2588 3873; x_wconf 88' lang='lat' dir='ltr'><strong>consuevimus</strong></span> <span class='ocrx_word' id='word_1_602' title='bbox 2628 3817 2984 3878; x_wconf 80' lang='lat' dir='ltr'><strong>dormientes;</strong></span> <span class='ocrx_word' id='word_1_603' title='bbox 3026 3816 3120 3869; x_wconf 85' lang='lat' dir='ltr'><strong>sed</strong></span> <span class='ocrx_word' id='word_1_604' title='bbox 3152 3816 3455 3867; x_wconf 80' lang='lat' dir='ltr'><strong>dormientes</strong></span> 
     </span>
    </p>
   </div>
   <div class='ocr_carea' id='block_1_79' title="bbox 1889 3905 3458 3977">
    <p class='ocr_par' dir='ltr' id='par_1_79' title="bbox 1889 3905 3458 3977">
     <span class='ocr_line' id='line_1_79' title="bbox 1889 3905 3458 3977; baseline -0.004 -14"><span class='ocrx_word' id='word_1_605' title='bbox 1889 3910 2053 3974; x_wconf 87' lang='lat' dir='ltr'><strong>dicit,</strong></span> <span class='ocrx_word' id='word_1_606' title='bbox 2095 3908 2150 3963; x_wconf 90' lang='lat' dir='ltr'><strong>in</strong></span> <span class='ocrx_word' id='word_1_607' title='bbox 2191 3908 2472 3977; x_wconf 61' lang='lat' dir='ltr'><strong>pra&#39;cepus</strong></span> <span class='ocrx_word' id='word_1_608' title='bbox 2518 3906 2723 3960; x_wconf 87' lang='lat' dir='ltr'><strong>Domini</strong></span> <span class='ocrx_word' id='word_1_609' title='bbox 2764 3905 3142 3974; x_wconf 87' lang='lat' dir='ltr'><strong>quiescentes,</strong></span> <span class='ocrx_word' id='word_1_610' title='bbox 3188 3915 3244 3960; x_wconf 89' lang='lat' dir='ltr'><strong>et</strong></span> <span class='ocrx_word' id='word_1_611' title='bbox 3286 3906 3336 3957; x_wconf 93' lang='lat' dir='ltr'><strong>in</strong></span> <span class='ocrx_word' id='word_1_612' title='bbox 3379 3906 3458 3957; x_wconf 89' lang='lat' dir='ltr'><strong>id-</strong></span> 
     </span>
    </p>
   </div>
   <div class='ocr_carea' id='block_1_80' title="bbox 1889 3996 3459 4069">
    <p class='ocr_par' dir='ltr' id='par_1_80' title="bbox 1889 3996 3459 4069">
     <span class='ocr_line' id='line_1_80' title="bbox 1889 3996 3459 4069; baseline -0.008 -12"><span class='ocrx_word' id='word_1_613' title='bbox 1889 4002 2064 4069; x_wconf 83' lang='lat' dir='ltr'><strong>ipsum</strong></span> <span class='ocrx_word' id='word_1_614' title='bbox 2112 4000 2351 4069; x_wconf 86' lang='lat' dir='ltr'><strong>requiem</strong></span> <span class='ocrx_word' id='word_1_615' title='bbox 2409 4000 2689 4053; x_wconf 82' lang='lat' dir='ltr'><strong>habentes.</strong></span> <span class='ocrx_word' id='word_1_616' title='bbox 2741 3996 2913 4051; x_wconf 84' lang='lat' dir='ltr'><strong>Cleros</strong></span> <span class='ocrx_word' id='word_1_617' title='bbox 2957 3998 3099 4051; x_wconf 78' lang='lat' dir='ltr'><strong>enim</strong></span> <span class='ocrx_word' id='word_1_618' title='bbox 3143 3996 3459 4050; x_wconf 85' lang='lat' dir='ltr'><strong>auctoritate</strong></span> 
     </span>
    </p>
   </div>
   <div class='ocr_carea' id='block_1_81' title="bbox 1894 4085 3469 4153">
    <p class='ocr_par' dir='ltr' id='par_1_81' title="bbox 1894 4085 3469 4153">
     <span class='ocr_line' id='line_1_81' title="bbox 1894 4085 3469 4153; baseline -0.004 -9"><span class='ocrx_word' id='word_1_619' title='bbox 1894 4090 2106 4145; x_wconf 86' lang='lat' dir='ltr'><strong>Patrum</strong></span> <span class='ocrx_word' id='word_1_620' title='bbox 2155 4089 2261 4143; x_wconf 90' lang='lat' dir='ltr'><strong>duo</strong></span> <span class='ocrx_word' id='word_1_621' title='bbox 2309 4086 2646 4141; x_wconf 80' lang='lat' dir='ltr'><strong>Testamenta</strong></span> <span class='ocrx_word' id='word_1_622' title='bbox 2693 4086 2951 4140; x_wconf 88' lang='lat' dir='ltr'><strong>debemus</strong></span> <span class='ocrx_word' id='word_1_623' title='bbox 3003 4086 3279 4153; x_wconf 89' lang='lat' dir='ltr'><strong>accipere,</strong></span> <span class='ocrx_word' id='word_1_624' title='bbox 3322 4085 3469 4139; x_wconf 89' lang='lat' dir='ltr'><strong>inter</strong></span> 
     </span>
    </p>
   </div>
   <div class='ocr_carea' id='block_1_82' title="bbox 178 4177 1791 4247">
    <p class='ocr_par' dir='ltr' id='par_1_82' title="bbox 178 4177 1791 4247">
     <span class='ocr_line' id='line_1_82' title="bbox 178 4177 1791 4247; baseline -0.003 -14"><span class='ocrx_word' id='word_1_625' title='bbox 178 4184 245 4233; x_wconf 81' lang='lat' dir='ltr'><strong>de</strong></span> <span class='ocrx_word' id='word_1_626' title='bbox 277 4180 620 4235; x_wconf 57' lang='lat' dir='ltr'><strong>haereditate</strong></span> <span class='ocrx_word' id='word_1_627' title='bbox 666 4177 906 4242; x_wconf 85' lang='lat' dir='ltr'><strong>Domini,</strong></span> <span class='ocrx_word' id='word_1_628' title='bbox 936 4187 989 4230; x_wconf 87' lang='lat' dir='ltr'><strong>tu</strong></span> <span class='ocrx_word' id='word_1_629' title='bbox 1028 4193 1142 4231; x_wconf 85' lang='lat' dir='ltr'><strong>vero</strong></span> <span class='ocrx_word' id='word_1_630' title='bbox 1182 4177 1434 4247; x_wconf 76' lang='lat' dir='ltr'><strong>perfecisti</strong></span> <span class='ocrx_word' id='word_1_631' title='bbox 1471 4191 1582 4228; x_wconf 88' lang='lat' dir='ltr'><strong>eam</strong></span> <span class='ocrx_word' id='word_1_632' title='bbox 1605 4215 1618 4241; x_wconf 92' lang='lat'><strong>,</strong></span> <span class='ocrx_word' id='word_1_633' title='bbox 1652 4190 1791 4229; x_wconf 90' lang='lat' dir='ltr'><strong>nunc</strong></span> 
     </span>
    </p>
   </div>
   <div class='ocr_carea' id='block_1_83' title="bbox 173 4266 1791 4339">
    <p class='ocr_par' dir='ltr' id='par_1_83' title="bbox 173 4266 1791 4339">
     <span class='ocr_line' id='line_1_83' title="bbox 173 4266 1791 4339; baseline -0.002 -16"><span class='ocrx_word' id='word_1_634' title='bbox 173 4274 374 4339; x_wconf 78' lang='lat' dir='ltr'><strong>adjicit</strong></span> <span class='ocrx_word' id='word_1_635' title='bbox 412 4269 565 4324; x_wconf 86' lang='lat' dir='ltr'><strong>unde</strong></span> <span class='ocrx_word' id='word_1_636' title='bbox 596 4282 713 4322; x_wconf 80' lang='lat' dir='ltr'><strong>eam</strong></span> <span class='ocrx_word' id='word_1_637' title='bbox 749 4268 1047 4336; x_wconf 80' lang='lat' dir='ltr'><strong>perliceret.</strong></span> <span class='ocrx_word' id='word_1_638' title='bbox 1079 4266 1338 4320; x_wconf 82' lang='lat' dir='ltr'><strong>Animalia</strong></span> <span class='ocrx_word' id='word_1_639' title='bbox 1370 4267 1580 4319; x_wconf 83' lang='lat' dir='ltr'><strong>fuerunt</strong></span> <span class='ocrx_word' id='word_1_640' title='bbox 1607 4275 1791 4333; x_wconf 77' lang='lat' dir='ltr'><strong>gentes</strong></span> 
     </span>
    </p>
   </div>
   <div class='ocr_carea' id='block_1_84' title="bbox 174 4356 1793 4429">
    <p class='ocr_par' dir='ltr' id='par_1_84' title="bbox 174 4356 1793 4429">
     <span class='ocr_line' id='line_1_84' title="bbox 174 4356 1793 4429; baseline 0 -19"><span class='ocrx_word' id='word_1_641' title='bbox 174 4375 305 4415; x_wconf 81' lang='lat' dir='ltr'><strong>vera</strong></span> <span class='ocrx_word' id='word_1_642' title='bbox 340 4360 622 4429; x_wconf 76' lang='lat' dir='ltr'><strong>religione</strong></span> <span class='ocrx_word' id='word_1_643' title='bbox 653 4368 928 4420; x_wconf 71' lang='lat' dir='ltr'><strong>vacuane;</strong></span> <span class='ocrx_word' id='word_1_644' title='bbox 957 4357 1050 4410; x_wconf 89' lang='lat' dir='ltr'><strong>sed</strong></span> <span class='ocrx_word' id='word_1_645' title='bbox 1079 4372 1199 4409; x_wconf 87' lang='lat' dir='ltr'><strong>cum</strong></span> <span class='ocrx_word' id='word_1_646' title='bbox 1230 4356 1293 4409; x_wconf 87' lang='lat' dir='ltr'><strong>ad</strong></span> <span class='ocrx_word' id='word_1_647' title='bbox 1330 4356 1605 4409; x_wconf 87' lang='lat' dir='ltr'><strong>Dominum</strong></span> <span class='ocrx_word' id='word_1_648' title='bbox 1634 4370 1793 4411; x_wconf 84' lang='lat' dir='ltr'><strong>vene-</strong></span> 
     </span>
    </p>
   </div>
   <div class='ocr_carea' id='block_1_85' title="bbox 172 4445 3465 4517">
    <p class='ocr_par' dir='ltr' id='par_1_85' title="bbox 172 4445 3465 4517">
     <span class='ocr_line' id='line_1_85' title="bbox 172 4445 3465 4517; baseline -0.002 -11"><span class='ocrx_word' id='word_1_649' title='bbox 172 4462 303 4506; x_wconf 84' lang='lat' dir='ltr'><strong>runt</strong></span> <span class='ocrx_word' id='word_1_650' title='bbox 324 4495 342 4515; x_wconf 88' lang='lat'><strong>,</strong></span> <span class='ocrx_word' id='word_1_651' title='bbox 380 4449 556 4504; x_wconf 72' lang='lat' dir='ltr'><strong>facta:</strong></span> <span class='ocrx_word' id='word_1_652' title='bbox 583 4456 709 4502; x_wconf 88' lang='lat' dir='ltr'><strong>sunt</strong></span> <span class='ocrx_word' id='word_1_653' title='bbox 736 4448 851 4517; x_wconf 89' lang='lat' dir='ltr'><strong>ejus</strong></span> <span class='ocrx_word' id='word_1_654' title='bbox 871 4489 886 4514; x_wconf 93' lang='lat'><strong>,</strong></span> <span class='ocrx_word' id='word_1_655' title='bbox 918 4463 1034 4517; x_wconf 67' lang='lat' dir='ltr'><strong>quae</strong></span> <span class='ocrx_word' id='word_1_656' title='bbox 1057 4448 1164 4517; x_wconf 85' lang='lat' dir='ltr'><strong>jam</strong></span> <span class='ocrx_word' id='word_1_657' title='bbox 1199 4446 1327 4500; x_wconf 88' lang='lat' dir='ltr'><strong>nihil</strong></span> <span class='ocrx_word' id='word_1_658' title='bbox 1357 4446 1622 4516; x_wconf 78' lang='lat' dir='ltr'><strong>indigeant</strong></span> <span class='ocrx_word' id='word_1_659' title='bbox 1650 4489 1665 4512; x_wconf 95' lang='lat'><strong>,</strong></span> <span class='ocrx_word' id='word_1_660' title='bbox 1696 4446 1790 4501; x_wconf 86' lang='lat' dir='ltr'><strong>sed</strong></span> <span class='ocrx_word' id='word_1_661' title='bbox 1895 4449 2211 4503; x_wconf 58' lang='lat' dir='ltr'><strong>vestrumin</strong></span> <span class='ocrx_word' id='word_1_662' title='bbox 2243 4446 2539 4515; x_wconf 85' lang='lat' dir='ltr'><strong>Scripturis</strong></span> <span class='ocrx_word' id='word_1_663' title='bbox 2569 4446 2761 4501; x_wconf 81' lang='lat' dir='ltr'><strong>divinis</strong></span> <span class='ocrx_word' id='word_1_664' title='bbox 2789 4445 2976 4501; x_wconf 91' lang='lat' dir='ltr'><strong>ultima</strong></span> <span class='ocrx_word' id='word_1_665' title='bbox 3016 4445 3335 4501; x_wconf 85' lang='lat' dir='ltr'><strong>dormitiOne</strong></span> <span class='ocrx_word' id='word_1_666' title='bbox 3377 4462 3465 4501; x_wconf 90' lang='lat' dir='ltr'><strong>rc-</strong></span> 
     </span>
    </p>
   </div>
   <div class='ocr_carea' id='block_1_86' title="bbox 173 4530 3468 4609">
    <p class='ocr_par' dir='ltr' id='par_1_86' title="bbox 173 4530 3468 4609">
     <span class='ocr_line' id='line_1_86' title="bbox 173 4530 3468 4609; baseline -0.001 -15"><span class='ocrx_word' id='word_1_667' title='bbox 173 4540 515 4596; x_wconf 75' lang='lat' dir='ltr'><strong>rationabili</strong></span> <span class='ocrx_word' id='word_1_668' title='bbox 547 4554 609 4592; x_wconf 87' lang='lat' dir='ltr'><strong>ac</strong></span> <span class='ocrx_word' id='word_1_669' title='bbox 638 4540 795 4608; x_wconf 86' lang='lat' dir='ltr'><strong>pleno</strong></span> <span class='ocrx_word' id='word_1_670' title='bbox 833 4539 1029 4593; x_wconf 88' lang='lat' dir='ltr'><strong>lumine</strong></span> <span class='ocrx_word' id='word_1_671' title='bbox 1066 4538 1450 4606; x_wconf 81' lang='lat' dir='ltr'><strong>compleantur.</strong></span> <span class='ocrx_word' id='word_1_672' title='bbox 1494 4537 1618 4592; x_wconf 71' lang='lat' dir='ltr'><strong>Haac</strong></span> <span class='ocrx_word' id='word_1_673' title='bbox 1647 4537 1793 4590; x_wconf 84' lang='lat' dir='ltr'><strong>Itabi-</strong></span> <span class='ocrx_word' id='word_1_674' title='bbox 1899 4542 2125 4609; x_wconf 67' lang='grc' dir='ltr'><strong>τιοηεηίε.</strong></span> <span class='ocrx_word' id='word_1_675' title='bbox 2171 4530 2554 4595; x_wconf 73' lang='lat' dir='ltr'><strong>Dormitionem</strong></span> <span class='ocrx_word' id='word_1_676' title='bbox 2597 4552 2722 4594; x_wconf 81' lang='lat' dir='ltr'><strong>vero</strong></span> <span class='ocrx_word' id='word_1_677' title='bbox 2765 4553 2861 4608; x_wconf 91' lang='lat' dir='ltr'><strong>pro</strong></span> <span class='ocrx_word' id='word_1_678' title='bbox 2902 4546 3076 4593; x_wconf 87' lang='lat' dir='ltr'><strong>morte</strong></span> <span class='ocrx_word' id='word_1_679' title='bbox 3119 4539 3242 4608; x_wconf 91' lang='lat' dir='ltr'><strong>poni</strong></span> <span class='ocrx_word' id='word_1_680' title='bbox 3288 4538 3468 4592; x_wconf 86' lang='lat' dir='ltr'><strong>Domi-</strong></span> 
     </span>
    </p>
   </div>
   <div class='ocr_carea' id='block_1_87' title="bbox 167 4630 3471 4702">
    <p class='ocr_par' dir='ltr' id='par_1_87' title="bbox 167 4630 3471 4702">
     <span class='ocr_line' id='line_1_87' title="bbox 167 4630 3471 4702; baseline -0.003 -10"><span class='ocrx_word' id='word_1_681' title='bbox 167 4638 367 4688; x_wconf 69' lang='grc' dir='ltr'><em>ισιιπι</em></span> <span class='ocrx_word' id='word_1_682' title='bbox 405 4635 470 4687; x_wconf 84' lang='lat' dir='ltr'><strong>in</strong></span> <span class='ocrx_word' id='word_1_683' title='bbox 506 4632 768 4696; x_wconf 50' lang='lat' dir='ltr'><strong>Ereti-sia.</strong></span> <span class='ocrx_word' id='word_1_684' title='bbox 803 4647 920 4685; x_wconf 79' lang='lat' dir='ltr'><strong>cum</strong></span> <span class='ocrx_word' id='word_1_685' title='bbox 952 4646 1090 4685; x_wconf 69' lang='lat' dir='ltr'><strong>verte</strong></span> <span class='ocrx_word' id='word_1_686' title='bbox 1130 4630 1397 4700; x_wconf 73' lang='lat' dir='ltr'><strong>religionis</strong></span> <span class='ocrx_word' id='word_1_687' title='bbox 1423 4630 1651 4694; x_wconf 81' lang='lat' dir='ltr'><strong>cultum.</strong></span> <span class='ocrx_word' id='word_1_688' title='bbox 1683 4630 1796 4697; x_wconf 88' lang='lat' dir='ltr'><strong>ipso</strong></span> <span class='ocrx_word' id='word_1_689' title='bbox 1824 4630 1875 4689; x_wconf 89' lang='lat' dir='ltr'><strong>D</strong></span> <span class='ocrx_word' id='word_1_690' title='bbox 1901 4650 1998 4690; x_wconf 89' lang='lat' dir='ltr'><strong>nus</strong></span> <span class='ocrx_word' id='word_1_691' title='bbox 2039 4636 2091 4688; x_wconf 89' lang='lat' dir='ltr'><strong>in</strong></span> <span class='ocrx_word' id='word_1_692' title='bbox 2139 4633 2424 4702; x_wconf 80' lang='lat' dir='ltr'><strong>Evangctio</strong></span> <span class='ocrx_word' id='word_1_693' title='bbox 2471 4641 2692 4687; x_wconf 83' lang='lat' dir='ltr'><strong>testatur</strong></span> <span class='ocrx_word' id='word_1_694' title='bbox 2742 4631 2966 4684; x_wconf 88' lang='lat' dir='ltr'><strong>dicens:</strong></span> <span class='ocrx_word' id='word_1_695' title='bbox 3001 4630 3225 4684; x_wconf 77' lang='lat' dir='ltr'><strong>Lazarus</strong></span> <span class='ocrx_word' id='word_1_696' title='bbox 3277 4632 3471 4684; x_wconf 78' lang='lat' dir='ltr'><strong>anticus</strong></span> 
     </span>
    </p>
   </div>
   <div class='ocr_carea' id='block_1_88' title="bbox 170 4721 3470 4791">
    <p class='ocr_par' dir='ltr' id='par_1_88' title="bbox 170 4721 3470 4791">
     <span class='ocr_line' id='line_1_88' title="bbox 170 4721 3470 4791; baseline -0.001 -14"><span class='ocrx_word' id='word_1_697' title='bbox 170 4729 524 4787; x_wconf 74' lang='lat' dir='ltr'><strong>miserante,</strong></span> <span class='ocrx_word' id='word_1_698' title='bbox 558 4724 911 4791; x_wconf 87' lang='lat' dir='ltr'><strong>perceperint.</strong></span> <span class='ocrx_word' id='word_1_699' title='bbox 947 4723 1245 4790; x_wconf 87' lang='lat' dir='ltr'><strong>lterumque</strong></span> <span class='ocrx_word' id='word_1_700' title='bbox 1275 4736 1391 4790; x_wconf 61' lang='lat' dir='ltr'><strong>qua:</strong></span> <span class='ocrx_word' id='word_1_701' title='bbox 1421 4722 1526 4775; x_wconf 88' lang='lat' dir='ltr'><strong>sint</strong></span> <span class='ocrx_word' id='word_1_702' title='bbox 1556 4723 1652 4775; x_wconf 89' lang='lat' dir='ltr'><strong>ista</strong></span> <span class='ocrx_word' id='word_1_703' title='bbox 1685 4721 1773 4773; x_wconf 90' lang='lat' dir='ltr'><strong>ani</strong></span> <span class='ocrx_word' id='word_1_704' title='bbox 1785 4750 1795 4759; x_wconf 85' lang='lat'><strong>-</strong></span> <span class='ocrx_word' id='word_1_705' title='bbox 1898 4734 2063 4779; x_wconf 88' lang='lat' dir='ltr'><strong>noster</strong></span> <span class='ocrx_word' id='word_1_706' title='bbox 2102 4725 2289 4778; x_wconf 86' lang='lat' dir='ltr'><strong>dormit</strong></span> <span class='ocrx_word' id='word_1_707' title='bbox 2315 4741 2332 4789; x_wconf 92' lang='lat'><em>;</em></span> <span class='ocrx_word' id='word_1_708' title='bbox 2362 4726 2447 4776; x_wconf 86' lang='lat' dir='ltr'><strong>sed</strong></span> <span class='ocrx_word' id='word_1_709' title='bbox 2472 4739 2644 4777; x_wconf 86' lang='lat' dir='ltr'><strong>eamus</strong></span> <span class='ocrx_word' id='word_1_710' title='bbox 2668 4732 2721 4775; x_wconf 87' lang='lat' dir='ltr'><strong>ut</strong></span> <span class='ocrx_word' id='word_1_711' title='bbox 2749 4739 2782 4775; x_wconf 89' lang='lat' dir='ltr'><strong>a</strong></span> <span class='ocrx_word' id='word_1_712' title='bbox 2808 4738 2986 4776; x_wconf 87' lang='lat' dir='ltr'><strong>somno</strong></span> <span class='ocrx_word' id='word_1_713' title='bbox 3025 4725 3318 4777; x_wconf 83' lang='lat' dir='ltr'><strong>suscitemus</strong></span> <span class='ocrx_word' id='word_1_714' title='bbox 3358 4739 3470 4775; x_wconf 86' lang='lat' dir='ltr'><strong>eum</strong></span> 
     </span>
    </p>
   </div>
   <div class='ocr_carea' id='block_1_89' title="bbox 166 4810 3467 4884">
    <p class='ocr_par' dir='ltr' id='par_1_89' title="bbox 166 4810 3467 4884">
     <span class='ocr_line' id='line_1_89' title="bbox 166 4810 3467 4884; baseline -0.001 -15"><span class='ocrx_word' id='word_1_715' title='bbox 166 4817 341 4869; x_wconf 68' lang='lat' dir='ltr'><strong>inc/ia</strong></span> <span class='ocrx_word' id='word_1_716' title='bbox 388 4822 804 4882; x_wconf 84' lang='lat' dir='ltr'><strong>consequenter</strong></span> <span class='ocrx_word' id='word_1_717' title='bbox 839 4813 1157 4881; x_wconf 80' lang='lat' dir='ltr'><strong>expunitur;</strong></span> <span class='ocrx_word' id='word_1_718' title='bbox 1199 4811 1324 4865; x_wconf 90' lang='lat' dir='ltr'><strong>dicit</strong></span> <span class='ocrx_word' id='word_1_719' title='bbox 1364 4811 1503 4864; x_wconf 90' lang='lat' dir='ltr'><strong>enim</strong></span> <span class='ocrx_word' id='word_1_720' title='bbox 1536 4828 1547 4863; x_wconf 90' lang='lat'><strong>:</strong></span> <span class='ocrx_word' id='word_1_721' title='bbox 1592 4810 1800 4864; x_wconf 85' lang='lat' dir='ltr'><strong>Parasti</strong></span> <span class='ocrx_word' id='word_1_722' title='bbox 1900 4815 2076 4884; x_wconf 88' lang='lat' dir='ltr'><strong>(Joan.</strong></span> <span class='ocrx_word' id='word_1_723' title='bbox 2099 4832 2173 4879; x_wconf 76' lang='lat' dir='ltr'><strong>XI,</strong></span> <span class='ocrx_word' id='word_1_724' title='bbox 2201 4814 2594 4883; x_wconf 78' lang='lat' dir='ltr'><strong>li).Sequitur,</strong></span> <span class='ocrx_word' id='word_1_725' title='bbox 2628 4829 2806 4882; x_wconf 70' lang='lat' dir='ltr'><strong>perime</strong></span> <span class='ocrx_word' id='word_1_726' title='bbox 2832 4813 3076 4867; x_wconf 72' lang='lat' dir='ltr'><strong>columba:</strong></span> <span class='ocrx_word' id='word_1_727' title='bbox 3104 4814 3467 4883; x_wconf 70' lang='lat' dir='ltr'><strong>deargentatar.</strong></span> 
     </span>
    </p>
   </div>
   <div class='ocr_carea' id='block_1_90' title="bbox 167 4901 3473 4973">
    <p class='ocr_par' dir='ltr' id='par_1_90' title="bbox 167 4901 3473 4973">
     <span class='ocr_line' id='line_1_90' title="bbox 167 4901 3473 4973; baseline -0.001 -14"><span class='ocrx_word' id='word_1_728' title='bbox 167 4910 224 4959; x_wconf 78' lang='lat' dir='ltr'><strong>iis</strong></span> <span class='ocrx_word' id='word_1_729' title='bbox 256 4906 572 4960; x_wconf 67' lang='lat' dir='ltr'><strong>dulcedine</strong></span> <span class='ocrx_word' id='word_1_730' title='bbox 619 4915 706 4956; x_wconf 85' lang='lat' dir='ltr'><strong>tua</strong></span> <span class='ocrx_word' id='word_1_731' title='bbox 757 4905 1000 4973; x_wconf 78' lang='lat' dir='ltr'><strong>pauperi,</strong></span> <span class='ocrx_word' id='word_1_732' title='bbox 1059 4904 1218 4956; x_wconf 77' lang='lat' dir='ltr'><strong>Deus.</strong></span> <span class='ocrx_word' id='word_1_733' title='bbox 1279 4901 1483 4956; x_wconf 68' lang='lat' dir='ltr'><strong>Parasti</strong></span> <span class='ocrx_word' id='word_1_734' title='bbox 1535 4903 1800 4972; x_wconf 77' lang='lat' dir='ltr'><strong>signiﬁcat</strong></span> <span class='ocrx_word' id='word_1_735' title='bbox 1900 4907 2001 4960; x_wconf 84' lang='lat' dir='ltr'><strong>Per</strong></span> <span class='ocrx_word' id='word_1_736' title='bbox 2042 4907 2455 4969; x_wconf 69' lang='lat' dir='ltr'><strong>limecommata</strong></span> <span class='ocrx_word' id='word_1_737' title='bbox 2496 4905 2667 4973; x_wconf 84' lang='lat' dir='ltr'><strong>(sicut</strong></span> <span class='ocrx_word' id='word_1_738' title='bbox 2692 4905 2936 4972; x_wconf 89' lang='lat' dir='ltr'><strong>superius</strong></span> <span class='ocrx_word' id='word_1_739' title='bbox 2966 4904 3237 4972; x_wconf 76' lang='lat' dir='ltr'><strong>diximus)</strong></span> <span class='ocrx_word' id='word_1_740' title='bbox 3276 4904 3473 4957; x_wconf 79' lang='lat' dir='ltr'><strong>subau-</strong></span> 
     </span>
    </p>
   </div>
   <div class='ocr_carea' id='block_1_91' title="bbox 167 4992 3472 5069">
    <p class='ocr_par' dir='ltr' id='par_1_91' title="bbox 167 4992 3472 5069">
     <span class='ocr_line' id='line_1_91' title="bbox 167 4992 3472 5069; baseline -0.002 -15"><span class='ocrx_word' id='word_1_741' title='bbox 167 4998 644 5069; x_wconf 61' lang='lat' dir='ltr'><strong>peruenimus,</strong></span> <span class='ocrx_word' id='word_1_742' title='bbox 674 4994 760 5064; x_wconf 86' lang='lat' dir='ltr'><strong>qui</strong></span> <span class='ocrx_word' id='word_1_743' title='bbox 792 4994 857 5048; x_wconf 88' lang='lat' dir='ltr'><strong>ab</strong></span> <span class='ocrx_word' id='word_1_744' title='bbox 886 4994 1089 5060; x_wconf 83' lang='lat' dir='ltr'><strong>origine</strong></span> <span class='ocrx_word' id='word_1_745' title='bbox 1118 4992 1318 5057; x_wconf 90' lang='lat' dir='ltr'><strong>mundi,</strong></span> <span class='ocrx_word' id='word_1_746' title='bbox 1345 4992 1457 5060; x_wconf 89' lang='lat' dir='ltr'><strong>ipso</strong></span> <span class='ocrx_word' id='word_1_747' title='bbox 1482 4994 1794 5059; x_wconf 85' lang='lat' dir='ltr'><strong>miserante,</strong></span> <span class='ocrx_word' id='word_1_748' title='bbox 1898 4994 2150 5050; x_wconf 86' lang='lat' dir='ltr'><strong>diendum</strong></span> <span class='ocrx_word' id='word_1_749' title='bbox 2171 5036 2185 5059; x_wconf 92' lang='lat'><strong>,</strong></span> <span class='ocrx_word' id='word_1_750' title='bbox 2216 4994 2509 5061; x_wconf 76' lang='lat' dir='ltr'><strong>suscipiant</strong></span> <span class='ocrx_word' id='word_1_751' title='bbox 2539 5008 2651 5047; x_wconf 88' lang='lat' dir='ltr'><strong>vos.</strong></span> <span class='ocrx_word' id='word_1_752' title='bbox 2687 4993 2877 5048; x_wconf 72' lang='lat' dir='ltr'><strong>Penno:</strong></span> <span class='ocrx_word' id='word_1_753' title='bbox 2897 4994 3197 5062; x_wconf 79' lang='lat' dir='ltr'><strong>signiﬁcant</strong></span> <span class='ocrx_word' id='word_1_754' title='bbox 3218 4993 3472 5048; x_wconf 79' lang='lat' dir='ltr'><strong>celerita-</strong></span> 
     </span>
    </p>
   </div>
   <div class='ocr_carea' id='block_1_92' title="bbox 169 5080 3475 5158">
    <p class='ocr_par' dir='ltr' id='par_1_92' title="bbox 169 5080 3475 5158">
     <span class='ocr_line' id='line_1_92' title="bbox 169 5080 3475 5158; baseline -0.001 -15"><span class='ocrx_word' id='word_1_755' title='bbox 169 5089 501 5158; x_wconf 57' lang='grc' dir='ltr'><strong>μίτραι-³11</strong></span> <span class='ocrx_word' id='word_1_756' title='bbox 529 5094 675 5139; x_wconf 83' lang='lat' dir='ltr'><strong>sunt.</strong></span> <span class='ocrx_word' id='word_1_757' title='bbox 713 5082 778 5136; x_wconf 90' lang='lat' dir='ltr'><strong>In</strong></span> <span class='ocrx_word' id='word_1_758' title='bbox 809 5081 1074 5136; x_wconf 78' lang='lat' dir='ltr'><strong>dulcedine</strong></span> <span class='ocrx_word' id='word_1_759' title='bbox 1112 5089 1200 5134; x_wconf 87' lang='lat' dir='ltr'><strong>tua</strong></span> <span class='ocrx_word' id='word_1_760' title='bbox 1220 5122 1234 5145; x_wconf 94' lang='lat'><strong>,</strong></span> <span class='ocrx_word' id='word_1_761' title='bbox 1270 5096 1373 5134; x_wconf 92' lang='lat' dir='ltr'><strong>non</strong></span> <span class='ocrx_word' id='word_1_762' title='bbox 1414 5080 1594 5135; x_wconf 68' lang='lat' dir='ltr'><strong>surculi</strong></span> <span class='ocrx_word' id='word_1_763' title='bbox 1639 5082 1795 5150; x_wconf 82' lang='lat' dir='ltr'><strong>hujus</strong></span> <span class='ocrx_word' id='word_1_764' title='bbox 1900 5094 2004 5139; x_wconf 82' lang='lat' dir='ltr'><strong>tem</strong></span> <span class='ocrx_word' id='word_1_765' title='bbox 2028 5128 2041 5151; x_wconf 90' lang='lat'><strong>,</strong></span> <span class='ocrx_word' id='word_1_766' title='bbox 2072 5101 2190 5156; x_wconf 71' lang='lat' dir='ltr'><strong>qua:</strong></span> <span class='ocrx_word' id='word_1_767' title='bbox 2213 5100 2311 5139; x_wconf 92' lang='lat' dir='ltr'><strong>nos</strong></span> <span class='ocrx_word' id='word_1_768' title='bbox 2334 5085 2385 5139; x_wconf 88' lang='lat' dir='ltr'><strong>in</strong></span> <span class='ocrx_word' id='word_1_769' title='bbox 2408 5086 2549 5139; x_wconf 88' lang='lat' dir='ltr'><strong>illam</strong></span> <span class='ocrx_word' id='word_1_770' title='bbox 2575 5087 2799 5155; x_wconf 84' lang='lat' dir='ltr'><strong>patriam</strong></span> <span class='ocrx_word' id='word_1_771' title='bbox 2824 5087 3025 5140; x_wconf 90' lang='lat' dir='ltr'><strong>ducunt</strong></span> <span class='ocrx_word' id='word_1_772' title='bbox 3047 5127 3061 5150; x_wconf 93' lang='lat'><strong>,</strong></span> <span class='ocrx_word' id='word_1_773' title='bbox 3090 5088 3134 5142; x_wconf 89' lang='lat' dir='ltr'><strong>si</strong></span> <span class='ocrx_word' id='word_1_774' title='bbox 3164 5086 3249 5140; x_wconf 88' lang='lat' dir='ltr'><strong>hic</strong></span> <span class='ocrx_word' id='word_1_775' title='bbox 3278 5086 3328 5140; x_wconf 90' lang='lat' dir='ltr'><strong>in</strong></span> <span class='ocrx_word' id='word_1_776' title='bbox 3359 5086 3475 5156; x_wconf 82' lang='lat' dir='ltr'><strong>lege</strong></span> 
     </span>
    </p>
   </div>
   <div class='ocr_carea' id='block_1_93' title="bbox 166 5172 3477 5247">
    <p class='ocr_par' dir='ltr' id='par_1_93' title="bbox 166 5172 3477 5247">
     <span class='ocr_line' id='line_1_93' title="bbox 166 5172 3477 5247; baseline -0.001 -14"><span class='ocrx_word' id='word_1_777' title='bbox 166 5181 261 5236; x_wconf 80' lang='lat' dir='ltr'><strong>ubi</strong></span> <span class='ocrx_word' id='word_1_778' title='bbox 310 5191 529 5233; x_wconf 79' lang='lat' dir='ltr'><strong>amara</strong></span> <span class='ocrx_word' id='word_1_779' title='bbox 578 5176 891 5243; x_wconf 84' lang='lat' dir='ltr'><strong>patiuntur,</strong></span> <span class='ocrx_word' id='word_1_780' title='bbox 940 5173 1032 5226; x_wconf 84' lang='lat' dir='ltr'><strong>sed</strong></span> <span class='ocrx_word' id='word_1_781' title='bbox 1077 5173 1130 5225; x_wconf 93' lang='lat' dir='ltr'><strong>in</strong></span> <span class='ocrx_word' id='word_1_782' title='bbox 1173 5172 1258 5224; x_wconf 85' lang='lat' dir='ltr'><strong>illa</strong></span> <span class='ocrx_word' id='word_1_783' title='bbox 1300 5173 1558 5226; x_wconf 80' lang='lat' dir='ltr'><strong>suavitate</strong></span> <span class='ocrx_word' id='word_1_784' title='bbox 1599 5173 1651 5225; x_wconf 91' lang='lat' dir='ltr'><strong>in</strong></span> <span class='ocrx_word' id='word_1_785' title='bbox 1692 5188 1794 5240; x_wconf 74' lang='lat' dir='ltr'><strong>qua</strong></span> <span class='ocrx_word' id='word_1_786' title='bbox 1904 5176 2112 5230; x_wconf 89' lang='lat' dir='ltr'><strong>Domini</strong></span> <span class='ocrx_word' id='word_1_787' title='bbox 2153 5176 2429 5245; x_wconf 84' lang='lat' dir='ltr'><strong>quiescere</strong></span> <span class='ocrx_word' id='word_1_788' title='bbox 2468 5192 2787 5232; x_wconf 82' lang='lat' dir='ltr'><strong>mereamur.</strong></span> <span class='ocrx_word' id='word_1_789' title='bbox 2834 5178 3096 5232; x_wconf 75' lang='lat' dir='ltr'><strong>Columba:</strong></span> <span class='ocrx_word' id='word_1_790' title='bbox 3134 5179 3477 5247; x_wconf 76' lang='lat' dir='ltr'><strong>deargcntatte</strong></span> 
     </span>
    </p>
   </div>
   <div class='ocr_carea' id='block_1_94' title="bbox 126 5261 3477 5341">
    <p class='ocr_par' dir='ltr' id='par_1_94' title="bbox 126 5261 3477 5341">
     <span class='ocr_line' id='line_1_94' title="bbox 126 5261 3477 5341; baseline 0 -25"><span class='ocrx_word' id='word_1_791' title='bbox 126 5324 139 5329; x_wconf 88' lang='lat'>_</span> <span class='ocrx_word' id='word_1_792' title='bbox 165 5285 463 5341; x_wconf 64' lang='grc' dir='ltr'><strong>ρσιραεε</strong></span> <span class='ocrx_word' id='word_1_793' title='bbox 504 5265 596 5319; x_wconf 88' lang='lat' dir='ltr'><strong>Dei</strong></span> <span class='ocrx_word' id='word_1_794' title='bbox 635 5280 789 5333; x_wconf 71' lang='lat' dir='ltr'><strong>reges</strong></span> <span class='ocrx_word' id='word_1_795' title='bbox 818 5262 1104 5317; x_wconf 86' lang='lat' dir='ltr'><strong>ditissimos</strong></span> <span class='ocrx_word' id='word_1_796' title='bbox 1133 5261 1477 5316; x_wconf 88' lang='lat' dir='ltr'><strong>antecellunt.</strong></span> <span class='ocrx_word' id='word_1_797' title='bbox 1901 5267 2194 5321; x_wconf 75' lang='lat' dir='ltr'><strong>Ecclesium</strong></span> <span class='ocrx_word' id='word_1_798' title='bbox 2234 5266 2553 5337; x_wconf 80' lang='lat' dir='ltr'><strong>signiﬁcant,</strong></span> <span class='ocrx_word' id='word_1_799' title='bbox 2584 5282 2701 5336; x_wconf 63' lang='lat' dir='ltr'><strong>quas</strong></span> <span class='ocrx_word' id='word_1_800' title='bbox 2732 5267 2923 5322; x_wconf 75' lang='lat' dir='ltr'><strong>merito</strong></span> <span class='ocrx_word' id='word_1_801' title='bbox 2952 5268 3182 5321; x_wconf 79' lang='lat' dir='ltr'><strong>columba</strong></span> <span class='ocrx_word' id='word_1_802' title='bbox 3232 5268 3477 5334; x_wconf 84' lang='lat' dir='ltr'><strong>deargeu-</strong></span> 
     </span>
    </p>
   </div>
   <div class='ocr_carea' id='block_1_95' title="bbox 242 5354 3480 5427">
    <p class='ocr_par' dir='ltr' id='par_1_95' title="bbox 242 5354 3480 5427">
     <span class='ocr_line' id='line_1_95' title="bbox 242 5354 3480 5427; baseline -0.001 -17"><span class='ocrx_word' id='word_1_803' title='bbox 242 5364 427 5419; x_wconf 69' lang='lat' dir='ltr'><strong>Ven.</strong></span> <span class='ocrx_word' id='word_1_804' title='bbox 487 5358 576 5411; x_wconf 74' lang='grc'><strong>15.</strong></span> <span class='ocrx_word' id='word_1_805' title='bbox 622 5355 869 5409; x_wconf 83' lang='lat' dir='ltr'><strong>Dominus</strong></span> <span class='ocrx_word' id='word_1_806' title='bbox 918 5354 1055 5406; x_wconf 89' lang='lat' dir='ltr'><strong>dabit</strong></span> <span class='ocrx_word' id='word_1_807' title='bbox 1104 5354 1303 5407; x_wconf 80' lang='lat' dir='ltr'><strong>verbum</strong></span> <span class='ocrx_word' id='word_1_808' title='bbox 1340 5354 1799 5427; x_wconf 70' lang='lat' dir='ltr'><strong>evattgelizantibus</strong></span> <span class='ocrx_word' id='word_1_809' title='bbox 1903 5364 2009 5408; x_wconf 86' lang='lat' dir='ltr'><strong>tata</strong></span> <span class='ocrx_word' id='word_1_810' title='bbox 2038 5355 2249 5418; x_wconf 87' lang='lat' dir='ltr'><strong>dicitur,</strong></span> <span class='ocrx_word' id='word_1_811' title='bbox 2279 5357 2401 5424; x_wconf 88' lang='lat' dir='ltr'><strong>quia</strong></span> <span class='ocrx_word' id='word_1_812' title='bbox 2431 5356 2788 5411; x_wconf 87' lang='lat' dir='ltr'><strong>innocentiam</strong></span> <span class='ocrx_word' id='word_1_813' title='bbox 2820 5357 2977 5411; x_wconf 86' lang='lat' dir='ltr'><strong>habet</strong></span> <span class='ocrx_word' id='word_1_814' title='bbox 3003 5355 3285 5423; x_wconf 66' lang='lat' dir='ltr'><strong>columbar,</strong></span> <span class='ocrx_word' id='word_1_815' title='bbox 3316 5367 3368 5409; x_wconf 91' lang='lat' dir='ltr'><strong>et</strong></span> <span class='ocrx_word' id='word_1_816' title='bbox 3397 5355 3480 5409; x_wconf 86' lang='lat' dir='ltr'><strong>di-</strong></span> 
     </span>
    </p>
   </div>
   <div class='ocr_carea' id='block_1_96' title="bbox 161 5444 3481 5521">
    <p class='ocr_par' dir='ltr' id='par_1_96' title="bbox 161 5444 3481 5521">
     <span class='ocr_line' id='line_1_96' title="bbox 161 5444 3481 5521; baseline -0.003 -10"><span class='ocrx_word' id='word_1_817' title='bbox 161 5462 403 5511; x_wconf 61' lang='lat' dir='ltr'><strong>vinantes</strong></span> <span class='ocrx_word' id='word_1_818' title='bbox 442 5451 646 5503; x_wconf 68' lang='lat' dir='ltr'><strong>multa:</strong></span> <span class='ocrx_word' id='word_1_819' title='bbox 674 5448 814 5521; x_wconf 82' lang='lat' dir='ltr'><strong>(ms.</strong></span> <span class='ocrx_word' id='word_1_820' title='bbox 849 5448 935 5511; x_wconf 80' lang='lat' dir='ltr'><strong>A.,</strong></span> <span class='ocrx_word' id='word_1_821' title='bbox 966 5447 1148 5501; x_wconf 82' lang='lat' dir='ltr'><strong>virtute</strong></span> <span class='ocrx_word' id='word_1_822' title='bbox 1175 5444 1389 5517; x_wconf 88' lang='lat' dir='ltr'><strong>multa].</strong></span> <span class='ocrx_word' id='word_1_823' title='bbox 1421 5447 1622 5503; x_wconf 70' lang='lat' dir='ltr'><strong>Versus</strong></span> <span class='ocrx_word' id='word_1_824' title='bbox 1653 5448 1806 5503; x_wconf 88' lang='lat' dir='ltr'><strong>istius</strong></span> <span class='ocrx_word' id='word_1_825' title='bbox 1910 5450 2047 5505; x_wconf 88' lang='lat' dir='ltr'><strong>vinis</strong></span> <span class='ocrx_word' id='word_1_826' title='bbox 2090 5449 2316 5518; x_wconf 87' lang='lat' dir='ltr'><strong>eloquiis</strong></span> <span class='ocrx_word' id='word_1_827' title='bbox 2355 5460 2607 5517; x_wconf 80' lang='lat' dir='ltr'><strong>argenteo</strong></span> <span class='ocrx_word' id='word_1_828' title='bbox 2653 5448 2833 5503; x_wconf 83' lang='lat' dir='ltr'><strong>colore</strong></span> <span class='ocrx_word' id='word_1_829' title='bbox 2882 5447 3220 5517; x_wconf 74' lang='lat' dir='ltr'><strong>resplendet;</strong></span> <span class='ocrx_word' id='word_1_830' title='bbox 3265 5448 3331 5501; x_wconf 90' lang='lat' dir='ltr'><strong>de</strong></span> <span class='ocrx_word' id='word_1_831' title='bbox 3371 5464 3481 5517; x_wconf 86' lang='lat' dir='ltr'><strong>qua-</strong></span> 
     </span>
    </p>
   </div>
   <div class='ocr_carea' id='block_1_97' title="bbox 164 5537 3483 5609">
    <p class='ocr_par' dir='ltr' id='par_1_97' title="bbox 164 5537 3483 5609">
     <span class='ocr_line' id='line_1_97' title="bbox 164 5537 3483 5609; baseline -0.003 -7"><span class='ocrx_word' id='word_1_832' title='bbox 164 5550 312 5602; x_wconf 78' lang='lat' dir='ltr'><strong>ordo</strong></span> <span class='ocrx_word' id='word_1_833' title='bbox 346 5543 509 5599; x_wconf 70' lang='lat' dir='ltr'><strong>talis</strong></span> <span class='ocrx_word' id='word_1_834' title='bbox 539 5549 620 5593; x_wconf 85' lang='lat' dir='ltr'><strong>est</strong></span> <span class='ocrx_word' id='word_1_835' title='bbox 649 5555 664 5591; x_wconf 91' lang='lat'>:</span> <span class='ocrx_word' id='word_1_836' title='bbox 698 5539 948 5593; x_wconf 86' lang='lat' dir='ltr'><strong>Dominus</strong></span> <span class='ocrx_word' id='word_1_837' title='bbox 977 5537 1125 5591; x_wconf 88' lang='lat' dir='ltr'><strong>dabit</strong></span> <span class='ocrx_word' id='word_1_838' title='bbox 1155 5538 1375 5591; x_wconf 86' lang='lat' dir='ltr'><strong>virtutes</strong></span> <span class='ocrx_word' id='word_1_839' title='bbox 1416 5539 1609 5593; x_wconf 86' lang='lat' dir='ltr'><strong>multas</strong></span> <span class='ocrx_word' id='word_1_840' title='bbox 1640 5554 1803 5593; x_wconf 87' lang='lat' dir='ltr'><strong>evan-</strong></span> <span class='ocrx_word' id='word_1_841' title='bbox 1907 5541 2160 5609; x_wconf 82' lang='lat' dir='ltr'><strong>scriptum</strong></span> <span class='ocrx_word' id='word_1_842' title='bbox 2202 5547 2287 5595; x_wconf 88' lang='lat' dir='ltr'><strong>est</strong></span> <span class='ocrx_word' id='word_1_843' title='bbox 2316 5556 2328 5593; x_wconf 86' lang='lat'><strong>:</strong></span> <span class='ocrx_word' id='word_1_844' title='bbox 2376 5540 2491 5594; x_wconf 86' lang='lat' dir='ltr'><strong>Una</strong></span> <span class='ocrx_word' id='word_1_845' title='bbox 2515 5550 2589 5594; x_wconf 84' lang='lat' dir='ltr'><strong>est</strong></span> <span class='ocrx_word' id='word_1_846' title='bbox 2618 5540 2848 5594; x_wconf 83' lang='lat' dir='ltr'><strong>columba</strong></span> <span class='ocrx_word' id='word_1_847' title='bbox 2877 5556 3016 5604; x_wconf 85' lang='lat' dir='ltr'><strong>mea,</strong></span> <span class='ocrx_word' id='word_1_848' title='bbox 3050 5556 3152 5592; x_wconf 87' lang='lat' dir='ltr'><strong>una</strong></span> <span class='ocrx_word' id='word_1_849' title='bbox 3182 5548 3265 5593; x_wconf 72' lang='lat' dir='ltr'><strong>cst‘</strong></span> <span class='ocrx_word' id='word_1_850' title='bbox 3298 5540 3483 5593; x_wconf 75' lang='lat' dir='ltr'><strong>dilecta</strong></span> 
     </span>
    </p>
   </div>
   <div class='ocr_carea' id='block_1_98' title="bbox 162 5626 3482 5708">
    <p class='ocr_par' dir='ltr' id='par_1_98' title="bbox 162 5626 3482 5708">
     <span class='ocr_line' id='line_1_98' title="bbox 162 5626 3482 5708; baseline -0.003 -15"><span class='ocrx_word' id='word_1_851' title='bbox 162 5630 579 5708; x_wconf 69' lang='lat' dir='ltr'><strong>gelizantibus</strong></span> <span class='ocrx_word' id='word_1_852' title='bbox 601 5629 838 5683; x_wconf 84' lang='lat' dir='ltr'><strong>verbum.</strong></span> <span class='ocrx_word' id='word_1_853' title='bbox 875 5627 1025 5681; x_wconf 86' lang='lat' dir='ltr'><strong>Dedit</strong></span> <span class='ocrx_word' id='word_1_854' title='bbox 1052 5627 1191 5681; x_wconf 86' lang='lat' dir='ltr'><strong>enim</strong></span> <span class='ocrx_word' id='word_1_855' title='bbox 1242 5628 1449 5682; x_wconf 84' lang='lat' dir='ltr'><strong>virtutes</strong></span> <span class='ocrx_word' id='word_1_856' title='bbox 1480 5626 1666 5682; x_wconf 86' lang='lat' dir='ltr'><strong>multas</strong></span> <span class='ocrx_word' id='word_1_857' title='bbox 1688 5642 1812 5697; x_wconf 87' lang='lat' dir='ltr'><strong>apo-</strong></span> <span class='ocrx_word' id='word_1_858' title='bbox 1910 5648 2019 5685; x_wconf 86' lang='lat' dir='ltr'><strong>mea</strong></span> <span class='ocrx_word' id='word_1_859' title='bbox 2051 5629 2225 5701; x_wconf 87' lang='lat' dir='ltr'><strong>(Cant.</strong></span> <span class='ocrx_word' id='word_1_860' title='bbox 2253 5645 2339 5696; x_wconf 84' lang='lat' dir='ltr'><strong>vt,</strong></span> <span class='ocrx_word' id='word_1_861' title='bbox 2364 5629 2440 5698; x_wconf 92' lang='lat'><strong>8).</strong></span> <span class='ocrx_word' id='word_1_862' title='bbox 2475 5628 2639 5698; x_wconf 85' lang='lat' dir='ltr'><strong>llttjus</strong></span> <span class='ocrx_word' id='word_1_863' title='bbox 2666 5628 2906 5682; x_wconf 71' lang='lat' dir='ltr'><strong>columba</strong></span> <span class='ocrx_word' id='word_1_864' title='bbox 2946 5628 3261 5698; x_wconf 73' lang='lat' dir='ltr'><strong>posteriora,</strong></span> <span class='ocrx_word' id='word_1_865' title='bbox 3309 5629 3360 5681; x_wconf 84' lang='lat' dir='ltr'><strong>id</strong></span> <span class='ocrx_word' id='word_1_866' title='bbox 3400 5640 3482 5682; x_wconf 89' lang='lat' dir='ltr'><strong>est</strong></span> 
     </span>
    </p>
   </div>
   <div class='ocr_carea' id='block_1_99' title="bbox 162 5717 3481 5790">
    <p class='ocr_par' dir='ltr' id='par_1_99' title="bbox 162 5717 3481 5790">
     <span class='ocr_line' id='line_1_99' title="bbox 162 5717 3481 5790; baseline 0.001 -20"><span class='ocrx_word' id='word_1_867' title='bbox 162 5732 335 5783; x_wconf 60' lang='grc' dir='ltr'><strong>,ποίεε</strong></span> <span class='ocrx_word' id='word_1_868' title='bbox 361 5769 377 5787; x_wconf 74' lang='grc'><em>,</em></span> <span class='ocrx_word' id='word_1_869' title='bbox 422 5717 545 5790; x_wconf 80' lang='lat' dir='ltr'><strong>qui</strong></span> <span class='ocrx_word' id='word_1_870' title='bbox 570 5720 783 5773; x_wconf 86' lang='lat' dir='ltr'><strong>verbum</strong></span> <span class='ocrx_word' id='word_1_871' title='bbox 813 5717 931 5789; x_wconf 87' lang='lat' dir='ltr'><strong>ejus</strong></span> <span class='ocrx_word' id='word_1_872' title='bbox 961 5718 1255 5772; x_wconf 83' lang='lat' dir='ltr'><strong>veneranda</strong></span> <span class='ocrx_word' id='word_1_873' title='bbox 1296 5717 1633 5774; x_wconf 79' lang='lat' dir='ltr'><strong>confessione</strong></span> <span class='ocrx_word' id='word_1_874' title='bbox 1674 5733 1806 5787; x_wconf 82' lang='lat' dir='ltr'><strong>prae-</strong></span> <span class='ocrx_word' id='word_1_875' title='bbox 1912 5721 2127 5783; x_wconf 89' lang='lat' dir='ltr'><strong>ultima,</strong></span> <span class='ocrx_word' id='word_1_876' title='bbox 2174 5720 2226 5772; x_wconf 85' lang='lat' dir='ltr'><strong>in</strong></span> <span class='ocrx_word' id='word_1_877' title='bbox 2266 5719 2429 5789; x_wconf 79' lang='lat' dir='ltr'><strong>specie</strong></span> <span class='ocrx_word' id='word_1_878' title='bbox 2470 5720 2586 5771; x_wconf 83' lang='lat' dir='ltr'><strong>auri</strong></span> <span class='ocrx_word' id='word_1_879' title='bbox 2621 5717 2912 5773; x_wconf 79' lang='lat' dir='ltr'><strong>clariﬁcata</strong></span> <span class='ocrx_word' id='word_1_880' title='bbox 2964 5719 3327 5787; x_wconf 82' lang='lat' dir='ltr'><strong>resplendent,</strong></span> <span class='ocrx_word' id='word_1_881' title='bbox 3358 5717 3481 5787; x_wconf 80' lang='lat' dir='ltr'><strong>quia</strong></span> 
     </span>
    </p>
   </div>
   <div class='ocr_carea' id='block_1_100' title="bbox 164 5809 3493 5881">
    <p class='ocr_par' dir='ltr' id='par_1_100' title="bbox 164 5809 3493 5881">
     <span class='ocr_line' id='line_1_100' title="bbox 164 5809 3493 5881; baseline -0.002 -8"><span class='ocrx_word' id='word_1_882' title='bbox 164 5824 468 5879; x_wconf 63' lang='lat' dir='ltr'><strong>minus</strong></span> <span class='ocrx_word' id='word_1_883' title='bbox 502 5853 525 5879; x_wconf 84' lang='lat'><strong>,</strong></span> <span class='ocrx_word' id='word_1_884' title='bbox 578 5810 788 5880; x_wconf 82' lang='lat' dir='ltr'><strong>quando</strong></span> <span class='ocrx_word' id='word_1_885' title='bbox 834 5812 916 5867; x_wconf 87' lang='lat' dir='ltr'><strong>eis</strong></span> <span class='ocrx_word' id='word_1_886' title='bbox 967 5811 1325 5880; x_wconf 75' lang='lat' dir='ltr'><strong>languentium</strong></span> <span class='ocrx_word' id='word_1_887' title='bbox 1382 5812 1567 5869; x_wconf 87' lang='lat' dir='ltr'><strong>turbas</strong></span> <span class='ocrx_word' id='word_1_888' title='bbox 1620 5825 1809 5866; x_wconf 80' lang='lat' dir='ltr'><strong>sanare</strong></span> <span class='ocrx_word' id='word_1_889' title='bbox 1917 5821 2196 5881; x_wconf 84' lang='lat' dir='ltr'><strong>postquam</strong></span> <span class='ocrx_word' id='word_1_890' title='bbox 2236 5809 2304 5869; x_wconf 78' lang='lat' dir='ltr'><strong>de</strong></span> <span class='ocrx_word' id='word_1_891' title='bbox 2344 5812 2443 5866; x_wconf 87' lang='lat' dir='ltr'><strong>hoc</strong></span> <span class='ocrx_word' id='word_1_892' title='bbox 2482 5809 2680 5867; x_wconf 81' lang='lat' dir='ltr'><strong>mundo</strong></span> <span class='ocrx_word' id='word_1_893' title='bbox 2722 5809 3069 5878; x_wconf 82' lang='lat' dir='ltr'><strong>discesserit,</strong></span> <span class='ocrx_word' id='word_1_894' title='bbox 3108 5826 3266 5879; x_wconf 76' lang='lat' dir='ltr'><strong>supra</strong></span> <span class='ocrx_word' id='word_1_895' title='bbox 3294 5826 3493 5866; x_wconf 79' lang='lat' dir='ltr'><strong>aurum</strong></span> 
     </span>
    </p>
   </div>
   <div class='ocr_carea' id='block_1_101' title="bbox 1892 4173 3459 4248">
    <p class='ocr_par' dir='ltr' id='par_1_101' title="bbox 1892 4173 3459 4248">
     <span class='ocr_line' id='line_1_101' title="bbox 1892 4173 3459 4248; baseline -0.003 -15"><span class='ocrx_word' id='word_1_896' title='bbox 1892 4195 2012 4248; x_wconf 71' lang='lat' dir='ltr'><strong>qua:</strong></span> <span class='ocrx_word' id='word_1_897' title='bbox 2050 4190 2231 4232; x_wconf 86' lang='lat' dir='ltr'><strong>monet</strong></span> <span class='ocrx_word' id='word_1_898' title='bbox 2267 4178 2543 4232; x_wconf 83' lang='lat' dir='ltr'><strong>continere</strong></span> <span class='ocrx_word' id='word_1_899' title='bbox 2586 4182 2749 4244; x_wconf 82' lang='lat' dir='ltr'><strong>atque</strong></span> <span class='ocrx_word' id='word_1_900' title='bbox 2789 4175 3065 4244; x_wconf 77' lang='lat' dir='ltr'><strong>quiescere</strong></span> <span class='ocrx_word' id='word_1_901' title='bbox 3108 4173 3459 4228; x_wconf 86' lang='lat' dir='ltr'><strong>Christianos.</strong></span> 
     </span>
    </p>
   </div>
   <div class='ocr_carea' id='block_1_102' title="bbox 1895 4263 3465 4336">
    <p class='ocr_par' dir='ltr' id='par_1_102' title="bbox 1895 4263 3465 4336">
     <span class='ocr_line' id='line_1_102' title="bbox 1895 4263 3465 4336; baseline -0.005 -12"><span class='ocrx_word' id='word_1_902' title='bbox 1895 4270 2095 4325; x_wconf 87' lang='lat' dir='ltr'><strong>Sensus</strong></span> <span class='ocrx_word' id='word_1_903' title='bbox 2143 4282 2270 4336; x_wconf 80' lang='lat' dir='ltr'><strong>ergo</strong></span> <span class='ocrx_word' id='word_1_904' title='bbox 2318 4267 2437 4320; x_wconf 83' lang='lat' dir='ltr'><strong>talis</strong></span> <span class='ocrx_word' id='word_1_905' title='bbox 2482 4275 2585 4321; x_wconf 83' lang='lat' dir='ltr'><strong>est.</strong></span> <span class='ocrx_word' id='word_1_906' title='bbox 2634 4265 2951 4320; x_wconf 88' lang='lat' dir='ltr'><strong>Commonet</strong></span> <span class='ocrx_word' id='word_1_907' title='bbox 2994 4263 3178 4319; x_wconf 71' lang='lat' dir='ltr'><strong>fideles</strong></span> <span class='ocrx_word' id='word_1_908' title='bbox 3209 4280 3221 4315; x_wconf 90' lang='lat'><strong>:</strong></span> <span class='ocrx_word' id='word_1_909' title='bbox 3252 4264 3297 4317; x_wconf 89' lang='lat' dir='ltr'><strong>si</strong></span> <span class='ocrx_word' id='word_1_910' title='bbox 3340 4263 3465 4317; x_wconf 83' lang='lat' dir='ltr'><strong>dor-</strong></span> 
     </span>
    </p>
   </div>
   <div class='ocr_carea' id='block_1_103' title="bbox 1895 4354 3461 4420">
    <p class='ocr_par' dir='ltr' id='par_1_103' title="bbox 1895 4354 3461 4420">
     <span class='ocr_line' id='line_1_103' title="bbox 1895 4354 3461 4420; baseline -0.005 -7"><span class='ocrx_word' id='word_1_911' title='bbox 1895 4357 2071 4413; x_wconf 87' lang='lat' dir='ltr'><strong>miatis</strong></span> <span class='ocrx_word' id='word_1_912' title='bbox 2111 4357 2250 4410; x_wconf 85' lang='lat' dir='ltr'><strong>inter</strong></span> <span class='ocrx_word' id='word_1_913' title='bbox 2287 4355 2393 4409; x_wconf 88' lang='lat' dir='ltr'><strong>duo</strong></span> <span class='ocrx_word' id='word_1_914' title='bbox 2432 4355 2802 4418; x_wconf 86' lang='lat' dir='ltr'><strong>Testamenta,</strong></span> <span class='ocrx_word' id='word_1_915' title='bbox 2846 4354 2948 4408; x_wconf 86' lang='lat' dir='ltr'><strong>hoc</strong></span> <span class='ocrx_word' id='word_1_916' title='bbox 2988 4363 3103 4420; x_wconf 89' lang='lat' dir='ltr'><strong>est,</strong></span> <span class='ocrx_word' id='word_1_917' title='bbox 3148 4354 3191 4406; x_wconf 90' lang='lat' dir='ltr'><strong>si</strong></span> <span class='ocrx_word' id='word_1_918' title='bbox 3232 4354 3461 4407; x_wconf 85' lang='lat' dir='ltr'><strong>animam</strong></span> 
     </span>
    </p>
   </div>
  </div>
