4000 6172
507 432 608 484 ιεγ

1743 426 1810 481 Μ.
1849 425 2124 485 ΑΕΠΕΗΙ
2163 424 2555 481 CASSIUDORI

3652 420 3757 471 M8

516 526 632 591 ejus
663 522 828 593 gratia
861 519 1135 576 relucebit.
1171 518 1231 574 Et
1263 519 1470 589 respice
1499 520 1638 590 quod
1673 521 1723 573 in
1756 521 1857 573 hoc.
1886 517 2081 573 mundo
2112 520 2155 579 Α
2188 518 2382 571 bonum
2427 518 2681 585 creditur,
2736 518 2785 570 in
2831 516 3023 571 montis
3064 514 3214 569 istius
3253 523 3328 566 «st
3358 516 3523 583 gratia
3555 514 3725 565 consti

508 630 729 687 argento
771 626 1077 685 comparata
1120 626 1246 671 est:
1284 618 1334 671 in
1378 617 1467 671 illa
1507 631 1640 672 vero
1686 618 2078 671 resurrectione

503 711 619 765 auri
647 725 764 763 eam
797 713 979 777 specie
1012 709 1137 763 dicit
1166 710 1459 763 ornandam
1485 750 1499 773 ,
1533 710 1669 763 sicut
1702 710 1750 762 in
1785 707 2077 776 quadrage-

504 800 641 854 simo
671 808 858 869 quarto
891 799 1092 869 psalmo
1117 798 1228 868 jam
1259 800 1456 853 dictum
1485 810 1569 853 est
1596 817 1607 851 :
1642 800 1813 853 Astitit
1843 801 2019 869 regina
2049 816 2079 851 a

502 890 695 944 dextris
725 890 823 942 tuis
854 890 907 942 in
937 890 1118 943 vestitu
1146 890 1412 954 deaurato,
1440 890 1822 942 circumamicta
1843 890 2082 942 varietate

504 982 678 1051 (Psal.
708 997 852 1046 xuv,
884 982 998 1051 10).

577 1122 731 1177 Vera.
776 1121 862 1176 l6.
906 1121 1045 1174 Dum
1082 1122 1323 1174 discernit
1360 1121 1575 1175 caelestis
1612 1137 1752 1191 reges
1790 1137 1942 1191 super
1977 1131 2081 1176 ter-

502 1231 616 1270 ram
634 1254 650 1279 ,
682 1216 795 1271 nive
823 1214 1198 1273 dealbabuntur
1220 1214 1274 1266 in
1300 1212 1533 1267 Salmon.
1564 1213 1689 1268 Post
1713 1213 2082 1283 diapsalmatis

504 1305 806 1366 silentium,
843 1305 990 1358 venit
1016 1304 1083 1359 ad
1126 1303 1314 1372 psalmi
1358 1304 1574 1359 tertium
1612 1304 1945 1365 membrum,
1985 1305 2075 1359 ubi

502 1405 793 1454 enumerat
813 1397 955 1451 dona
986 1411 1103 1465 quae
1133 1395 1416 1450 contulerit
1444 1394 1701 1449 Ecclesiae
1731 1395 2079 1449 resurrectio-

505 1490 591 1546 nis
629 1490 800 1557 gloria
839 1488 1135 1547 contributa
1180 1488 1458 1543 Dominus.
1505 1485 1732 1542 Caelestis
1768 1503 1917 1557 reges
1958 1496 2083 1542 sunt

505 1581 733 1650 apostoli
764 1579 1039 1648 sanctique
1065 1578 1349 1648 pontiﬁces
1369 1622 1382 1643 ,
1416 1577 1499 1631 vel
1528 1579 1706 1632 caeteri
1738 1578 1923 1633 ﬁdeles
1943 1618 1957 1643 ,
1989 1579 2080 1648 qui

509 1670 854 1740 probabiliter
882 1683 1071 1738 regere
1099 1682 1324 1737 corpora
1352 1683 1448 1722 sua
1478 1668 1663 1723 divino
1705 1684 1927 1724 munere
1971 1685 2082 1724 me-

507 1776 751 1821 ruerunt.
792 1763 905 1818 Rex
935 1774 1063 1833 ergo
1091 1777 1121 1815 a
1152 1761 1386 1833 regendo
1412 1773 1631 1817 Vocatus
1659 1772 1762 1818 est.
1795 1762 1857 1817 Et
1888 1762 2082 1817 merito

2184 616 2350 663 lultlttt
2380 610 2392 662 i

2253 698 2405 751 Vcrs.
2453 698 2536 751 18.
2581 696 2773 764 thuid
2811 698 3074 764 suscepisti
3112 694 3272 767 [cd.,
3321 695 3587 766 suscepisti
3628 693 3759 765 nos]

2182 801 2375 843 montes
2406 790 2626 843 uberes?
2650 805 2795 841 mons
2824 791 2874 841 in
2902 805 3001 857 quo
3033 787 3394 857 bencplacilum
3422 794 3493 838 est
3525 785 3632 839 Deo
3661 785 3763 837 Itan

2183 883 2341 934 bitare
2379 884 2429 935 in
2457 899 2536 936 eo.
2579 882 2717 936 Dixit
2756 883 2999 950 superius
3038 891 3257 935 montem
3295 878 3493 934 debere
3532 878 3759 947 intelligi

2184 973 2467 1029 Dom'num
2510 974 2883 1038 Salvatorem;
2924 973 3020 1027 sed
3061 987 3201 1027 nuuc
3240 970 3581 1039 reprehendit
3632 984 3760 1038 pro-

2183 1069 2338 1133 pheta
2366 1110 2379 1132 ,
2413 1083 2479 1122 ne
2508 1069 2626 1135 quis
2648 1067 2850 1127 debeat
2886 1075 3081 1118 montes
3125 1064 3258 1118 istos
3298 1056 3631 1137 intelligere]
3662 1062 3758 1130 qui

2181 1158 2541 1225 apostolorum
2598 1155 2902 1209 eminentia:
2955 1161 3366 1221 comparantur,
3417 1150 3656 1220 quamvis
3700 1158 3759 1203 et

2183 1247 2327 1316 ipsos
2357 1262 2450 1315 per
2484 1247 2571 1300 Dei
2604 1247 2826 1317 gratiam
2858 1244 3033 1299 uberes
3059 1257 3180 1297 esse
3206 1254 3505 1295 noscamus.
3536 1238 3757 1294 Addidit

2181 1338 2321 1392 enim
2345 1379 2360 1401 ,
2395 1353 2534 1389 mons
2564 1339 2617 1389 in
2642 1352 2739 1405 quo
2769 1335 3134 1401 beneplaeitum
3165 1344 3239 1387 est
3284 1331 3389 1385 Deo
3435 1331 3659 1385 habitare
3702 1332 3759 1383 in

2181 1445 2259 1482 eo.
2301 1427 2405 1482 Sed
2447 1442 2605 1496 quem
2658 1437 2877 1479 montem
2926 1424 3244 1479 deberemus
3280 1423 3597 1485 advertere,
3644 1423 3761 1476 evi-

2182 1515 2375 1570 denter
2404 1517 2668 1586 designat.
2705 1516 2946 1575 Christus
2975 1524 3055 1568 est
3097 1512 3241 1567 enim
3280 1513 3428 1566 solus
3472 1526 3626 1566 mons
3663 1512 3760 1581 qui

2184 1605 2328 1660 Patri
2356 1606 2711 1673 complacuit,
2747 1615 2799 1658 ul
2834 1606 2883 1657 in
2916 1604 3101 1659 eodem
3137 1598 3440 1666 habitaret;
3472 1603 3612 1656 sicut
3641 1603 3762 1669 ipse

2183 1705 2442 1751 testatur:
2474 1694 2577 1748 Hic
2613 1705 2686 1748 est
2720 1692 2889 1746 Filius
2930 1710 3067 1746 meus
3108 1693 3355 1758 dilectus,
3398 1693 3447 1744 in
3492 1708 3593 1760 quo
3631 1691 3763 1744 mihi

2181 1787 2304 1839 bene
2343 1785 2629 1855 complacui
2670 1782 2901 1855 (Matth.
2934 1799 3024 1847 ιιι,
3052 1780 3176 1851 l7).
3225 1781 3354 1835 Natu
3402 1780 3541 1852 quod
3581 1780 3758 1834 dicit:

508 1857 611 1913 hoc
644 1858 746 1911 illis
776 1868 971 1910 nomen
1004 1854 1311 1924 impositum
1341 1863 1457 1917 est,
1486 1855 1573 1922 qui
1615 1854 1936 1922 cupiditates
1977 1869 2078 1909 sa:-

2194 1874 2430 1927 lIabitare
2458 1854 2520 1927 in
2557 1890 2649 1937 eo,
2683 1854 2742 1928 et
2783 1872 2957 1935 Patri,
3004 1881 3059 1925 et
3100 1869 3233 1931 Filio
3278 1880 3561 1937 utrumque
3609 1884 3761 1923 com-

509 1951 614 2005 culi
645 1936 919 2006 refrenare
945 1949 1122 2003 divina
1172 1948 1367 2003 virtute
1407 1956 1711 2015 potuerunt,
1760 1947 1897 2002 sicut
1936 1946 2079 2016 Apo-

510 2042 683 2097 stolus
709 2040 966 2111 quosdam
995 2040 1275 2107 increpans
1304 2038 1472 2093 dicit:
1501 2038 1625 2093 Sine
1648 2037 1791 2092 nobis
1818 2040 2077 2107 regnatis,

506 2142 554 2186 et
580 2134 778 2188 utinam
808 2130 1128 2200 regnaretis;
1157 2139 1211 2181 ut
1242 2137 1289 2182 et
1320 2145 1412 2182 nos
1450 2128 1704 2182 vobiscum
1745 2143 2083 2196 conregnare-

513 2238 629 2275 mus
660 2219 714 2292 (Ι
728 2219 848 2277 Cor.
870 2236 939 2286 tv,
963 2221 1038 2289 8).
1068 2219 1175 2273 Hos
1200 2234 1327 2290 ergo
1356 2235 1495 2290 reges
1521 2219 1644 2272 dum
1674 2233 1827 2287 super
1853 2233 1963 2270 eam
1994 2231 2084 2271 co-

512 2312 747 2368 lumbam
776 2326 936 2381 quant
976 2310 1219 2379 superius
1257 2310 1426 2376 dixit,
1470 2309 1710 2362 discernit
1747 2307 2086 2363 concorditer

512 2405 770 2458 Dominus
799 2413 959 2473 atque
987 2402 1290 2468 distribuit,
1323 2418 1481 2470 super
1518 2403 1684 2455 nivem
1720 2401 2087 2455 dealbabuntur

512 2499 568 2551 in
605 2497 848 2560 Selmon,
880 2495 932 2549 id
963 2503 1045 2550 est
1073 2509 1232 2563 supra
1263 2494 1548 2549 candorem
1579 2492 1715 2547 nivis
1744 2494 2083 2559 elucescunt,

518 2587 609 2657 qui
650 2586 945 2641 Ecclesium
988 2599 1175 2654 regere
1214 2583 1444 2638 ﬁdeliter
1489 2593 1648 2651 atque
1696 2582 1940 2639 ordinare
1991 2596 2089 2637 no-

518 2690 760 2737 scuntur.
788 2680 942 2748 Quod
974 2688 1151 2733 autem
1183 2678 1382 2732 dictum
1423 2686 1505 2731 est
1530 2678 1582 2731 in
1614 2675 1822 2731 Selmon
1845 2716 1860 2742 ,
1893 2690 2087 2730 nomen

514 2771 676 2842 hujus
703 2772 901 2825 montis
929 2769 1117 2824 umbra
1147 2770 1547 2836 interpretatur,
1580 2783 1697 2836 qua:
1732 2766 1819 2821 hic
1858 2780 2090 2835 congrue

514 2862 689 2917 divina
719 2864 888 2916 virtus
913 2858 1248 2928 intelligitur.
1277 2858 1393 2925 ipsa
1420 2858 1560 2912 enim
1589 2858 1657 2929 ab
1684 2865 1814 2911 aestu
1840 2856 2090 2911 vitiorum

513 2969 613 3008 nos
642 2952 876 3008 defendit
898 2966 961 3005 ac
988 2951 1159 3005 reﬁcit
1181 2967 1194 2980 ο
1228 2950 1338 3019 ipsa
1365 2948 1518 3003 nobis
1546 2949 1781 3003 cntlestia
1807 2947 1942 3002 dona
1971 2962 2094 3002 con-

515 3044 680 3112 ceillt,
713 3044 849 3098 sicut
880 3053 1077 3097 sancta:
1106 3041 1285 3096 Maria:
1312 3039 1531 3110 angelus
1552 3039 1884 3093 annuutiavit
1925 3055 1939 3093 :
1975 3039 2096 3110 Spi-

514 3142 648 3194 ritus
694 3150 901 3194 sanctus
951 3133 1271 3209 superveniet
1311 3133 1365 3190 in
1414 3142 1490 3199 te,
1547 3141 1593 3183 et
1645 3132 1802 3183 virtus
1848 3130 2096 3184 Altissimi

517 3230 832 3284 obumbrabit
872 3230 962 3282 tibi
1003 3226 1371 3295 (Luc.t,55)
1402 3244 1417 3289 ;
1461 3235 1515 3279 et
1552 3221 1677 3280 alibi
1708 3239 1720 3280 :
1765 3221 1873 3281 Sub
1913 3224 2029 3279 umb

512 3322 717 3374 alarum
759 3330 961 3373 tuarum
990 3328 1196 3390 protege
1224 3334 1303 3371 me
1332 3319 1351 3388 (
1378 3315 1522 3372 Psal.
1559 3332 1644 3371 ut
1664 3358 1679 3381 ,
1706 3318 1740 3372 9
1764 3318 1804 3388 ).
1849 3319 1971 3373 llaec
2010 3327 2093 3373 est

518 3413 703 3467 umbra
735 3428 852 3483 qua:
883 3414 935 3466 in
963 3412 1103 3466 bono
1129 3410 1359 3479 ponitur.
1391 3410 1632 3480 Denique
1659 3411 1867 3465 laudem
1898 3411 2092 3465 montis

524 3503 768 3572 sequenti
796 3517 952 3556 versu
978 3501 1220 3555 dicturus
1248 3510 1348 3555 est.
1381 3500 1765 3553 Dealbabuntur
1792 3510 1971 3556 autem
2003 3517 2094 3571 po-

523 3595 665 3649 nitur
689 3603 744 3648 et
774 3593 827 3646 in
859 3593 1039 3657 male;
1077 3592 1216 3646 sicut
1254 3591 1307 3644 in
1346 3592 1569 3646 Actibus
1606 3592 1969 3661 apostolorum
2012 3596 2088 3648 le-

517 3686 692 3755 gitur:
736 3682 992 3737 Percutiet
1034 3694 1081 3737 te
1123 3682 1405 3751 Dominus,
1450 3684 1619 3751 paries
1659 3683 1890 3738 dealbate
1928 3684 2088 3753 (Act.

516 3789 684 3839 χχιιι,
714 3775 747 3827 5
772 3773 792 3844 )
817 3790 832 3839 ;
864 3773 966 3827 hoc
991 3782 1046 3828 et
1075 3772 1422 3840 Evangelium
1463 3787 1675 3842 quoque
1703 3784 1931 3829 testatur
1957 3793 1967 3827 :
2003 3775 2093 3830 Si-

514 3866 661 3919 miles
684 3865 804 3919 estis
829 3865 1165 3920 monumentis
1199 3865 1463 3930 dealbatis,
1496 3880 1611 3934 qua:
1638 3867 1788 3933 plena
1816 3877 1933 3920 sunt
1964 3868 2093 3920 ossi-

514 3961 605 4013 bus
631 3968 945 4013 mortuorum
976 3960 1187 4016 (Matth.
1214 3973 1341 4012 xxttt
1405 3959 1519 4028 ἓξ).

592 4098 737 4154 Ven.
774 4100 859 4154 l7.
892 4098 1117 4155 Montem
1147 4098 1243 4153 Dei
1272 4109 1490 4154 montem
1520 4099 1761 4165 uberem;
1795 4115 1938 4152 mons
1964 4114 2089 4152 coa-

516 4191 751 4262 gulaltts,
782 4192 941 4271 222
983 4207 1127 4245 mons
1169 4190 1391 4262 pinguis.
1434 4189 1535 4245 Per
1573 4190 1813 4260 quintam
1856 4191 2089 4259 Speciem

515 4286 837 4343 deﬁnitionis
853 4327 868 4350 ,
897 4302 1015 4355 quae
1040 4285 1225 4343 Graece
1249 4289 1379 4342 κατὰ
1400 4292 1489 4346 τήν
1514 4287 1669 4351 λέξιν,
1696 4286 1878 4341 Latine
1899 4288 1961 4340 ad
1984 4302 2095 4341 ver-

518 4377 643 4431 bum
673 4377 886 4440 dicitur,
917 4377 1135 4447 esponit
1166 4378 1419 4447 propheta
1448 4381 1565 4447 quis
1592 4379 1659 4435 sit
1685 4396 1827 4435 mons
1857 4380 1949 4435 ille
1977 4380 2093 4435 Sel—

517 4483 672 4533 mon,
700 4482 860 4539 quem
897 4467 1146 4537 superius
1183 4468 1355 4532 dixit;
1395 4483 1457 4522 ac
1494 4471 1537 4522 si
1577 4470 1778 4525 diceret
1808 4486 1820 4523 :
1865 4469 2093 4531 Montem

515 4556 673 4625 dico,
703 4557 755 4613 id
794 4566 878 4617 est
921 4558 1090 4628 ipsum
1138 4558 1417 4614 Dominum
1463 4558 1829 4629 Salvatorem,
1878 4561 1944 4617 de
1986 4576 2091 4630 quo

519 4646 680 4700 Isaias
736 4647 991 4717 propheta
1041 4648 1275 4704 cecinit:
1318 4647 1433 4702 Erit
1475 4650 1529 4702 in
1581 4649 1866 4704 novissimis
1912 4650 2087 4705 d:ebus

515 4748 834 4805 prtcparatus
875 4753 1021 4791 mons
1046 4738 1223 4791 domus
1256 4738 1461 4791 Domini
1505 4738 1556 4791 in
1593 4740 1776 4792 vertice
1811 4740 2086 4804 montium,

515 4835 561 4877 et
608 4826 879 4883 elevabitur
924 4843 1077 4898 super
1120 4828 1312 4894 calles,
1363 4838 1412 4882 et
1458 4829 1602 4882 ibunt
1649 4830 1719 4882 ad
1760 4846 1873 4885 cum
1915 4846 2089 4886 omnes

514 4928 685 4988 gentes
730 4918 897 4991 (lsai.
924 4920 1115 4990 ",2).
1166 4922 1420 4987 Addidit,
1473 4932 1691 4977 montem
1737 4925 1970 4991 uberem,
2015 4942 2082 4982 ex

515 5023 619 5077 quo
674 5021 924 5079 perpetua
981 5021 1035 5065 et
1089 5014 1276 5068 suavia
1328 5013 1522 5069 ﬂuenta
1575 5014 1941 5084 descendunt,
1994 5018 2085 5087 qui

516 5116 680 5171 aquas
711 5102 871 5160 habet
901 5104 1161 5175 irriguas,
1197 5116 1251 5163 et
1278 5107 1482 5162 caelesti
1515 5110 1779 5163 suavitate
1818 5109 2081 5164 conditas.

516 5188 832 5263 Subjungit,
862 5210 1005 5253 mons
1034 5197 1332 5266 caagulatus
1354 5236 1370 5262 ,
1398 5198 1607 5252 scilicet
1645 5207 1864 5266 propter
1894 5213 2086 5267 parvu-

518 5285 599 5339 los
638 5287 981 5343 enutrieudos
1004 5327 1020 5353 ,
1060 5289 1148 5357 qui
1180 5304 1283 5344 non
1314 5303 1433 5344 esca
1465 5289 1773 5357 corpulenta
1794 5331 1808 5354 ,
1841 5290 1934 5347 sed
1964 5306 2087 5345 coa-

515 5378 694 5447 gulato
724 5378 859 5434 lacte
890 5380 1102 5448 potandi
1134 5388 1278 5435 sunt.
1310 5378 1526 5433 Adddit
1565 5380 1724 5434 etiam
1748 5421 1762 5441 ,
1795 5397 1937 5435 mons
1967 5382 2085 5450 pin-

516 5472 657 5541 guis,
699 5473 822 5539 quia
874 5473 1144 5527 fertilitate
1180 5485 1278 5525 sua
1314 5486 1526 5540 semper
1565 5472 1863 5529 uberrimus
1900 5484 2003 5533 est.
2043 5476 2086 5528 0

517 5577 671 5618 mons
703 5564 933 5619 breviter
961 5563 1177 5631 quidem
1209 5562 1489 5631 laudatus,
1521 5566 1615 5623 sed
1659 5567 1955 5623 ctelestiutn
2000 5582 2087 5623 reo

516 5671 633 5709 rum
674 5656 925 5725 qualitate
962 5656 1251 5725 copiosus:
1281 5671 1347 5713 ex
1386 5672 1491 5725 quo
1530 5672 1683 5727 aqua:
1723 5660 1853 5715 vim
1889 5658 2085 5715 decur-

518 5753 679 5808 runt,
725 5745 807 5799 lac
847 5746 899 5799 in
943 5747 1278 5814 parvulorum
1319 5747 1545 5809 salutent
1588 5759 1937 5817 prmparatur,
1971 5748 2087 5817 pin-

517 5835 694 5906 sucdo
747 5834 1037 5904 Spiritualis
1087 5840 1410 5908 agnoscitur,
1465 5850 1521 5896 et
1573 5842 1825 5911 quidquid
1879 5857 2085 5897 sumine

2184 1981 2345 2020 mune
2369 1974 2490 2025 est;
2522 1964 2660 2025 sicut
2689 1966 2800 2034 ipse
2829 1964 2880 2017 in
2914 1963 3201 2031 Evangelia
3231 1962 3360 2018 dicit
3386 1979 3395 2013 :
3429 1960 3542 2032 Ego
3568 1963 3619 2014 in
3652 1959 3764 2014 Pa-

2183 2066 2255 2110 tre
2278 2099 2294 2122 ,
2331 2068 2380 2111 et
2421 2055 2573 2109 Pater
2613 2056 2666 2109 in
2704 2071 2782 2108 me
2818 2064 2890 2109 est
2933 2053 3123 2123 (.loan.
3153 2069 3261 2118 xtv,
3289 2052 3412 2123 10).
3469 2050 3600 2107 Cum
3631 2068 3764 2120 ergo

2182 2147 2344 2212 dicit,
2389 2146 2443 2198 in
2469 2160 2568 2215 quo
2597 2144 2965 2210 beneplacitum
2992 2154 3062 2197 est
3095 2143 3201 2196 Deo
3230 2143 3454 2195 habitare
3482 2143 3534 2195 in
3562 2158 3641 2205 eo,
3701 2142 3758 2194 in

2181 2252 2283 2297 quo
2304 2279 2317 2301 ,
2351 2245 2407 2290 et
2436 2237 2489 2288 in
2516 2250 2576 2289 eo
2602 2280 2616 2304 ,
2650 2235 2772 2303 quia
2799 2234 3064 2289 communi
3100 2234 3290 2303 lingua:
3330 2249 3433 2285 non
3473 2232 3761 2298 convenit,

2185 2330 2460 2398 proprium
2494 2327 2593 2381 hoc
2625 2328 2913 2396 Scriptura:
2942 2327 3134 2380 divina:
3165 2340 3283 2379 esse
3321 2326 3590 2387 dicamus;
3622 2328 3764 2379 sicut

2186 2431 2241 2476 et
2279 2425 2330 2475 in
2370 2419 2704 2489 sexagesimo
2742 2419 2931 2488 quinto
2972 2418 3178 2489 psalmo
3216 2416 3395 2475 dixit:
3431 2416 3546 2481 lbi,
3588 2418 3762 2491 inoid-

2184 2516 2353 2585 ipsum
2384 2510 2552 2581 (Psal.
2578 2525 2696 2579 uv,
2726 2509 2805 2580 6).

2265 2626 2417 2681 Vers.
2464 2625 2549 2680 l9.
2603 2622 2802 2677 Etenim
2848 2620 3095 2677 Dominus
3132 2620 3374 2674 habitabit
3412 2636 3564 2687 usque
3601 2620 3653 2672 in
3694 2619 3762 2685 ﬁ-

2191 2733 2323 2771 nem.
2380 2717 2505 2771 Post
2560 2715 2677 2770 illos
2724 2722 2931 2768 montes
2975 2726 3107 2781 quos
3154 2712 3362 2766 dixerat
3414 2724 3517 2765 non
3564 2708 3766 2779 debere

2193 2806 2448 2876 intelligi,
2502 2805 2590 2873 qui
2637 2803 2995 2872 apostolorum
3038 2802 3340 2857 eminentiae
3385 2808 3767 2868 comparantur

2193 2896 2354 2964 (quia
2409 2895 2476 2948 de
2532 2894 2756 2947 Domino
2814 2891 3091 2947 Salvatore
3148 2891 3479 2959 loquebatur,
3536 2890 3622 2960 qui
3680 2899 3769 2943 est

2198 3000 2353 3039 mons
2380 2984 2677 3047 montium,
2710 2991 2761 3036 et
2800 2990 3013 3036 sanctus
3052 2989 3394 3041 sanctorum,
3435 2991 3488 3033 et
3530 2979 3635 3033 lies
3679 2994 3772 3033 re-

2197 3091 2319 3151 gum
2342 3116 2356 3139 ,
2387 3084 2439 3130 et
2484 3075 2739 3129 Dominus
2775 3073 3248 3138 dominantium),
3293 3072 3433 3126 redit
3470 3072 3533 3124 ad
3574 3072 3771 3126 Salutis

2202 3172 2488 3223 Auctorem
2536 3167 2751 3231 dicens,
2803 3163 3070 3221 montibus
3102 3156 3252 3226 illis,
3295 3162 3347 3215 id
3388 3170 3472 3216 est
3508 3166 3771 3229 apostolis

2036 3239 2092 3329 79
2122 3235 2166 3303 Ο
2198 3261 2491 3321 inhabitare
2530 3260 2808 3318 Dominum
2848 3258 3114 3316 Christum
3148 3274 3307 3329 usque
3344 3256 3393 3312 in
3426 3256 3621 3329 ﬁnem:
3659 3259 3773 3315 sci-

2198 3359 2321 3410 licet
2351 3371 2517 3426 usque
2546 3354 2611 3409 ad
2641 3355 2934 3424 majestatis
2965 3368 3075 3407 suae
3106 3351 3544 3425 perfectissimum
3576 3354 3774 3403 [eruti-

2198 3463 2358 3513 num,
2392 3446 2593 3516 quiest
2634 3447 2751 3505 linis
2791 3446 2904 3499 sine
2942 3444 3080 3507 ﬁne,
3124 3453 3177 3496 et
3220 3443 3477 3496 bonorum
3522 3444 3769 3496 omnium

2197 3538 2425 3607 perlecta
2458 3535 2753 3607 plenitudo.

2266 3649 2415 3704 Vers.
2457 3648 2548 3702 20.
2591 3648 2780 3703 Curras
2832 3644 2921 3700 Dei
2968 3646 3140 3703 decem
3183 3644 3402 3696 millium
3453 3643 3768 3711 multiplex,

2195 3739 2357 3793 millia
2387 3739 2668 3792 laetantium
2693 3753 2711 3790 :
2745 3736 2987 3791 Dominus
3018 3737 3068 3790 in
3099 3734 3204 3790 illis
3234 3736 3287 3789 in
3317 3734 3446 3790 Sina
3474 3735 3527 3787 in
3557 3745 3766 3789 sancto.

2194 3832 2538 3887 Consuetudo
2581 3842 2660 3888 est
2699 3830 2987 3900 Scriptura:
3026 3830 3218 3885 divina
3255 3829 3538 3899 allegorice
3576 3829 3772 3899 loqui,

2196 3932 2252 3979 ut
2303 3937 2423 3978 cum
2464 3922 2605 3977 aliud
2645 3923 2820 3987 dicat,
2861 3921 3002 3977 aliud
3040 3921 3170 3977 velit
3208 3922 3475 3990 intelligi;
3527 3921 3670 3989 quod
3711 3921 3771 3975 in

2198 4015 2297 4071 hoc
2328 4015 2532 4083 psalmo
2564 4014 2793 4082 positum
2832 4012 3140 4083 frequenter
3176 4012 3437 4069 invenies.
3483 4012 3637 4070 Unde
3678 4012 3774 4067 hic

2196 4120 2377 4160 currus
2405 4104 2735 4175 signiﬁcatur
2784 4103 3056 4161 hominum
3092 4101 3276 4174 juncta
3314 4103 3602 4170 copulatio,
3633 4103 3765 4171 quia

2196 4194 2269 4251 ita
2300 4206 2516 4251 sanctos
2541 4196 2773 4250 charitas
2802 4195 3003 4261 vincit,
3031 4196 3170 4250 sicut
3207 4195 3335 4250 leris
3373 4205 3427 4251 et
3461 4194 3604 4264 iugis
3643 4196 3775 4249 ani-

2199 4288 2357 4342 malia
2381 4289 2669 4343 sociantur.
2696 4286 2847 4343 Unde
2872 4294 2928 4342 et
2955 4285 3205 4340 Dominus
3232 4285 3305 4341 ait
3332 4302 3346 4339 :
3376 4283 3568 4353 Iugum
3598 4301 3775 4339 meum

2198 4396 2347 4437 suave
2371 4389 2442 4434 est
2466 4418 2482 4444 ,
2514 4389 2561 4433 et
2586 4394 2715 4432 onus
2737 4389 2875 4433 meus
2901 4376 3005 4431 leve
3031 4386 3103 4432 est
3127 4377 3338 4446 (Matth.
3368 4391 3420 4431 χι
3441 4416 3456 4441 ,
3484 4377 3598 4444 50).
3629 4376 3777 4429 San-

2199 4482 2408 4529 ctorum
2455 4486 2581 4539 ergo
2628 4470 2945 4525 unanimitas
2978 4484 3158 4527 currus
3196 4478 3278 4523 est
3317 4468 3559 4533 Domini,
3602 4483 3775 4536 quem

2201 4565 2286 4620 ille
2313 4565 2457 4619 velut
2488 4564 2662 4632 auriga
2704 4561 2929 4623 insidet,
2958 4570 3012 4615 et
3046 4560 3111 4613 ad
3143 4561 3427 4616 voluntatis
3456 4573 3567 4613 sum
3607 4560 3781 4612 mini-

2194 4657 2410 4711 sterium
2434 4654 2645 4710 salutari
2671 4654 2786 4717 lege
2812 4653 3132 4706 moderatur.
3156 4652 3261 4707 Sed
3288 4661 3345 4705 ιιι
3371 4652 3527 4705 istum
3555 4667 3774 4704 currum

2191 4749 2501 4801 ostenderet
2529 4762 2632 4799 non
2666 4743 2818 4812 equis
2847 4742 3082 4797 deditum
3104 4782 3120 4807 ,
3151 4743 3243 4797 sed
3277 4742 3521 4795 humanis
3551 4742 3768 4811 cogita-

2193 4837 2424 4892 tionibus
2453 4836 2764 4889 attributum
2786 4878 2802 4902 ,
2848 4833 2953 4900 ait,
2986 4834 3157 4886 decem
3196 4832 3411 4886 millium
3448 4830 3725 4901 ntultiplex
3749 4872 3769 4893 ,

2190 4928 2329 4997 quod
2381 4928 2518 4982 bene
2563 4925 2629 4979 ad
2675 4926 2981 4979 innumeros
3030 4922 3283 4993 populos.
3336 4938 3441 4976 non
3484 4922 3553 4976 ad
3594 4938 3771 4990 equos

2193 5020 2431 5076 noscitur
2484 5017 2772 5087 pertinere.
2828 5014 3155 5082 Subiunxit,
3208 5012 3372 5067 millia
3424 5015 3717 5067 latentium
3748 5056 3765 5077 ,

2190 5108 2331 5178 quod
2364 5107 2542 5176 utique
2568 5105 2635 5160 de
2665 5104 2907 5160 ﬁdelibus
2933 5104 3091 5159 debet
3120 5104 3362 5173 intelligi.
3396 5102 3463 5156 Et
3490 5110 3548 5156 ut
3572 5114 3766 5159 osten-

2191 5203 2406 5255 deretur
2438 5198 2635 5253 Izetitite
2666 5196 2965 5265 plenitudo,
2997 5195 3070 5249 ait
3090 5239 3104 5262 ,
3140 5192 3389 5249 Dominus
3415 5194 3467 5247 in
3492 5193 3598 5247 illis
3619 5236 3637 5262 ,
3670 5196 3763 5263 qui

2194 5308 2396 5361 magum
2426 5288 2793 5345 exsultationis
2822 5297 2906 5344 est
2932 5287 3212 5353 cumulus,
3246 5297 3301 5341 et
3339 5288 3598 5341 bonorum
3641 5302 3765 5341 om-

2193 5384 2339 5438 nium
2369 5381 2597 5437 dulcedo
2626 5379 2903 5435 mirabilis.
2936 5378 3208 5447 Sequitur,
3235 5379 3290 5430 t'n
3322 5377 3453 5431 Sina
3479 5377 3532 5429 in
3559 5387 3763 5432 suae.

2193 5476 2321 5531 Sina
2354 5488 2504 5528 mons
2531 5482 2611 5527 est
2640 5472 2837 5527 deserti
2870 5471 2921 5524 ἰιο
2952 5485 3057 5538 quo
3087 5470 3296 5539 Moyses
3328 5470 3497 5536 legem
3527 5472 3763 5537 accepit,

2190 5567 2673 5633 interpretaturque
2719 5562 3062 5625 mandatum,
3118 5561 3207 5614 ubi
3262 5574 3445 5614 revera
3499 5559 3767 5614 Dominus

2189 5657 2504 5725 requiescit,
2545 5670 2614 5723 qu
2638 5656 2798 5708 zniatn
2843 5655 2894 5706 in
2933 5652 3130 5707 sanctis
3167 5650 3428 5705 mandatis
3464 5652 3583 5719 ejus
3621 5651 3769 5705 solet

2188 5748 2470 5818 praesentia
2514 5745 2777 5800 contueri.

2266 5838 2394 5894 Vcrs
2454 5839 2538 5893 2i.
2592 5838 2822 5894 Ascendit
2850 5837 2902 5890 in
2928 5836 3118 5900 altum,
3152 5835 3396 5903 captivam
3425 5833 3570 5888 duxit
3597 5834 3771 5905 capti-
