3956 6178
220 366 316 421 «169

1119 360 1474 418 Εχροδιτιο
1514 357 1576 412 ιΝ
1620 353 2069 411 PSALTERIUM.
2114 351 2305 406 PSAL.
2349 348 2555 403 LXVII.

3382 342 3491 395 l'TO'

220 480 443 530 sitatam.
474 478 641 543 Quam
670 476 892 543 pulelire
919 493 1014 545 per
1047 478 1216 531 idcani
1250 479 1470 545 ﬁguram
1502 474 1796 540 tiiumplm-
1831 472 1872 527 Α
1903 468 2040 521 dicta
2082 473 2222 519 sunt.
2270 463 2507 531 Denique
2548 461 2625 515 sic
2667 458 2931 529 sequitur,
2981 466 3028 510 et
3074 454 3282 510 Domini
3321 460 3487 511 exitus

222 574 350 622 tiris
382 578 535 623 actus
562 568 881 625 describitur
909 571 921 621 ι
952 570 1069 623 Idea
1104 577 1185 623 est
1223 571 1362 622 enim
1404 580 1608 634 speces
1628 606 1640 627 ,
1682 580 1800 615 cum

222 674 331 712 rem
384 658 618 712 futuram
660 660 803 713 velut
840 662 1009 714 oculis
1048 659 1334 713 ollersntes
1390 668 1589 711 mutum
1642 655 1803 707 animi

221 749 574 805 mutilamus.
620 751 709 807 Ille
738 753 880 805 enim
910 754 1196 806 cruciﬁxus
1237 753 1514 807 descendit
1554 751 1617 802 ad
1665 750 1803 801 inle-

226 858 347 906 ros.
390 854 450 895 et
490 842 747 899 liberatos
795 858 824 895 a
863 845 1169 911 cap'ivitate
1218 843 1459 911 perduxit
1508 843 1572 894 ad
1616 840 1805 892 caelis.

225 934 451 989 Necesse
499 934 643 987 enim
696 934 792 988 fuit
839 943 1070 989 mortem
1124 936 1336 1001 perire,
1385 935 1539 998 cugus
1586 945 1806 998 regnum

225 1027 269 1077 vi
296 1042 324 1076 a
357 1028 613 1093 pervasit.
650 1025 773 1079 llaec
800 1036 921 1080 sunt
948 1027 1121 1095 Spolia
1155 1028 1241 1079 Illa
1270 1040 1389 1095 quas
1438 1024 1685 1091 superius
1730 1024 1809 1075 di‘

224 1122 332 1185 xit,
386 1119 529 1173 unde
577 1129 761 1177 sancta
807 1131 1030 1174 ornatur
1082 1120 1360 1183 Ecclesia,
1411 1120 1551 1171 unde
1598 1117 1809 1170 Domini

225 1227 391 1278 regna
433 1211 576 1283 [ed.,
609 1210 819 1282 castra]
865 1212 1178 1279 complenda
1224 1221 1365 1265 sunt.
1412 1210 1651 1264 Ascendit
1697 1209 1811 1274 ipse

226 1306 409 1369 utique
466 1303 560 1372 qui
611 1314 829 1371 propter
878 1319 976 1357 nus
1028 1303 1304 1357 descendit
1346 1300 1614 1355 eruendus
1661 1300 1807 1370 [ed.,

232 1393 562 1449 erudiendos
587 1390 625 1462 J.
660 1391 725 1446 In
758 1393 950 1462 altum,
982 1393 1232 1446 videlicet
1262 1406 1420 1460 supra
1450 1390 1613 1445 caelos
1643 1391 1811 1445 casio-

230 1501 381 1548 rum;
413 1494 471 1539 et
496 1484 635 1555 quod
662 1500 825 1553 super
848 1500 1034 1538 omnes
1060 1485 1364 1538 altitudines
1392 1492 1554 1553 atque
1582 1483 1812 1536 honores

231 1592 351 1632 esse
406 1576 763 1646 dignoscitur.
808 1575 954 1631 sedet
1000 1576 1067 1629 ad
1120 1574 1393 1631 dexteram
1442 1575 1635 1629 Patr's.
1681 1576 1813 1640 Quis

234 1672 339 1740 iam
377 1669 613 1723 fidelium
646 1669 712 1722 de
741 1683 994 1723 eouees-a
1026 1668 1273 1722 libertate
1309 1667 1543 1730 dubitet,
1584 1680 1705 1721 eum
1745 1666 1814 1719 sit

236 1762 533 1816 exstinctus
561 1760 841 1826 interitus,
874 1770 928 1814 et
954 1759 1217 1826 captiva“
1242 1758 1521 1827 captivitas
1544 1757 1566 1810 l

1908 556 2102 607 mortis.
2136 552 2317 606 Exitus
2349 551 2523 603 mortis
2551 550 2638 618 qui
2670 548 2900 603 Domino
2948 546 3078 615 fuit,
3124 548 3237 615 ipse
3279 560 3374 600 nos
3415 546 3485 599 li-

1908 648 2055 699 berat
2075 686 2090 710 ,
2120 646 2238 708 ipse
2268 660 2294 695 a
2329 655 2501 697 morte
2529 656 2781 709 perpetua
2814 640 2940 693 facit
2970 640 3136 693 exire.
3182 640 3328 704 Quot
3365 638 3488 707 pul—

1909 738 2035 789 cltre
2074 735 2302 788 arbitror
2341 746 2371 785 e
2402 745 2459 787 se
2501 731 2835 798 :ubjnnctnm
2864 771 2877 793 ,
2928 745 2992 781 ne
3036 729 3261 782 humana
3303 744 3488 782 causa-

1910 837 2057 881 retur
2086 826 2406 885 inﬁrmitas,
2438 838 2602 891 quare
2636 822 2878 876 morior?
2909 835 3075 888 quare
3113 819 3348 873 delicio?
3379 820 3488 873 Ad-

1911 917 2075 969 liibiza
2115 924 2195 967 est
2235 914 2469 982 querelis
2512 913 2712 965 nostris
2756 926 2943 979 magna
2985 926 3027 964 ci
3054 910 3191 964 ratio
3218 952 3232 964 .
3280 909 3487 964 Domini

1910 1008 2073 1061 exitus
2104 1006 2299 1059 mortis.
2335 1003 2520 1059 Exitus
2550 1005 2727 1056 mortis
2755 1011 2835 1056 est
2868 1002 3109 1067 Domini,
3158 1002 3258 1056 hoc
3294 1012 3374 1056 est
3402 1016 3486 1057 re-

1912 1096 2178 1151 surrectio
2207 1096 2380 1148 votiva
2414 1094 2665 1147 lidelium.
2709 1094 2908 1146 Revera
2942 1094 3111 1145 exitus
3140 1092 3212 1144 illi
3257 1093 3489 1159 singula-

1913 1185 1985 1239 ris
2016 1198 2077 1239 ac
2102 1182 2367 1239 mirabilis
2397 1183 2493 1237 fuit
2516 1222 2531 1247 ,
2570 1182 2689 1250 quia
2721 1192 2771 1235 et
2802 1182 2915 1248 ipse
2938 1180 3008 1234 ab
3037 1180 3220 1234 inferis
3246 1194 3489 1249 egressus

1914 1281 1995 1327 est
2013 1312 2027 1337 ,
2057 1280 2112 1327 et
2140 1286 2238 1325 nos
2264 1271 2387 1325 inde
2410 1286 2507 1324 suo
2531 1284 2751 1324 munere
2770 1269 3021 1336 prtestitit
3040 1269 3207 1323 exire.

1987 1362 2142 1416 Vers.
2184 1360 2275 1415 25.
2328 1360 2686 1414 Verumtamen
2739 1358 2875 1411 Deus
2924 1357 3278 1425 conquassabit
3326 1359 3492 1429 capita

1915 1454 2243 1506 inimicorum
2272 1467 2478 1503 suorum
2498 1465 2518 1504 :
2546 1450 2775 1503 verticem
2812 1447 2991 1517 capilli
3032 1448 3494 1517 perambniantium

1914 1545 1967 1597 in
2020 1542 2218 1596 delictis
2269 1541 2394 1595 suis.
2444 1539 2519 1592 Ne
2564 1539 2702 1592 mals
2759 1538 3107 1605 pertinacium
3158 1537 3321 1591 inulta
3374 1550 3494 1590 esse

1915 1628 2282 1693 crederentur.
2331 1631 2503 1685 dicit:
2543 1627 2903 1683 Verumtamen
2952 1626 3093 1681 Deus
3138 1627 3497 1697 conquassubit

1927 1726 2098 1794 capita
2128 1726 2449 1777 inimicorum
2478 1738 2686 1776 suorum
2708 1736 2726 1773 :
2765 1730 3028 1788 quatenus
3066 1734 3225 1787 supra
3268 1720 3496 1787 perfidos

307 1812 598 1908 νει-ἓξὲξ.
628 1812 799 1904 Dedit
824 1812 975 1907 dona,
1000 1812 1333 1904 nominibus;
1371 1850 1552 1903 eteuim
1591 1849 1674 1916 qui
1714 1864 1815 1900 non

1944 1828 1974 1873 ει
2024 1822 2321 1885 pertinaces
2368 1814 2656 1871 vindictam
2702 1826 2914 1881 quoque
2964 1812 3259 1879 praevenire
3298 1824 3497 1878 cogno-

236 1948 449 1999 crcdnnt
495 1945 819 2007 inhabitare,
876 1942 1124 1996 Dominus
1172 1940 1335 1996 Deus.
1388 1941 1575 1995 Adhuc
1622 1940 1676 1993 in
1730 1941 1820 1994 illa

240 2034 500 2104 triumphi
546 2033 897 2087 similitudine
945 2040 1284 2100 perseverat,
1335 2034 1549 2099 quando
1596 2031 1662 2085 ad
1718 2031 1817 2084 im-

240 2144 420 2183 mensa
448 2127 640 2197 gaudia
668 2124 983 2179 concitanda
1010 2124 1268 2179 festivitas
1295 2124 1571 2191 indicitur,
1598 2134 1656 2177 et
1682 2123 1820 2176 dona

240 2228 584 2288 praestantur.
630 2215 779 2268 Dona
808 2216 947 2271 enim
980 2214 1192 2271 Domini
1224 2214 1439 2269 fuerunt
1477 2229 1640 2283 super
1686 2228 1820 2283 apo-

240 2313 407 2366 stolos
455 2310 689 2377 Spiritus
724 2307 893 2360 sancti
920 2322 1118 2363 cont-es
1148 2321 1178 2358 a
1205 2306 1508 2375 magnalia;
1540 2308 1657 2359 sive
1682 2305 1822 2372 quod

247 2405 437 2455 Doctor
468 2400 708 2470 gentium
737 2399 904 2453 dicit:
944 2397 1226 2464 Unicuique
1255 2410 1424 2451 autem
1454 2408 1677 2451 nostrum
1705 2399 1824 2450 data

244 2506 311 2547 est
329 2494 501 2565 grata
515 2493 793 2547 secundum
807 2508 1093 2546 mensuram
1106 2493 1392 2545 donationis
1406 2491 1594 2545 Christi
1610 2491 1821 2561 (Ep/trs.

247 2602 326 2648 tv,
357 2588 450 2653 7).
486 2588 762 2654 Sequitur,
793 2585 1088 2653 etenimqui
1124 2600 1227 2637 non
1256 2586 1466 2636 credunt
1504 2585 1824 2647 inhabitare,

251 2676 497 2730 Dominus
532 2674 691 2730 Deus.
727 2675 819 2728 llic
848 2673 1272 2729 subaudiendum
1303 2680 1421 2739 est,
1460 2689 1556 2729 eos
1595 2688 1825 2730 conver-

252 2768 349 2831 tit,
381 2778 440 2821 ut
470 2767 629 2820 nobis
660 2767 824 2835 possit
856 2765 1034 2819 verbis
1064 2766 1283 2833 integris
1323 2775 1571 2819 constare
1614 2777 1829 2820 senten-

253 2861 338 2912 tia.
372 2860 506 2913 Nam
550 2859 647 2923 Qui
682 2874 783 2911 non
822 2858 1035 2911 credunt
1068 2857 1386 2923 inhabitare,
1428 2858 1476 2911 id
1518 2867 1599 2911 est
1637 2860 1723 2926 qui
1764 2860 1829 2911 ad

256 2952 462 3008 Domini
494 2952 770 3020 negligunt
800 2951 1087 3018 penetralia
1135 2950 1447 3019 pervenire,
1484 2960 1539 3004 ut
1577 2950 1629 3005 in
1672 2950 1831 3005 domo

254 3046 369 3111 ejus
416 3058 539 3097 cum
592 3041 835 3095 ﬁdelibus
886 3040 1126 3094 habitare
1176 3041 1533 3107 praevaleant,
1584 3040 1832 3095 Dominus

255 3136 388 3190 Deus
415 3149 515 3189 eos
543 3134 840 3196 convertit,
876 3134 962 3198 qui
996 3133 1028 3184 li
1053 3134 1151 3186 Tem
1182 3147 1333 3185 suam
1378 3133 1610 3186 humano
1648 3136 1831 3204 generi

259 3233 547 3284 miseratus
580 3226 843 3291 indulget.
875 3226 988 3294 ipsa
1017 3225 1161 3280 enim
1193 3235 1273 3280 est
1302 3224 1469 3295 gratia
1511 3242 1630 3296 qua:
1671 3227 1833 3296 gratis

251 3324 431 3389 datur,
486 3320 607 3388 quia
658 3334 755 3371 nos
805 3318 967 3384 ipsius
1017 3317 1153 3371 bona
1199 3318 1559 3385 praeveniunt,
1610 3315 1735 3371 dum
1784 3326 1837 3372 et

254 3414 430 3481 ipsum
461 3425 679 3479 quoque
706 3408 901 3463 bonum
936 3409 1071 3463 velle
1097 3408 1429 3463 conceditur.

330 3526 484 3581 γει-ε.
526 3524 618 3578 εδ.
661 3522 959 3576 Benedictus
1008 3520 1261 3574 Dominus
1314 3522 1375 3573 de
1423 3521 1508 3574 die
1558 3522 1610 3574 in
1664 3522 1837 3575 diem:

254 3632 564 3687 prosperum
590 3616 686 3668 iter
716 3614 864 3684 faciet
896 3614 1037 3666 nobis
1066 3611 1203 3666 Deus
1231 3614 1472 3666 salutaris
1500 3623 1689 3667 noster.
1720 3614 1841 3666 Post

255 3706 642 3775 triumphalem
698 3705 842 3757 illam
889 3703 1297 3771 descriptionem
1325 3744 1338 3768 ,
1393 3704 1566 3757 brevis
1598 3704 1838 3772 quidem,

252 3799 357 3854 sed
400 3809 591 3857 magna
632 3796 827 3849 dicitur
866 3793 1001 3849 laus.
1045 3793 1346 3847 Benedictus
1389 3793 1635 3848 Dominus
1673 3794 1734 3848 de
1763 3796 1845 3848 die

253 3890 313 3941 iis
346 3889 483 3940 diem
502 3927 517 3951 ,
550 3886 604 3940 id
636 3895 719 3939 est
748 3884 956 3937 cunctis
985 3884 1173 3937 diebus
1203 3885 1451 3952 omnique
1484 3892 1723 3951 tempore
1752 3886 1846 3938 bc-

250 3981 597 4036 ncilieendus
632 3987 733 4032 est.
781 3977 878 4043 Qui
915 3977 1141 4030 ascendit
1170 3977 1223 4029 in
1253 3978 1443 4043 altum,
1478 3978 1640 4045 captiv
1675 3993 1725 4029 m
1754 3979 1847 4029 du—

243 4077 336 4129 xit
378 4071 763 4140 captivitatem,
805 4069 941 4122 dedit
978 4074 1113 4121 dona
1152 4068 1465 4131 hominibus,
1499 4067 1611 4134 ipse
1642 4067 1713 4122 eti
1752 4084 1800 4121 tn
1831 4111 1845 4133 ,

248 4179 570 4234 prosperum
598 4164 695 4214 iter
726 4161 879 4230 faciet
909 4159 1067 4213 nobis.
1114 4156 1225 4211 Iter
1253 4160 1450 4227 quippe
1478 4167 1692 4212 cursum
1728 4160 1850 4212 vitae

242 4255 533 4324 signiticet
562 4253 651 4321 qui
679 4251 791 4321 jam
824 4265 1043 4319 prosper
1075 4248 1292 4303 eﬂ'ectus
1323 4257 1404 4303 est
1425 4292 1439 4317 ,
1473 4249 1719 4317 quoniam
1750 4248 1851 4302 [lc-

242 4350 606 4412 demptorem
658 4357 810 4395 suum
864 4342 1090 4395 mundus
1140 4340 1375 4411 agnovit.
1420 4340 1664 4409 Adjecit,
1716 4340 1852 4394 Deus

240 4437 516 4491 salutaris
546 4444 736 4495 noster,
793 4442 848 4484 ut
880 4432 1055 4484 nullus
1084 4432 1151 4485 de
1193 4447 1432 4497 prospero
1473 4431 1737 4484 dubitaret
1767 4433 1849 4483 itt-

245 4544 425 4591 me,
456 4525 544 4580 cui
575 4524 685 4577 dux
714 4522 954 4577 salutaris
978 4531 1059 4574 est
1089 4521 1340 4574 Dominus
1370 4520 1630 4575 Christus.
1668 4522 1855 4575 Dicant

243 4620 405 4674 mihi
438 4629 578 4684 quos
622 4614 924 4681 spectacula
969 4613 1195 4666 humana
1239 4613 1539 4679 delectant,
1584 4615 1708 4683 quid
1753 4616 1856 4667 tale

239 4712 302 4763 in
342 4703 692 4761 edition-bus
718 4704 987 4770 poniposis
1014 4702 1289 4756 consulum
1321 4703 1576 4756 videant?
1607 4704 1717 4758 lluc
1744 4705 1857 4756 ani-

238 4816 423 4863 suos,
459 4798 565 4850 huc
594 4810 689 4848 ora
720 4794 1037 4858 deﬂectant,
1072 4793 1199 4847 illud
1244 4796 1550 4847 εηιυιτιτίίει·
1581 4795 1741 4849 corde
1772 4812 1857 4849 re-

234 4891 551 4959 uinciant:
595 4888 737 4941 unde
778 4902 882 4939 non
923 4884 989 4938 ad
1031 4885 1300 4952 fugitirm
1348 4884 1615 4949 laetitiam,
1659 4886 1752 4939 sed
1794 4888 1858 4938 al

236 4979 697 5038 exultationem
728 4977 1060 5032 destinentur
1090 4988 1365 5030 :rternam.

324 5074 515 5128 Veis.
558 5071 653 5125 Ἡ.
702 5069 837 5123 Deus
880 5078 1071 5134 noster,
1118 5069 1256 5123 Deus
1300 5069 1466 5122 salvos
1514 5069 1774 5138 faciendi:
1818 5079 1864 5124 et

236 5165 443 5239 223
501 5161 710 5215 Domini
736 5162 905 5215 exitus
932 5162 1131 5215 mortis.
1183 5161 1231 5214 Ρ.
1258 5172 1305 5214 st
1335 5161 1700 5229 diapsalmntis
1733 5162 1864 5217 inci-

234 5264 536 5317 Mem,
588 5254 655 5306 ad
703 5262 951 5322 quartum
1002 5252 1148 5306 ve.,it
1198 5252 1540 5321 ingressum,
1601 5254 1688 5306 ubi
1744 5254 1871 5307 dicit

236 5348 746 5424 quemadmodum
779 5357 951 5400 morte
994 5362 1085 5401 sua
1130 5360 1226 5400 nos
1265 5347 1441 5399 salvos
1480 5345 1734 5400 clTeccrit.
1785 5348 1873 5400 Ait

234 5449 420 5505 enim
455 5458 477 5493 :
518 5440 653 5494 Deus
694 5449 880 5499 noster,
930 5438 1066 5493 Deus
1104 5440 1269 5491 salvos
1299 5437 1553 5506 faciendi,
1587 5437 1870 5491 subaudia-

238 5552 389 5595 mos
432 5530 535 5585 hic
556 5571 570 5594 ,
604 5530 765 5584 habet
794 5539 1110 5595 potestatem
1140 5532 1306 5583 salvos
1337 5530 1556 5596 faciendi
1587 5545 1702 5583 nos.
1737 5531 1875 5597 Qua-

240 5636 523 5701 propter
560 5623 671 5688 ipse
710 5634 807 5674 nos
846 5623 1009 5672 salvos
1047 5621 1162 5684 fecit
1192 5624 1276 5689 qui
1308 5628 1388 5673 est
1423 5619 1554 5673 Deus
1586 5618 1737 5691 [ed.,
1774 5618 1877 5672 Do-

239 5708 515 5779 minus]
559 5720 725 5764 noster
760 5709 915 5763 Iesus
957 5709 1231 5772 Christus,
1274 5710 1361 5777 qui
1405 5725 1500 5778 pro
1545 5709 1700 5762 nobis
1746 5709 1877 5761 moti

240 5814 555 5882 dignatus
582 5812 693 5861 est,
727 5803 814 5869 qui
843 5800 1070 5854 ascendit
1100 5800 1151 5853 in
1182 5801 1338 5855 altum
1362 5842 1376 5865 ,
1409 5810 1460 5855 ct
1492 5799 1615 5855 fecit
1648 5800 1731 5853 illa
1762 5814 1879 5871 qutc

1915 1922 2115 1965 sacres.
2137 1906 2319 1973 Capita
2344 1906 2670 1959 inimicorum
2696 1911 2822 1956 sunt
2848 1912 3091 1955 ancteras
3119 1901 3353 1955 Iudaicae
3378 1901 3463 1967 qui
3482 1930 3498 1940 -

1920 1998 2043 2052 dem
2074 1994 2355 2051 seditionis
2375 2032 2391 2058 ,
2420 1992 2515 2049 sed
2544 2002 2599 2047 et
2622 1990 3001 2045 hmrciicorum
3030 1990 3144 2043 rine
3164 1989 3501 2041 dubitatione

1921 2088 2193 2143 doctores.
2223 2084 2298 2143 Illi
2322 2083 2466 2140 enim
2494 2083 2546 2137 in
2575 2095 2736 2135 carne
2760 2079 3026 2133 Christum
3056 2079 3316 2145 persecuti
3343 2086 3498 2136 sunt;

1920 2179 2009 2233 isti
2066 2187 2246 2231 autem
2282 2190 2357 2229 cr:
2381 2174 2616 2229 deliores
2654 2172 2709 2226 in
2750 2172 2917 2239 ipsum
2956 2172 3116 2224 etiam
3160 2169 3239 2237 (si
3280 2168 3381 2222 dici
3422 2166 3503 2221 las

1922 2266 2039 2339 est)
2084 2268 2343 2321 Deitatetn
2380 2264 2701 2319 ilesmviunt.
2743 2260 3011 2329 Sequitur,
3053 2261 3284 2313 verticem
3321 2257 3499 2324 capilli

1928 2358 2391 2428 perambulantium
2410 2397 2426 2422 ,
2464 2356 2519 2410 id
2546 2364 2633 2409 est
2654 2392 2669 2418 ,
2709 2369 2795 2422 qui
2826 2353 2963 2407 tales
2992 2351 3095 2406 sibi
3121 2350 3505 2404 calumniarum

1925 2450 2177 2505 minutias
2205 2457 2485 2518 quierunt,
2527 2452 2583 2501 ut
2624 2446 2768 2515 ipsos
2804 2444 3012 2498 uertices
3053 2444 3357 2514 capillon
3392 2455 3510 2510 per-

1926 2538 2185 2594 ambulare
2239 2552 2301 2592 ac
2356 2537 2683 2605 perscrutari
2737 2548 2891 2596 insse
2945 2535 2993 2587 vi
3017 2536 3259 2587 cantur:
3306 2530 3512 2599 signiti-

1927 2644 2059 2686 cans
2090 2628 2351 2683 versutias
2381 2625 2616 2680 inanium
2646 2625 3003 2693 quaestionum
3023 2662 3036 2685 ,
3075 2636 3196 2689 quae
3237 2620 3519 2688 profutura-

1930 2723 2181 2776 deserunt
2202 2759 2219 2786 ,
2253 2725 2309 2772 et
2335 2732 2441 2775 non
2474 2715 2774 2770 necessaria
2814 2712 3120 2767 detestabili
3151 2712 3514 2780 disputatione

1930 2811 2270 2883 perquirunt.
2303 2808 2366 2862 Et
2395 2817 2453 2862 ut
2474 2821 2663 2861 eorum
2694 2804 2865 2859 studii
2900 2806 3074 2857 inania
3103 2802 3511 2871 comprobaret,

1934 2899 2170 2964 addidit,
2200 2898 2249 2952 in
2281 2897 2479 2949 delictis
2506 2898 2654 2948 suis:
2682 2893 2771 2948 ubi
2802 2892 3053 2959 cogitatio
3086 2890 3345 2958 insipiens
3373 2890 3465 2941 fuit
3489 2928 3509 2952 ,

1935 3008 2054 3062 qua:
2085 2990 2328 3060 perduxit
2364 2988 2429 3042 ad
2461 2988 2639 3056 culpa~
2666 3002 2680 3050 ;
2714 2995 2769 3039 ut
2797 2993 2921 3039 sunt
2950 2983 3256 3050 Manichazi,
3302 2982 3519 3037 Prisci.-

1937 3084 2196 3147 liauistte,
2231 3080 2547 3140 Donatista,
2586 3076 2856 3143 Montani,
2890 3084 2944 3129 et
2972 3075 3150 3128 caeteri
3189 3073 3280 3143 qui
3315 3088 3376 3129 se
3403 3086 3516 3128 ece-

1940 3174 2053 3227 nnsi
2080 3170 2342 3242 dogmatis
2374 3168 2630 3223 fetoribus
2658 3170 3007 3227 miscuerunt.

2012 3261 2165 3314 "crs.
2206 3258 2295 3313 26.
2339 3255 2481 3315 Dixit
2522 3254 2769 3308 Dominus
2799 3270 2818 3306 :
2858 3251 2939 3306 Ex
2967 3251 3139 3307 Busan
3185 3260 3515 3305 convertant:

1938 3362 2226 3406 convertam
2255 3350 2319 3403 de
2343 3346 2614 3418 profundis
2642 3347 2820 3399 maris.
2846 3344 2901 3399 In
2928 3345 3027 3399 hoc
3048 3359 3206 3398 versu
3229 3347 3519 3397 auctoritas

1940 3441 2095 3495 nobis
2131 3438 2425 3492 doctissimi
2466 3436 2779 3506 Hieronymi
2817 3435 3057 3489 absolute
3093 3433 3359 3501 soluenda
3395 3442 3517 3499 est,

1940 3533 2059 3601 quia
2112 3528 2385 3585 translatio
2427 3528 2541 3594 ejus
2587 3525 2760 3580 lucida
2803 3534 3048 3579 cunctam
3095 3524 3248 3579 nobis
3298 3522 3519 3592 abrogat

1943 3623 2307 3692 quaestionem.
2340 3618 2481 3673 Dixit
2508 3617 2780 3671 Dominus.
2809 3618 3115 3683 Qua‘ramus
3143 3615 3267 3685 quid
3297 3616 3481 3669 dixerit
3500 3655 3516 3678 ,

1945 3713 2067 3781 quia
2099 3710 2281 3764 nescio
2311 3724 2469 3776 quam
2502 3722 2691 3777 magna
2732 3707 3015 3776 promissio
3044 3718 3124 3762 est
3151 3722 3310 3777 quam
3342 3707 3524 3761 Domi-

1945 3819 2043 3857 nus
2076 3802 2160 3868 yol
2184 3800 2375 3856 icetur.
2406 3798 2572 3852 Busan
2607 3801 2985 3864 interpretatur
3007 3799 3253 3862 siccitas,
3276 3814 3393 3867 qua:
3423 3799 3523 3852 hu-

1947 3909 2161 3950 manum
2191 3908 2357 3962 genus
2388 3891 2698 3960 possederat
2726 3890 2976 3947 ariditate
3007 3891 3208 3959 peccati
3235 3907 3249 3955 ;
3281 3891 3374 3943 sed
3403 3905 3520 3943 eam

1950 3985 1993 4038 D
2032 3985 2207 4037 minus
2235 3983 2474 4035 convertit
2505 3980 2569 4035 ad
2602 3981 2846 4033 viriditati
2867 3995 2919 4033 m
2951 3995 3097 4033 suam
3121 4019 3135 4042 .
3169 3979 3295 4033 dum
3326 3980 3400 4032 illi
3429 3978 3524 4031 liii.-

1949 4076 2062 4128 vios
2110 4071 2296 4126 salutis
2346 4070 2573 4133 infudit,
2625 4080 2679 4124 ct
2723 4070 3023 4139 germinare
3062 4068 3185 4125 iecit
3230 4069 3352 4122 vita:
3403 4069 3517 4121 {ru-

1951 4172 2096 4219 ctum
2116 4205 2131 4230 ,
2167 4177 2284 4231 quae
2313 4161 2458 4228 prius
2486 4159 2749 4215 inferebat
2774 4159 3020 4213 exitium.
3049 4158 3257 4227 Adjecit
3277 4198 3293 4222 ,
3321 4173 3526 4211 conver-

1953 4267 2053 4309 tam
2093 4256 2156 4307 de
2201 4251 2471 4322 profundis
2511 4254 2709 4318 maris,
2755 4250 2963 4304 scilicet
3008 4249 3236 4318 populos
3282 4264 3417 4317 quos
3460 4249 3531 4303 de

1958 4347 2143 4401 mundi
2194 4346 2346 4399 istius
2395 4344 2659 4413 profundo
2698 4344 2964 4398 liberavit.
3008 4342 3156 4397 Mare
3194 4341 3337 4398 enim
3377 4358 3533 4397 mttu-

1959 4438 2083 4489 dum
2129 4437 2286 4490 istum
2328 4435 2525 4490 debere
2562 4434 2761 4500 suscipi
2789 4474 2805 4496 .
2846 4433 3116 4505 frequenti
3156 4434 3388 4488 lactiene
3423 4435 3535 4502 jam

1962 4544 2145 4582 ltOlllm
2184 4536 2301 4591 est,
2342 4528 2429 4594 qui
2469 4536 2517 4583 et
2566 4538 2720 4596 gustu
2770 4541 2987 4581 amarus
3037 4537 3154 4594 est,
3194 4536 3249 4579 et
3288 4526 3541 4580 vitiarunt

1962 4622 2205 4675 ﬂuetibus
2236 4620 2519 4688 inquietus.

2039 4716 2185 4767 Vers.
2218 4714 2307 4766 27.
2342 4710 2407 4767 Ut
2440 4712 2751 4779 intinguntur
2781 4726 2865 4778 pm
2894 4719 3012 4763 tuus
3038 4712 3089 4762 in
3118 4707 3368 4777 sanguine
3389 4723 3409 4761 :
3439 4708 3540 4761 lin-

1965 4821 2069 4875 gua
2106 4819 2289 4856 canum
2329 4812 2529 4855 tuorum
2567 4816 2630 4853 ea:
2665 4800 2883 4852 inimicis
2921 4799 2983 4851 ab
3020 4798 3153 4867 ipso.
3187 4798 3337 4851 Illum
3367 4812 3537 4865 popu-

1968 4898 2075 4950 lum
2116 4910 2271 4964 quem
2312 4893 2556 4961 superius
2597 4890 3015 4945 converteudum
3053 4889 3264 4942 dixerat
3301 4904 3367 4942 ex
3413 4902 3539 4955 pro-

1970 4987 2145 5042 lundis
2194 4984 2388 5048 maris,
2440 4998 2579 5037 nunc
2626 4983 2693 5037 ad
2739 4981 2864 5051 quid
2915 4981 3234 5049 perducatur
3278 4980 3539 5047 exponit;

1970 5080 2151 5146 utique
2187 5084 2245 5130 ut
2283 5092 2368 5145 pes
2405 5076 2543 5145 ejus,
2587 5073 2638 5127 id
2677 5081 2793 5135 est,
2834 5072 2974 5125 actio
3006 5069 3129 5123 boni
3162 5069 3415 5137 propositi
3448 5082 3538 5122 us-

1974 5186 2077 5239 que
2102 5170 2166 5223 ad
2196 5168 2505 5239 sanguinem
2534 5165 2750 5237 gloriosi
2780 5165 3018 5235 martyrii
3053 5163 3373 5231 perveniret.
3407 5161 3537 5215 Nam

1975 5263 2063 5330 qui
2094 5271 2217 5315 ante
2247 5260 2585 5329 gradiebatur
2615 5258 2665 5312 in
2696 5258 3012 5324 voluptuose
3054 5254 3185 5308 mari
3207 5294 3221 5312 .
3270 5264 3388 5320 post
3429 5267 3545 5306 am-

1980 5352 2162 5407 bulare
2192 5351 2314 5404 fecit
2343 5351 2395 5400 in
2422 5348 2696 5419 sanguine,
2728 5347 2867 5416 quod
2897 5356 2979 5399 est
3007 5344 3201 5398 durum
3232 5344 3333 5396 iter
3359 5342 3508 5396 carni
3533 5382 3550 5408 ,

1978 5442 2072 5498 sed
2094 5442 2244 5495 beata
2272 5442 2353 5494 via
2378 5449 2459 5493 est
2484 5442 2892 5505 ennumquam,
2909 5438 3024 5506 ipso
3049 5436 3554 5498 miserante,trans-

1983 5531 2151 5591 imus,
2183 5530 2226 5581 si
2256 5529 2309 5581 in
2340 5542 2406 5580 eo
2437 5540 2587 5591 Spem
2631 5535 2864 5579 nostram
2906 5523 3172 5592 curdaque
3218 5522 3545 5590 reponimus.

1986 5620 2174 5676 Addita
2205 5627 2288 5673 est
2315 5617 2538 5671 obscura
2570 5617 2783 5684 quidem
2806 5656 2821 5682 ,
2854 5616 2948 5670 sed
2978 5615 3137 5667 nimis
3178 5615 3546 5679 amplectenda

1984 5709 2243 5766 sententia
2275 5726 2287 5762 τ
2323 5708 2519 5778 Lingua
2546 5723 2725 5761 canum
2757 5717 2961 5760 tuorum
2989 5721 3052 5759 ea:
3080 5705 3299 5759 inimicis
3323 5702 3387 5755 ab
3416 5703 3549 5771 ipso.

1988 5802 2147 5857 Canes
2175 5808 2228 5856 et
2260 5800 2308 5853 in
2343 5798 2479 5853 malo
2512 5794 2805 5866 ponuntur,
2830 5798 2967 5853 sicut
2989 5798 3275 5866 Apostolus
3312 5793 3387 5848 ait
3414 5808 3426 5844 :
3468 5787 3556 5846 Vi-
