3956 6178
471 397 571 451 λτι
1682 396 1750 450 Μ.
1801 393 2076 450 Αυιίειιι
2125 388 2519 448 ολδειυυυηι
3582 396 3666 452 872

469 519 584 567 aete
610 526 791 575 canes,
821 510 980 563 videte
1010 508 1170 563 malos
1202 509 1461 579 Operatios
1495 508 1714 578 (Philip.
1744 524 1836 573 Ill,
1860 507 1958 579 2);
1989 517 2039 560 et
2069 511 2120 569 Α
2148 506 2245 556 ἀίει
2295 503 2486 571 debet,
2531 501 2620 556 ubi
2659 510 2802 557 recta
2845 502 2975 558 ﬁdes
3015 513 3128 567 est,
3174 511 3222 557 et
3262 518 3375 559 vera
3413 506 3666 565 confessio.

471 603 526 656 in
567 602 728 667 bono,
758 602 891 654 sicut
942 600 1025 653 hic
1077 602 1306 668 positum
1354 610 1435 654 est
1465 618 1477 652 :
1512 600 1579 655 de
1626 600 1816 669 quibus
1866 600 1940 651 ait
1987 598 2040 652 in
2149 597 2221 649 lbi
2255 598 2394 652 enim
2439 595 2555 663 iure
2602 596 2861 660 laudatur,
2907 596 2996 649 ubi
3036 611 3140 649 non
3187 597 3516 655 maledicitur.
3556 602 3668 658 Nam

476 690 759 759 Evangelia
797 686 1094 744 Cbananaea
1126 707 1139 742 :
1176 690 1393 759 Utique,
1436 689 1685 759 Domine,
1720 706 1839 743 natu
1871 700 1917 744 et
1954 706 2045 743 ca-
2144 688 2416 757 quomodo
2460 689 2527 742 ab
2579 689 2668 741 illo
2715 688 2922 741 laudem
2971 688 3259 756 suscipiat,
3305 693 3388 758 qui
3432 708 3487 746 se
3530 695 3670 760 impia

471 799 558 837 nes
588 786 741 837 edunt
770 784 833 836 de
862 784 1002 835 micis
1031 800 1142 851 qum
1178 784 1365 836 cadunt
1407 784 1471 835 de
1508 799 1680 835 mensa
1720 783 2041 835 dominorum
2145 780 2524 847 superstitione
2561 778 2721 849 224
2756 779 3151 832 commaculat?
3186 778 3441 850 Sequitur,
3479 784 3536 836 de
3570 787 3673 854 fon-

470 892 677 930 suorum
722 876 739 946 (
767 874 932 928 Marc.
956 891 1116 941 Lvm,
1145 876 1215 945 7)
1244 892 1257 939 ;
1292 884 1345 929 et
1375 874 1427 928 in
1461 875 1569 928 alio
1602 874 1805 942 psalmo
1844 874 2041 927 dictum
2146 871 2278 923 tibus
2310 868 2495 935 Israel,
2528 870 2595 923 de
2643 869 2885 923 doctrina
2924 870 3126 925 scilicet
3168 870 3455 925 Christiana
3476 912 3491 938 ,
3531 890 3672 943 quam

471 978 552 1020 est
582 983 596 1018 :
629 963 990 1020 Convertentur
1017 966 1085 1018 ad
1112 980 1398 1030 t'esperam,
1425 971 1474 1019 et
1498 970 1683 1033 [autem
1710 963 1964 1032 pa'ientur
1990 969 2045 1014 ut
2146 965 2373 1033 apostoli
2415 964 2663 1033 gentibus
2705 963 3033 1018 infuderunt.
3081 963 3221 1019 Fons
3258 968 3393 1021 enim
3434 969 3676 1038 religionis

472 1072 618 1111 canes
657 1054 846 1125 (Psal.
879 1071 1040 1122 Lvut,
1072 1055 1167 1127 7).
1205 1057 1292 1109 Isti
1322 1055 1463 1110 enim
1495 1071 1647 1109 canes
1678 1070 1774 1123 pro
1816 1053 2043 1108 Domino
2148 1054 2272 1109 inde
2312 1069 2407 1123 per
2442 1064 2667 1108 caeteras
2715 1054 2961 1108 nationes
3004 1054 3291 1111 emanavit.
3335 1054 3469 1110 Fons
3504 1060 3677 1127 quippe

475 1149 670 1202 latrare
717 1161 820 1201 non
869 1146 1150 1211 desinunt,
1198 1146 1523 1216 domumque
1568 1147 1685 1217 ejus
1728 1147 2041 1203 cautissima
2147 1162 2176 1197 a
2217 1145 2446 1200 fovendo
2491 1144 2667 1199 dictus
2703 1156 2818 1209 est,
2867 1144 3007 1215 quod
3043 1160 3272 1215 corpora
3307 1158 3479 1203 nostra
3520 1150 3682 1208 labore

472 1240 761 1309 sagacitate
788 1240 1115 1294 custodiunt.
1146 1239 1244 1294 Hic
1272 1254 1398 1310 ergo
1425 1240 1552 1295 dicit
1580 1256 1593 1293 :
1630 1238 1829 1312 Lingua
1858 1256 2044 1294 canum
2145 1236 2284 1291 fessa
2314 1233 2567 1290 refoveas.

473 1342 675 1384 tuorum
701 1347 764 1385 ex
794 1332 1011 1385 inimicis
1039 1331 1102 1384 ab
1138 1332 1286 1399 ipso,
1330 1332 1449 1400 quia
1494 1332 1643 1400 prius
1686 1332 1883 1386 inimici
1928 1332 2046 1388 fue-
2218 1327 2373 1381 Vers.
2411 1327 2499 1382 31.
2548 1324 2629 1379 Ibi
2667 1325 2937 1398 Benjamt'tt
2988 1327 3355 1381 adolescentior
3390 1331 3439 1383 in
3478 1348 3685 1397 pavore:

474 1430 631 1487 runt,
677 1422 766 1491 qui
810 1432 991 1492 postea
1022 1423 1275 1478 clamosis
1308 1423 1582 1478 latratibus
1615 1422 1905 1478 Ecclesium
1940 1424 2044 1477 Do-
2146 1420 2400 1490 principes
2423 1417 2562 1472 Juda
2587 1421 2738 1473 duces
2767 1436 2943 1473 eorum
2962 1436 2981 1474 :
3011 1421 3261 1490 principes
3286 1420 3540 1487 Zabulon,
3570 1425 3682 1493 prin-

476 1513 606 1567 mini
632 1512 983 1568 vindicarunt.
1017 1514 1121 1569 Sed
1153 1515 1253 1569 hoc
1284 1514 1456 1585 ip~um
1488 1531 1516 1567 a
1548 1531 1655 1586 quo
1685 1516 1800 1569 ﬁeri
1844 1517 2043 1585 potuiso
2146 1513 2287 1581 cipes
2320 1510 2672 1581 Nephthalim.
2705 1509 2857 1564 llunc
2886 1511 3101 1564 modum
3135 1511 3416 1566 locutionis
3445 1516 3688 1581 proprium

476 1614 592 1670 set,
622 1606 848 1674 adjecit,
877 1606 928 1659 id
954 1615 1034 1661 est
1054 1648 1069 1672 ,
1100 1607 1163 1659 ab
1188 1607 1318 1676 ipso.
1350 1607 1426 1660 Ab
1453 1608 1561 1677 ipso
1583 1608 1764 1678 utique
1794 1608 2041 1675 Domino,
2146 1604 2538 1673 Scripturarum
2570 1603 2870 1656 divinarum
2914 1617 3033 1656 esse
3074 1601 3308 1656 diximus
3328 1648 3341 1671 ,
3374 1605 3574 1673 quando
3604 1605 3691 1658 lle-

474 1697 562 1764 qui
594 1712 772 1750 amara
803 1705 972 1750 mutat
1000 1698 1049 1749 in
1082 1698 1419 1751 dulcedinem
1443 1743 1456 1766 ,
1492 1699 1763 1752 tristitiam
1796 1702 1957 1753 vertit
1990 1700 2043 1753 in
2149 1696 2291 1749 braca
2336 1694 2549 1749 nomina
2590 1695 2656 1749 ad
2696 1694 2910 1764 aliquod
2960 1694 3274 1765 mysterium
3315 1692 3697 1765 significationis

475 1788 724 1858 gaudium
745 1828 760 1853 ,
790 1786 1133 1855 egritudines
1162 1787 1502 1843 detestabiles
1534 1788 1584 1842 in
1615 1788 1863 1843 s-ilutem.
2149 1788 2438 1842 interserit.
2474 1786 2702 1841 Dubium
2732 1788 2923 1856 quippe
2953 1802 3059 1840 non
3086 1794 3167 1840 est
3210 1801 3395 1841 omnes
3434 1788 3696 1856 prophetas

550 1880 702 1934 Vers.
741 1880 832 1934 28.
871 1879 983 1934 Visi
1019 1891 1137 1934 sunt
1174 1896 1376 1950 gressus
1417 1882 1518 1951 tui,
1560 1881 1744 1935 Deus:
1788 1882 2046 1950 ingressus
2077 1878 2123 1937 Β
2151 1878 2470 1945 evangelicae
2513 1878 2907 1947 praedicationis
2952 1879 3164 1932 beatum
3212 1887 3420 1946 tempus
3461 1889 3697 1947 optasse;

479 1968 574 2023 Dei
625 1969 723 2024 mei
772 1954 953 2040 Reg’s,
994 1971 1080 2038 qui
1117 1972 1280 2024 estin
1316 1982 1491 2025 sancto
1528 1972 1710 2040 ipsius.
1754 1971 1921 2026 Totus
1960 1971 2049 2027 hic
2152 1970 2291 2040 quod
2350 1985 2493 2025 nunc
2546 1969 2978 2041 Psalmigraphns
3032 1969 3383 2025 vehementer
3433 1970 3702 2036 aﬂectans,

478 2074 668 2115 versus
709 2060 1131 2115 incarnationem
1174 2061 1437 2131 significat
1480 2062 1688 2116 Domini
1732 2062 2043 2118 Salvatoris.
2151 2080 2247 2134 per
2278 2064 2489 2118 nomina
2520 2063 2779 2127 tribuum,
2809 2072 2864 2116 et
2893 2062 3169 2117 Dominum
3198 2060 3476 2117 Christum
3506 2073 3555 2117 et
3580 2065 3708 2133 ipsos

486 2151 618 2205 Dicit
660 2152 843 2207 enim:
885 2151 995 2206 Vtsi
1037 2161 1156 2207 sunt
1199 2168 1401 2221 gressus
1446 2154 1549 2220 tui,
1596 2152 1768 2216 Deus,
1800 2154 1911 2207 sive
1952 2168 2048 2221 per
2150 2157 2414 2212 indicasse
2459 2157 2709 2224 probatur
2760 2156 3049 2224 aposmlos.
3114 2154 3197 2209 lbi
3252 2155 3519 2229 Benjamin
3556 2155 3711 2210 adole-

480 2242 736 2311 assumpti
767 2244 1006 2313 corporis
1037 2244 1295 2309 formam,
1329 2245 1563 2313 siveper
1588 2244 1808 2314 vestigia
1852 2245 2045 2313 praedi-
2150 2250 2367 2303 scentior
2405 2250 2458 2302 in
2487 2264 2688 2314 pavore.
2722 2245 2820 2309 Ibi,
2852 2247 3055 2303 scilicet
3084 2247 3134 2301 in
3168 2248 3382 2318 templo
3418 2247 3711 2311 Jerusalem,

480 2334 742 2397 cationis,
773 2335 967 2405 quibus
1003 2334 1314 2389 innocenter
1343 2335 1435 2390 ille
1465 2338 1516 2389 in
1549 2337 1650 2389 hoc
1680 2336 1879 2390 mundo
1917 2351 2046 2391 san-
2152 2340 2242 2393 ubi
2285 2338 2447 2394 verba
2494 2339 2699 2393 Domini
2744 2336 2937 2392 Paulus
2977 2337 3176 2391 audivit
3206 2353 3234 2401 ;
3286 2338 3427 2407 quod
3471 2346 3524 2391 et
3560 2346 3716 2390 textus

478 2427 581 2480 etis
604 2428 870 2495 gressibus
895 2428 1200 2481 ambulavit.
1238 2428 1303 2481 Et
1326 2436 1383 2482 ut
1411 2427 1690 2483 Dominum
1718 2429 2048 2485 Salvatorem
2151 2429 2380 2483 Actnum
2414 2428 2778 2498 apostolorum
2807 2427 3081 2482 evidenter
3100 2438 3349 2482 enarrat.
3375 2427 3529 2492 Sive,
3551 2436 3600 2479 ut
3620 2426 3719 2495 qui-

480 2516 753 2572 evideuter
778 2518 1088 2572 ostenderet
1109 2559 1123 2583 ,
1153 2518 1378 2587 adjecit,
1405 2520 1663 2588 ingressus
1692 2517 1785 2572 Dei
1816 2520 1913 2572 mei
1945 2511 2050 2574 Ile-
2152 2521 2273 2576 dam
2302 2522 2522 2584 volunt,
2555 2521 2653 2584 ibi,
2686 2521 2739 2575 in
2772 2520 3008 2575 Ecclesia
3030 2562 3045 2583 ,
3093 2520 3181 2573 ubi
3241 2520 3375 2574 dixit
3417 2520 3721 2589 psallendum

480 2609 581 2681 gis,
633 2609 753 2676 quia
786 2610 899 2678 ipse
932 2609 1038 2663 Rea:
1067 2611 1120 2664 in
1152 2610 1251 2665 hoc
1283 2610 1482 2665 mundo
1513 2612 1817 2682 specialiter
1849 2613 2051 2683 ingres—
2154 2626 2294 2667 esse.
2326 2603 2599 2683 Benjamin
2634 2612 2852 2665 Paulum
2881 2611 3119 2679 designat
3146 2611 3461 2679 apostolum
3482 2651 3495 2675 ,
3529 2611 3610 2678 qui
3642 2608 3722 2662 fuit

481 2715 572 2755 sus
613 2708 693 2754 est
718 2740 733 2765 ,
776 2699 845 2755 de
884 2715 989 2769 quo
1035 2702 1290 2769 scriptum
1330 2712 1415 2757 est
1460 2703 1510 2757 in
1554 2703 1705 2756 titulo
1747 2703 2047 2772 passionis:
2153 2702 2220 2756 de
2250 2702 2390 2756 tribu
2423 2699 2877 2773 Benjamin;ipse
2905 2702 3046 2755 enim
3073 2700 3207 2753 dicit
3248 2715 3263 2754 :
3301 2699 3445 2752 Nam
3469 2710 3512 2753 et
3542 2715 3627 2768 ego
3654 2697 3726 2750 ls-

482 2791 594 2845 Rex
617 2791 917 2844 Iudaeorum
948 2791 1138 2861 (Marc.
1168 2807 1265 2856 xv,
1288 2791 1402 2861 26).
1431 2791 1561 2845 Nam
1586 2801 1639 2846 et
1666 2808 1860 2861 corpus
1886 2794 2053 2862 ipsius
2153 2794 2338 2848 raelita
2380 2810 2493 2847 sum
2533 2811 2597 2847 ex
2638 2793 2825 2847 semine
2867 2792 3123 2845 Abraham
3142 2832 3157 2856 ,
3188 2792 3270 2845 de
3303 2791 3437 2844 tribu
3480 2789 3726 2859 Benjamin

482 2884 756 2937 evidenter
783 2883 1046 2951 expressit
1072 2883 1301 2938 dicens‘:
1339 2884 1438 2948 Qui
1470 2892 1544 2939 est
1573 2886 1623 2937 in
1654 2895 1827 2937 sancto
1867 2885 2048 2953 ipsius.
2155 2884 2376 2954 (Philip.
2402 2901 2415 2938 I
2442 2901 2493 2947 ι,
2518 2885 2596 2953 5).
2629 2884 3009 2938 Adulescentior
3033 2884 3087 2935 in
3118 2897 3323 2951 pavore
3348 2924 3362 2947 ,
3397 2882 3518 2948 quia
3547 2880 3733 2933 scilicet

481 2976 730 3028 Sanctum
760 2975 901 3029 enim
929 2974 1027 3028 fuit
1051 2976 1303 3043 templum
1331 2975 1571 3044 corporis
1603 2974 1807 3030 Domini
1831 2972 2049 3041 Christi;
2154 2987 2311 3032 aetate
2342 2978 2437 3031 fuit
2464 2978 2799 3039 adulescens,
2855 2978 2991 3031 sicut
3021 2977 3072 3031 in
3118 2976 3353 3030 Actibus
3381 2976 3725 3043 apostolorum

485 3069 536 3121 in
565 3083 629 3123 eo
667 3069 809 3123 enim
850 3078 969 3121 erat
1011 3070 1283 3136 plenitudo
1314 3070 1603 3126 divinitatis
1626 3112 1639 3138 ,
1674 3086 1830 3140 quam
1864 3072 2049 3141 pcrlidi
2155 3070 2209 3123 in
2239 3070 2487 3138 paSsione
2526 3068 2664 3123 beati
2708 3069 2961 3137 Stephani
2997 3067 3171 3121 Lucas
3202 3068 3337 3121 dicit
3370 3085 3384 3121 :
3422 3065 3486 3118 Et
3529 3065 3639 3135 falsi
3669 3075 3728 3115 te-

485 3157 670 3212 videre
689 3173 794 3212 non
824 3169 1081 3226 poterant.
1222 3152 1225 3153 ν
2155 3170 2254 3214 stes
2288 3162 2629 3231 deposuerunt
2656 3161 2944 3213 vestimenta
2971 3175 3063 3211 sua
3084 3175 3241 3212 secus
3287 3158 3443 3228 pedes
3482 3156 3729 3228 cujusdam

555 3248 707 3302 Vers.
741 3248 831 3302 29.
866 3248 1228 3303 Prmenerunt
1258 3251 1510 3321 principes
1539 3251 1802 3322 conjuncti
1828 3251 2051 3317 psallen-
2078 3243 2121 3303 C
2154 3254 2486 3307 adolescentis
2511 3253 2709 3307 nomine
2740 3252 2886 3307 Sauli
2918 3252 3052 3322 (Act.
3078 3267 3148 3305 vn
3170 3292 3186 3318 ,
3222 3252 3344 3321 57).
3376 3251 3481 3318 Qui
3510 3250 3732 3321 quamvis

484 3336 618 3391 tibus
658 3338 711 3391 in
749 3340 913 3392 medio
947 3343 1198 3411 juvenum
1244 3342 1733 3409 tympanistriarum.
1788 3341 2054 3413 Principes
2155 3354 2299 3399 esset
2328 3344 2644 3398 adolescens
2686 3353 2877 3409 atate,
2909 3345 3287 3397 adolescentior
3316 3345 3527 3399 exstitit
3567 3345 3617 3396 in
3656 3358 3735 3410 pa-

483 3429 752 3495 apostolos
778 3428 1072 3498 significat,
1100 3432 1187 3498 qui
1215 3438 1269 3485 et
1294 3432 1547 3500 principes
1572 3442 1695 3487 sunt
1724 3433 2051 3488 credentium
2156 3449 2302 3499 vare,
2334 3433 2549 3503 quando
2579 3433 2642 3487 ad
2676 3448 2858 3487 vocem
2890 3434 3100 3487 Domini
3149 3435 3403 3499 corruit,
3436 3435 3524 3503 qui
3564 3435 3610 3487 ei
3652 3432 3738 3485 nii-

488 3522 834 3589 populorum,
865 3530 919 3576 et
946 3531 1288 3591 praevenerunt
1321 3538 1507 3579 omnes
1548 3527 1599 3578 in
1642 3527 1922 3580 sanctitate
1954 3527 2051 3581 do-
2156 3535 2366 3579 seratas
2396 3526 2624 3579 intonuit
2653 3542 2665 3577 :
2700 3524 2857 3579 Saule
2880 3566 2895 3589 ,
2930 3523 3124 3589 Saule,
3157 3526 3288 3593 quid
3324 3542 3404 3578 me
3448 3524 3739 3593 persequeris

486 3615 672 3667 ctriuaa
704 3630 715 3665 :
749 3627 803 3668 et
832 3613 950 3668 ideo
979 3614 1141 3667 duces
1172 3614 1345 3669 effecti
1386 3626 1541 3682 sunt,
1584 3617 1705 3686 quia
1751 3619 1895 3685 ipsos
1934 3628 2057 3672 sunt
2158 3614 2295 3683 (Act.
2327 3630 2377 3669 ιχ
2398 3656 2413 3681 ,
2446 3615 2548 3685 4)ἳ
2580 3616 2909 3670 Adolescens
2938 3625 3112 3668 autem
3145 3616 3216 3668 ab
3251 3615 3527 3670 adolendo
3550 3654 3565 3677 ,
3597 3614 3644 3667 id
3672 3619 3742 3667 est

490 3705 665 3774 populi
700 3713 880 3774 postea
911 3705 1205 3760 subsecuti.
1234 3706 1482 3771 Addidit,
1511 3710 1772 3777 conjuncti
1796 3712 2057 3777 psallenti-
2159 3723 2187 3760 a
2228 3707 2524 3762 crescendo
2564 3706 2736 3761 dictus
2775 3716 2877 3761 est.
2924 3704 3195 3769 Principes
3238 3704 3429 3771 Juda,
3481 3703 3745 3759 Dominum

489 3798 579 3849 bus
608 3812 629 3849 :
654 3812 719 3850 ne
748 3796 995 3850 crederes
1027 3812 1221 3863 paucos
1253 3797 1451 3863 fuisse,
1484 3799 1817 3867 conjunctam
1852 3815 2059 3870 quoque
2166 3798 2367 3851 indicat
2410 3796 2742 3851 Salvatorem
2765 3835 2780 3856 .
2822 3798 2910 3863 qni
2951 3795 3018 3847 de
3063 3795 3206 3849 tribu
3253 3794 3400 3849 Juda
3440 3792 3745 3849 descendit.

490 3887 880 3942 multitudinem
915 3888 1236 3951 psallentium
1263 3892 1642 3946 convenienter
1665 3890 1905 3961 adjnnxit
1928 3933 1942 3957 ,
1971 3892 2057 3962 qui
2162 3889 2300 3943 sicut
2328 3887 2564 3942 Joannes
2596 3887 2645 3940 in
2677 3885 2995 3955 Apocalypsi
3025 3884 3158 3938 dicit
3188 3903 3202 3939 :
3247 3885 3383 3939 Vicit
3418 3886 3520 3939 Leo
3550 3886 3611 3938 de
3633 3883 3751 3935 tribu

485 3977 595 4047 jam
638 3978 820 4033 laudes
854 3979 1061 4032 Domini
1094 3994 1199 4033 non
1230 3994 1361 4033 voce
1404 3990 1603 4034 tantum
1628 4020 1643 4043 ,
1683 3983 1775 4037 sed
1815 3992 1868 4037 et
1909 3982 2061 4036 bonis
2157 3980 2330 4046 Iuda,
2354 3979 2505 4032 radis:
2529 3978 2690 4032 David
2713 3978 2892 4050 (Apoc.
2912 3991 2964 4042 v,
2988 3977 3063 4047 5).
3092 3976 3363 4041 Addidit,
3395 3976 3555 4029 duces
3575 3987 3753 4033 eorum,

488 4070 690 4125 actibus
716 4080 1080 4141 persultarent.
1105 4072 1375 4142 Sequitur,
1403 4074 1454 4126 in
1482 4074 1645 4127 medio
1662 4077 1903 4143 juvenum
1932 4084 2062 4144 tym-
2163 4071 2213 4124 id
2244 4080 2325 4125 est
2354 4068 2668 4141 populorum
2692 4108 2707 4133 ,
2741 4068 2830 4137 qui
2859 4078 3013 4121 erant
3052 4066 3105 4120 in
3154 4066 3415 4120 Ecclesia
3446 4064 3714 4121 constituti
3742 4104 3755 4125 ,

491 4162 875 4229 panistriarum.
926 4162 1004 4217 Ne
1056 4176 1241 4216 sexum
1298 4162 1585 4218 femineum
1639 4164 1888 4219 crederes
1944 4180 2064 4219 esse
2166 4160 2307 4229 quod
2354 4175 2459 4214 non
2505 4159 2676 4213 εοΙιιιη
2717 4158 2784 4212 ad
2833 4156 3052 4211 Pallium
3083 4156 3165 4209 vel
3197 4155 3271 4210 Id
3311 4156 3644 4221 Dominum.-
3672 4151 3753 4206 Sed

489 4253 948 4320 contemptum,in
967 4254 1129 4306 medio
1152 4247 1278 4307 dicit
1304 4253 1459 4307 ismm
1482 4264 1654 4307 actum
1671 4255 1914 4322 iuvenum
1937 4264 2067 4323 tym-
2165 4262 2219 4306 et
2245 4253 2308 4305 ad
2342 4252 2460 4305 illos
2488 4252 2775 4319 aptanilum
2807 4260 2888 4303 est
2918 4262 3052 4317 quos
3092 4247 3239 4301 dixit
3273 4247 3516 4303 inferius
3536 4288 3553 4313 ,
3583 4246 3763 4315 princi-

491 4344 876 4411 panistriarum,
920 4343 971 4397 id
1013 4353 1096 4398 est
1119 4344 1521 4413 juvencularum
1556 4346 1721 4414 prima
1754 4354 1929 4419 aetate»
1962 4346 2063 4401 tlo-
2167 4358 2252 4411 pes
2282 4340 2546 4407 Zabulon,
2577 4341 2829 4412 principes
2855 4338 3212 4407 Nephthalim.
3242 4338 3495 4394 Zabulon
3522 4349 3573 4393 et
3601 4334 3765 4404 Neph-

493 4434 761 4499 rentium,
794 4449 912 4503 qua:
943 4444 1190 4504 tympana
1225 4451 1360 4502 sua,
1405 4436 1505 4491 hoc
1544 4446 1625 4491 est
1664 4439 1904 4507 corporis
1949 4447 2068 4492 ten-
2167 4431 2349 4486 thalim
2393 4432 2561 4485 tribus
2610 4431 2826 4485 fuerunt
2880 4429 3102 4486 Judaico
3157 4433 3377 4501 populo
3436 4432 3769 4492 constitute,

491 4522 699 4578 sionem
748 4522 814 4577 ad
869 4523 1075 4578 Domini
1128 4525 1310 4581 laudes
1362 4526 1695 4596 gloriamque
1747 4537 2017 4584 verterunt
2044 4567 2061 4593 ,
2174 4524 2316 4578 unde
2346 4523 2533 4591 reliqui
2566 4521 2792 4592 apostoli
2821 4522 3035 4578 trahere
3066 4524 3337 4592 leguntur
3374 4526 3666 4595 originem.
3708 4519 3771 4571 Et

494 4622 825 4669 macerantes
854 4630 914 4667 se
938 4614 1191 4684 jejuniis,
1233 4618 1515 4688 carnisque
1562 4619 1729 4688 magis
1774 4620 2063 4674 afﬂictione
2092 4603 2146 4663 Β
2173 4617 2224 4670 bi
2270 4628 2458 4669 omnes
2498 4614 2749 4683 principes
2796 4613 2933 4667 bene
2977 4612 3236 4683 appellati
3288 4624 3466 4679 sunt,
3514 4613 3640 4683 quia
3684 4622 3772 4663 eos

493 4704 821 4773 gaudentes;
854 4706 993 4776 quod
1027 4706 1292 4777 hodieque
1332 4708 1382 4762 in
1425 4710 1604 4764 multis
1649 4710 1938 4780 virginibus
1982 4713 2065 4765 di-
2174 4711 2374 4764 honore
2419 4722 2482 4762 ac
2532 4707 2759 4776 primatu
2804 4706 3150 4775 dignissimos
3200 4704 3465 4760 fidelium
3507 4705 3657 4759 turba
3696 4715 3774 4755 se-

495 4798 613 4849 vina
642 4796 808 4850 virtus
838 4806 1111 4866 operatur.
1144 4796 1242 4851 Alii
1277 4813 1401 4853 vero
1432 4801 1941 4869 tympanistriarum,
1975 4816 2065 4856 ec-
2174 4802 2452 4872 quebatur.
2498 4800 2753 4853 Dicuntur
2782 4798 2921 4851 cnim
2955 4797 3228 4865 principes
3263 4806 3328 4853 et
3358 4797 3457 4867 qui
3491 4809 3648 4865 reges
3676 4806 3775 4847 non

494 4886 775 4940 clesiarum
824 4886 1045 4956 intelligi
1095 4888 1374 4942 voluerunt
1402 4929 1418 4954 ,
1466 4904 1688 4958 quarum
1737 4892 1870 4944 atria
1922 4894 2065 4945 velut
2173 4903 2335 4959 sunt,
2366 4892 2502 4945 sicut
2533 4891 2584 4944 in
2618 4888 2799 4943 Exodo
2828 4888 3021 4958 legitur
3050 4887 3101 4941 in
3132 4887 3506 4944 dedicatione
3540 4888 3778 4941 taberna-

495 4977 809 5045 quibusdam
842 4980 1107 5049 tympan’s
1140 4979 1323 5034 laudes
1358 4981 1562 5035 Domini
1588 4982 1898 5050 populorum
1930 4982 2070 5051 jubi-
2177 4986 2278 5042 culi
2300 5026 2315 5051 ,
2347 4982 2613 5054 quomodo
2644 4980 2937 5036 obtuleiint
2967 4980 3104 5033 dona
3136 4978 3453 5037 duodecim
3491 4977 3779 5053 principes,

497 5066 691 5121 latione
719 5068 1093 5124 concelebrant
1123 5087 1135 5121 :
1165 5068 1232 5124 de
1271 5070 1463 5139 quibus
1502 5072 1743 5141 sequenti
1789 5087 1943 5126 versu
1990 5072 2069 5126 di-
2176 5075 2371 5144 singuli
2403 5073 2467 5128 de
2497 5072 2717 5139 singulis
2746 5070 2988 5124 tribubus
3018 5070 3179 5125 Israel
3218 5070 3440 5140 (Exod.
3468 5087 3614 5126 xxxv
3634 5110 3649 5135 ,
3670 5066 3780 5133 27).

495 5168 675 5214 οῑυτιιε
707 5169 807 5215 681.

2223 5168 2432 5235 ongruit
2460 5173 2636 5219 autem
2669 5164 2903 5231 ipsorum
2935 5177 3144 5234 quoque
3178 5164 3487 5219 nominum
3522 5160 3782 5233 signiﬁca-

573 5250 720 5305 Vers.
762 5250 851 5306 30.
894 5248 959 5305 In
1000 5251 1224 5306 ecclesiis
1265 5252 1539 5306 benedicite
1570 5251 1732 5306 Deum
1764 5252 2035 5306 Dominum
2054 5298 2069 5321 ,
2183 5260 2354 5313 tiones
2386 5257 2596 5312 edicere
2616 5298 2632 5322 ,
2663 5258 2911 5326 quoniam
2941 5266 2995 5312 et
3023 5257 3149 5325 ipsa:
3178 5259 3509 5326 probantur
3541 5256 3787 5312 Ecclesia:

498 5342 562 5395 tle
584 5343 809 5412 (antibus
841 5340 1030 5397 Israel.
1064 5343 1346 5413 lnterjccto
1374 5344 1723 5412 diapsalmate
1747 5389 1760 5413 ,
1804 5346 1869 5398 ad
1914 5346 2072 5411 qnin-
2184 5348 2492 5404 convenire.
2522 5346 2665 5401 Iuda
2694 5347 2960 5402 confessio
2998 5346 3241 5411 dicitur;
3290 5347 3546 5403 Zabulon
3588 5346 3791 5401 habita-

501 5446 605 5488 tam
640 5434 827 5502 psalmi
872 5436 1159 5490 translatus
1198 5445 1281 5489 est
1330 5435 1623 5490 sectionem
1649 5479 1663 5503 ,
1715 5437 1767 5491 in
1810 5453 1912 5506 qua
1942 5438 2072 5492 dicit
2178 5440 2352 5494 culum
2397 5438 2758 5503 fortitudinis;
2801 5436 3137 5507 Nephthalim
3179 5437 3451 5494 dilatzitio
3492 5453 3637 5493 mea.
3668 5436 3792 5502 Qui:

500 5526 588 5580 ubi
613 5526 867 5580 Dominus
895 5527 1083 5581 debeat
1113 5526 1372 5580 benedici.
1402 5528 1485 5581 Ait
1516 5528 1655 5582 enim
1685 5528 1968 5584 fidelibus:
2002 5527 2070 5584 In
2180 5532 2223 5585 si
2255 5531 2539 5599 diligenter
2570 5531 2819 5601 inspicis,
2854 5530 3102 5586 Ecclesia
3126 5531 3442 5587 Catholica
3476 5536 3792 5599 competen-

502 5620 720 5673 ccclesiis
744 5619 1017 5673 benedicite
1044 5619 1206 5673 Deum
1240 5618 1536 5685 Dominum,
1570 5620 1690 5689 quia
1722 5636 1826 5675 nun
1876 5636 1968 5690 per
1996 5622 2073 5675 di-
2185 5634 2265 5678 ter
2293 5624 2521 5687 aptabis.

506 5723 653 5763 versa
689 5710 1052 5765 conventicula
1094 5724 1453 5779 paganorum,
1489 5726 1663 5780 neque
1694 5712 2072 5768 hmrcticorum
2257 5712 2408 5766 Vcrs.
2461 5712 2552 5767 52.
2604 5712 2831 5780 Mando,
2886 5711 3058 5777 Deus,
3104 5710 3296 5765 virtuti
3349 5724 3500 5779 ture,
3553 5708 3800 5773 conﬁrma

504 5799 807 5869 speluncas,
860 5800 951 5855 sed
990 5802 1041 5855 in
1082 5800 1305 5856 Ecclesia
1342 5800 1602 5856 catholica
1644 5799 1893 5855 Dominus
1923 5802 2073 5855 bene-
2184 5802 2309 5863 hoc.
2345 5801 2500 5872 Deus,
2532 5804 2669 5874 quod
2699 5815 2932 5875 opertus
2964 5820 3015 5858 es
3045 5804 3096 5858 in
3125 5805 3311 5859 nobis.
3363 5806 3500 5860 Post
3543 5805 3691 5859 illam
3732 5800 3801 5855 de
