3956 6178
201 398 294 451 ΗΞ

1118 404 1468 462 EXI‘OSI'I’IO
1508 407 1570 461 IN
1616 406 2063 465 PSALTERIUM.
2106 411 2297 467 PSAL.
2340 408 2557 466 LXVII.

3308 363 3315 369 Ι
3342 408 3444 463 478

201 516 427 565 adventu
472 512 679 568 Domini
721 514 1081 570 beatissimam
1115 519 1545 587 praedicationem
1565 562 1581 585 ,
1616 518 1765 587 quasi
1796 523 1845 579 Α
1876 519 2012 576 feras
2037 523 2288 578 silvarum
2319 524 2619 594 increpare,
2650 529 2831 579 tauros
2859 522 3109 591 abjicere,
3140 538 3327 579 vaccas
3353 541 3444 595 po-

195 600 305 671 jam
353 602 712 658 intestimabili
759 616 978 674 accepto
1018 625 1250 678 munere
1281 610 1344 664 ad
1391 612 1600 665 Patrem
1643 626 1769 676 pro-

196 694 350 761 pheta
385 697 717 750 convertitur
755 697 935 752 dicens
968 715 980 751 :
1017 698 1227 765 Mando,
1265 701 1417 767 Deus,
1452 703 1622 755 uirtuti
1651 712 1768 754 tuac.

1877 611 2117 678 pulorum
2161 614 2449 678 invehere;
2493 623 2550 666 ut
2588 613 2642 665 hi
2681 615 2768 680 qui
2798 614 3067 683 approbati
3101 623 3253 680 sunt,
3287 614 3337 668 id
3366 625 3444 670 est

1872 716 2007 769 quos
2037 703 2268 757 charitas
2296 703 2858 773 spiritualis,decoctis
2884 703 3133 758 sordibus
3161 703 3445 768 vitiorum,

198 785 375 838 Virtus
427 786 571 839 enim
619 787 826 853 Patris,
875 790 1117 849 Christus
1160 801 1242 844 est
1293 792 1547 845 Dominus
1573 834 1586 857 ,
1638 790 1774 844 sicut
1872 792 2019 844 velut
2049 802 2318 863 argentum
2350 792 2758 848 mundissimum
2784 836 2798 859 ,
2830 794 2895 847 ad
2934 795 3126 849 animae
3166 796 3444 863 puritatem

198 876 487 944 Apostolus
528 876 655 930 dicit
691 896 702 929 :
745 877 1005 932 Christum
1048 880 1142 934 Dei
1184 882 1413 934 rirtutem
1460 892 1507 934 ct
1547 882 1642 935 Dei
1690 898 1771 934 sa-

1876 895 2045 949 usque
2072 882 2352 951 perduxit,
2384 883 2800 936 corroborentur
2823 892 2980 951 atque
3008 884 3306 952 proﬁciant.
3336 885 3444 939 Ad-

197 968 438 1031 pientiam
471 965 523 1034 (Ι
548 965 668 1021 Cor.
694 983 739 1034 ι,
763 969 875 1038 2i).
909 969 1103 1023 Mando
1132 971 1196 1025 ad
1230 987 1576 1041 personarum
1609 972 1773 1042 perti-
1868 972 2012 1043 jecta
2043 984 2124 1027 est
2153 990 2365 1044 quoque
2390 975 2655 1028 sententia
2685 989 2803 1044 qure
2825 975 3115 1044 dissiparet
3141 976 3440 1031 luereticos.

197 1068 283 1112 net
312 1058 715 1115 distinctionem
746 1077 761 1125 ;
794 1078 914 1116 nam
946 1080 1106 1118 unum
1138 1066 1275 1124 velle
1316 1066 1419 1120 illis
1458 1076 1540 1121 est
1561 1109 1573 1128 .
1607 1082 1770 1121 unum

196 1163 355 1214 posse
388 1159 664 1216 perpetuo.
710 1151 849 1217 Qu'd
881 1163 1057 1206 autem
1088 1156 1379 1220 mandetur,
1410 1155 1602 1219 edicit,
1637 1157 1769 1209 Con-

195 1241 341 1304 ﬁrma
383 1241 516 1306 hoc,
549 1237 716 1307 Deus,
751 1243 889 1312 quod
920 1256 1156 1314 operatus
1196 1262 1245 1299 es
1277 1247 1331 1299 in
1376 1250 1537 1301 nobis.
1586 1249 1769 1317 Magna

194 1331 414 1397 petitio,
467 1341 529 1384 ut
576 1332 840 1400 conﬁrmet
880 1333 1028 1388 .Deus
1074 1337 1127 1388 in
1176 1337 1318 1389 nobis
1373 1339 1529 1391 iidem
1582 1355 1764 1404 suam,

195 1436 347 1487 quam
390 1419 597 1475 donare
636 1423 884 1491 dignatus
922 1436 1022 1478 est.
1055 1424 1196 1495 Opus
1225 1428 1364 1481 enim
1401 1428 1603 1482 Domini
1637 1429 1767 1495 iuit,

198 1521 254 1564 ut
298 1526 445 1565 caeca
494 1514 762 1579 geutditas
808 1515 1009 1570 lumine
1051 1518 1289 1571 veritatis
1335 1520 1545 1583 amata,
1585 1536 1769 1574 verum

199 1602 475 1654 Dominum
508 1602 835 1657 Salvatorem
877 1621 1202 1671 cognoscere
1244 1611 1534 1677 potuisset,
1584 1627 1771 1664 secun-

196 1694 313 1745 dum
358 1694 493 1747 illud
540 1696 779 1762 Apostoli
812 1715 823 1748 :
858 1696 1160 1751 Benedictus
1205 1699 1374 1763 Deus,
1407 1712 1451 1755 et
1484 1701 1637 1755 Pater
1667 1703 1771 1756 Do-

198 1786 319 1837 mini
362 1788 525 1838 rmtri
562 1784 688 1839 Jesu
729 1785 952 1849 Christi,
992 1790 1079 1858 qui
1119 1790 1373 1844 benedixit
1412 1808 1502 1846 nos
1539 1794 1593 1847 in
1633 1795 1772 1848 omni

1874 1064 1977 1133 ipsi
2019 1065 2159 1118 enim
2201 1074 2325 1118 sunt
2358 1074 2529 1135 gentes
2569 1080 2680 1134 qua
2719 1065 2855 1119 bella
2895 1066 3103 1133 volunt,
3136 1067 3187 1121 id
3216 1077 3297 1123 est
3326 1084 3444 1137 quas

1872 1153 2304 1208 contentionibus
2351 1169 2456 1208 non
2494 1154 2561 1207 ad
2608 1155 2901 1220 proiectum
2950 1159 3137 1209 anima:
3179 1157 3442 1221 tendunt,

1872 1243 1964 1297 sed
2010 1253 2069 1298 ut
2115 1245 2385 1312 perversis
2429 1244 2771 1299 suasionibus
2815 1245 3081 1315 captivent
3119 1248 3327 1301 animas
3365 1248 3447 1303 in-

1873 1346 2145 1387 nocentes.

1948 1424 2099 1477 \‘ers.
2138 1423 2228 1478 56.
2273 1423 2505 1491 Oﬂ'erunt
2534 1425 2767 1479 uelociter
2793 1424 3106 1505 ex’zEgypto
3130 1441 3148 1480 :
3177 1424 3447 1495 zEtltiopia

1874 1517 2074 1585 festinat
2106 1532 2290 1570 manus
2318 1517 2441 1571 dare
2472 1517 2600 1571 Deo.
2632 1518 2744 1572 Non
2776 1529 2960 1587 gravat
2988 1531 3039 1574 et
3068 1520 3208 1576 hunc
3234 1536 3443 1575 versum

1875 1611 2163 1664 secundum
2194 1610 2596 1665 translationem
2629 1610 2801 1665 Patris
2831 1612 3131 1679 Hieronymi
3172 1614 3407 1680 recipere
3429 1655 3444 1679 ,

1875 1702 1961 1770 qui
1993 1711 2047 1754 et
2080 1686 2296 1769 propter
2334 1700 2646 1755 Hebraicam
2690 1702 2965 1756 veritatem
2999 1704 3301 1771 sequendus
3328 1714 3407 1759 est
3428 1744 3444 1769 ,

1873 1801 1928 1846 et
1977 1807 2170 1845 nexum
2214 1791 2367 1845 nobis
2407 1792 2760 1861 ambiguitatis
2802 1792 3047 1848 absolvit.
3097 1794 3353 1866 Egyptus
3391 1806 3446 1852 et

197 1877 543 1929 benedictione
580 1878 839 1945 spirituali
877 1880 928 1931 in
967 1880 1248 1934 calestibus
1270 1895 1289 1933 :
1330 1883 1380 1934 in
1419 1898 1521 1952 quo
1548 1891 1594 1936 et
1624 1883 1771 1954 elegit
1804 1877 1850 1936 Β
1877 1882 2148 1952 ίΕιΙιὶορὶα
2179 1898 2273 1951 pro
2301 1883 2592 1937 incolarum
2620 1898 2835 1937 suorum
2865 1884 3145 1939 tenebrosa
3172 1886 3445 1954 nigredine

196 1984 279 2021 nos
310 1979 435 2025 ante
473 1969 655 2020 mundi
692 1970 1140 2038 constitutionem,
1181 1980 1236 2025 ut
1274 1989 1491 2029 essemus
1526 1976 1689 2030 sancti
1724 1985 1769 2029 et

197 2060 511 2112 immaculati
540 2061 591 2113 in
622 2060 735 2127 ipso
767 2060 982 2132 (Ep/tes.
1014 2079 1063 2128 ι,
1095 2062 1127 2115 5
1147 2106 1162 2131 ,
1194 2065 1273 2131 4).
1310 2126 1311 2129 η

260 2149 417 2204 Vers.
459 2150 550 2205 53.
584 2151 626 2203 A
657 2150 847 2221 templo
873 2161 960 2206 tuo
989 2155 1123 2223 quod
1153 2165 1223 2209 est
1255 2157 1306 2209 in
1336 2156 1620 2213 Jerusalem
1641 2200 1656 2226 ,
1683 2161 1771 2215 tibi

198 2239 405 2306 offerent
451 2256 596 2307 reges
642 2257 873 2295 munera.
917 2242 1048 2297 Cum
1091 2246 1296 2301 soleant
1327 2248 1377 2301 in
1412 2252 1612 2319 templo
1652 2267 1770 2307 mu-

200 2347 315 2384 nera
346 2330 571 2397 offerri,
605 2331 693 2387 hic
721 2350 751 2385 a
782 2336 969 2401 templo
1009 2334 1294 2390 Jerusalem
1334 2339 1463 2395 dicit
1507 2341 1773 2397 nihilomi-

200 2437 287 2476 nus
314 2422 621 2477 oﬂ'erenda.
654 2424 698 2476 Α
727 2426 914 2494 templo
955 2441 1083 2496 ergo
1122 2426 1405 2483 Jerusalem
1446 2430 1666 2498 offerunt
1695 2450 1773 2487 re-

200 2530 273 2582 ges
298 2530 525 2566 munera
546 2557 561 2581 ,
593 2515 680 2582 qui
713 2515 766 2569 in
801 2514 1039 2570 Ecclesia
1074 2516 1163 2570 Dei
1196 2529 1337 2571 recta
1369 2524 1774 2578 conversatione

203 2604 470 2673 viventes,
506 2606 588 2658 sui
620 2605 797 2660 cordis
826 2606 1052 2661 olTerunt
1083 2608 1364 2676 puritatem
1386 2653 1400 2675 ,
1432 2614 1641 2680 quando
1662 2615 1772 2685 jam

204 2698 405 2748 venitur
433 2696 503 2749 ad
537 2698 815 2764 praemium
841 2738 855 2762 ,
901 2699 1115 2767 quando
1153 2715 1315 2768 grana
1360 2714 1706 2773 segregantur
1743 2719 1772 2758 a

205 2786 393 2853 paleis,
428 2795 481 2839 et
515 2801 617 2839 una
653 2786 709 2839 lit
733 2789 1029 2841 Jerusalem
1072 2799 1241 2844 mater
1266 2793 1503 2845 omnium
1546 2776 1633 2863 qui
1676 2796 1775 2850 sub

202 2876 392 2931 Christi
426 2878 545 2945 lege
574 2878 837 2932 vixerunt.
880 2879 1036 2950 Reges
1067 2891 1348 2951 utrumque
1382 2899 1664 2950 possumus
1690 2902 1776 2941 ac-

204 2968 261 3033 ci,
282 2984 404 3031 ere,
436 2968 561 3037 quia
594 2980 641 3023 et
678 2969 775 3036 ipsi
811 2970 1009 3037 impera
1024 2982 1162 3025 tores
1186 2971 1415 3027 olierunt
1436 2975 1642 3044 seipsos
1670 2976 1776 3031 Deo

205 3072 415 3112 munera
443 3076 456 3119 ;
488 3058 611 3110 sive
640 3058 824 3112 lideles
856 3061 1095 3113 homines
1117 3101 1131 3127 ,
1164 3062 1250 3130 qui
1280 3075 1432 3117 suum
1461 3080 1654 3131 corpus
1684 3082 1778 3135 per

206 3148 392 3201 Ciuisti
426 3149 654 3216 gratiam
688 3163 875 3218 regere
918 3161 1247 3203 meruerunt.
1291 3152 1358 3205 Et
1398 3154 1606 3221 respice
1635 3157 1775 3223 quod

1871 1988 2086 2043 semper
2116 1976 2169 2027 in
2210 1974 2349 2029 malo
2378 1982 2664 2042 ponuntur.
2704 1975 2832 2041 Qua:
2855 1976 3014 2045 ligura
3039 1975 3231 2029 dicitur
3250 1991 3444 2046 synec-

1870 2063 2074 2131 doche,
2125 2062 2177 2116 id
2210 2069 2292 2116 est
2320 2078 2346 2115 a
2381 2072 2527 2128 parte
2579 2071 2778 2129 totum;
2810 2064 3069 2133 signiﬁcat
3108 2066 3247 2120 enim
3286 2081 3444 2121 mun-

1873 2154 2033 2221 dum,
2083 2153 2173 2223 qui
2222 2153 2404 2210 densis
2454 2152 2685 2209 tenebris
2734 2156 2894 2226 225
2940 2156 3189 2210 vitiorum
3232 2156 3444 2212 diabolo

1876 2247 2215 2315 premebatur
2268 2245 2547 2300 obnoxius.
2600 2246 2696 2301 Hic
2746 2248 2950 2301 Domini
2997 2247 3314 2303 clariﬁcatus
3361 2250 3443 2301 lu-

1874 2338 2018 2392 mine
2066 2336 2131 2390 ad
2185 2347 2400 2390 eterna:
2450 2336 2572 2390 vitae
2624 2339 2820 2392 meruit
2869 2353 3087 2392 munera
3142 2340 3443 2407 pervenire.

1874 2428 2188 2482 Commonet
2227 2441 2353 2497 ergo
2394 2426 2650 2496 propheta
2687 2429 2918 2497 gentium
2959 2429 3185 2499 populos
3222 2438 3283 2484 ut
3321 2430 3447 2498 θιγε-

1874 2528 1990 2572 rant
2018 2518 2253 2572 uelociter
2282 2534 2346 2572 ea:
2374 2517 2604 2591 £gypto
2636 2520 2743 2573 Deo
2785 2534 3001 2574 munera
3021 2558 3036 2583 ,
3081 2520 3181 2575 hoe
3216 2530 3299 2575 est
3335 2522 3448 2573 ani-

1876 2624 1989 2663 mas
2018 2614 2143 2664 s'uas
2172 2609 2433 2663 mundana
2461 2610 2619 2665 sorde
2645 2619 2911 2680 purgatas.
2946 2609 3217 2677 xE'thiopia
3238 2626 3448 2680 quoque

1875 2700 2075 2767 festinet
2124 2716 2301 2753 manus
2349 2700 2472 2753 dare
2525 2700 2649 2754 Deo.
2700 2701 3007 2769 Metaphora
3053 2715 3081 2754 a
3131 2700 3447 2756 bellantibus

1877 2799 2066 2856 tracta,
2098 2792 2211 2861 qui,
2247 2806 2313 2845 ne
2343 2791 2627 2846 crudeliter
2657 2792 2939 2857 intereant,
2983 2805 3170 2846 manus
3208 2807 3333 2847 suas
3369 2791 3447 2845 vi-

1876 2882 2114 2937 etoribus
2140 2883 2362 2947 dedunt,
2386 2891 2463 2947 ut,
2491 2882 2653 2937 armis
2683 2883 2953 2952 depositis,
2984 2882 3277 2950 periculum
3308 2898 3449 2935 mor-

1879 2973 1942 3025 tis
1975 2973 2203 3027 evadant
2229 2990 2241 3025 :
2275 2974 2352 3027 sic
2383 2972 2654 3038 Ethiopia
2685 2981 3051 3027 commonetur
3080 2987 3146 3024 ne
3173 2987 3232 3026 se
3276 2973 3448 3026 tardet

1879 3063 1989 3117 Deo
2020 3066 2245 3130 tradere,
2297 3072 2558 3133 quatenus
2588 3064 2727 3117 victa
2769 3062 2956 3117 ﬂoreat
2977 3101 2992 3127 ,
3022 3076 3143 3131 quae
3168 3062 3221 3114 in
3250 3076 3344 3115 sua
3386 3061 3448 3113 li-

1878 3154 2081 3209 bertate
2110 3153 2377 3209 sordebat.

206 3238 485 3294 Jerusalem
531 3249 737 3294 tantum
769 3240 892 3294 dicit
929 3242 1132 3296 Domini
1170 3245 1419 3311 templum
1444 3288 1457 3308 ,
1494 3248 1581 3301 ubi
1611 3257 1665 3302 et
1694 3252 1769 3302 vi-
1803 3245 1848 3307 C
1954 3245 2103 3300 Vers.
2128 3247 2213 3299 '57.
2246 3246 2425 3317 Regna
2461 3253 2640 3309 terrae,
2672 3254 2887 3298 ‘cantate
2932 3244 3058 3312 Deo,
3093 3243 3294 3312 psallite
3336 3242 3444 3295 Do-

208 3329 277 3383 sio
319 3331 474 3399 pacis
520 3340 636 3395 est,
683 3339 740 3385 et
783 3330 1200 3386 discordantium
1251 3333 1621 3390 haereticorum
1668 3354 1775 3393 non

210 3424 452 3479 miscetur
481 3424 799 3479 adversitas.

276 3513 421 3567 ἵει-ε.
453 3515 546 3569 54.
578 3513 800 3582 Increpa
826 3516 962 3584 feras
988 3518 1230 3571 silvarum
1252 3534 1272 3583 ;
1304 3518 1577 3574 concilium
1605 3530 1774 3575 tauro-

212 3620 308 3656 rum
337 3606 469 3658 inter
499 3622 681 3660 uaccas
711 3609 1035 3676 papillarum.
1069 3610 1136 3664 Ut
1162 3609 1246 3663 illa
1278 3619 1458 3665 sancta
1487 3611 1775 3666 credulitas

216 3698 556 3753 confessionis
597 3699 890 3755 munimine
932 3702 1257 3766 ﬁrmaretur,
1300 3702 1430 3756 dicit
1472 3704 1770 3772 prepbeta:

218 3784 416 3858 lncrepa
443 3794 581 3858 feras
610 3791 853 3843 siluarum
878 3832 892 3857 ,
926 3792 975 3845 id
1005 3801 1087 3847 cst
1129 3807 1288 3862 argue
1316 3795 1575 3862 superbos
1607 3794 1775 3851 homi-

219 3893 298 3933 nes
323 3891 375 3934 et
404 3881 613 3935 leroces
634 3921 648 3945 ,
678 3881 768 3950 qui
801 3882 850 3934 in
880 3896 1043 3951 prava
1072 3884 1415 3951 persuasione
1440 3887 1771 3953 consistunt,

220 3979 267 4022 ul
309 3972 530 4025 istorum
574 3971 804 4026 inveCIio
854 3972 1090 4026 ﬁdeliqu
1139 3975 1208 4027 sit
1254 3975 1481 4028 solidata
1529 3976 1774 4032 munitio.

218 4060 305 4117 Pro
334 4065 528 4135 iniquis
557 4065 701 4119 enim
733 4064 1036 4120 hominibus
1068 4065 1150 4120 vel
1179 4066 1393 4121 diabolo
1423 4067 1561 4122 feras
1593 4069 1775 4135 ponit,

216 4151 339 4207 sicut
376 4154 429 4208 in
473 4154 576 4207 alio
609 4154 816 4221 psalmo
843 4154 1039 4208 dicitur
1069 4172 1087 4207 :
1116 4153 1488 4209 Exterminavit
1515 4172 1624 4209 eam
1651 4173 1775 4224 aper

213 4242 267 4293 de
291 4244 414 4295 silra
441 4284 456 4307 ,
485 4251 536 4295 et
564 4243 841 4311 singularis
881 4244 1018 4311 ferus
1062 4243 1300 4311 depastus
1338 4253 1408 4297 est
1448 4259 1563 4297 eam
1603 4243 1773 4312 (Psal.

214 4346 387 4399 txstx,
416 4333 528 4399 ﬂ).
560 4331 811 4395 Addidit,
844 4332 1116 4385 concilium
1147 4342 1412 4386 taurorum
1440 4334 1569 4386 inter
1599 4350 1776 4387 uaccas

213 4426 505 4493 populorum
529 4441 547 4488 ;
574 4424 836 4493 subiunge
862 4424 1209 4479 nihilominus
1235 4425 1610 4494 increpandum
1629 4468 1644 4492 ,
1676 4425 1777 4481 hoc

212 4526 284 4567 εει
322 4516 604 4570 luereticos
643 4514 965 4580 indomitos,
1018 4516 1105 4584 qui
1148 4525 1325 4571 erecta
1365 4516 1574 4571 cervice
1614 4516 1772 4571 sedu-

1881 3338 2037 3391 mino.
2092 3339 2238 3392 Hanc
2285 3353 2495 3407 quoque
2542 3347 2746 3407 partem
2809 3338 3028 3408 pulchra
3081 3337 3451 3392 exhortatione

1878 3430 2159 3484 conclusit.
2194 3430 2385 3486 Dicens
2421 3432 2562 3485 enim
2585 3470 2599 3495 ,
2651 3430 2825 3502 Regna
2870 3442 3048 3496 tcrrw,
3089 3446 3248 3485 omne
3286 3444 3452 3500 genus

1881 3519 2168 3574 humanum
2213 3520 2511 3589 signiﬁcare
2552 3520 2750 3583 voluit;
2792 3520 2913 3589 quia
2964 3520 3087 3575 licet
3133 3520 3242 3574 sint
3266 3529 3451 3588 gentes

1878 3625 1997 3678 qua:
2038 3625 2140 3664 non
2174 3611 2401 3666 habeant
2432 3626 2613 3681 reges,
2639 3596 2817 3666 tamen
2848 3613 2951 3666 hoc
2978 3612 3143 3666 verbo
3171 3612 3448 3666 concludi-

1882 3706 1966 3754 tur
1987 3700 2236 3770 quidquid
2266 3702 2499 3771 gentium
2530 3715 2649 3757 esse
2678 3702 2923 3757 sentitur.
2962 3703 3112 3768 Quod
3138 3702 3298 3767 dicit,
3329 3718 3452 3754 can-

1885 3802 2002 3856 tate,
2040 3791 2104 3844 ad
2136 3791 2325 3844 animm
2354 3791 2570 3859 reSpicit
2602 3792 2918 3861 puritatem;
2952 3792 3188 3863 psallite,
3230 3793 3295 3846 ad
3326 3808 3453 3861 ope-

1884 3896 1970 3935 ras
1993 3881 2377 3945 sanctissimas,
2408 3897 2524 3947 quae
2557 3882 2780 3937 DOllliﬂO
2804 3884 3094 3948 probantur
3122 3893 3380 3952 acceptae.

1953 3971 2106 4025 Vers.
2135 3970 2223 4025 58.
2257 3969 2474 4024 Psallite
2500 3969 2627 4036 Deo,
2645 3973 2729 4041 qui
2751 3972 2977 4026 ascendit
3006 3989 3158 4040 super
3177 3974 3327 4027 caelos
3352 3990 3449 4027 cae-

1881 4060 2046 4112 lorum
2074 4059 2135 4113 ab
2168 4059 2375 4113 Oriente
2406 4076 2426 4114 :
2455 4076 2563 4113 ecce
2597 4061 2738 4114 dabit
2766 4076 2933 4114 vocem
2960 4078 3124 4128 suam,
3155 4077 3323 4116 uocem
3353 4064 3454 4116 uir-

1881 4152 2001 4204 tutis
2041 4166 2166 4204 suaz.
2202 4150 2328 4204 Post
2366 4151 2534 4219 quinti
2579 4149 2944 4218 diapsalmatis
2988 4151 3449 4218 interpositionem

1880 4239 2139 4311 propheta
2160 4241 2304 4294 venit
2333 4239 2399 4294 ad
2438 4248 2640 4294 sextam
2668 4249 2901 4309 partem,
2930 4240 3223 4295 admonens
3267 4242 3452 4296 lideles

1882 4341 1939 4386 ut
1978 4329 2087 4387 Deo
2126 4331 2381 4400 psallunt,
2421 4332 2507 4400 qui
2552 4333 2895 4386 resurrexita
2937 4331 3179 4386 mortuis.
3208 4330 3337 4386 Nam
3368 4332 3452 4387 cui

1880 4421 1989 4478 Deo
2030 4424 2305 4491 psallerent
2342 4422 2659 4491 exponitur,
2711 4423 2798 4491 qui
2842 4423 3072 4476 ascendit
3112 4438 3269 4488 super
3302 4422 3453 4479 caelos

1882 4513 2145 4579 cartorum,
2164 4512 2417 4567 Dominus
2432 4512 2616 4581 utique
2630 4512 2804 4577 Jesus,
2821 4512 2909 4580 qui
2931 4510 2999 4566 de
3023 4512 3160 4566 coelo
3181 4512 3455 4567 descendit

211 4614 329 4659 cunt
351 4606 561 4660 animas
594 4607 941 4673 innocentes,
970 4615 1025 4661 et
1049 4606 1112 4661 ad
1139 4622 1292 4661 suum
1320 4623 1534 4677 gregem
1564 4608 1776 4664 trahunt
1803 4613 1853 4673 1)
1881 4603 1945 4656 ad
1995 4601 2323 4656 bberandam
2385 4602 2749 4657 inﬁrmitatem
2802 4611 3000 4655 nostra!
3058 4610 3288 4668 natura;
3342 4604 3457 4672 ipse

212 4710 337 4761 quos
380 4696 583 4751 infelici
630 4699 979 4766 persuasione
1018 4696 1313 4766 decipiunt.
1351 4696 1528 4751 Vacca:
1563 4712 1776 4766 quoque

216 4786 508 4853 populorum
536 4797 660 4839 sunt
688 4786 982 4852 mulieres,
1024 4785 1208 4841 ductili
1250 4786 1524 4842 voluntate
1567 4787 1775 4842 levissi-

214 4888 331 4939 ma:,
358 4890 476 4944 qua:
505 4875 740 4945 perﬁdia:
766 4876 1017 4930 doctores
1049 4887 1295 4945 tanquam
1338 4885 1517 4932 tauros
1553 4893 1778 4948 sequun-

214 4974 305 5030 tur,
335 4967 403 5021 de
431 4968 626 5036 quibus
654 4966 789 5021 dicit
814 4967 1100 5036 Apostolus
1124 4984 1137 5019 :
1174 4965 1256 5020 Ea:
1280 4968 1356 5021 his
1384 4970 1517 5021 enim
1543 4977 1660 5022 sunt
1690 4970 1778 5035 qui

215 5067 465 5119 penetrant
494 5060 708 5125 domos,
741 5065 787 5110 et
817 5058 1039 5127 captivas
1070 5058 1264 5110 ducunt
1296 5059 1621 5111 mulierculas
1651 5075 1776 5112 oue-

213 5157 340 5201 mes
368 5150 586 5217 peccatis
604 5188 621 5215 ,
648 5164 761 5217 quis
787 5150 1044 5202 ducuntur
1072 5150 1225 5203 rariis
1255 5150 1518 5204 desideriis
1536 5192 1551 5218 ,
1582 5168 1779 5221 semper

213 5242 446 5295 discentes
463 5284 481 5307 ,
510 5252 556 5296 et
581 5244 651 5294 ad
676 5243 935 5296 scientiam
962 5244 1181 5296 veritatis
1210 5260 1463 5311 nunquam
1488 5244 1778 5313 pervenien-

215 5340 277 5381 tes
304 5331 390 5399 (ll
419 5329 547 5385 Tim.
576 5348 632 5387 tn
652 5373 667 5398 ,
693 5335 760 5398 6,
788 5333 865 5403 7).
896 5334 1003 5387 Cur
1033 5349 1159 5403 ergo
1194 5334 1323 5388 tales
1353 5334 1580 5389 debeant
1606 5335 1777 5390 incre-

218 5422 317 5495 pari
342 5462 359 5487 ,
388 5423 571 5476 subter
600 5424 867 5491 adjectum
898 5433 1001 5478 est.

285 5510 425 5563 νει-ε.
450 5512 540 5565 35.
570 5510 637 5566 Ut
662 5528 762 5565 non
788 5513 1127 5566 excludantur
1154 5512 1208 5567 lii
1232 5513 1316 5579 qui
1341 5513 1537 5584 probati
1563 5526 1678 5568 sunt
1702 5532 1781 5569 ar-

217 5612 352 5667 gento
374 5618 393 5655 :
420 5604 656 5673 disperge
676 5612 847 5673 gentes
867 5620 981 5674 qua:
1007 5605 1134 5659 bella
1166 5606 1360 5659 volunt.
1398 5606 1611 5661 Utilitas
1642 5608 1780 5661 illius

219 5686 586 5761 uicrepationis
617 5702 831 5748 ostensa
862 5706 940 5750 est
971 5736 985 5760 ,
1018 5697 1140 5765 quia
1181 5696 1305 5751 dum
1347 5696 1553 5751 falsitas
1597 5698 1777 5763 argui-

216 5786 316 5849 tur,
345 5783 687 5841 nihilominus
718 5786 913 5843 veritas
942 5788 1335 5857 comprobatur.
1369 5788 1594 5857 Oportet
1635 5787 1775 5841 enim

1882 4692 2040 4748 etiam
2078 4709 2230 4763 super
2245 4692 2394 4747 caelos
2409 4694 3018 4763 caelorumasccndit,qui
3047 4695 3199 4750 sedet
3228 4694 3292 4748 ad
3325 4695 3455 4749 dex-

1884 4794 2049 4839 teram
2084 4783 2277 4837 Patris.
2318 4782 2777 4854 Considerandum
2828 4794 2908 4839 est
2950 4792 3125 4838 autem
3170 4784 3310 4852 quod
3352 4785 3454 4838 ire-

1882 4882 2107 4944 quenter
2151 4874 2203 4927 in
2243 4873 2534 4942 Scripturis
2583 4874 2777 4929 divinis
2821 4875 3006 4944 plurali
3033 4888 3257 4928 numero
3305 4876 3455 4928 caelos

1883 4969 2056 5023 dictos
2083 4965 2343 5031 invenies,
2376 4966 2502 5021 dum
2533 4968 2760 5037 legatur,
2793 4966 2857 5022 In
2894 4967 3143 5037 principio
3170 4966 3287 5038 fecit
3319 4965 3457 5020 Deus

1878 5057 2059 5112 caelum
2090 5066 2139 5111 et
2170 5067 2354 5112 terram
2386 5055 2562 5128 (Gen.
2608 5071 2645 5125 ι,
2682 5057 2703 5108 1
2733 5056 2784 5129 ),
2815 5072 2933 5111 cum
2967 5067 3140 5112 tamen
3186 5057 3457 5127 pluraliter

1884 5150 2045 5216 dicti,
2080 5158 2135 5205 et
2161 5149 2280 5205 caeli
2310 5151 2550 5221 legantur
2577 5158 2631 5205 et
2660 5160 2834 5205 terras.
2869 5150 3051 5205 Modus
3081 5151 3220 5205 enim
3251 5150 3349 5205 iste
3378 5150 3456 5203 lo-

1883 5243 2113 5297 cutionis
2158 5242 2317 5296 latius
2358 5249 2530 5312 patet,
2580 5248 2639 5296 ut
2683 5242 2902 5297 abusive
2937 5242 3224 5311 singularia
3269 5242 3455 5311 plurali

1886 5346 2108 5386 numero
2145 5331 2418 5398 dicamus,
2470 5340 2524 5385 et
2555 5331 2776 5400 pluralia
2817 5332 3089 5403 singulari.
3129 5332 3205 5386 Ab
3254 5333 3458 5387 Oriente

1888 5435 2017 5475 vero
2058 5420 2201 5490 quod
2247 5421 2409 5485 dixit,
2456 5421 2843 5494 Jerosolymam
2881 5422 3155 5477 evidenter
3192 5423 3456 5493 ostendit,

1888 5526 2009 5582 qua:
2040 5520 2123 5567 est
2151 5512 2203 5566 in
2232 5512 2465 5567 Orientis
2508 5514 2750 5582 partibus
2780 5514 3037 5569 collocata
3066 5530 3082 5568 :
3114 5518 3254 5570 unde
3282 5515 3459 5571 Domi-

1886 5618 2010 5666 nus,
2042 5600 2297 5671 apostolis
2332 5602 2656 5670 videntibus,
2685 5602 2921 5658 asccndil
2945 5606 3009 5658 ad
3054 5604 3221 5660 ccelos
3261 5622 3275 5659 :
3317 5617 3460 5661 terra

1886 5693 2066 5747 multis
2109 5692 2264 5761 plena
2293 5692 2595 5761 miraculis,
2636 5695 2723 5749 ubi
2760 5694 2992 5750 ﬁdelium
3023 5696 3313 5753 credulitas
3344 5698 3460 5766 plus

1886 5784 2187 5857 aspectibus
2208 5798 2365 5858 quam
2388 5784 2704 5857 lectionibus
2730 5786 2988 5845 eruditur.
3014 5789 3084 5847 De
3114 5805 3216 5863 qua
3242 5789 3461 5861 pulchre
