4000 6172
505 374 608 428 475

1721 376 1792 432 Μ.
1839 377 2110 433 AL'RELII
2152 377 2549 436 CASSiODORl

3649 387 3750 444 ‘76

494 507 565 545 ac
597 506 720 546 vero
759 490 868 544 Leo
912 499 1062 559 pater
1100 490 1427 559 apostolicus
1469 490 1605 545 dixit
1635 507 1649 545 :
1684 491 1751 545 Et
1778 492 1919 560 quod
1952 490 2075 544 alibi
2106 495 2154 553 Α
2184 493 2417 561 geminat
2444 494 2584 549 Deus
2618 494 2816 561 Israel,
2852 507 2908 551 nt
2952 497 3002 551 in
3044 497 3313 551 hominum
3347 498 3600 552 entdibus
3638 499 3758 554 ἰωῆς

500 602 607 639 non
636 586 761 639 licet
792 597 895 636 non
920 583 1092 647 credi,
1126 584 1197 638 ibi
1228 599 1333 639 non
1366 593 1539 653 potest
1569 597 1673 638 non
1707 584 1893 638 videri.
1937 583 2073 650 Quid

496 683 644 730 enim
675 675 881 729 laborat
910 675 1234 741 intellectus,
1279 677 1361 731 cui
1404 685 1487 730 est
1516 677 1769 745 magister
1796 675 2075 742 aspectus?

498 765 568 819 Et
596 780 691 819 cur
728 764 868 819 lecta
896 765 977 819 vel
1001 765 1182 819 audita
1208 775 1331 819 sunt
1360 765 1541 828 dubia,
1576 765 1662 817 ubi
1687 779 1745 819 se
1775 774 1828 820 et
1859 764 1994 818 visui
2023 771 2078 818 et

492 855 665 908 taetui
710 864 815 908 tota
866 854 1115 913 humana;
1173 856 1362 910 salutis
1417 857 1663 925 ingerunt
1708 856 2077 910 sacramenta?

497 945 651 1001 Unde
677 960 775 1000 nec
794 946 919 1001 illud
950 961 1163 1015 quoque
1184 946 1367 1016 judico
1396 947 1798 1011 transeundum,
1822 947 1965 1017 quod
2000 946 2076 1000 illi

496 1041 809 1110 triumphali
837 1041 1163 1106 ascensioui,
1195 1042 1339 1095 illam
1361 1056 1571 1110 quoque
1594 1038 1873 1109 imaginem
1902 1040 2078 1094 taber-

496 1133 671 1186 naculi
695 1133 748 1185 in
780 1130 1015 1200 Epistula
1042 1131 1108 1185 ad
1138 1131 1392 1185 Hebraeos
1434 1131 1617 1184 beatus
1645 1132 1916 1198 apostolus
1944 1131 2073 1184 Pau-

495 1225 584 1279 lus
638 1224 954 1278 mirabiliter
1003 1223 1291 1292 applicavit
1337 1223 1521 1278 dicens
1572 1241 1585 1276 :
1628 1222 1859 1278 Christus
1907 1233 2078 1277 autem

497 1316 739 1370 assistens
775 1315 1019 1382 Pontifex
1049 1316 1340 1386 futurorum
1370 1317 1636 1382 bonorum,
1667 1334 1755 1386 per
1785 1318 2005 1386 amplius
2032 1328 2077 1371 et

496 1407 768 1478 perfectius
799 1406 1183 1460 tabernaculum
1217 1423 1319 1461 non
1356 1408 1736 1477 manufactum,
1768 1410 1822 1462 id
1853 1417 1922 1464 est
1976 1427 2076 1464 non

500 1501 656 1572 hujus
685 1501 973 1567 creationis,
1009 1516 1170 1569 neque
1197 1516 1285 1569 per
1315 1502 1615 1570 sanguinem
1644 1502 1896 1556 hircorum
1925 1512 1972 1557 et
2001 1505 2076 1556 vi-

498 1594 755 1660 tulorum,
786 1593 874 1647 sed
912 1609 1000 1661 per
1030 1594 1298 1661 proprium
1340 1596 1635 1665 sanguinem
1674 1595 1896 1649 introivit
1925 1598 2080 1650 semel

499 1685 552 1737 in
583 1695 778 1750 saneta,
812 1693 1000 1738 aeterna
1038 1686 1384 1753 redemptione
1413 1688 1613 1741 inventa
1645 1688 1830 1758 (Hebr.
1854 1705 1931 1753 ις,
1965 1691 2075 1759 il).

500 1775 566 1830 Et
594 1777 788 1831 iterum
821 1795 833 1830 :
862 1776 982 1831 Non
1023 1778 1157 1831 enim
1195 1779 1247 1831 in
1278 1782 1574 1848 manufaeta
1613 1790 1789 1833 sancta
1823 1780 1974 1835 Iesus
2005 1782 2081 1835 in-

2176 595 2343 653 geret,
2376 587 2464 641 ubi
2495 586 2629 641 Deus
2657 590 2903 643 mirabilis
2931 599 3231 658 appareret.

2251 672 2374 742 Ipse
2400 677 2541 729 dabit
2576 679 2809 732 virtutem
2841 688 2887 732 et
2917 680 3271 748 fortitudinem
3307 682 3440 752 plebi
3465 681 3619 754 [ed.,
3650 686 3759 755 ple-

2177 764 2275 835 bis]
2302 782 2437 832 sure,
2465 768 2752 822 benedictus
2803 768 2955 823 Deus.
2989 769 3065 824 Ne
3092 771 3209 838 quis
3236 771 3300 824 de
3332 773 3557 825 humana
3585 772 3759 826 imlaeo

2178 860 2399 913 ciilitate
2428 860 2719 921 difﬁderet,
2757 876 2852 915 uec
2896 877 2955 916 se
3001 865 3243 917 ert-deret
3268 865 3331 919 ad
3365 875 3508 919 tanta
3541 869 3758 933 prtemia

2179 953 2479 1017 pervenire,
2510 951 2685 1006 veraci
2717 953 3069 1021 promi~sione
3112 956 3371 1021 ﬁrmatur,
3430 959 3553 1027 quia
3576 958 3756 1012 Domi-

2179 1055 2277 1092 nus
2322 1042 2460 1094 dabit
2493 1042 2739 1098 ﬁdelibus
2784 1045 2893 1099 suis
2932 1046 3167 1099 virtutem
3208 1048 3511 1116 patientia),
3554 1060 3607 1103 et
3636 1048 3760 1103 ﬁdei

2179 1133 2549 1199 fortitudinem,
2582 1144 2636 1188 ut
2668 1136 2870 1202 possint
2892 1136 2954 1189 ad
2980 1145 3178 1191 aeterna
3210 1140 3423 1207 praemia
3457 1144 3761 1209 pervenire.

2184 1222 2245 1274 Et
2277 1233 2332 1275 ut
2369 1224 2675 1292 designaret
2704 1227 3003 1283 evidentius
3040 1229 3129 1299 qui
3174 1233 3336 1298 possit
3366 1233 3489 1286 dare
3515 1249 3633 1302 qua:
3665 1249 3761 1288 su-

2176 1316 2359 1383 perius
2398 1316 2561 1381 dixit,
2604 1318 2833 1385 addidit,
2881 1320 3168 1374 benedictus
3219 1321 3381 1389 Deus,
3432 1324 3481 1376 id
3514 1334 3629 1390 est,
3672 1330 3763 1395 qui

2175 1408 2417 1459 omnium
2466 1422 2560 1462 ore
2611 1424 2929 1479 semperque
2980 1411 3171 1466 debeat
3223 1414 3477 1481 benedici,
3525 1428 3582 1470 ut
3622 1418 3767 1471 sicut

2181 1510 2448 1563 nunquam
2482 1496 2753 1551 beneﬁciis
2780 1510 2974 1563 cessat,
3010 1500 3079 1553 ita
3109 1510 3162 1555 et
3197 1502 3596 1559 benedictiones
3621 1521 3766 1562 sem-

2179 1600 2275 1655 per
2306 1588 2553 1655 accipiat.
2582 1587 2697 1641 Non
2730 1584 2871 1642 enim
2918 1590 3124 1646 duobus
3174 1593 3350 1647 verbis
3393 1595 3603 1650 laudem
3643 1597 3769 1665 ejus

2179 1678 2459 1733 credamus
2479 1679 2712 1734 breviter
2731 1680 3120 1755 explicandam;
3148 1700 3266 1737 nam
3284 1694 3337 1739 et
3352 1688 3438 1755 qui
3458 1687 3769 1756 Scripturas

2180 1769 2297 1838 ejus
2344 1769 2662 1835 meditatur,
2720 1771 2966 1825 benedicit
3016 1774 3329 1840 Dominum;
3382 1786 3435 1831 et
3480 1780 3569 1846 qui
3614 1779 3769 1848 jus~a

500 1861 676 1921 troivit'
704 1870 1013 1941 exemplaria
1048 1887 1308 1935 verorum;
1348 1871 1435 1925 sed
1471 1873 1525 1925 in
1565 1872 1734 1941 ipsum
1770 1876 1981 1937 caelum,
2024 1884 2074 1927 ut

2186 1860 2348 1928 ipsius
2380 1872 2558 1915 sancta
2589 1864 2900 1931 operatione
2936 1866 3315 1935 compleverit,
3358 1869 3608 1921 benedicit
3664 1871 3771 1923 Do-

498 1967 745 2025 appareat
774 1976 910 2013 nunc
942 1960 1107 2014 vultui
1147 1960 1241 2014 Dei
1282 1978 1373 2030 pro
1403 1961 1551 2016 nobis
1586 1961 1757 2033 (Ibid.
1778 2004 1792 2029 ,
1821 1963 1891 2016 Ἃ
1910 1962 1952 2033 ).
1987 1965 2077 2019 Sic

498 2050 658 2117 igitur
684 2058 834 2105 actus
856 2052 957 2105 iste
979 2051 1311 2121 magniﬁcus,
1337 2052 1425 2123 qui
1451 2066 1592 2107 nunc
1620 2069 1712 2122 per
1732 2055 1920 2122 gaudia
1947 2071 2080 2124 prte-

499 2144 643 2197 clara
672 2142 1016 2210 describitur,
1049 2143 1143 2197 illo
1179 2143 1529 2199 tabernaculo
1559 2160 1791 2215 congrue
1830 2147 2077 2216 praeﬁgu-

501 2242 645 2287 ratus
684 2247 806 2288 esse
851 2242 1202 2288 monstratur.
1252 2235 1530 2302 Sequitur,
1576 2252 1690 2290 ecce
1726 2236 1864 2290 dabtt
1909 2254 2078 2292 vocem

499 2336 671 2389 suam,
700 2337 867 2375 vocem
891 2323 1096 2376 virtutis
1128 2338 1252 2376 sate.
1283 2322 1396 2378 Hoc
1435 2323 1613 2377 multis
1656 2325 1827 2378 modis
1852 2326 2076 2397 intelligi

502 2418 696 2478 potest.
730 2410 879 2464 Dedit
903 2428 1077 2466 vocem
1119 2428 1283 2477 suam,
1326 2413 1538 2481 quando
1577 2414 1868 2485 paralytico
1898 2416 2030 2471 dixit
2062 2435 2075 2471 :

501 2501 670 2572 Surge
688 2510 736 2554 et
755 2501 991 2566 ambula;
1017 2501 1227 2571 quando
1255 2503 1514 2556 Lazarum
1543 2503 1839 2570 suscitavit,
1867 2507 2079 2575 quando

500 2593 833 2649 daemonibus
861 2602 917 2648 ut
942 2594 1190 2649 obsessos
1212 2594 1577 2664 relinquerent
1601 2593 1897 2664 imperavit.
1926 2596 2078 2651 Dabit

497 2688 660 2741 etiam
687 2701 857 2739 uocem
881 2686 1077 2739 virtutis
1094 2701 1223 2750 sum,
1252 2685 1462 2754 quando
1489 2684 1541 2739 in
1570 2686 1858 2740 novissimo
1883 2687 1990 2755 die,
2022 2697 2080 2743 ut

498 2787 739 2849 resurgat
768 2778 1056 2833 humanum
1086 2793 1252 2849 genus
1269 2776 1517 2832 edixerit.
1541 2778 1679 2844 Quid
1712 2779 1853 2834 enim
1884 2779 2078 2836 fortius

496 2887 655 2939 quam
690 2885 944 2927 revocare
983 2870 1191 2925 favillas
1218 2870 1283 2925 ad
1313 2885 1511 2939 corpus
1539 2870 1765 2933 mobile.
1795 2872 2078 2941 vivamque

498 2964 874 3029 substantiam,
907 2971 961 3018 et
1000 2973 1241 3017 naturam
1279 2962 1424 3016 illam
1461 2962 1801 3017 mortalitatis
1828 2964 1893 3018 ad
1922 2974 2080 3021 aeter-

496 3069 580 3108 n:e
608 3054 730 3110 vita;
756 3054 895 3109 dona
923 3053 1250 3124 perducere?
1280 3054 1420 3108 sicut
1451 3054 1503 3107 in
1538 3055 1824 3122 Evangelio
1846 3054 2074 3123 legitur:

502 3145 684 3201 Veniet
713 3147 861 3212 hora,
894 3155 941 3199 et
968 3147 1055 3215 qui
1078 3155 1195 3198 sunt
1227 3146 1281 3197 in
1309 3146 1645 3199 monumentis
1678 3144 1885 3199 audient
1911 3161 2077 3200 vocem

493 3240 627 3310 ejus,
655 3247 704 3293 et
733 3238 1002 3307 procedent
1025 3237 1206 3307 (Joan.
1229 3252 1279 3301 v,
1301 3235 1416 3306 28).

569 3330 719 3384 Vers.
747 3330 836 3385 ’59.
875 3330 1007 3383 Date
1026 3329 1267 3382 honorem
1307 3327 1414 3381 Deo
1456 3343 1611 3397 super
1640 3327 1806 3383 Israel
1832 3344 1852 3383 :
1878 3331 2076 3401 magni-

497 3421 700 3491 ﬁcentia
729 3423 837 3491 ejus
868 3433 914 3477 et
940 3422 1094 3473 virtus
1128 3422 1239 3490 ejus
1272 3420 1325 3472 in
1357 3419 1594 3474 nubibus.
1648 3420 1837 3475 Adhuc
1862 3421 1913 3475 in
1946 3420 2075 3490 ipsis

493 3510 951 3567 exhortationibus
997 3518 1328 3578 perseverat.
1378 3509 1513 3564 Cum
1545 3510 1686 3564 enim
1729 3510 1905 3565 dicit:
1946 3510 2076 3567 Date

493 3605 735 3659 honorem
765 3604 894 3670 Dco,
929 3604 1028 3672 ipsi
1057 3602 1223 3674 magis
1253 3611 1310 3658 ut
1337 3604 1667 3658 honorentur
1690 3606 1931 3661 hortatus
1956 3616 2071 3675 est;

493 3710 616 3749 nam
642 3696 731 3765 qui
764 3693 875 3748 Deo
901 3692 993 3747 dat
1020 3693 1202 3747 laudes
1232 3707 1290 3747 se
1311 3693 1437 3747 facit
1465 3707 1585 3747 esse
1616 3693 1966 3761 laudabilem;
1997 3696 2075 3751 sic

493 3799 547 3844 ct
584 3790 671 3857 qui
704 3786 779 3842 illi
811 3788 901 3840 dat
929 3786 1174 3840 honorem
1207 3786 1310 3841 sibi
1339 3788 1609 3853 conquirit
1638 3789 1755 3842 sine
1785 3788 1948 3844 dubio
1987 3790 2073 3844 di-

490 3880 769 3950 gnitatem.
810 3878 979 3948 Super
1017 3877 1183 3932 Israel
1214 3877 1338 3932 dum
1372 3878 1587 3944 dicitur,
1620 3879 1863 3935 Ecclesia
1892 3880 2075 3936 catho-

492 3971 593 4026 lica
624 3969 971 4041 signiﬁcatur,
1016 3971 1068 4024 in
1108 3984 1210 4040 qua
1244 3968 1387 4023 Deus
1412 3984 1537 4023 vere
1565 3970 1915 4038 conspicitur,
1947 3970 2072 4025 dum

490 4071 635 4119 recta
666 4061 770 4118 ﬁde
805 4063 1053 4119 sentitur.
1086 4060 1257 4115 Israel
1286 4062 1426 4116 enim
1461 4061 1849 4132 interpretatur
1876 4062 1959 4117 vir
1989 4063 2071 4118 vi-

492 4154 623 4208 dens
651 4142 837 4209 Deum.
870 4152 1209 4223 Quapropter
1237 4150 1363 4206 alibi
1397 4166 1500 4205 non
1534 4160 1710 4220 potest
1745 4152 1939 4219 videri,
1972 4152 2070 4208 nisi

490 4247 561 4301 ibi
592 4245 682 4301 ubi
727 4246 775 4300 ei
822 4246 1077 4316 probatur
1120 4246 1397 4300 verissime
1428 4245 1654 4314 populus
1684 4246 1947 4301 conﬁteri.
1978 4247 2074 4303 Se-

490 4340 693 4409 quitur,
723 4338 1104 4409 magniﬁcentia
1141 4341 1285 4407 ejus,
1320 4345 1368 4390 et
1405 4337 1560 4390 virtus
1603 4340 1713 4408 ejus
1752 4337 1805 4391 in
1836 4336 2069 4392 nubibus.

494 4430 879 4499 Magniﬁcentia
906 4430 1136 4499 pertinet
1165 4428 1230 4481 ad
1269 4428 1427 4494 illud,
1473 4428 1595 4498 quia
1639 4443 1853 4497 semper
1882 4444 2071 4498 magna

494 4519 649 4585 facit;
689 4520 870 4585 virtus,
914 4520 1163 4589 quoniam
1195 4519 1418 4587 imperio
1459 4518 1575 4586 ejus
1625 4518 1908 4573 famulatur
1937 4519 2068 4574 elle-

2179 1952 2415 2015 minum;
2447 1960 2500 2005 et
2526 1954 2612 2020 qui
2645 1956 2693 2008 ei
2724 1954 2953 2008 ﬁdeliter
2977 1958 3281 2030 coitﬁtetur,
3308 1959 3558 2013 benedicit
3584 1961 3771 2013 Domi-

2181 2059 2329 2098 num.
2361 2044 2451 2099 Sic
2483 2047 2540 2098 ﬁt
2579 2055 2635 2099 ut
2664 2048 2838 2102 brevis
2875 2048 2970 2103 ista
3004 2049 3269 2115 laudatio,
3310 2052 3471 2111 totius
3504 2052 3630 2106 vitae
3665 2069 3770 2108 ιιοο

2178 2149 2305 2194 atrae
2338 2147 2580 2208 tempore
2607 2142 2706 2196 sub
2734 2141 3049 2197 assiduitate
3078 2143 3332 2200 solvatur.

2718 2250 2989 2307 Conclusio
3014 2256 3221 2324 psalmi.

2252 2361 2500 2422 Cucurrit
2526 2368 2774 2436 copiosus
2800 2369 3038 2436 psalmus
3071 2370 3363 2439 ingentium
3396 2385 3545 2426 more
3574 2373 3775 2427 ﬂuvio-

2179 2470 2318 2519 rum,
2345 2459 2432 2526 qui
2454 2467 2711 2526 quantum
2732 2458 2845 2526 plus
2869 2469 3039 2514 terras
3056 2472 3341 2530 occupant,
3365 2472 3512 2517 tanto
3529 2465 3771 2533 amplius

2179 2561 2338 2617 agros
2392 2548 2700 2603 fecundam.
2746 2548 2960 2605 Fluvius
3007 2552 3095 2619 qui
3142 2567 3247 2606 non
3284 2568 3416 2616 ore,
3456 2555 3550 2609 sed
3590 2556 3771 2625 mgis

2179 2638 2399 2694 auribus
2442 2638 2740 2705 hauriatur;
2782 2640 2980 2697 ﬂuvius
3014 2643 3104 2712 qui
3146 2655 3355 2710 potetur
3413 2661 3612 2715 mente,
3652 2664 3766 2703 non

2181 2742 2437 2796 corpore;
2465 2728 2657 2785 ﬂuvius
2680 2732 2769 2799 qui
2794 2732 2912 2788 sine
2939 2732 3118 2802 aliquo
3138 2737 3368 2790 ltumore
3398 2752 3609 2806 semper
3636 2739 3768 2791 irri-

2176 2833 2313 2888 guns
2343 2827 2453 2884 cst,
2482 2835 2642 2888 puros
2672 2835 2862 2876 sensus
2899 2822 3197 2893 inebrians,
3238 2837 3293 2879 et
3324 2828 3553 2895 peccatis
3581 2828 3771 2883 ebrios

2179 2909 2245 2962 ad
2289 2909 2632 2964 sobrietatem
2682 2912 2878 2967 mentis
2920 2912 3213 2971 adducens.
3251 2918 3399 2986 Aqua
3438 2933 3555 2986 quas
3602 2919 3769 2973 tillllil

2179 3000 2320 3054 sitim
2353 3000 2488 3056 tollit
2510 3009 2564 3055 et
2590 3000 2805 3069 famem,
2828 3019 2947 3072 quae
2963 3020 3069 3060 non
3092 3005 3479 3076 digestionibus
3502 3012 3663 3081 226
3684 3013 3770 3065 et.

2178 3094 2439 3160 funditur,
2476 3096 2569 3151 scd
2600 3108 2854 3167 percepta
2893 3115 3108 3170 semper
3150 3115 3393 3173 augetur.
3434 3108 3661 3162 Oremus
3708 3121 3769 3163 ut

2100 3230 2148 3294 Ο
2182 3189 2281 3244 iste
2325 3205 2423 3244 nos
2474 3189 2665 3247 ﬂuvius
2710 3193 2827 3248 sine
2872 3193 3268 3252 intermissione
3306 3200 3590 3267 possideat.
3640 3200 3764 3257 Non

2177 3281 2375 3337 erimus
2405 3298 2564 3337 arena
2596 3285 2822 3349 sterilis,
2868 3286 2964 3340 sed
3002 3300 3131 3357 ager
3179 3288 3465 3356 lacertulos,
3512 3294 3553 3345 si
3586 3293 3763 3347 bette-

2177 3372 2298 3425 ﬁcio
2330 3372 2537 3427 Domini
2570 3374 2753 3429 alveus
2781 3376 2897 3445 ejus
2941 3391 3039 3430 nos
3068 3392 3280 3447 semper
3311 3390 3486 3435 teneat
3529 3398 3767 3451 occupa-

2178 3473 2283 3518 tos.
2322 3466 2590 3521 Memento
2623 3476 2796 3522 tamen
2821 3469 2961 3539 quod
2992 3470 3080 3525 hic
3110 3472 3343 3537 psalmus
3382 3478 3763 3532 arensionem

2178 3557 2386 3613 Domini
2416 3560 2645 3615 mirabili
2673 3576 2781 3628 pra:
2810 3564 3018 3617 cates-is
3051 3564 3252 3634 fulgore
3279 3567 3585 3636 descripsit.

2425 3668 2781 3725 EXPOSITIO
2813 3672 2875 3725 ΙΝ
2911 3673 3234 3729 PSALMUM
3266 3674 3491 3730 LXVHI.

2294 3760 2360 3815 In
2385 3762 2557 3831 ﬁnem,
2582 3778 2684 3831 pro
2714 3764 2792 3817 Itis
2826 3764 2914 3835 qui
2942 3766 3407 3835 commutabantur,
3441 3768 3628 3825 David.

2251 3873 2314 3926 In
2339 3874 2490 3942 ﬁnem
2520 3874 2586 3929 ad
2621 3874 2905 3930 Dominum
2930 3878 3198 3947 respicere
3218 3880 3548 3951 Salvatorem
3575 3886 3759 3941 nullus

2176 3965 2406 4036 ignorat,
2439 3968 2526 4035 qui
2554 3967 2604 4020 in
2637 3969 2741 4022 hoc
2772 3969 2975 4036 psalmo
3004 3985 3153 4024 suam
3182 3982 3495 4029 narraturus
3524 3987 3606 4030 est
3631 3993 3754 4047 pas.

2174 4060 2412 4123 sionem;
2442 4059 2511 4112 ita
2533 4068 2587 4111 ut
2613 4058 2728 4127 ejus
2754 4060 2919 4113 vt-rba
2966 4070 3019 4117 et
3065 4064 3371 4133 evangelica
3401 4076 3625 4123 testatur
3654 4085 3756 4123 au-

2174 4150 2413 4211 ctoritas,
2444 4157 2497 4202 et
2523 4148 2591 4202 de
2619 4163 2683 4203 eo
2711 4149 2997 4217 Apostolus
3033 4165 3245 4208 sumere
3279 4154 3533 4210 doceatur
3568 4173 3757 4213 exem-

2175 4241 2340 4312 plum.
2370 4240 2585 4310 Legitur
2609 4240 2749 4296 enim
2780 4241 2829 4296 in
2855 4240 3144 4313 Evangelio
3174 4262 3186 4297 :
3217 4244 3281 4298 Et
3302 4247 3551 4304 dederunt
3588 4251 3640 4304 in
3674 4268 3759 4306 es-

2173 4350 2284 4387 cant
2330 4349 2496 4387 meam
2544 4333 2643 4403 fel,
2686 4343 2731 4387 et
2771 4334 2824 4387 in
2863 4336 2949 4388 siti
2992 4352 3101 4389 mea
3144 4348 3441 4406 potarerunt
3488 4358 3567 4396 me
3608 4353 3757 4399 aceto

2174 4424 2351 4491 (Joan.
2387 4438 2443 4489 ιι,
2481 4423 2596 4489 l7);
2621 4433 2675 4478 et
2702 4424 2827 4479 alibi
2862 4443 2874 4477 :
2908 4425 3059 4480 Zelus
3082 4430 3260 4483 domus
3288 4440 3388 4486 tua:
3414 4434 3627 4487 comedit
3648 4451 3754 4491 me.

2173 4517 2461 4586 Apostolus
2495 4530 2705 4586 quoque
2738 4515 2932 4571 Paulus
2956 4518 3028 4570 ait
3062 4537 3073 4571 :
3107 4518 3222 4573 Fiat
3255 4537 3427 4575 mensa
3452 4540 3626 4577 eorum
3666 4544 3756 4582 co-

493 4623 632 4665 ctus.
685 4609 872 4664 Omnia
900 4611 1031 4667 enim
1064 4610 1185 4681 facit
1223 4626 1336 4679 qua:
1364 4609 1470 4663 vult
1509 4609 1561 4661 in
1601 4610 1727 4662 cmlo
1759 4620 1806 4663 et
1846 4610 1898 4664 in
1934 4621 2072 4665 terra
2100 4602 2150 4664 Ι)
2175 4624 2285 4661 ram
2315 4608 2438 4673 ipsis
2462 4608 2515 4660 in
2538 4607 2792 4676 laqueum,
2823 4619 2868 4661 et
2896 4610 2948 4662 in
2988 4611 3388 4679 retributionem,
3425 4624 3473 4667 et
3512 4616 3565 4669 in
3599 4634 3756 4673 scan-

493 4701 663 4774 (I’sal.
697 4717 909 4766 cxxxw,
940 4702 1021 4772 9).
1048 4700 1152 4755 Sed
1180 4702 1278 4754 ista
1303 4699 1683 4769 magniﬁcentia
1714 4708 1760 4753 et
1783 4700 1941 4753 virtus
1972 4700 2074 4755 Do.

492 4794 622 4848 mini
652 4794 707 4846 in
738 4792 952 4846 nubibus
980 4806 1098 4846 esse
1121 4790 1349 4857 dicitur,
1387 4805 1497 4845 non
1522 4792 1571 4844 in
1602 4790 1717 4845 istis
1748 4790 2068 4859 visibilibus,

491 4900 610 4955 qua:
630 4892 719 4938 aut
740 4898 904 4953 aquas
925 4882 1202 4953 depluunt,
1226 4890 1316 4937 aut
1342 4881 1655 4950 corpulenta
1674 4883 1928 4952 qualitate
1949 4884 2075 4940 den-

491 4985 710 5040 santur;
743 4975 835 5030 sed
866 4974 1072 5046 aliquas
1104 4983 1395 5043 potestates
1434 4973 1678 5043 designat
1710 4988 1938 5043 superna
1976 4990 2065 5030 ra-

490 5071 636 5123 tione
661 5068 944 5137 pollentes,
972 5083 1090 5139 qua:
1119 5066 1283 5136 jussis
1312 5065 1523 5120 Domini
1567 5066 1909 5121 intellectuali
1940 5082 2067 5122 con-

490 5159 692 5216 ditione
718 5158 1070 5225 famulantur;
1104 5158 1170 5212 de
1203 5157 1395 5228 quibus
1424 5156 1623 5210 dictum
1647 5165 1730 5211 est
1764 5174 1775 5208 :
1806 5156 2066 5210 Mandabo

489 5249 706 5303 nubibus
732 5249 874 5317 meis,
900 5265 961 5301 ne
987 5248 1166 5316 pluunt
1187 5262 1338 5317 super
1360 5261 1475 5299 eam
1499 5245 1708 5297 imbrem
1729 5242 1881 5316 (Isai.
1913 5262 1964 5313 ν,
1989 5246 2064 5316 6).

490 5341 668 5397 Multis
692 5342 833 5396 enim
865 5340 1338 5409 signiﬁcationibus
1366 5353 1543 5392 sermo
1569 5340 1670 5393 iste
1693 5339 1927 5408 repletus
1954 5350 2066 5407 est;

488 5437 629 5506 quod
660 5438 820 5493 etiam
851 5436 1067 5505 respicit
1091 5433 1157 5488 ad
1187 5433 1456 5503 apostolos
1487 5443 1539 5485 et
1562 5431 1868 5501 prophetas.

564 5525 717 5581 Vers.
738 5525 829 5581 40.
861 5526 909 5579 Μ
919 5525 1112 5579 irabilis
1138 5524 1270 5577 Deus
1294 5524 1344 5575 in
1366 5524 1553 5576 sanctis
1575 5523 1704 5588 suis,
1719 5522 1855 5577 Deus
1879 5522 2065 5579 Israel.

490 5616 629 5672 Ecce
659 5632 725 5672 ne
763 5615 932 5672 nube's
962 5617 1077 5672 illas
1101 5615 1420 5685 intelligeres
1456 5627 1671 5679 aereas,
1702 5614 1829 5669 dicit
1860 5631 1872 5667 :
1906 5614 2070 5670 Mira-

489 5710 606 5764 bilis
635 5708 771 5765 Deus
802 5712 855 5764 in
883 5711 1073 5787 sanctis
1108 5709 1234 5775 suis,
1264 5708 1379 5763 sive
1424 5707 1477 5761 in
1513 5706 1737 5777 angelis,
1763 5708 1872 5763 sive
1894 5708 1945 5762 in
1976 5709 2071 5764 bo-

492 5800 761 5869 minibus,
807 5800 896 5871 qui
937 5802 1054 5871 ejus
1082 5798 1411 5870 jussiouibus
1458 5796 1844 5854 obsecundant.
1872 5797 2069 5856 lterum

2175 4699 2349 4753 dalum
2368 4716 2386 4764 ;
2407 4701 2735 4753 obscurentur
2762 4700 2894 4753 oculi
2925 4716 3097 4753 eorum
3129 4718 3191 4755 ne
3218 4704 3441 4769 videant,
3472 4715 3517 4757 et
3540 4706 3754 4762 dorsum

2173 4807 2349 4846 eorum
2384 4806 2579 4858 semper
2610 4792 2817 4844 incurva
2846 4792 3022 4860 (Rom.
3065 4808 3138 4861 st,
3171 4793 3248 4864 9).
3281 4797 3426 4862 Quos
3452 4812 3638 4853 versus
3664 4799 3754 4855 hic

2175 4885 2400 4954 positos,
2444 4898 2648 4937 memor
2688 4882 2875 4949 lector,
2913 4884 3170 4940 invenies.
3199 4886 3347 4942 Unde
3368 4889 3486 4958 quis
3506 4890 3757 4948 dubitare

2174 4977 2345 5046 possit
2376 4977 2516 5031 hunc
2558 4976 2821 5045 psalmum
2857 4977 3086 5045 passioni
3116 4978 3398 5035 dominica:
3425 4982 3753 5053 convenire,

2173 5069 2259 5123 cui
2290 5069 2409 5122 talis
2451 5083 2514 5122 ac
2549 5078 2690 5123 tanta
2733 5070 2783 5123 in
2829 5070 2975 5124 hunc
3047 5072 3372 5128 intellectum
3429 5075 3758 5147 suffragatur

2172 5160 2497 5215 auctoritas?
2525 5159 2796 5229 Sequitur,
2824 5178 2915 5227 pro
2936 5162 3014 5214 Itis
3029 5163 3115 5231 qui
3144 5169 3610 5226 commutabuntur.
3644 5172 3755 5228 [sta

2174 5251 2333 5320 igitur
2359 5252 2708 5306 commutatio
2733 5253 2997 5322 signiﬁett
3013 5255 3234 5322 populos
3250 5258 3603 5322 Christianos.
3631 5267 3753 5333 qui,

2175 5343 2370 5398 veteris
2402 5341 2630 5396 hominis
2674 5344 2931 5411 pravitate
2965 5343 3228 5413 deposita,
3263 5348 3314 5401 in
3344 5365 3496 5405 nova:
3524 5366 3754 5424 regene-

2174 5435 2396 5488 rationis
2423 5441 2547 5487 sunt
2568 5448 2790 5488 munere
2815 5438 3148 5489 commutati.
3177 5438 3280 5491 Pro
3304 5440 3383 5493 his
3404 5454 3582 5497 autem
3604 5448 3751 5513 quod

2171 5526 2369 5580 dictum
2402 5534 2506 5587 est,
2539 5524 2938 5595 intelligendum
2969 5533 3052 5580 est
3070 5529 3319 5594 quoniam
3346 5546 3532 5587 revera
3566 5541 3753 5605 passio

2172 5615 2380 5670 Domini
2414 5629 2510 5685 pro
2548 5615 2751 5669 cunctis
2780 5614 3025 5670 ﬁdelibus
3052 5618 3304 5673 collocata
3335 5620 3352 5693 [
3377 5638 3474 5677 ms.
3504 5622 3597 5693 6.,
3627 5631 3749 5684 coi-

2173 5701 2309 5775 lata]
2356 5712 2703 5758 monstratur.
2736 5701 2902 5756 David
2937 5720 3147 5775 quoque
3189 5709 3526 5778 subjnuctum
3558 5729 3663 5781 est,
3691 5731 3750 5776 ut

2175 5806 2228 5851 ct
2257 5795 2373 5851 ﬁnis
2404 5805 2455 5850 et
2490 5794 2694 5849 initium
2729 5794 2951 5850 Domino
2990 5796 3199 5854 Christo
3229 5814 3576 5873 congrueret;
3607 5782 3749 5865 sicut
