3956 6178
215 391 300 447 ιπ
1111 394 1464 450 EXPOSITIO
1506 394 1567 448 IN
1611 388 2067 447 PSALTERIUM.
2111 389 2297 446 PSAL.
2343 391 2573 446 LXVIII.

3372 403 3397 454 ι
3407 404 3474 457 7-8

212 504 315 572 ipse
342 502 411 558 de
440 519 499 558 se
520 502 646 560 dicit
680 522 689 557 :
719 502 829 575 Ego
850 521 964 557 sum
992 504 1160 566 Alpfm
1183 516 1227 557 et
1263 504 1482 575 Omega.
1520 505 1724 557 initium
1746 511 1791 557 et
1825 506 1872 562 Α
1901 500 2255 558 allusionibus
2299 502 2552 557 Dominus
2581 503 2890 561 deseribere
2936 509 3333 579 comprobatur.
3370 513 3475 569 Sed

209 598 318 666 finis
363 599 565 669 (Apoc.
609 615 649 664 ι,
701 597 793 668 8).
847 597 935 655 Sic
980 599 1141 655 totius
1188 598 1379 667 psalmi
1432 597 1597 656 virtus
1648 595 1781 653 tituli

206 692 358 759 hujus
388 691 736 763 dispositione
764 691 1089 745 declaratur.
1116 692 1269 747 Mem:
1294 699 1384 745 nto
1416 698 1594 745 autem
1625 705 1781 760 quar-

205 794 309 841 tum
343 783 487 837 hunc
528 798 649 837 esse
689 784 1015 853 psalmorum
1067 783 1156 853 qui
1194 780 1495 849 passiOnem
1539 795 1781 836 resurre-

203 874 540 943 ctiouemque
568 873 891 933 dominicam
924 872 1081 928 latius
1108 872 1451 944 eloquuntur.

774 985 968 1039 Divisio
1007 985 1211 1054 psalmi.

268 1097 547 1152 Hactenus
576 1098 982 1167 diapsalmatum
1016 1099 1277 1153 beneflcio
1299 1096 1592 1153 divisiones
1615 1097 1783 1149 intre-

201 1191 353 1259 pidus
396 1192 644 1245 adnotavi
681 1232 695 1253 ,
758 1193 937 1246 sciens
988 1192 1415 1262 segregationem
1466 1192 1534 1245 ibi
1591 1190 1785 1244 merito

202 1281 340 1349 poni,
382 1281 473 1334 ubi
522 1281 730 1335 silentia
779 1262 955 1334 divina
1002 1290 1385 1351 provenerunt.
1431 1280 1577 1335 Nunc
1606 1290 1783 1333 autem

199 1388 415 1428 oremus
442 1372 725 1426 Dominum
757 1373 927 1442 utqui
960 1372 1123 1427 donat
1146 1373 1195 1427 in
1224 1384 1362 1426 terra
1396 1372 1559 1437 viam,
1593 1369 1784 1438 ipsein

199 1467 409 1534 abyssis
455 1473 608 1518 cauta
644 1473 865 1531 przcstet
914 1464 1128 1519 itinera.
1178 1465 1477 1524 Per.totum
1524 1464 1782 1529 psalmum

200 1558 383 1625 (sicut
413 1555 692 1623 diximus)
739 1570 805 1610 ex
848 1554 1017 1609 forma
1060 1558 1197 1611 servi
1242 1556 1476 1626 loquitur
1515 1554 1780 1610 Christus.

200 1647 383 1701 Primo
429 1648 607 1714 capite
659 1646 978 1715 deprecatur
1023 1659 1076 1701 ut
1125 1648 1302 1701 salvus
1372 1647 1464 1701 flat
1514 1663 1542 1700 a
1591 1647 1784 1711 Patre,

198 1740 452 1803 quoniam
505 1740 675 1808 gratis
707 1754 737 1793 a
768 1738 963 1793 ludatis
1006 1741 1201 1794 multas
1241 1740 1611 1796 tribulationes
1640 1741 1785 1795 inse-

198 1832 553 1898 cutionesque
582 1844 867 1899 perpessus
885 1839 989 1885 est.
1020 1830 1270 1885 Secundo
1298 1832 1472 1901 capite
1505 1832 1732 1899 postulat
1758 1846 1785 1883 a

201 1932 350 1988 parte
376 1919 744 1974 membrorum
767 1935 834 1975 ne
858 1920 1156 1990 decipiatur
1180 1937 1303 1991 spes
1333 1923 1567 1976 fidelium
1598 1923 1650 1976 in
1672 1922 1789 1992 ejus

200 2011 602 2066 resurrectione
648 2012 849 2064 confisa
884 2029 897 2063 :
929 2012 1110 2066 omnia
1160 2027 1218 2067 se
1253 2012 1437 2067 dicens
1476 2012 1791 2081 aequanimi-

200 2112 273 2157 ter
301 2100 632 2157 sustinuisse
658 2118 775 2169 qua:
797 2102 960 2172 iniqui
982 2103 1299 2158 videbantur
1322 2105 1583 2172 ingerere.
1610 2103 1793 2158 Tertio

198 2206 451 2262 precatur
475 2205 532 2249 ut
562 2193 727 2262 ipsius
750 2196 1066 2249 exaudiatur
1086 2198 1280 2259 oratio,
1304 2206 1566 2264 quatenus
1588 2195 1655 2250 de
1682 2196 1792 2250 luto

202 2289 357 2358 hujus
388 2288 577 2343 saeculi
608 2288 727 2358 ejus
756 2289 1095 2342 conversatio
1141 2288 1481 2343 immacuhta
1514 2288 1789 2341 liberetur.

202 2379 349 2436 Scine
380 2396 616 2449 namque
638 2379 768 2434 dicit
791 2380 982 2444 Deum,
1010 2380 1221 2447 quantis
1252 2379 1594 2433 inimicorum
1625 2392 1791 2446 appe-

204 2481 347 2527 tatur
380 2472 631 2537 insidis,
670 2480 725 2524 ut
755 2485 924 2539 usque
953 2470 1019 2524 ad
1048 2470 1325 2525 Passionis
1354 2470 1556 2525 exitum
1586 2468 1789 2523 machi-

203 2573 322 2617 nato
345 2562 664 2618 discrimine
687 2563 1008 2630 perveniret.
1032 2561 1256 2627 Quarto,
1276 2560 1471 2613 virtute
1502 2558 1795 2628 praescion-

204 2658 280 2708 ιιι
305 2669 452 2718 suae,
486 2668 608 2722 qua:
631 2652 947 2720 contingere
994 2658 1243 2721 poterant
1280 2648 1532 2716 inimicis,
1567 2656 1792 2702 ventura

203 2744 539 2811 pronuntiat.
570 2741 769 2808 Quinto
795 2755 823 2793 a
856 2739 1025 2795 forma
1071 2742 1211 2794 servi
1254 2754 1314 2793 se
1358 2752 1645 2807 pauperem
1670 2751 1795 2806 pro-

203 2839 417 2900 litetur;
453 2834 599 2889 unde
628 2844 681 2889 et
712 2833 899 2888 laudes
923 2848 983 2887 se
1013 2831 1141 2886 dicit
1175 2830 1509 2885 redditurum
1556 2838 1793 2897 paternae

201 2929 507 2983 clementia:
541 2945 556 2981 :
586 2926 807 2983 hortans
857 2925 1042 2979 ﬁdeles
1094 2932 1147 2977 ut
1200 2923 1251 2976 in
1307 2920 1533 2975 Domino
1562 2920 1795 2973 debeant

201 3020 511 3084 confidere,
549 3020 637 3087 qui
671 3016 967 3072 Ecclesium
997 3030 1147 3077 suam
1181 3013 1249 3068 de
1290 3012 1470 3067 mundi
1504 3010 1655 3065 istius
1698 3011 1793 3064 ad-

204 3111 463 3165 versitate
493 3110 762 3173 liberavit,
798 3120 851 3163 et
874 3106 1076 3161 sanctis
1105 3105 1217 3160 suis
1247 3104 1299 3158 in
1330 3118 1391 3159 ea
1427 3102 1648 3173 perenni
1670 3100 1791 3155 feli-

202 3206 366 3258 eitate
391 3204 694 3274 proSpexit.

714 3317 985 3386 Expositio
1015 3315 1221 3387 psalmi.

266 3430 430 3485 Vers.
468 3430 517 3482 i.
549 3427 759 3482 Salvum
791 3444 867 3481 me
892 3428 996 3499 fac,
1022 3427 1067 3482 Ι)
1098 3444 1156 3480 us
1181 3426 1457 3495 :quoniam
1480 3427 1795 3480 intraverunt

205 3536 344 3589 aqum
383 3536 553 3587 usque
601 3518 669 3570 ad
701 3518 926 3573 animum
964 3533 1144 3571 meam.
1181 3515 1438 3571 Deitatcm
1466 3515 1661 3571 Christi
1696 3518 1794 3571 im-

207 3613 527 3680 passibilem
560 3619 749 3665 cuncta
778 3610 970 3667 mentis
995 3610 1195 3664 sanitas
1216 3608 1533 3674 confitetur;
1570 3608 1664 3663 sed
1704 3623 1791 3662 as-

206 3708 434 3775 sumpsit
465 3704 829 3757 infirmitatem
862 3712 1122 3769 nostram,
1154 3716 1273 3770 qua:
1310 3700 1586 3769 subjacere
1617 3710 1795 3767 posset

207 3799 388 3852 exitio.
428 3796 505 3851 Ex
546 3796 656 3865 ipsa
691 3810 832 3850 nunc
873 3795 1269 3865 diSpensatione
1306 3792 1501 3848 clamat
1533 3811 1546 3845 :
1582 3794 1793 3849 Salvum

206 3905 279 3941 nte
307 3890 429 3956 fac,
478 3886 650 3951 Deus,
688 3896 743 3939 ut
787 3884 910 3955 quia
943 3896 1168 3939 mortem
1200 3882 1445 3954 refugere
1475 3900 1577 3937 non
1610 3883 1794 3939 debuit

207 3994 358 4047 quam
393 3978 700 4033 voluntarie
740 3977 1062 4040 sustinebat,
1106 3974 1513 4031 resurrectionis
1539 3974 1791 4028 auxilium

207 4072 535 4140 postulavit,
568 4080 624 4126 ut
648 4070 948 4125 humanitas
977 4070 1093 4140 ejus
1122 4070 1350 4125 celerius
1384 4069 1497 4123 fieri
1528 4069 1669 4123 salva
1704 4082 1793 4135 po-

209 4169 420 4223 tuisset.
459 4166 657 4221 Passus
686 4175 769 4222 est
806 4166 948 4221 enim
991 4166 1080 4221 ille
1122 4166 1244 4237 quia
1286 4166 1481 4231 voluit,
1525 4167 1795 4234 patiuntur

208 4272 475 4328 martyres
507 4269 562 4314 et
590 4259 861 4323 nolentes;
894 4259 970 4313 sic
1000 4258 1140 4312 enim
1176 4260 1289 4328 ipse
1334 4258 1591 4313 Dominus
1634 4257 1795 4312 Petro

207 4350 337 4405 dixit
374 4351 629 4420 apostolo
661 4365 675 4403 :
709 4347 837 4401 Cum
866 4342 1120 4412 tenueris,
1160 4348 1292 4400 alius
1337 4356 1384 4400 te
1416 4346 1715 4419 prwcinget,
1746 4357 1795 4401 et

206 4441 350 4494 ducet
378 4456 484 4510 quo
515 4454 569 4493 ιιι
593 4456 692 4493 non
721 4441 793 4492 vis
821 4438 1001 4509 (Joan.
1034 4455 1144 4505 xxi,
1178 4439 1290 4509 i8).
1317 4438 1464 4493 Nunc
1493 4454 1654 4492 causa
1676 4439 1789 4493 rcd-

206 4531 346 4585 ditur
375 4546 549 4600 quare
579 4545 638 4586 se
662 4531 857 4584 salvum
884 4530 994 4599 fieri
1025 4530 1328 4598 postulabat
1356 4548 1369 4584 :
1399 4529 1621 4598 scilicet,
1664 4547 1793 4597 quo—

1893 591 2038 649 hunc
2066 606 2280 651 versum
2321 594 2587 650 subtiliter
2618 594 2970 664 inquiramus,
3007 600 3130 669 quia
3164 616 3268 657 non
3296 618 3474 671 parva:

1888 681 2272 751 profunditatis
2313 698 2432 738 esse
2458 676 2806 757 dignoscitur.
2850 686 2905 741 lu
2931 689 3021 743 illa
3045 690 3350 747 conditione
3382 708 3468 748 re—

1887 788 2003 826 rum
2034 772 2102 827 de
2147 773 2275 827 limo
2318 774 2535 843 quidem
2567 784 2721 829 terra:
2752 776 3024 834 hominem
3057 780 3200 836 Deus
3242 785 3473 850 creavit,

1888 864 1983 918 sed
2014 878 2117 917 non
2148 864 2215 918 de
2252 864 2537 933 profundo.
2580 866 2726 920 Facti
2765 878 2887 921 sunt
2925 881 3100 927 autem
3137 872 3381 931 homines
3409 877 3475 927 li-

1889 970 2000 1007 mus
2031 955 2300 1026 profundi,
2334 955 2547 1023 quando
2574 965 2627 1009 et
2648 957 2893 1025 originali
2921 968 2973 1013 et
2995 962 3321 1029 quotidiuuis
3346 980 3467 1031 pec-

1888 1049 2021 1102 catis
2075 1057 2330 1107 tenentur
2378 1050 2618 1105 obnoxii.
2667 1050 2765 1105 Per
2810 1053 2951 1107 hunc
2999 1052 3179 1109 limum
3224 1059 3472 1124 profundi

1888 1140 2080 1207 infixus
2100 1150 2172 1195 est
2204 1139 2481 1202 Dominus,
2504 1141 2716 1207 quando
2733 1141 3059 1201 dementium
3086 1144 3238 1199 turba
3256 1145 3472 1203 Judteot-

1890 1246 2007 1287 rum
2036 1231 2307 1287 clamabat
2343 1249 2354 1283 :
2386 1232 2675 1303 Cruciﬁge,
2717 1233 2960 1305 cruci/iga
3000 1233 3199 1305 (Joan.
3238 1252 3351 1303 att.
3385 1239 3471 1308 6).

1888 1324 2124 1395 Quorum
2167 1338 2293 1381 caro
2337 1325 2585 1391 originali
2630 1336 2849 1395 peccato
2889 1326 3070 1385 dedita
3118 1330 3278 1390 limus
3314 1342 3471 1399 erat;

1888 1414 1979 1469 sed
2006 1414 2264 1469 scelerata
2280 1416 2542 1470 calliditas
2570 1417 2818 1486 profundi
2838 1418 2939 1473 sibi
2963 1435 3155 1475 nomen
3185 1422 3474 1491 adjeeerat.

1892 1504 2065 1565 Limus
2099 1507 2238 1561 enim
2269 1506 2440 1560 dictus
2470 1518 2582 1573 est,
2613 1510 2767 1576 quasi
2807 1511 2975 1577 ligans
3011 1512 3253 1571 humum.
3287 1513 3479 1584 Sequi-

1891 1609 1997 1664 tur,
2041 1608 2219 1651 etnon
2258 1606 2332 1655 est
2375 1598 2684 1654 substantia.
2726 1600 2895 1657 Omne
2934 1605 3131 1659 malum
3176 1606 3479 1663 substantia

1894 1706 1999 1745 non
2029 1700 2131 1755 est,
2163 1690 2284 1759 quia
2317 1690 2613 1747 subSIantia
2667 1693 2771 1746 dici
2804 1708 2907 1748 non
2939 1705 3135 1762 potest,
3167 1712 3286 1766 qua:
3314 1714 3344 1757 a
3377 1699 3478 1752 llo.-

1894 1783 2041 1837 mino
2060 1792 2238 1837 creata
2262 1796 2366 1835 non
2390 1790 2502 1847 est;
2535 1797 2640 1837 non
2669 1784 2811 1839 enim
2837 1785 3100 1850 subsistit,
3132 1788 3227 1842 sed
3256 1790 3471 1855 accidit,

1820 1875 1868 1938 B
1896 1888 1995 1929 nec
2015 1873 2350 1929 extrinsecus
2373 1882 2575 1941 manet,
2607 1874 2701 1930 sed
2734 1884 2936 1931 tantum
2963 1877 3173 1937 videtur
3201 1894 3322 1935 esse
3349 1883 3473 1937 dum

1896 1964 2159 2034 provenit.
2196 1963 2469 2020 Veraciter
2494 1980 2623 2035 ergo
2650 1974 2810 2037 negat
2838 1967 3004 2023 fuisse
3026 1969 3366 2029 substantiam
3398 1974 3477 2026 vi-

1896 2056 2076 2109 tiatam
2108 2063 2377 2119 naturam.
2400 2070 2561 2124 quam
2584 2071 2612 2109 a
2637 2071 2697 2112 se
2726 2068 2945 2114 noverat
2975 2076 3081 2113 non
3111 2070 3366 2118 creatam.
3389 2063 3478 2118 Sic

1894 2155 1949 2201 et
1974 2148 2028 2205 in
2059 2147 2163 2205 alio
2189 2148 2395 2217 psalmo
2426 2148 2623 2217 legitur
2654 2166 2667 2201 :
2697 2148 2763 2205 Et
2792 2151 3076 2207 substantia
3098 2169 3209 2207 mea
3230 2165 3476 2224 tanquam

1895 2239 2028 2293 nihil
2054 2250 2172 2294 ante
2219 2250 2265 2295 te
2309 2251 2383 2296 est
2416 2240 2590 2312 (Psul.
2638 2257 2873 2307 xxxvut,
2902 2244 2991 2311 6);
3020 2260 3125 2298 non
3169 2245 3254 2302 ille
3296 2247 3478 2314 utique

1895 2347 2052 2401 quam
2079 2332 2219 2387 Deus
2248 2347 2433 2387 creare
2454 2332 2642 2400 potuit,
2666 2333 2759 2388 sed
2792 2349 2934 2403 quze,
2961 2336 3172 2393 diabolo
3190 2338 3473 2405 suadente,

1894 2425 2075 2477 vitiata
2102 2424 2405 2479 succubuit.
2436 2423 2561 2479 Sive
2586 2423 2716 2478 illud
2750 2424 3065 2492 simpliciter
3095 2427 3352 2484 debemus
3382 2430 3473 2481 atl-

1896 2508 2105 2571 vertere
2148 2533 2161 2569 :
2206 2515 2504 2570 Crucifixus
2543 2530 2661 2571 sum
2708 2516 2991 2585 iniquitate
3037 2516 3374 2584 Judreurum,
3423 2532 3476 2576 et

1896 2620 2002 2659 non
2028 2614 2111 2660 est
2129 2606 2305 2660 carnis
2322 2606 2497 2663 virtus
2519 2605 2778 2662 evadendi
2802 2608 3126 2663 mortiferam
3152 2612 3471 2677 passionem.

1896 2696 2149 2761 Addidit,
2178 2696 2290 2750 veni
2328 2697 2382 2749 in
2412 2694 2738 2751 altitudinem
2776 2699 2963 2762 maris,
3008 2708 3057 2753 et
3093 2710 3361 2767 tempestas
3389 2704 3481 2756 de-

1896 2789 2066 2840 mersit
2096 2803 2192 2841 me.
2228 2787 2321 2842 llle
2343 2788 2432 2857 qui
2463 2802 2623 2856 supra
2652 2790 2818 2843 maria
2845 2789 2962 2843 fixis
2988 2791 3262 2859 gressibus
3289 2793 3477 2848 ambu-

1896 2876 2055 2941 lavit,
2086 2877 2176 2947 qui
2220 2877 2377 2931 Petro
2413 2876 2689 2935 dexteram
2736 2892 2805 2932 ne
2850 2891 3183 2948 mergeretur
3212 2882 3471 2948 extendit,

1896 2966 2341 3039 quemadmodum
2381 2981 2443 3022 se
2492 2974 2785 3035 tempestate
2831 2968 2961 3023 dicit
3005 2985 3110 3025 esse
3156 2969 3477 3026 demersum?

1899 3059 1994 3117 llic
2028 3058 2245 3115 altitudo
2275 3060 2429 3114 maris
2474 3059 2749 3129 copiosam
2791 3062 2971 3132 populi
3021 3062 3287 3133 signiﬁcat
3333 3064 3480 3118 insa-

1900 3152 2065 3205 niam.
2114 3149 2243 3205 ltcm
2291 3160 2561 3219 tempestas
2600 3160 2685 3207 est
2726 3152 2921 3211 seditio
2960 3156 3226 3211 concitata
3251 3156 3479 3213 dentien-

1823 3246 1872 3312 ο
1905 3242 2064 3308 tium;
2120 3244 2233 3312 ipsa
2281 3243 2425 3299 enim
2481 3243 2720 3300 demersit
2776 3245 3059 3323 Dominum
3116 3247 3479 3320 Salvatorem,

1898 3334 2111 3405 quando
2141 3350 2262 3391 eum
2295 3337 2577 3405 pervenire
2607 3337 2733 3394 fecit
2758 3338 2823 3394 ad
2855 3356 3092 3397 crucem.

1967 3425 2117 3481 Vers.
2146 3425 2198 3483 5.
2228 3425 2475 3483 Laboravi
2498 3428 2751 3495 clamans,
2776 3446 2945 3486 rauca:
2972 3432 3123 3501 facta?
3152 3444 3269 3488 sunt
3295 3434 3470 3503 fauces

1895 3532 2019 3571 mea:
2063 3533 2080 3572 :
2123 3516 2413 3585 defecerunt
2461 3518 2594 3572 oculi
2652 3524 2783 3585 inci,
2840 3524 2963 3575 dum
3011 3541 3159 3594 spero
3207 3526 3261 3578 in
3309 3523 3479 3579 Deum

1896 3623 2063 3661 meum
2091 3608 2105 3679 [
2115 3622 2215 3663 ms.
2241 3609 2306 3662 ϐ.
2334 3618 2389 3663 et
2415 3608 2532 3677 ed.,
2558 3609 2766 3682 vivum].
2800 3612 3157 3680 Qua-rendam
3185 3628 3267 3671 cst
3287 3634 3478 3687 quem-

1895 3700 2180 3754 admodum
2221 3700 2308 3756 hic
2353 3702 2502 3768 dicit,
2544 3703 2795 3758 Laboravi
2838 3707 3086 3774 clamans,
3120 3709 3245 3765 dum
3275 3712 3480 3781 legatur

1897 3788 1951 3849 in
1994 3791 2282 3861 Evangelio
2326 3809 2339 3847 :
2388 3791 2511 3849 Non
2555 3796 2896 3863 respondebat
2940 3800 3099 3870 327
3140 3800 3214 3853 eis
3246 3800 3481 3867 verbum;

1896 3880 2036 3951 quod
2084 3880 2247 3937 Isaias
2283 3897 2496 3951 quoque
2524 3882 2656 3939 dicit
2686 3903 2698 3938 :
2734 3884 2882 3939 Sicut
2918 3890 3024 3942 ouis
3064 3888 3133 3940 ad
3177 3890 3481 3943 occisionem

1898 3974 2080 4027 ductus
2104 3983 2209 4041 est,
2253 3983 2299 4028 et
2327 3974 2461 4029 sicut
2500 3992 2666 4047 agnus
2695 3992 2865 4030 coram
2909 3980 3149 4032 tondente
3177 3997 3252 4047 se,
3285 3982 3358 4035 sic
3380 3998 3481 4036 non

1896 4064 2093 4135 aperuit
2136 4082 2192 4118 os
2238 4082 2389 4120 suum
2432 4065 2597 4137 (Isai.
2626 4084 2747 4131 LIII,
2777 4068 2873 4139 7).
2924 4068 3220 4139 Utrumque
3263 4087 3482 4137 verum,

1897 4168 2187 4228 utrumque
2215 4159 2539 4228 completum
2570 4171 2681 4226 est;
2711 4176 2832 4215 nam
2865 4169 2919 4215 et
2956 4162 3117 4215 tacuit
3158 4177 3278 4219 cum
3304 4163 3482 4219 trade-

1897 4260 2063 4315 retur,
2098 4261 2157 4306 ιιι
2193 4252 2309 4321 ejus
2349 4251 2633 4319 dispositio
2668 4253 2734 4306 ad
2762 4252 2944 4307 mundi
2976 4252 3268 4308 salutarem
3298 4256 3483 4309 termi-

1900 4359 2024 4397 num
2057 4344 2389 4412 perveniret,
2422 4354 2479 4401 et
2505 4344 2724 4399 omnino
2762 4345 3029 4399 clamabat
3068 4359 3190 4398 eum
3220 4345 3434 4400 dicebat
3464 4364 3481 4402 :

1902 4432 2234 4505 Puterjuste,
2268 4433 2489 4488 mundus
2521 4443 2567 4488 te
2595 4450 2697 4487 non
2729 4437 2959 4505 cognorit
2988 4432 3169 4503 (Joan.
3201 4451 3329 4498 uti.
3360 4434 3480 4507 25);

1900 4526 1981 4581 vel
2009 4525 2135 4581 illud
2170 4543 2183 4579 :
2216 4524 2395 4591 Pater,
2416 4529 2460 4580 si
2483 4527 2597 4596 fieri
2620 4535 2805 4596 potest,
2828 4536 3051 4585 transeat
3071 4544 3103 4580 a
3128 4544 3207 4581 me
3234 4527 3373 4582 calix
3391 4530 3486 4585 iste

206 4624 343 4675 niam
369 4624 695 4675 intraverunt
723 4638 870 4690 aqua:
893 4638 1048 4691 usque
1073 4620 1142 4675 ad
1160 4622 1387 4674 animam
1414 4638 1596 4675 meam.
1623 4622 1792 4691 Aquas
1822 4625 1872 4684 Ι)
1897 4616 2120 4689 (Matth.
2155 4634 2315 4684 xxvr,
2345 4619 2414 4673 59
2436 4620 2488 4688 );
2521 4630 2573 4673 et
2602 4620 2795 4673 iterum
2835 4636 2847 4672 :
2888 4619 3066 4684 Pater,
3097 4620 3299 4689 ignosce
3341 4620 3448 4674 illis
3466 4660 3485 4687 ,

207 4729 305 4781 pro
341 4713 704 4769 seditionibus
735 4713 905 4782 plebis
936 4722 1189 4782 motuque
1234 4713 1552 4782 pOpulorum
1594 4713 1794 4769 debere

206 4805 404 4874 suscipi
431 4804 632 4872 saepius
660 4803 933 4871 Scriptura
958 4803 1134 4857 d.vina
1171 4813 1421 4870 testatur,
1450 4803 1591 4859 sicut
1614 4815 1697 4860 est
1729 4806 1793 4859 il-

206 4894 291 4948 Ind
340 4911 358 4949 :
401 4892 654 4948 Forsitan
701 4896 835 4949 velut
872 4910 1006 4958 aqua
1054 4893 1425 4948 absorbuissent
1463 4910 1555 4948 nos
1599 4892 1793 4965 (Psai.

208 5000 398 5052 cum,
429 4988 464 5040 ι
484 4990 525 5055 ).
553 4986 619 5040 Et
648 4985 911 5056 sequitur,
940 4985 1238 5040 Torrentem
1266 4986 1589 5057 pertransiuit
1625 4985 1798 5039 anima

206 5092 385 5130 nostra
436 5093 457 5131 :
488 5078 709 5147 forsitan
739 5080 1087 5145 pertransisset
1110 5077 1281 5131 anima
1305 5087 1479 5131 nostra
1504 5093 1689 5147 aquam
1721 5078 1801 5130 in-

209 5168 548 5221 tolerabilem.
576 5168 912 5237 Quapropter
931 5170 1154 5238 populus
1178 5167 1263 5222 ille
1282 5167 1533 5223 Jutlaicus
1557 5183 1712 5237 usque
1730 5169 1799 5221 ad

203 5264 438 5314 animam
467 5260 679 5317 Domini
713 5261 1003 5318 Salvatoris
1030 5262 1259 5327 intrauit,
1295 5264 1507 5331 quando
1528 5276 1651 5321 eum
1678 5275 1798 5316 cru-

205 5357 423 5419 cifigere
450 5356 717 5411 scelerata
742 5366 921 5411 mente
949 5355 1308 5425 prtesumpsit.

283 5448 441 5505 V’ers.
472 5450 531 5504 2.
564 5447 770 5517 Inﬁzus
797 5466 909 5502 sum
931 5451 983 5502 in
1014 5449 1193 5504 limum
1224 5448 1489 5518 profundi,
1522 5456 1568 5501 et
1596 5463 1696 5501 non
1724 5456 1799 5502 est

208 5542 529 5603 substantia;
563 5540 675 5593 veni
700 5541 749 5593 in
773 5540 1091 5594 altitudinem
1117 5540 1293 5605 maris,
1333 5548 1381 5593 et
1411 5546 1679 5608 tempestas
1705 5538 1798 5592 de-

209 5632 389 5684 mersit
403 5648 504 5685 me.
527 5630 705 5686 Primo
732 5630 1004 5687 sciendum
1031 5641 1110 5686 est
1125 5631 1343 5685 schema
1368 5643 1493 5685 esse
1520 5628 1800 5683 characte-

212 5724 434 5786 rismos,
456 5737 579 5792 quae
603 5721 789 5777 Latine
819 5723 1123 5778 informatio
1151 5723 1235 5781 vel
1259 5722 1551 5791 descriptio
1590 5734 1797 5775 nuncu-

214 5822 410 5880 νοιυτς
445 5814 748 5884 passionem
792 5812 988 5884 quippe
1029 5829 1181 5881 suam.
1210 5813 1441 5871 futuram
1478 5810 1801 5882 quibusdam

1900 4709 2021 4778 quia
2048 4711 2275 4765 nesciunt
2295 4711 2418 4779 quid
2446 4712 2638 4777 faciunt
2665 4708 2816 4782 (Luc.
2852 4726 3003 4775 xxttt,
3026 4711 3138 4781 54).
3164 4710 3293 4763 Nam
3315 4719 3371 4766 et
3392 4712 3485 4765 illo

1902 4811 2142 4869 tempore
2157 4800 2398 4857 laborans
2415 4800 2671 4867 clamavit,
2696 4800 2909 4870 quando
2929 4801 3137 4855 dicebat
3162 4818 3175 4852 :
3214 4800 3297 4853 Va:
3322 4801 3481 4865 nobis,

1903 4894 2085 4947 scribat
2124 4904 2169 4949 et
2210 4892 2484 4960 pltariswi;
2516 4909 2589 4949 ιεω
2623 4894 2814 4948 mundo
2855 4895 2917 4948 ab
2963 4894 3218 4948 scandatis
3246 4896 3263 4962 (
3292 4895 3482 4949 Matth.

1905 5000 2055 5049 xxm,
2105 4986 2204 5049 i5;
2234 4984 2392 5051 idem,
2446 5000 2596 5052 χιιι,
2620 4986 2726 5054 7),
2757 4995 2812 5041 et
2842 4985 2925 5040 his
2951 4987 3167 5040 similia.
3202 4984 3484 5039 Laborabat

1902 5091 2031 5146 ergo
2075 5077 2331 5142 clamans,
2382 5078 2596 5145 quando
2642 5092 2747 5132 non
2797 5077 3113 5133 audiebatur
3164 5093 3191 5128 a
3245 5077 3481 5146 perfidis.

1904 5168 2080 5224 Labor
2127 5169 2267 5222 enim
2330 5166 2622 5223 inauditum
2674 5168 2940 5238 significat
2984 5169 3307 5229 clamorem.
3359 5167 3482 5235 quia

1902 5258 2140 5313 laborare
2163 5258 2282 5313 illos
2304 5272 2409 5313 non
2442 5258 2691 5325 dicimus,
2721 5274 2857 5329 quos
2889 5267 3068 5313 votum
3099 5274 3254 5313 suum
3292 5257 3484 5325 imple-

1902 5351 2043 5407 visse
2088 5359 2366 5407 testamur.
2420 5350 2655 5420 Denique
2697 5350 2775 5405 sic
2812 5353 3081 5420 sequitur,
3124 5365 3294 5421 rauca:
3333 5354 3485 5418 factm

1903 5450 2023 5495 sunt
2068 5441 2240 5511 fauces
2292 5456 2438 5493 mete.
2493 5439 2744 5495 Raucedo
2794 5440 3008 5509 quando
3054 5438 3231 5493 fauces
3272 5447 3490 5494 nostras

1909 5531 2171 5600 possidet,
2205 5530 2367 5584 verba
2398 5540 2578 5585 nostra
2608 5529 2673 5584 ad
2703 5530 2905 5584 alienas
2934 5544 3090 5584 aures
3116 5529 3333 5583 confusa
3365 5544 3480 5599 per-

1906 5624 2145 5679 veniunt.
2193 5622 2383 5677 Merito
2421 5637 2549 5691 ergo
2587 5620 2719 5676 dicit
2764 5624 2939 5692 fauces
2982 5635 3106 5676 suas
3151 5638 3335 5675 raucus
3380 5637 3489 5676 esse

1907 5717 2097 5785 factas,
2126 5718 2248 5786 quia
2274 5714 2414 5769 dicta
2448 5714 2563 5784 ejus
2586 5729 2921 5784 nequaquam
2948 5714 3236 5785 sacrilegus
3258 5715 3485 5785 populus

1908 5810 2179 5868 audiebat.
2224 5809 2455 5881 Adjecit,
2485 5810 2774 5881 defecerunt
2798 5810 2934 5866 oculi
2960 5810 3078 5881 mei,
3107 5811 3230 5866 dum
3260 5824 3406 5882 spero
3431 5808 3487 5863 ita
