3956 6178
372 419 470 475 479

1584 411 1649 463 Μ.
1696 405 1967 465 AURELII
1998 400 2395 458 CASSIODORI

3501 380 3609 436 4ἳο

386 534 535 586 Deum
566 545 748 584 meum.
776 526 962 581 Oculos
986 526 1116 579 istos
1137 520 1376 578 carnales
1397 520 1637 590 defecisse
1655 518 1933 572 credamus
1968 512 2009 567 A
2041 508 2453 581 quiahsolveudi
2473 514 2594 561 sunt
2613 503 2804 558 debitis
2838 502 2967 555 suis.
2997 499 3250 555 Dominus
3270 506 3441 552 autem
3465 494 3610 551 Chri-

376 621 617 682 Domino,
654 620 742 688 qui
775 628 944 671 morte
986 615 1220 671 conclusi
1250 624 1393 678 sunt,
1420 613 1543 679 quia
1565 610 1741 665 cordis
1764 608 1944 662 oculos
2043 611 2157 656 stus
2186 609 2399 670 peccata
2433 615 2535 651 nnu
2561 598 2761 657 habuit,
2795 598 2924 650 sicut
2951 596 3060 662 ipse
3082 595 3245 647 dicit:
3282 593 3407 644 Ecce
3450 593 3613 645 venirt

371 713 429 767 in
461 726 555 766 sua
579 712 777 764 deitate
806 723 1017 776 semper
1044 707 1275 761 intentos
1308 703 1512 770 habuit,
1551 702 1638 770 qtti
1673 713 1941 767 nunquam

377 802 553 856 carnis
583 802 697 869 lege
727 799 982 867 peccavit.

453 893 602 948 Vers.
634 892 690 945 4.
725 889 1057 957 Multiplicati
1079 900 1195 942 sunt
1222 904 1372 957 super
1400 887 1610 957 capillos
1640 882 1820 953 capitis
1851 881 1951 932 mei

392 986 467 1052 qui
497 984 709 1037 oderunt
738 1000 816 1036 me
840 984 1016 1051 gratis.
1051 981 1259 1035 Scimus
1284 980 1497 1047 capillos
1522 986 1732 1031 nostros
1763 973 1828 1027 ad
1858 973 1951 1025 dc-

392 1088 563 1129 :orem
593 1071 782 1140 capitis
826 1086 944 1125 esse
971 1084 1255 1125 concessas
1289 1086 1301 1121 :
1335 1069 1411 1122 sic
1442 1065 1696 1121 Ecclesia:
1724 1061 1948 1130 apostoli

394 1172 510 1219 sunt
546 1162 753 1225 tributi,
788 1171 868 1224 ut,
900 1161 1037 1214 sicut
1080 1161 1327 1214 caesaries
1372 1166 1527 1211 ornat
1567 1163 1753 1223 caput,
1800 1152 1870 1204 ita
1899 1160 1954 1205 et

393 1272 575 1311 omnes
614 1255 797 1310 ﬁdeles
837 1254 1096 1308 decorare
1136 1253 1422 1323 probentur
1454 1250 1769 1304 Eeclesiam.
1814 1246 1954 1314 Ergo

394 1358 450 1402 ut
476 1346 783 1402 ostenderet
814 1346 930 1414 plus
968 1360 1088 1399 esse
1133 1357 1409 1398 numerum
1450 1340 1746 1395 inﬁdelium
1796 1350 1953 1404 quam

395 1424 735 1505 devotorum,
768 1438 895 1492 dicit
938 1437 1301 1507 multiplicatos
1345 1450 1450 1488 esse
1482 1432 1711 1499 perﬁdos
1741 1428 1957 1483 Judaeos

398 1546 552 1594 supra
580 1546 855 1584 numerum
886 1528 1209 1596 capillorum,
1242 1526 1293 1580 id
1314 1534 1414 1590 est,
1441 1532 1583 1577 recte
1607 1518 1955 1576 credentium.

398 1622 547 1685 Quod
579 1622 623 1675 si
655 1621 719 1674 ad
763 1622 988 1674 litteram
1024 1619 1156 1671 velis
1186 1617 1446 1685 accipere,
1492 1629 1584 1682 per
1632 1611 1849 1665 auxesin
1882 1609 1962 1663 di-

401 1724 543 1767 ctum
573 1724 677 1777 est,
700 1724 758 1768 ut
782 1729 874 1779 per
905 1713 1003 1766 hoc
1026 1712 1231 1765 turbam
1251 1708 1483 1763 Judaiczn
1510 1704 1859 1759 multitudinis
1882 1704 1963 1756 in-

402 1804 621 1861 dicaret.
646 1804 918 1873 Sequitur,
940 1802 1025 1871 qui
1050 1802 1261 1853 oderunt
1288 1814 1367 1851 me
1385 1796 1560 1867 gratis.
1586 1794 1758 1847 Cralis
1783 1793 1959 1863 plane,

404 1897 615 1965 quando
637 1864 784 1949 illum
814 1864 1078 1962 persecuti
1110 1897 1251 1954 sunt,
1279 1864 1434 1957 quem
1464 1884 1749 1955 propitium
1780 1893 1966 1952 optare
1999 1864 2047 1923 Β

406 1989 722 2043 debuerunt.
760 1983 930 2038 Gratis
960 1982 1098 2036 enim
1130 1988 1256 2034 tunc
1283 1978 1450 2031 odisse
1478 1977 1725 2040 dicimur,
1757 1971 1969 2044 quando

407 2075 707 2144 quempiam
749 2074 865 2127 sine
890 2069 1151 2139 aliquibus
1180 2065 1558 2123 oliensionibus
1591 2077 1967 2125 exsecramur;

409 2168 543 2220 sicut
568 2175 621 2218 et
651 2164 702 2218 in
732 2162 1004 2230 trigesimo
1033 2167 1221 2229 quarto
1249 2157 1450 2226 psalmo
1470 2157 1574 2221 jam
1604 2152 1800 2207 dictum
1841 2160 1921 2204 est
1955 2165 1969 2203 :

415 2255 666 2319 Quoniam
696 2253 850 2324 gratis
873 2250 1236 2303 absconderant
1267 2244 1394 2298 mihi
1420 2243 1681 2297 interitum
1704 2239 1871 2309 laquei
1894 2238 1973 2291 sui

413 2346 585 2415 (Psal.
614 2358 797 2405 xxxiv,
830 2342 904 2411 7).

488 2434 642 2488 Vers.
676 2432 729 2486 5.
758 2430 1044 2506 Couforlali
1070 2438 1186 2486 sunt
1213 2427 1405 2487 inimici
1444 2427 1561 2494 mei,
1588 2425 1678 2496 qui
1699 2439 1779 2478 me
1806 2432 1973 2495 pem!-

416 2535 642 2594 qutumtr
667 2524 889 2599 injuste;
923 2542 1033 2595 qua’
1052 2542 1151 2579 non
1175 2526 1345 2594 rapui,
1376 2535 1495 2577 tunc
1517 2521 1851 2577 exsolvebam.
1876 2518 1975 2574 Sli-

422 2617 599 2688 pcritts
626 2617 759 2673 dixit
795 2635 807 2671 :
838 2616 1008 2683 Super
1040 2616 1253 2684 capillos
1283 2615 1464 2683 capitis
1492 2614 1853 2682 multiplicatos
1880 2610 1979 2663 ini-

422 2707 619 2769 tnicos;
666 2715 721 2761 et
760 2721 826 2760 ne
855 2698 1102 2761 crederes
1132 2714 1330 2759 tantum
1372 2718 1465 2758 eos
1509 2714 1839 2766 numerosos,
1874 2716 1975 2753 non

417 2799 580 2851 etiam
609 2796 795 2849 noxios
828 2796 1011 2855 fuisse,
1043 2794 1261 2860 addidit,
1295 2793 1567 2863 confortali
1606 2801 1742 2855 sunt,
1767 2790 1978 2861 quando

420 2887 473 2941 id
503 2888 638 2955 quod
663 2886 991 2940 conabantur
1019 2886 1260 2951 efﬁcere,
1293 2884 1586 2953 probantur
1614 2883 1879 2952 implesse.
1918 2882 1981 2936 Et

422 2986 481 3029 ut
529 2976 647 3031 illos
679 2977 919 3030 inimicos
959 2990 1051 3027 sua
1093 2975 1244 3045 culpa
1293 2986 1643 3042 cognosceres
1683 2973 1976 3033 excitatos.

418 3069 651 3137 adjecit,
684 3069 770 3137 qui
805 3083 884 3121 me
923 3076 1289 3134 persequuntur
1317 3066 1538 3136 injuste;
1570 3064 1670 3118 hoc
1707 3072 1807 3127 est,
1842 3062 1980 3133 quod

356 3174 367 3180 '
423 3159 668 3228 superius
697 3159 857 3225 dixit,
902 3160 1078 3226 gratis.
1127 3157 1329 3211 Revera
1378 3156 1628 3225 injustum
1675 3156 1767 3208 fuit
1811 3156 1979 3223 utqui

2046 694 2278 762 princeps
2304 692 2479 742 mundi
2510 690 2684 759 hujus,
2718 696 2763 740 el
2790 705 2888 739 non
2916 687 3124 739 inveniet
3157 686 3207 737 in
3240 700 3313 737 me
3336 684 3613 749 quidquam

2049 782 2234 852 (Joan.
2263 796 2370 843 stv,
2404 780 2535 849 50);
2579 779 2645 833 de
2674 793 2776 846 quo
2814 787 2868 830 et
2914 777 3073 830 Isaias
3115 775 3240 829 dicit
3286 793 3298 827 :
3341 774 3617 828 Peccatum

2047 889 2146 925 mu
2179 873 2315 941 fecit,
2338 886 2429 924 nec
2459 870 2609 923 dolus
2629 869 2862 921 inventus
2891 876 2963 919 est
2987 867 3038 917 in
3064 880 3149 918 ore
3176 868 3283 934 ejus
3313 862 3466 931 (lsai.
3497 878 3615 925 Lm,

2050 964 2115 1032 9)
2152 980 2163 1015 :
2198 962 2288 1015 sed
2322 961 2520 1029 magis,
2552 960 2690 1013 sicut
2714 957 2843 1010 dicit
2872 954 3158 1023 Apostolus
3190 970 3207 1009 :
3242 952 3369 1006 Eum
3397 953 3487 1022 qui
3516 969 3619 1005 non

2051 1062 2254 1108 noverat
2282 1064 2562 1122 peccatum,
2594 1066 2687 1121 pro
2715 1049 2857 1103 nobis
2881 1058 3139 1118 peccatum
3161 1046 3277 1115 fecit
3303 1043 3389 1115 (II
3412 1044 3531 1099 Cor.
3562 1060 3617 1111 v,

2052 1148 2111 1200 2i
2133 1148 2182 1211 );
2213 1147 2263 1201 id
2289 1154 2389 1210 est,
2420 1144 2575 1199 Pater
2605 1143 2795 1197 Filium
2834 1156 2985 1195 suum
3018 1141 3243 1194 hostiam
3273 1154 3366 1208 pro
3385 1141 3622 1205 peccatis

2054 1235 2328 1290 constituit
2376 1232 2779 1287 immolandum.
2823 1229 2971 1298 Quod
3017 1229 3173 1283 Pater
3213 1229 3536 1297 Augustinus
3569 1230 3622 1280 in

2056 1327 2193 1381 libro
2231 1323 2571 1379 Enehiridion
2612 1320 2768 1390 (Cap.
2798 1320 2895 1387 Μ)
2935 1317 3200 1371 subtiliter
3224 1317 3629 1386 comprehendit

2057 1426 2215 1483 atque
2254 1412 2525 1468 disseruit.
2574 1412 2905 1479 Quapropter
2949 1409 3287 1475 insipientiam
3326 1408 3411 1462 vel
3440 1408 3629 1461 delicta

2060 1526 2087 1561 a
2118 1519 2265 1575 parte
2294 1508 2647 1561 membrorum
2694 1505 2866 1574 posita
2905 1502 3159 1557 debemus
3198 1503 3456 1569 accipere.
3498 1499 3629 1566 Quae

2063 1599 2225 1667 ﬁgura
2251 1597 2441 1650 dicitur
2468 1594 2745 1662 tapinosis,
2770 1593 2819 1646 id
2846 1600 2927 1647 est
2956 1591 3270 1657 humiliatio,
3302 1606 3420 1645 cum
3452 1591 3631 1645 verbis

2065 1687 2373 1742 humillimis
2399 1687 2473 1740 rei
2497 1686 2749 1741 minuitur
2777 1684 3099 1754 magnitudo.
3412 1672 3420 1678 ’

2144 1801 2293 1856 Vers.
2327 1801 2381 1854 7.
2426 1799 2547 1854 Non
2579 1800 2871 1852 erubescant
2900 1800 2950 1851 in
2981 1814 3080 1865 me,
3116 1797 3202 1865 qui
3232 1808 3278 1851 te
3314 1805 3632 1866 exspectant,

2078 1890 2293 1943 Domine
2320 1890 2456 1943 Deus
2482 1891 2759 1953 virtutum;
2790 1904 2887 1941 non
2912 1904 3145 1941 reuercan
3172 1905 3231 1939 ur
3255 1903 3403 1957 super
3432 1903 3530 1950 me,
3545 1887 3637 1955 qui

2069 1981 2328 2045 requirunt
2357 1991 2424 2047 te,
2462 1978 2596 2033 Deus
2628 1977 2809 2032 Israel.
2843 1978 2977 2032 Ecce
3001 1993 3180 2032 versus
3208 1980 3304 2032 isse
3342 1978 3639 2032 declaravit

2072 2086 2099 2122 a
2128 2070 2381 2125 membris
2407 2069 2605 2123 dictum
2646 2069 2784 2137 quod
2814 2069 3059 2137 superius
3097 2069 3189 2121 ait.
3224 2069 3471 2122 Precatur
3490 2069 3637 2122 enim

2072 2161 2225 2215 Jesus
2246 2160 2513 2224 Christus,
2541 2173 2609 2213 ne
2638 2158 2705 2213 de
2744 2172 2805 2213 se
2841 2158 2955 2225 ipso
3000 2159 3288 2211 erubescant
3323 2159 3412 2227 qui
3451 2174 3637 2212 resur-

2075 2251 2361 2309 rectionem
2389 2249 2505 2324 ejus
2544 2249 2773 2323 gloriose
2798 2246 3063 2306 dcsidctio
3091 2247 3445 2312 sustinebant,
3473 2263 3636 2317 quam

2074 2344 2377 2403 carnalibus
2418 2347 2588 2401 oculis
2633 2360 2736 2399 non
2785 2351 3027 2412 poterant
3073 2343 3302 2406 intueri;
3340 2343 3477 2397 sicut
3523 2342 3643 2409 ipse

2080 2439 2332 2494 Dominus
2382 2438 2518 2492 dixit
2557 2454 2573 2492 :
2625 2435 2779 2490 Multi
2829 2434 3085 2505 praphetar
3123 2444 3169 2487 et
3207 2435 3337 2504 justi
3376 2434 3645 2501 cupierunt

2078 2532 2243 2583 silere
2287 2544 2398 2599 quae
2440 2544 2525 2582 vos
2566 2528 2770 2586 uidetis.
2826 2534 2874 2579 et
2928 2525 3107 2578 audire
3152 2541 3263 2594 quia
3310 2541 3394 2578 vos
3445 2525 3644 2579 auditis

2080 2619 2291 2688 (Matth.
2319 2634 2437 2683 xnt,
2465 2619 2575 2686 l7).
2614 2616 2751 2671 Petit
2775 2630 2903 2685 ergo
2925 2614 3206 2681 inﬁrmitas
3235 2615 3433 2680 carnis,
3455 2631 3522 2669 ne
3545 2616 3648 2669 ali-

2081 2720 2161 2763 ter
2200 2707 2409 2764 eveniat
2452 2722 2610 2775 quam
2652 2706 2881 2774 Spiritus
2927 2714 3140 2759 sanctus
3181 2705 3498 2774 praedixerat
3544 2721 3646 2775 per

2082 2801 2384 2871 prophetas.
2414 2798 2545 2855 Cum
2575 2801 2714 2853 enim
2740 2797 2871 2851 dicit
2904 2813 2918 2849 :
2954 2796 3169 2851 Domine
3212 2795 3346 2850 Deus
3374 2797 3646 2863 uirtutum,

2082 2893 2315 2948 ostendit
2354 2889 2677 2960 impossibile
2708 2888 2835 2942 nihil
2865 2902 2985 2942 esse
3024 2888 3421 2956 omnipotentize
3450 2888 3639 2956 ipsius.

2082 2984 2213 3038 Nam
2242 2983 2331 3051 qui
2370 2980 2653 3036 virtutibus
2692 2980 2943 3047 imperat,
2985 2993 3090 3032 non
3130 2988 3211 3032 est
3241 2980 3376 3047 quod
3412 2994 3517 3031 non
3549 2994 3651 3047 pro

2083 3092 2174 3132 sua
2197 3076 2470 3131 voluntate
2499 3072 2751 3141 perﬁciat.
2788 3070 2851 3125 Et
2880 3071 3093 3124 intende
3113 3069 3554 3141 quemadmodum
3579 3072 3650 3124 ad

2083 3163 2491 3221 resurrectionis
2526 3160 2833 3225 mysterium
2877 3159 3245 3213 transferatur.
3290 3159 3423 3213 Dicit
3450 3160 3595 3213 enim
3634 3176 3647 3210 :

420 3259 640 3305 venerat
686 3249 751 3302 ad
789 3248 1035 3303 Judaicos
1076 3247 1295 3316 pepulos
1325 3246 1609 3301 salvandos
1630 3286 1644 3308 ,
1686 3260 1775 3299 eos
1806 3246 1982 3310 potius
2008 3238 2052 3297 C
2088 3255 2208 3310 Νοη
2238 3262 2557 3309 νευενεαηιω·
2591 3266 2741 3320 super
2770 3267 2846 3303 me
2887 3251 2974 3320 qui
3000 3251 3258 3318 requirunt
3285 3260 3359 3313 te,
3394 3249 3528 3304 Deus
3559 3249 3651 3304 ιε-

422 3345 711 3398 invenisset
740 3341 1000 3394 inimicos.
1040 3340 1355 3409 Suhjunxit,
1386 3354 1497 3407 quae
1528 3354 1627 3390 non
1666 3338 1833 3404 rapui,
1867 3347 1984 3390 tunc

423 3433 755 3487 exsoluebam.
804 3431 990 3499 Rapuit
1034 3430 1199 3484 Adam
1244 3443 1430 3484 suasus
1457 3443 1484 3481 a
1509 3428 1739 3492 diabolo,
1771 3429 1984 3497 quando

425 3525 525 3579 hoc
554 3522 692 3593 quod
723 3522 796 3575 illi
824 3532 1145 3591 przeceptum
1177 3518 1501 3583 inhibuerat,
1534 3522 1871 3588 praesumpsit
1899 3528 1984 3571 at-

427 3618 650 3682 tingere.
699 3614 762 3666 Et
804 3614 994 3666 merito
1024 3619 1194 3665 morte
1224 3610 1501 3665 damnatus
1547 3620 1656 3675 est,
1703 3611 1820 3679 quia
1864 3612 1984 3663 vita:

426 3706 617 3778 delegit
670 3710 1010 3761 contemnere
1057 3701 1465 3773 Prreceptorem.
1516 3699 1760 3757 Christus
1807 3710 1983 3756 autem

429 3808 640 3868 peccata
673 3812 775 3851 non
806 3796 1003 3865 rapuit,
1035 3795 1225 3849 delicta
1257 3794 1514 3857 nescivit,
1554 3802 1607 3847 et
1656 3803 1831 3847 tamen
1863 3810 1986 3847 cru-

427 3905 580 3953 cem,
611 3888 760 3956 quasi
790 3885 1001 3955 aliquod
1031 3884 1282 3939 delictum
1328 3893 1685 3953 perpelrasset
1708 3923 1723 3948 ,
1756 3884 1987 3951 excepit,

428 3988 483 4034 et
511 3978 668 4033 solvit
698 3991 793 4047 pro
832 3976 986 4030 nobis
1032 3975 1172 4043 quod
1216 3990 1312 4043 pro
1352 3988 1413 4030 se
1436 3974 1578 4044 juste
1607 3990 1711 4028 non
1742 3975 1986 4043 pertulit;

428 4082 482 4127 et
509 4080 563 4125 ut
584 4079 777 4126 nostra:
797 4070 985 4124 mortis
1014 4068 1422 4138 chimgraphum
1452 4080 1718 4136 vacuaret,
1762 4052 1876 4140 ipse
1910 4080 1991 4125 to-

427 4164 532 4217 tius
562 4162 732 4230 culpte
758 4159 1011 4229 persolvit
1037 4159 1271 4213 debitam
1301 4161 1671 4229 quantitatem.

496 4251 649 4307 Vere.
678 4250 731 4306 ϐ.
764 4250 925 4317 Deus,
952 4259 1005 4303 tu
1027 4250 1123 4304 scis
1151 4250 1490 4320 insipientiam
1518 4266 1699 4319 meam,
1725 4261 1774 4306 et
1808 4251 1993 4305 delicta

425 4359 537 4398 mea
561 4358 593 4395 a
622 4353 667 4395 te
694 4358 793 4395 non
822 4350 936 4394 sunt
964 4340 1277 4394 abscondita.
1310 4339 1469 4395 Venit
1494 4341 1558 4394 ad
1590 4341 1880 4396 secundum
1906 4356 1993 4394 ca-

428 4442 540 4504 put,
562 4432 649 4487 ubi
673 4431 778 4501 jam
801 4431 1030 4500 loquitur
1051 4446 1147 4500 pro
1169 4438 1318 4499 parte
1334 4432 1715 4487 membrorum.
1734 4432 1994 4501 [nsipiens

427 4529 568 4581 enim
599 4540 717 4579 esse
745 4538 848 4578 non
876 4533 1050 4592 potest
1076 4522 1338 4589 Christus,
1367 4524 1436 4578 de
1468 4538 1573 4592 quo
1603 4522 1730 4577 dicit
1765 4524 1995 4593 Aposto-

430 4618 542 4671 lus:
565 4615 659 4669 Dei
684 4615 936 4679 virtutem,
958 4623 1005 4667 el
1037 4614 1132 4668 Dei
1160 4614 1460 4682 sapientiam
1482 4611 1538 4684 (I
1553 4612 1671 4667 Cor.
1694 4629 1728 4679 t,
1746 4615 1859 4683 24).
1886 4615 1989 4669 Sed
2023 4598 2073 4656 D

432 4705 770 4774 insipientiam
797 4704 995 4760 habere
1024 4719 1120 4773 pro
1149 4703 1253 4758 illis
1282 4704 1492 4767 dicitur,
1524 4705 1634 4772 qui,
1669 4707 1806 4759 sicut
1832 4706 1902 4759 ait
1931 4710 1996 4761 ti-

433 4797 599 4863 tulus,
646 4797 939 4851 commutati
988 4811 1105 4850 esse
1146 4805 1456 4850 noscuntur.
1504 4795 1580 4850 De
1623 4798 1995 4867 insipientibus

431 4892 571 4942 enim
605 4888 725 4943 facti
754 4898 877 4943 sunt
908 4903 1031 4944 vere
1055 4889 1341 4956 sapientes,
1380 4889 1503 4958 quia
1536 4899 1694 4944 rectm
1721 4891 1994 4962 religionis

431 4981 651 5049 gratiam
682 4988 805 5048 post
833 4993 1022 5048 magna
1047 4978 1271 5033 etimina
1302 4988 1681 5050 perceperunt;
1712 4982 1779 5037 de
1803 4983 1997 5052 quibus

433 5073 569 5126 idem
607 5070 739 5126 dicit
775 5068 1047 5139 apostolus
1084 5084 1098 5120 :
1138 5068 1265 5135 Qui:
1298 5070 1457 5123 stulta
1491 5078 1610 5123 sunt
1636 5072 1791 5145 hujus
1821 5074 1996 5126 mundi

429 5163 580 5232 elegit
624 5160 792 5225 Deus,
836 5169 892 5213 ul
930 5160 1210 5229 confundat
1247 5161 1496 5229 sapientes
1543 5160 1805 5232 (Ibidem,
1856 5164 1926 5216 27
1949 5164 1993 5232 ).

431 5254 605 5310 Simili
632 5254 789 5307 modo
810 5267 905 5321 pro
930 5266 1027 5306 suo
1051 5264 1280 5321 corpore
1300 5251 1466 5321 Caput
1503 5253 1731 5322 loquitur
1753 5252 1997 5309 Christus

430 5346 616 5399 dicens
648 5360 662 5397 :
705 5342 902 5396 Delicta
929 5358 1038 5393 mea
1083 5358 1114 5394 a
1151 5350 1197 5396 le
1224 5358 1325 5394 non
1358 5350 1478 5394 sunt
1510 5342 1824 5395 abscondita.
1870 5342 1997 5396 Cer-

435 5447 543 5491 tum
575 5444 657 5491 est
699 5437 838 5491 enim
877 5436 998 5504 quia
1049 5433 1158 5489 Deo
1200 5433 1475 5487 manifesta
1504 5441 1629 5487 sunt
1666 5444 1850 5488 cuncta
1884 5450 2000 5503 qute

432 5529 693 5599 gerimus,
723 5536 777 5582 et
804 5527 956 5581 nobis
978 5526 1290 5595 plerumque
1322 5525 1498 5594 ignota
1529 5534 1652 5580 sunt
1678 5542 1794 5594 qua:
1825 5528 2000 5595 culpis

433 5620 840 5689 surripientibus
868 5628 1254 5689 perpetramus.
1282 5619 1354 5674 De
1377 5619 1607 5674 humana
1634 5622 1828 5691 quippe
1854 5622 2001 5691 igno-

434 5713 601 5767 rantia
632 5712 832 5766 dictum
864 5720 942 5765 est
976 5728 989 5765 :
1022 5710 1216 5765 Delicta
1238 5712 1605 5784 guisiutelligil
1636 5712 1812 5783 (Psal.
1847 5730 1996 5777 xvnt,

437 5806 550 5871 £5)?
565 5805 749 5859 Merito
771 5818 897 5873 ergo
924 5802 989 5855 ad
1030 5802 1148 5857 illos
1185 5802 1464 5858 referenda
1504 5816 1623 5859 sunt
1654 5804 1836 5858 delicla
1866 5807 1995 5873 ista,

2084 3346 2225 3411 rael;
2259 3346 2307 3399 id
2338 3354 2451 3410 est,
2498 3359 2601 3397 non
2645 3343 2901 3396 humanas
2942 3342 3305 3396 insultationes
3344 3342 3543 3396 diutius
3582 3344 3656 3397 de

2086 3454 2199 3492 mea
2229 3436 2547 3491 dormitione
2574 3433 2885 3494 sustineant,
2914 3434 3001 3500 qui
3033 3443 3078 3486 te
3108 3434 3358 3502 requirere
3389 3448 3649 3502 compro-

2086 3528 2295 3582 bantur.
2332 3525 2397 3578 Et
2423 3525 2558 3579 bene
2582 3523 2799 3587 addidit,
2843 3523 2977 3575 Deus
3008 3519 3210 3589 Israel,
3242 3534 3299 3577 ut
3325 3524 3414 3593 qui
3444 3523 3653 3577 divini-

2087 3626 2247 3670 tatem
2286 3616 2404 3683 ejus
2438 3622 2681 3680 poterant
2723 3612 2933 3678 intueri,
2964 3626 3069 3666 non
3095 3614 3472 3669 seducerenlur
3504 3615 3659 3669 inﬁr-

2087 3707 2270 3764 mitate
2295 3704 2513 3763 carnali.

2160 3819 2313 3873 V'ers.
2355 3818 2409 3872 8.
2456 3816 2707 3881 Quoniam
2744 3825 2946 3886 propler
2986 3824 3032 3869 te
3076 3817 3370 3885 supportavi
3404 3816 3660 3885 imprope-

2088 3913 2223 3965 rium
2246 3927 2264 3964 :
2296 3910 2488 3981 operuit
2524 3912 2798 3961 reverentia
2838 3909 3018 3978 faciem
3047 3924 3227 3960 meant.
3263 3906 3415 3960 Redit
3437 3907 3503 3961 ad
3539 3924 3664 3974 per-

2090 4018 2273 4057 sonam
2307 4018 2456 4056 suatn
2485 4015 2576 4070 per
2605 4001 2701 4054 hos
2730 4014 2820 4053 sex
2845 4014 3029 4053 versus
3053 4015 3184 4068 pene
3216 4014 3377 4068 usque
3406 4000 3468 4051 ad
3496 3999 3659 4053 linem

2091 4095 2397 4159 divisionis,
2432 4106 2752 4147 enumerans
2777 4091 2985 4145 diversa
3020 4092 3255 4145 convicia
3294 4107 3412 4161 quae
3442 4093 3663 4160 pertulit

2093 4204 2121 4241 a
2147 4186 2365 4242 Judteis.
2400 4182 2552 4251 Quod
2595 4182 2808 4237 schema
2850 4183 3041 4237 dicitur
3076 4183 3529 4252 synathroismos,
3557 4183 3667 4237 La-

2094 4276 2201 4331 tine
2225 4272 2581 4344 congregatio,
2616 4272 2700 4326 ubi
2734 4271 2923 4326 multas
2959 4286 3045 4327 res
3086 4272 3150 4326 ad
3180 4272 3431 4326 invidiam
3462 4273 3670 4328 facien-

2093 4366 2214 4421 dam
2263 4366 2314 4419 in
2357 4379 2519 4419 unum
2566 4362 2833 4416 cumulum
2882 4376 3285 4431 congregamus.
3329 4363 3668 4429 Supportarit

2093 4456 2232 4509 enim
2279 4452 2675 4520 impraperium,
2714 4466 2835 4505 cum
2870 4450 2918 4504 ei
2946 4450 3217 4505 dicebatur
3248 4465 3278 4503 a
3309 4451 3507 4506 Iudaeis
3547 4468 3560 4503 :
3595 4450 3667 4504 In

2103 4544 2371 4598 Belzebuth
2400 4541 2543 4611 ejicis
2574 4540 2827 4593 dannonia
2868 4538 3078 4610 (Matth.
3113 4554 3210 4599 κη,
3246 4538 3369 4608 2i);
3405 4550 3457 4593 et
3486 4540 3613 4593 alibi
3652 4559 3665 4593 :

2103 4638 2233 4690 Ecce
2262 4636 2409 4689 homo
2432 4650 2587 4687 vorax
2607 4642 2653 4685 et
2685 4642 2885 4698 potator
2906 4631 3027 4696 uini,
3057 4633 3442 4702 publicanorum
3472 4641 3519 4685 et
3546 4649 3671 4702 pec-

2101 4735 2327 4780 catorum
2355 4725 2545 4777 amicus
2586 4720 2779 4790 (Idem,
2809 4738 2883 4784 ιι,
2910 4722 3037 4791 19);
3071 4734 3121 4776 et
3154 4722 3277 4775 alibi
3316 4740 3326 4775 :
3373 4722 3556 4775 Nonne
3586 4722 3672 4776 hic

2101 4825 2175 4869 est
2206 4815 2338 4885 fabri
2366 4814 2505 4883 ﬁlius
2532 4812 2746 4883 (Matth.
2795 4826 2884 4864 ml
2908 4852 2923 4875 ,
2972 4810 3097 4878 35)?
3124 4821 3176 4864 et
3212 4810 3292 4864 his
3323 4812 3535 4865 similia.
3565 4812 3672 4866 Se-

2101 4906 2276 4974 quitur
2303 4903 2429 4958 illud
2460 4902 2597 4971 quod
2628 4903 2763 4956 solet
2788 4901 3004 4956 ev«-nire
3031 4904 3082 4955 in
3112 4902 3250 4955 bono
3284 4903 3497 4970 negotio
3526 4903 3673 4957 lacc-

2099 4995 2260 5059 ratis,
2284 5008 2416 5063 quos
2447 5001 2593 5047 tanto
2630 4990 2859 5060 amplius
2886 5000 3093 5044 constat
3138 4991 3202 5045 ad
3237 5000 3443 5059 tempus
3485 4994 3673 5048 tristes

2098 5084 2257 5151 effici,
2291 5094 2486 5153 quanto
2516 5084 2568 5137 in
2600 5097 2658 5136 se
2684 5082 3032 5151 cognoverint
3062 5081 3235 5151 iniqua
3264 5082 3518 5150 conﬁngi.

2174 5178 2323 5231 Vers.
2356 5175 2409 5229 9.
2447 5174 2733 5228 Exlraneus
2777 5179 2943 5242 factus
2982 5190 3095 5227 sum
3140 5174 3381 5242 fratribus
3421 5174 3580 5240 meis,
3628 5185 3674 5229 et

2101 5268 2281 5336 hospes
2308 5267 2470 5338 228
2495 5265 2616 5334 filiis
2645 5263 2823 5317 matris
2862 5278 3004 5316 mere.
3046 5262 3259 5317 Judazos
3308 5264 3395 5317 hic
3440 5265 3677 5332 appellat

2101 5357 2309 5425 fratres,
2338 5356 2423 5423 qui
2463 5361 2617 5409 erant
2647 5355 2695 5407 ei
2738 5352 3011 5422 sanguinis
3052 5352 3325 5408 vicinitate
3352 5354 3622 5422 conjuncti
3659 5374 3673 5408 :

2103 5446 2293 5515 quibus
2331 5454 2595 5498 extraneas
2642 5442 2803 5508 factus
2843 5451 2943 5506 est,
2976 5442 3189 5512 quando
3235 5444 3281 5497 ei
3326 5445 3545 5499 credere
3576 5461 3681 5500 no-

2105 5536 2335 5589 luerunt.
2382 5533 2512 5587 Nam
2552 5547 2675 5587 cum
2721 5533 2834 5601 ipse
2879 5543 3019 5587 esset
3056 5533 3121 5588 de
3156 5534 3362 5589 semine
3399 5534 3678 5591 Abraham

2104 5625 2394 5680 secundum
2434 5638 2674 5689 carnem,
2729 5623 2807 5678 illi
2856 5625 3008 5679 malis
3037 5625 3287 5693 operibus
3325 5626 3595 5696 abdicati,
3649 5648 3679 5685 a

2106 5716 2417 5785 patriarcha:
2445 5723 2571 5769 sunt
2606 5715 2810 5784 origine
2835 5715 3125 5785 segregati,
3156 5716 3292 5770 sicut
3317 5718 3391 5771 ait
3416 5718 3465 5770 in
3498 5719 3685 5775 Eran-

2106 5805 2243 5876 gclio
2275 5824 2286 5859 :
2321 5806 2379 5860 Si
2404 5805 2501 5873 ﬁlii
2534 5804 2748 5859 Abrahae
2776 5806 2962 5873 essetis,
2994 5822 3147 5874 opera
3184 5807 3396 5863 Abraha:
3428 5810 3685 5880 fecissetis
