3956 6178
184 216 267 268 lRl
1070 212 1429 268 EXPOSI'I‘IO
1467 211 1530 266 IN
1574 210 2023 267 PSALTERlUM.
2067 212 2253 269 PSAIH
2289 212 2515 269 LXVIII.

3330 215 3431 271 ωε

178 326 360 397 (Joan.
399 340 510 390 \‘lll,
543 325 611 380 59
630 324 671 395 ).
702 323 929 393 Adiecit,
959 334 1008 377 et
1048 324 1231 393 hospes
1257 324 1380 391 filiis
1406 325 1582 375 matris
1606 336 1751 375 meat.
1787 327 1831 383 Α
1861 322 2056 391 operui,
2079 321 2231 388 dixit,
2258 324 2480 376 animam
2507 339 2690 390 meam,
2732 326 2881 393 quasi
2915 327 3091 395 aliquo
3134 327 3295 396 pallio
3336 328 3431 381 tri-

178 420 444 485 !tospitem
464 415 694 470 dicimus
710 414 1001 485 quemlibet
1019 415 1235 469 domum
1266 424 1501 470 nostram
1532 415 1598 468 ad
1624 424 1756 469 tem-

176 520 270 575 pus
290 506 644 571 habitantem,
671 506 759 575 qui
791 520 896 559 non
920 506 1134 561 nomine
1155 505 1757 576 consanguinitatis,scd

178 611 430 661 tanquam
486 599 798 669 peregrinus
838 600 1118 668 excipitur.
1166 599 1385 653 Matrem
1423 614 1553 654 vero
1599 614 1756 653 suam

172 690 674 760 Synagogamdleit,
694 692 761 745 de
782 706 883 761 qua
895 704 1043 746 ortus
1061 701 1163 757 est,
1180 692 1303 745 dum
1336 691 1576 746 iuludaea
1600 700 1758 759 gente

176 786 324 838 nasci
381 783 629 852 dignatus
682 793 785 837 est.
815 781 985 837 Filios
1014 800 1141 853 ergo
1188 784 1363 837 matris
1411 784 1556 853 ipsos
1597 782 1757 846 dicit,

176 888 309 941 quos
334 874 586 942 superius
612 873 746 927 dixit
766 883 821 928 et
841 877 1041 942 fratres.
1068 874 1171 929 Sed
1195 875 1279 928 isti
1311 873 1431 943 ﬁlii,
1464 874 1506 926 si
1537 872 1761 925 fuissent

178 962 309 1027 veri,
344 977 454 1014 non
482 970 537 1015 ut
564 963 811 1031 hospitem
838 964 1167 1027 habuissent,
1197 964 1290 1016 sed
1318 972 1376 1017 ut
1397 963 1609 1017 fratrem
1636 961 1763 1016 cha-

179 1056 455 1109 rissimum
486 1056 847 1124 suscepissent
878 1055 1159 1109 Dominum
1187 1054 1474 1110 Christum.

251 1169 409 1222 Vers.
456 1168 543 1223 10,
586 1165 839 1232 Quoniam
877 1165 1016 1219 zelus
1055 1166 1237 1219 domus
1280 1176 1379 1220 tua:
1407 1168 1620 1221 comedit
1652 1186 1758 1233 me,

180 1271 224 1314 et
250 1259 537 1330 approbria
577 1257 989 1327 exprobrantium
1024 1258 1113 1309 tibi
1152 1257 1437 1310 ceciderunt
1480 1275 1633 1329 super
1662 1275 1758 1313 me.

184 1354 294 1421 Ipsa
341 1362 431 1407 est
462 1351 727 1406 sententia
756 1365 913 1419 quam
955 1350 1291 1419 evangelista:
1320 1361 1760 1406 commemorant.

182 1445 523 1511 Quapropter
549 1442 728 1497 nullus
756 1442 994 1512 ambigat
1028 1442 1168 1496 hunc
1200 1443 1458 1511 psalmum
1505 1443 1764 1511 passionis

181 1535 470 1589 dominica:
495 1534 788 1603 praedicere
815 1535 1114 1601 veritatem,
1137 1534 1350 1601 quando
1379 1543 1435 1591 et
1458 1535 1765 1589 incarnatus

183 1624 273 1679 θυι
316 1624 486 1679 Filius
528 1626 642 1693 ipsa
688 1626 846 1680 verba
888 1626 1094 1680 locutus
1134 1633 1233 1679 est.
1277 1622 1576 1678 Comcdebat
1616 1626 1757 1679 enim

182 1734 299 1772 eum
330 1720 477 1771 zelus
510 1720 691 1771 domus
712 1717 1052 1787 Dei,quandu
1075 1718 1305 1772 funiculo
1325 1718 1462 1775 facto
1482 1718 1764 1773 cathedras
1796 1726 1841 1785 Β

181 1808 532 1863 vendentium
572 1808 883 1872 columbas,
932 1815 986 1862 et
1034 1808 1509 1862 nummulariorum
1552 1822 1764 1862 mensas

182 1902 379 1954 evertit
412 1898 606 1970 (Joan.
637 1915 695 1965 ιι,
730 1899 861 1969 l5),
917 1899 1116 1953 docens
1156 1898 1297 1952 aliud
1343 1912 1463 1954 esse
1508 1898 1761 1967 templum

184 2003 462 2055 sanetum,
516 1989 659 2044 aliud
708 1990 1084 2060 negotiationis
1132 1990 1388 2044 ofﬁcium.
1439 1988 1544 2045 Sed
1602 1989 1762 2044 istum

184 2084 355 2134 zelum
398 2080 527 2148 quid
578 2082 735 2134 luerit
772 2092 1115 2135 consecutum
1151 2088 1395 2149 patenter
1435 2080 1760 2150 adjungitur,

186 2181 229 2223 et
260 2171 549 2240 approbria
587 2171 1003 2241 exprobrantium
1037 2171 1124 2223 tibi
1161 2171 1448 2224 ceciderunt
1482 2174 1636 2237 super
1662 2187 1759 2224 me.

186 2262 315 2315 Nam
350 2271 636 2331 postquam
671 2261 868 2331 indigni
897 2260 1222 2316 salutaribus
1260 2261 1476 2316 monitis
1512 2261 1765 2331 increpa-

188 2353 406 2421 bantur,
435 2354 722 2421 opprobria
750 2367 907 2421 supra
938 2367 1058 2406 eum
1084 2352 1235 2422 quasi
1264 2351 1502 2406 conferta
1536 2352 1635 2407 tela
1665 2352 1763 2406 mi-

188 2452 408 2506 serunt,
443 2453 500 2495 ut
530 2458 625 2508 pro
647 2442 1100 2497 admonitionibus
1122 2441 1321 2496 sanctis
1344 2440 1762 2496 vicissitudinem

189 2536 477 2588 redderent
505 2533 825 2603 iurgiorum.
858 2533 1115 2588 Dicebant
1144 2533 1285 2587 enim
1316 2550 1330 2586 :
1368 2531 1556 2587 Nonne
1583 2533 1664 2586 hic
1694 2540 1767 2587 est

188 2625 324 2690 ﬁlius
360 2623 546 2676 Merita
573 2632 619 2677 et
642 2624 833 2693 Ioseph
866 2622 1015 2693 (Luc.
1054 2638 1122 2685 ιν,
1154 2621 1266 2691 ‘22).
1293 2622 1359 2675 Et
1386 2623 1435 2675 in
1469 2622 1574 2676 alio
1606 2622 1765 2677 loco:

189 2714 235 2767 11
246 2732 345 2767 Inc
375 2725 543 2767 autem
574 2718 821 2767 uincimus
852 2713 985 2766 unde
1013 2715 1077 2766 sit
1104 2711 1289 2780 (Joan.
1314 2728 1389 2777 ix,
1431 2712 1575 2784 29);,
1606 2722 1657 2767 et
1686 2711 1769 2767 bis

188 2808 386 2860 similia
414 2823 531 2875 qua:
572 2808 756 2859 insana
783 2806 1085 2860 Jullmorum
1113 2806 1263 2858 turba
1294 2804 1629 2873 loquebatur.
1660 2804 1764 2859 Sed

188 2898 328 2965 quod
351 2898 499 2959 dicit,
532 2897 941 2965 exprobrantium
981 2895 1088 2959 tibi,
1122 2895 1465 2964 qumrendum
1494 2904 1574 2948 est
1604 2909 1768 2964 quare

188 2992 330 3044 dicat
364 2990 506 3043 Patri
531 2988 931 3057 exprobr'tum,
966 2988 1093 3042 dum
1127 3004 1229 3042 non
1261 2988 1497 3057 legamus
1519 3002 1547 3041 a
1572 2987 1768 3041 Judzeis

190 3094 434 3149 tempore
466 3082 733 3148 passionis
778 3082 986 3136 Domini
1027 3080 1221 3136 Christi
1267 3082 1370 3137 tale
1410 3081 1608 3151 aliquid
1650 3098 1766 3151 per.
1800 3104 1848 3167 ο

191 3173 500 3240 petratuml
529 3172 634 3228 Sed
666 3175 1043 3243 exprobratum
1085 3183 1166 3228 est
1204 3174 1345 3228 Patri
1396 3174 1464 3229 ab
1490 3174 1598 3241 eis,
1632 3177 1769 3230 sicut

193 3266 238 3318 in
282 3265 678 3333 septuagesimo
718 3266 943 3334 septimo
988 3265 1198 3335 psalmo
1241 3267 1484 3321 dicturus
1522 3276 1605 3322 est
1654 3285 1667 3319 :
1701 3266 1771 3321 Et

191 3358 326 3409 male
364 3356 525 3409 locuti
548 3365 665 3410 sunt
692 3359 754 3410 de
787 3352 915 3424 Deo,
946 3368 993 3411 et
1025 3354 1262 3412 dixerunt
1293 3374 1313 3412 :
1352 3340 1621 3429 Nunquid
1632 3369 1772 3429 pote-

193 3447 253 3496 rit
291 3444 430 3498 Deus
458 3462 641 3513 parare
665 3463 887 3501 mensam
913 3450 966 3501 in
994 3450 1189 3517 deserto
1220 3448 1392 3519 (Psal.
1425 3466 1621 3515 Lxxvn,
1658 3450 1771 3519 l9)?

198 3535 294 3590 Vel
330 3536 551 3605 quando
585 3538 757 3593 insani
794 3539 860 3594 de
901 3534 1129 3594 formato
1174 3541 1342 3594 vitulo
1373 3541 1623 3595 dicenant
1651 3558 1664 3595 :
1698 3540 1773 3595 Hi

195 3640 311 3680 sunt
359 3629 435 3681 dii
463 3629 558 3694 tui,
592 3627 779 3695 Israel,
807 3631 894 3697 qui
922 3640 968 3683 te
996 3631 1281 3685 eduxerunt
1306 3632 1368 3684 de
1396 3640 1532 3684 terra
1554 3630 1773 3702 Aigypti

198 3716 393 3787 (Exod.
412 3734 586 3785 xxxtt,
608 3720 843 3788 5).Undc
858 3738 997 3777 nunc
1024 3722 1391 3778 rec:e(.'hristu
1410 3721 1686 3778 .Dominus
1702 3724 1778 3778 di-

199 3814 268 3865 cit
282 3814 524 3866 cecidisse
535 3829 693 3882 supra
722 3830 779 3869 se
794 3815 1085 3883 opprobria,
1108 3832 1224 3885 qua:
1244 3816 1352 3870 Deo
1379 3816 1516 3870 Patri
1537 3818 1771 3871 anterio-

201 3904 343 3959 ribns
373 3905 703 3973 temporibus
740 3906 1163 3975 exprobrabant,
1205 3917 1260 3961 ut
1290 3924 1352 3961 ex
1393 3908 1776 3963 consuetudine

202 3999 367 4066 magis
398 3998 593 4066 impia,
633 4013 789 4066 quam
830 4000 932 4053 hoc
971 4000 1177 4053 naviter
1219 3998 1415 4068 aliquid
1458 4008 1672 4067 putares
1698 3997 1779 4054 ef-

202 4085 417 4140 lcetum.
465 4087 738 4157 Sequitur,
771 4090 1055 4143 ceciderunt
1084 4105 1237 4155 super
1276 4105 1385 4154 me,
1432 4098 1489 4143 ut
1530 4088 1775 4144 ell'ectum

204 4180 392 4233 mortis
426 4180 760 4247 ostenderet,
794 4197 952 4250 quem
984 4183 1157 4237 crucis
1189 4182 1495 4249 dignatione
1520 4182 1775 4251 suscepit.

208 4269 352 4324 Tunc
374 4272 516 4326 enim
546 4272 743 4327 cadunt
764 4288 923 4343 super
953 4289 1049 4329 nos
1086 4273 1247 4338 mala,
1279 4272 1492 4342 quando
1520 4286 1583 4328 ea
1609 4271 1779 4327 vitare

207 4400 309 4438 non
342 4400 646 4455 possumus.

1860 416 2019 468 stitia:
2056 415 2403 471 circumdedi.
2451 416 2726 486 Sequitur.
2778 428 2823 472 et
2865 422 3057 489 factum
3097 430 3170 473 est
3203 420 3329 473 mihi
3370 421 3425 473 in

1860 504 2205 573 approbrium.
2234 506 2460 578 Semper
2484 506 2608 560 boni
2638 507 2791 561 malis
2825 511 3113 577 opprobrio
3133 518 3277 575 sunt,
3307 511 3431 579 quia

1861 595 2079 649 minime
2106 611 2289 650 eorum
2313 597 2610 653 sceleribus
2637 600 3002 666 acquiescunt,
3036 602 3158 655 dum
3190 602 3294 655 illis
3319 613 3435 654 stu-

1861 686 2009 739 diose
2050 686 2364 755 detraltunt,
2406 688 2597 756 quibus
2637 690 2779 742 nulla
2827 692 3081 745 societate
3116 691 3433 761 junguntur.

1862 778 2147 833 Testantur
2180 780 2321 833 enim
2359 778 2460 834 ista
2492 781 2785 848 opprobria,
2818 781 3019 847 alapas.
3049 781 3276 851 ﬂagella,
3306 797 3436 836 cono

1862 880 2038 937 Sputa,
2083 884 2203 936 qua:
2248 870 2502 925 Dominus
2532 870 2776 925 Salvator
2802 873 2867 926 ab
2900 873 3080 927 insana
3114 875 3268 941 plebe
3308 888 3432 943 per-

1864 972 2048 1026 pessus
2074 969 2174 1012 est.

1937 1049 2090 1103 Vers.
2126 1052 2211 1104 19..
2247 1048 2315 1102 Et
2346 1049 2492 1117 posui
2521 1050 2866 1103 uestimentum
2892 1067 3057 1104 meum
3087 1051 3330 1116 cilicium,
3387 1061 3434 1106 et

1864 1142 2030 1209 factus
2059 1156 2170 1193 sum
2212 1141 2314 1194 illis
2356 1141 2409 1193 in
2449 1141 2765 1210 parabolam.
2787 1142 2887 1195 Per
2932 1142 3157 1195 cilicium
3214 1145 3430 1198 tristitia

1866 1232 2193 1299 signiﬁcatur
2236 1243 2288 1287 et
2335 1233 2616 1303 lacrymte,
2671 1233 2883 1302 quando
2926 1233 3180 1287 Dominus
3224 1235 3440 1297 humani

1864 1324 2074 1391 generis
2096 1322 2455 1378 imbecillitate
2481 1334 2773 1395 permotus,
2800 1326 3153 1378 suscitaturus
3183 1324 3437 1379 Lazarum

1866 1411 2031 1465 ﬂevit.
2064 1410 2333 1479 Nusquam
2364 1412 2506 1465 enim
2549 1411 2742 1479 legitur
2768 1411 3049 1466 Dominum
3092 1428 3244 1467 usum
3276 1414 3441 1469 luisse

1866 1501 2067 1556 cilicio.
2126 1499 2321 1554 Factus
2368 1512 2440 1555 est
2476 1516 2712 1574 'quoque
2759 1501 2957 1557 Judaais
3009 1504 3062 1557 in
3113 1493 3438 1573 parabolam,

1866 1589 2076 1658 quando
2098 1605 2194 1659 per
2215 1590 2587 1644 similitudines
2615 1591 2868 1660 quasdam
2897 1592 3163 1648 carnalem
3194 1596 3440 1662 populum

1868 1681 2062 1733 docere
2097 1679 2396 1745 videbatur,
2437 1678 2575 1733 sicut
2612 1680 2663 1732 in
2704 1680 2998 1750 Evangelio
3039 1682 3228 1751 legitur
3258 1700 3270 1735 :
3303 1682 3447 1738 Dixit

1872 1770 2127 1823 Dominus
2156 1768 2462 1837 parabolam
2488 1768 2552 1822 ad
2584 1769 2790 1823 turbam
2823 1770 3044 1839 (Matth.
3078 1788 3191 1837 xnt,
3228 1771 3362 1842 54);
3387 1783 3444 1828 et

1870 1860 1920 1912 in
1948 1860 2054 1913 alio
2085 1860 2289 1929 psalmo
2314 1877 2327 1913 :
2356 1859 2592 1929 Aperiam
2620 1860 2673 1913 in
2706 1860 2965 1928 parabolis
2994 1878 3049 1916 0s
3077 1878 3240 1917 meum
3266 1864 3441 1933 (Psal.

1868 1969 2066 2019 Lxxvtt,
2099 1952 2188 2022 2).
2226 1952 2479 2006 Parabula
2521 1960 2604 2005 est
2642 1952 2783 2005 enim
2813 1964 2999 2006 natura
3025 1953 3440 2021 discrepantium

1867 2058 2045 2097 rerum
2069 2044 2167 2097 sub
2187 2041 2358 2112 aliqua
2390 2041 2734 2097 similitudine
2751 2042 2886 2097 facta
2907 2042 3234 2110 comparatio
3254 2059 3267 2095 :
3290 2057 3444 2098 more

1869 2134 2212 2202 providentia:
2240 2148 2383 2197 sum,
2414 2142 2471 2187 ut
2499 2133 2587 2202 qui
2625 2132 2863 2187 ctelestia
2910 2148 3101 2201 capere
3139 2150 3242 2187 non
3282 2143 3437 2202 pote-

1869 2232 2007 2290 rant,
2039 2238 2131 2291 per
2163 2232 2401 2278 terrenas
2427 2221 2802 2277 similitudines
2826 2222 3005 2277 audita
3040 2223 3314 2292 percipere
3342 2236 3438 2291 po-

1869 2315 2114 2368 luissem.

1940 2403 2091 2458 Vers.
2130 2404 2214 2457 15.
2258 2405 2537 2457 Adversum
2570 2420 2645 2457 me
2675 2412 3029 2457 exercebantur
3070 2402 3224 2474 [ed.,
3266 2403 3440 2472 loque-

1869 2494 2086 2564 bantur]
2117 2495 2205 2563 qui
2233 2495 2465 2548 sedebant
2492 2496 2540 2547 in
2568 2505 2740 2565 porta;
2772 2505 2817 2548 et
2854 2496 2908 2547 in
2933 2511 3010 2547 me
3036 2494 3314 2562 psallebant
3353 2494 3441 2562 qui

1870 2584 2104 2636 bibebant
2134 2585 2327 2637 tinum.
2360 2584 2426 2636 In
2452 2585 2612 2654 portis
2648 2586 2818 2638 sedent
2848 2586 2935 2654 qui
2961 2586 3308 2639 conventibus
3336 2584 3438 2638 h0-

1872 2675 2071 2726 minum
2098 2673 2281 2727 sedula
2311 2674 2615 2728 curiositate
2643 2676 2951 2731 miscentur.
2982 2676 3110 2729 Nam
3134 2676 3270 2730 sicut
3292 2686 3441 2741 porta

1870 2764 2105 2819 euntium
2148 2780 2211 2818 ac
2256 2765 2589 2819 redeuntium
2627 2766 2808 2819 turbas
2846 2767 3069 2835 excipit,
3118 2765 3188 2819 ita
3228 2766 3436 2821 diversa

1872 2855 2045 2919 trivia,
2080 2854 2163 2907 vel
2195 2854 2385 2924 platea:
2416 2854 2729 2923 populorum
2760 2856 3143 2909 numerositate
3165 2855 3439 2924 complen-

1874 2956 1976 2999 tur.
2012 2944 2171 2998 l’orta
2199 2948 2392 3014 quippe
2424 2947 2561 2999 dicta
2594 2954 2677 3000 est
2703 2946 2842 3015 quod
2878 2947 2999 3000 inde
3029 2956 3304 3013 portentur
3324 2962 3438 3001 om-

1875 3039 1981 3090 nia.
2015 3036 2147 3089 Dicit
2167 3037 2309 3091 enim
2334 3036 2631 3102 passionem
2658 3050 2808 3091 suam
2831 3036 3002 3105 gentis
3022 3037 3252 3091 Judaicze
3275 3037 3437 3092 fuisse

1880 3129 2127 3193 tabulam,
2158 3136 2215 3182 ut
2239 3128 2413 3183 nullus
2444 3129 2781 3197 exciperetur
2802 3132 2941 3199 quia
2970 3130 3060 3183 tali
3082 3130 3437 3184 collocutione

1872 3219 2185 3274 redderetur
2209 3219 2433 3273 alienus.
2463 3219 2637 3274 Testis
2665 3232 2744 3276 est
2775 3220 2930 3289 hujus
2958 3235 3135 3275 causae
3164 3222 3252 3275 ille
3288 3221 3437 3275 locus

1875 3312 2143 3383 Evangelii
2174 3313 2261 3366 ubi
2296 3311 2563 3382 Cleophas
2601 3326 2630 3365 a
2663 3300 2888 3369 Domino
2930 3314 3154 3368 necdum
3201 3311 3439 3367 revelato

1873 3403 2232 3473 interrogatus
2263 3413 2364 3466 est,
2394 3413 2447 3457 et
2476 3403 2567 3458 ille
2601 3405 2877 3472 respondit
2908 3402 3023 3458 :Tu
3049 3401 3191 3456 solus
3219 3405 3443 3475 peregri-

1874 3511 1967 3548 nus
1992 3511 2044 3549 es
2074 3496 2127 3547 in
2155 3493 2462 3558 Jerusalem,
2492 3504 2538 3550 et
2576 3510 2676 3548 non
2706 3494 2983 3566 cognovisti
3010 3509 3125 3564 qua:
3162 3494 3298 3563 facta
3325 3501 3455 3549 sunt.

1871 3584 1926 3637 in
1953 3602 2009 3637 ea
2038 3586 2090 3637 in
2118 3585 2291 3639 diebus
2310 3584 2387 3637 Itis
2412 3584 2563 3653 (Luc.
2592 3598 2741 3650 xxw,
2759 3584 2845 3657 I8)
2866 3584 2888 3637 ?
2912 3583 3108 3639 Omnes
3126 3584 3267 3639 enim
3294 3584 3447 3639 cives

1873 3674 2115 3728 eamdem
2160 3674 2387 3728 fabulam
2421 3673 2668 3729 habuisse
2694 3684 3077 3739 monstrantur,
3110 3674 3323 3744 quando
3346 3688 3445 3744 pec

1876 3765 2117 3834 regrinus
2149 3765 2367 3832 dicitur,
2397 3764 2484 3834 qui
2524 3764 2680 3833 hujus
2702 3780 2875 3820 causa:
2899 3765 3180 3834 putabatur
3205 3766 3441 3835 ignarus.

1879 3856 1954 3912 De
1984 3856 2283 3925 approbriis
2322 3871 2385 3911 ac
2420 3856 2674 3912 conviciis
2712 3856 3019 3911 Iudaeorum
3059 3856 3318 3912 hactenus
3362 3865 3448 3911 est

1876 3945 2123 4010 locutus;
2165 3961 2323 4011 nunc,
2359 3954 2613 4015 quantum
2658 3946 2789 4000 mibi
2840 3946 3073 4012 videtur,
3103 3945 3171 4001 de
3200 3946 3447 4001 lidelibus

1878 4037 2007 4091 dicit
2050 4077 2061 4089 .
2096 4034 2163 4088 Et
2211 4037 2265 4089 in
2304 4052 2383 4090 me
2422 4034 2705 4104 psallebant
2750 4036 2839 4104 qui
2885 4036 3116 4090 bibebant
3156 4036 3347 4088 uinum.
3387 4036 3444 4089 In

1880 4128 2045 4181 Deum
2077 4127 2306 4195 psallunt
2345 4126 2438 4194 qui
2483 4128 2693 4180 actione
2739 4125 2998 4194 probabili
3041 4125 3361 4194 diriguntur,
3393 4133 3449 4178 et

1879 4217 2129 4285 aperibus
2158 4216 2385 4270 reddunt
2411 4232 2527 4285 qua:
2554 4215 2765 4269 monitis
2792 4215 3029 4270 caelestia
3057 4214 3301 4269 mandata
3328 4227 3451 4269 sus-

1879 4308 2099 4376 cipiunt.
2140 4308 2269 4361 Nam
2305 4316 2358 4359 ut
2386 4307 2485 4361 hoc
2516 4307 2582 4361 de
2618 4306 2862 4361 ﬁdelibus
2892 4307 3188 4376 intelligere
3228 4307 3451 4362 debere-

1883 4413 2021 4460 mus,
2044 4397 2116 4450 ait
2150 4414 2164 4450 :
2198 4398 2296 4462 Qui
2324 4397 2553 4449 bibebant
2576 4398 2770 4451 uinum.
2806 4396 2995 4450 Vinum
3021 4412 3124 4451 non
3153 4396 3449 4461 ebrietatis,

276 4484 432 4539 Vers.
474 4486 557 4539 ll.
601 4483 667 4538 Et
714 4487 892 4551 operui
928 4486 981 4540 in
1010 4487 1212 4557 jejunio
1247 4487 1470 4539 animam
1504 4503 1697 4550 meam,
1729 4497 1778 4541 et
1810 4459 1856 4518 θ
1884 4489 1975 4542 sed
2010 4459 2143 4541 illud
2185 4459 2459 4557 spirituale
2498 4488 2564 4542 de
2605 4503 2710 4556 quo
2755 4488 2945 4558 legitur
2974 4505 2987 4540 :
3018 4487 3270 4542 Poculum
3306 4459 3454 4541 tuum

212 4580 401 4643 factum
418 4586 486 4629 est
502 4577 555 4629 in
572 4576 900 4646 approbrium
922 4578 1065 4631 mihi.
1088 4575 1356 4648 Jejunium
1377 4576 1621 4642 dicimus,
1646 4592 1779 4645 quo-

215 4672 312 4723 ties
338 4686 365 4722 a
398 4669 534 4723 cibis
560 4668 866 4724 carnalibus
895 4670 1250 4735 abstinemus,
1282 4683 1381 4723 nec
1417 4670 1644 4736 esuriem
1683 4684 1780 4723 no-

211 4770 373 4812 stram
398 4760 572 4827 aliqua
601 4759 928 4815 cornestione
956 4760 1233 4814 satiamus.
1257 4758 1335 4813 Ad
1357 4774 1513 4828 quam
1536 4759 1783 4814 similitu-

214 4850 388 4903 dinem
429 4849 702 4918 jejunasse
749 4862 811 4904 se
856 4849 983 4903 dicit
1036 4848 1290 4903 Dominus
1337 4848 1608 4918 Christus,
1662 4849 1783 4919 quia

218 4942 487 4995 hominum
523 4942 682 4997 ﬁdem
708 4956 865 5011 quam
888 4938 1038 4996 valde
1063 4941 1353 5006 e~uriebat,
1386 4940 1604 4995 minime
1635 4949 1786 5005 pote-

216 5042 298 5081 tat
340 5032 603 5091 invenire,
647 5031 791 5084 sicut
834 5039 893 5084 et
930 5032 984 5083 in
1030 5029 1303 5099 trigesimo
1347 5038 1535 5098 quarto
1582 5029 1785 5097 psalmo

215 5121 415 5174 dictum
454 5133 533 5175 est
577 5139 589 5174 :
631 5120 739 5190 Ego
760 5130 945 5186 autem,
973 5137 1086 5175 cum
1120 5120 1243 5173 mihi
1276 5122 1470 5173 molesti
1497 5130 1678 5185 essent,
1708 5120 1787 5173 in-

218 5215 433 5267 duebam
468 5232 542 5267 me
572 5216 767 5279 cilicio,
805 5224 852 5267 et
881 5213 1212 5267 Ituntiliabam
1247 5214 1299 5267 in
1333 5214 1535 5284 jejunio
1561 5214 1787 5265 animam

216 5321 384 5355 meam
412 5304 589 5375 (Psal.
636 5321 816 5369 xxxiv,
850 5307 969 5374 l5).
1028 5304 1226 5358 Eodem
1269 5304 1426 5357 modo
1467 5310 1522 5357 et
1549 5302 1699 5357 sitire
1732 5316 1791 5356 se

219 5395 378 5459 dmit,
407 5397 620 5464 quando
646 5397 711 5448 ad
750 5396 1133 5451 Szmaritanani
1168 5395 1348 5460 venit,
1389 5402 1444 5449 et
1472 5409 1657 5463 aquam
1702 5408 1790 5461 pe-

222 5486 333 5545 ti.t,
354 5485 527 5539 dicens
553 5502 565 5537 :
592 5486 749 5551 Sitio,
775 5486 840 5537 do
866 5488 987 5539 mihi
1005 5486 1170 5539 bibere
1192 5484 1371 5551 (Joan.
1402 5500 1470 5551 tv,
1496 5485 1581 5554 8);
1612 5483 1661 5538 id
1687 5492 1790 5548 c.-t,

226 5585 281 5623 ut
315 5574 460 5627 ﬁdem
496 5576 565 5629 ab
592 5590 653 5629 ea
685 5591 839 5644 quam
869 5576 1139 5645 quaerebat
1172 5585 1504 5647 agnosceret.
1540 5573 1644 5629 Sed
1672 5574 1794 5643 quia

220 5661 479 5732 jejunium
517 5665 659 5720 istud
698 5666 763 5719 ab
809 5667 1034 5721 humana
1077 5665 1414 5724 indevotione
1457 5663 1792 5731 trahebatur,

1884 4580 2137 4635 inebrians
2174 4596 2324 4644 quam
2366 4578 2666 4647 praeclarum
2708 4589 2779 4633 est
2806 4580 2825 4649 (
2853 4578 2994 4633 Psal.
3040 4595 3146 4634 xstt
3165 4620 3181 4644 ,
3210 4580 3277 4648 5)
3307 4581 3321 4634 ι
3350 4579 3453 4649 Ipsi

1887 4669 2028 4724 enim
2052 4670 2353 4739 psallebant,
2380 4668 2469 4739 qui
2503 4685 2596 4738 per
2622 4670 3021 4738 intelligentiam
3059 4684 3343 4739 supernam
3365 4685 3457 4724 sa-

1890 4757 2047 4813 lutari
2088 4768 2302 4813 net-tare
2332 4760 2666 4827 potabantur.
2711 4760 2814 4813 Alii
2861 4760 2960 4813 hoc
3002 4759 3201 4814 .Iudmis
3241 4760 3455 4827 perﬁdis

1889 4849 2174 4918 applicant,
2198 4850 2309 4919 qui,
2333 4850 2484 4919 quasi
2506 4850 2718 4919 impleta
2745 4851 3063 4919 c0gitatione
3092 4866 3207 4919 sua,
3236 4853 3303 4906 de
3325 4866 3457 4908 nece

1892 4939 2098 4993 Domini
2135 4940 2576 4994 temulentissime
2604 4940 2924 5009 garriebant.

1962 5028 2111 5083 Vers.
2142 5031 2221 5084 14.
2252 5028 2362 5098 Ego
2386 5045 2499 5083 vero
2527 5032 2802 5083 orationem
2826 5047 2987 5085 meam
3006 5031 3075 5083 ad
3104 5040 3173 5095 te,
3206 5030 3459 5086 Domine:

1889 5128 2083 5189 tempus
2110 5120 2435 5187 beneplaciti,
2469 5118 2628 5184 Deus,
2669 5123 2721 5173 in
2751 5121 3071 5173 multitudine
3100 5121 3460 5177 misericordia:

1895 5221 2012 5263 tute.
2046 5210 2202 5265 Venit
2242 5212 2305 5264 ad
2347 5212 2558 5264 tertiqu
2595 5222 2783 5279 caput,
2825 5215 2911 5265 ubi
2949 5222 3134 5266 contra
3178 5211 3461 5267 maledicta

1895 5299 2197 5355 Judaeorum
2226 5302 2481 5356 orationis
2509 5318 2619 5357 sua:
2659 5302 2904 5370 exposuit
2939 5303 3274 5358 sanctitatem
3302 5302 3463 5357 caele-

1896 5394 1993 5445 stis
2024 5392 2239 5458 Doctor,
2286 5391 2561 5446 insinuans
2595 5393 2783 5463 iurgiis
2812 5394 3083 5447 hominum
3112 5410 3216 5447 non
3249 5392 3459 5448 inﬂam-

1901 5482 2055 5535 matis
2075 5481 2226 5548 rixis,
2250 5481 2342 5535 sed
2366 5482 2462 5546 piis
2478 5483 2802 5537 orationibus
2821 5485 3161 5540 obviandutn.
3180 5482 3464 5538 Videamus

1903 5588 2042 5627 nunc
2070 5572 2195 5640 quid
2226 5571 2304 5626 sid
2325 5582 2521 5639 tentpus
2551 5575 2862 5645 beneplaciti.
2896 5576 3025 5631 Illud
3056 5588 3250 5644 tempus
3274 5584 3358 5631 est
3381 5576 3468 5631 be-

1902 5661 2177 5734 ncplaciti,
2205 5664 2415 5732 quando
2459 5665 2836 5721 incarnationis
2880 5680 2992 5720 suae
3036 5668 3295 5725 benellcio
3324 5667 3465 5738 peti-
