3956 6178
510 206 620 260 485

1707 200 1777 254 Μ.
1827 198 2090 255 AURELll

2195 196 2538 253 ASSlODORl
3634 206 3721 258 486

505 319 780 372 clitantem
811 316 1062 372 mundum
1090 315 1159 369 ab
1179 311 1741 367 itnminentilibcravit
1762 310 1945 365 exitio.
1972 310 2082 362 lloc
2110 316 2157 370 Α
2186 308 2365 379 (Prov.
2421 322 2567 372 xvm,
2616 308 2693 375 5).
2752 306 2962 372 nepetit
3010 307 3201 361 lterum
3255 307 3490 365 eumdem
3533 327 3721 372 samum

510 417 705 477 tempus
736 420 815 462 est
843 406 1171 473 beneplaciti,
1200 404 1267 457 de
1294 418 1403 473 quo
1429 411 1484 456 et
1515 402 1803 470 Apostolus
1828 402 1901 455 ait
1927 420 1939 453 :
1964 401 2090 454 Ecce

511 515 643 551 nunc
667 508 861 565 tetnptts
889 492 1219 564 acceptabile,
1247 506 1357 545 ecce
1379 504 1513 545 nunc
1538 492 1645 544 dies
1668 491 1849 544 salutis
1870 489 1956 561 (ll
1970 490 2089 544 Cor.

510 606 592 656 Vt,
639 589 734 656 2).
780 587 1010 654 Tempus
1048 585 1190 649 quod
1222 584 1350 638 vicit
1385 584 1562 636 omnia
1611 584 1844 647 saecula;
1882 594 2092 651 tempus

510 676 650 748 quod
706 679 961 729 mundum
1011 674 1277 741 reparavit
1333 673 1632 737 labentem;
1687 683 1901 742 tempus
1948 673 2090 742 quod

513 768 866 823 aeternitatem
910 767 1133 820 Contulit
1179 774 1233 819 et
1283 765 1530 819 salutem.
1584 765 1689 820 Sed
1735 766 1833 819 hoc
1882 777 2090 833 tempus

511 858 780 928 quomodo
830 859 1138 927 provenerit
1181 858 1434 912 decenter
1477 862 1726 926 exponit;
1768 859 1842 912 ait
1886 860 2029 913 enim
2075 876 2087 911 :

512 953 577 1005 In
608 952 912 1005 multitidine
936 950 1295 1003 misericordiae
1324 960 1440 1003 tum.
1466 949 1594 1003 Nam
1627 951 1669 1002 si
1703 951 1975 1003 multitudo
2004 951 2092 1002 mio

512 1044 806 1098 sericordite
838 1058 942 1096 non
977 1041 1184 1108 fuisset,
1210 1056 1541 1110 nequaquam
1571 1040 1759 1094 redimi
1786 1050 2092 1110 poteramus

516 1136 677 1205 229
715 1134 953 1188 obnoxii.
1010 1132 1123 1185 Non
1166 1132 1309 1185 enim
1352 1144 1515 1200 parva
1560 1132 1923 1185 misericordia
1963 1131 2091 1195 fuit,

514 1239 634 1291 qua:
672 1235 774 1275 tant
808 1221 1038 1289 ingentia
1078 1230 1294 1289 peccata
1334 1222 1623 1289 superavit.
1665 1220 1943 1273 Multitudo
1975 1218 2095 1288 quia

516 1313 639 1367 dem
666 1312 762 1366 fuit
790 1311 1001 1377 delicti;
1031 1312 1125 1365 sed
1164 1310 1331 1365 multo
1361 1310 1693 1364 numerosior
1724 1308 2092 1366 misericordia

512 1403 599 1457 illa
631 1417 751 1470 quae
780 1403 939 1466 vicit;
970 1402 1108 1455 sicut
1133 1406 1188 1456 et
1221 1402 1273 1454 in
1298 1399 1743 1468 quinquagesimo
1771 1399 1972 1468 psalmo
2012 1400 2091 1453 di-

515 1502 659 1547 ctum
683 1504 763 1547 est
795 1512 807 1544 ε
846 1491 909 1544 Et
931 1494 1205 1544 secundum
1230 1490 1608 1544 multitudinem
1632 1487 2093 1545 misericordiartmt

515 1596 735 1650 tuarum,
764 1586 874 1639 dele
893 1586 1204 1649 iniquitatem
1236 1600 1395 1636 meam
1423 1583 1599 1653 (Pent.-
1635 1600 1684 1648 L,
1706 1581 1789 1651 2).

2192 399 2312 453 aliis
2340 399 2515 451 verbis
2543 408 2701 466 Quam
2727 397 2968 473 superius
2994 397 3202 449 dixerat
3229 412 3241 447 :
3269 394 3443 466 Nequa
3469 412 3622 471 uram
3646 424 3721 460 ει..

2152 485 2170 501 ’
2191 502 2282 558 per
2306 500 2388 541 me
2412 498 2593 558 puteus
2616 504 2671 541 os
2710 504 2882 542 suum.
2912 487 3107 542 Potens
3133 487 3277 540 enim
3305 500 3386 541 est
3416 496 3555 546 terra:
3585 501 3719 551 aluus

2191 588 2444 632 excavata
2475 576 2841 644 profunditas,
2880 576 2933 629 in
2976 590 3131 644 quem
3180 589 3273 644 per
3305 574 3590 645 allegoriam
3620 597 3722 638 vere

2192 676 2435 730 incidunt
2472 682 2802 743 peccatores,
2841 672 3055 741 qunndo
3090 686 3150 723 se
3189 684 3220 724 a
3270 670 3459 740 vitiosa,
3485 674 3718 734 voluntate

2192 782 2297 821 non
2326 765 2672 828 abstrahunt;
2701 770 2951 833 urgetque
2990 775 3148 829 super
3176 770 3269 815 eos
3296 776 3351 813 os
3381 772 3519 814 ruunt
3542 764 3722 820 conclu.

2190 857 2341 919 dere,
2372 868 2493 909 eum
2525 868 2693 922 usque
2722 852 2789 905 ad
2821 851 3009 905 mortis
3052 861 3165 903 sua:
3205 858 3407 918 tempus
3444 852 3489 904 in
3520 855 3720 919 pessima

2195 946 2472 999 voluntate
2509 942 2820 1012 persistent.
2851 941 2959 995 Iloc
2981 954 3111 1010 ergo
3137 947 3302 993 totum
3331 954 3358 990 a
3386 955 3444 994 se
3464 942 3589 995 effici
3619 947 3730 1013 petit

2193 1038 2451 1101 alienum,
2497 1036 2748 1104 quoniam
2783 1036 2984 1103 peccati
3013 1033 3253 1102 contagia
3285 1048 3390 1087 non
3419 1033 3655 1102 habebat;
3681 1048 3728 1092 ut

2194 1128 2429 1200 membra
2459 1142 2552 1181 sua
2583 1133 2969 1194 cognoscerent
2997 1135 3210 1194 quantis
3249 1125 3493 1193 pericula
3517 1129 3733 1195 subiace-

2191 1230 2333 1283 rent,
2362 1220 2463 1274 nisi
2492 1219 2893 1274 clementissimi
2928 1216 3137 1271 Domini
3169 1231 3389 1271 munere
3420 1219 3727 1285 respirareot.

2191 1313 2513 1382 Qualigura
2542 1312 2735 1365 dictur
2764 1310 3053 1371 melabole,
3095 1308 3145 1362 id
3171 1318 3256 1362 est
3302 1310 3527 1377 iteratio,
3551 1313 3733 1379 quando

2193 1420 2297 1459 una
2343 1420 2432 1460 res
2460 1405 2717 1472 repetitur
2767 1402 2867 1457 sub
2907 1402 3165 1455 varietate
3209 1400 3511 1455 verborum.
3552 1402 3736 1471 Legitur

2193 1495 2353 1550 etiam
2402 1502 2582 1564 puteus
2623 1495 2676 1546 in
2725 1493 2892 1557 malo,
2918 1503 2974 1547 ut
3006 1493 3057 1546 in
3100 1491 3234 1545 libro
3263 1491 3565 1546 Geneseos:
3602 1492 3736 1547 ναιιιε

2193 1595 2360 1638 autent
2384 1582 2630 1637 silvestris
2657 1580 2869 1635 habebat
2903 1590 3082 1649 puteos
3114 1580 3301 1633 multos
3337 1582 3583 1633 bituminis
3608 1582 3737 1651 (Ges.

586 1675 738 1729 νει-ε.
777 1676 860 1728 15.
895 1674 1101 1728 Exaudi
1145 1690 1221 1726 nte
1247 1676 1298 1727 in
1335 1676 1542 1727 veritate
1569 1675 1753 1729 salutis
1780 1686 1897 1730 tute.
1928 1676 2081 1733 Cont-
2115 1675 2165 1735 B
2192 1690 2302 1740 xtv,
2354 1673 2475 1741 10);
2521 1673 2574 1727 in
2631 1672 2763 1726 istos
2812 1671 3055 1739 sacrilegi
3104 1671 3421 1739 profanique
3472 1672 3737 1727 mittuntur.

514 1779 811 1823 memorato
853 1777 1089 1836 tempore
1119 1768 1521 1836 misericordiae,
1564 1782 1673 1839 quo
1714 1772 1961 1838 passione
1998 1782 2091 1823 sua

513 1859 740 1913 salutem
789 1858 987 1912 mundo
1020 1859 1285 1925 praestitit,
1324 1872 1656 1929 consequens
1683 1858 1779 1913 fuit
1823 1864 1881 1913 ut
1924 1868 1977 1914 et
2002 1871 2092 1914 re-

512 1948 898 2002 surrectionem
945 1948 1047 2002 sibi
1071 1950 1292 2003 evenire
1318 1959 1650 2018 precaretur,
1681 1961 1845 2019 quam
1876 1951 1930 2003 in
1957 1952 2094 2006 veri-

516 2051 623 2098 tate
662 2043 928 2113 pollicitus
971 2042 1145 2097 tuezat
1184 2054 1277 2110 per
1322 2044 1632 2112 prophetas.
1675 2043 1930 2097 Precatur
1965 2057 2094 2112 ergo

517 2134 733 2188 Patrum
774 2148 879 2187 non
912 2142 1096 2187 natura
1147 2133 1387 2199 deitatis,
1411 2148 1512 2204 qua
1544 2135 1593 2189 ei
1634 2146 1847 2203 semper
1875 2135 2095 2204 aqualis

516 2235 623 2291 est,
654 2222 744 2277 sed
778 2222 1063 2277 inﬁrmitas
1098 2225 1359 2292 assumpli
1405 2222 1662 2291 hominis,
1691 2226 1745 2279 in
1772 2238 1873 2293 qua
1919 2224 2095 2280 minor

515 2322 599 2367 est
632 2313 808 2365 Patre.

584 2402 736 2457 Vers.
771 2401 856 2456 16.
895 2401 1052 2469 Eripe
1093 2417 1171 2455 me
1199 2402 1263 2456 de
1302 2402 1429 2465 luto,
1463 2412 1515 2455 ut
1548 2415 1649 2456 non
1693 2404 2001 2468 innuat-emit;
2029 2406 2093 2459 Ii-

512 2493 631 2547 bera
662 2508 738 2544 me
773 2508 836 2545 ea:
874 2492 1157 2545 odientibus
1186 2506 1284 2558 me,
1334 2500 1379 2545 et
1427 2493 1489 2545 de
1529 2492 1786 2562 profundo
1823 2508 2089 2563 aquarum.

512 2583 616 2638 Per
645 2592 937 2650 assumpta:
973 2582 1148 2635 carnis
1194 2578 1579 2648 inﬁrmitatem,
1624 2584 1678 2637 in
1725 2594 1831 2653 qua
1878 2586 2095 2640 miseria

506 2673 681 2742 jaceat
724 2686 895 2741 genus
940 2673 1251 2737 humanum,
1299 2682 1541 2739 potenter
1578 2674 1885 2742 exponitur.
1921 2675 2097 2731 Doce-r

511 2780 635 2819 mur
656 2766 799 2819 enim
831 2774 885 2818 at
914 2766 968 2818 in
1000 2763 1189 2819 iisdem
1213 2764 1395 2819 verbis
1419 2774 1474 2820 et
1500 2780 1598 2820 nos
1626 2765 1789 2821 Deum
1822 2780 2089 2838 rogemus,

513 2857 704 2927 quibus
744 2864 905 2926 caput
948 2864 1193 2911 nostrum
1244 2871 1499 2915 exorasse
1540 2862 1930 2930 cegnoscimus.
1980 2862 2092 2918 Huc

512 2950 668 3017 plane
702 2948 966 3002 subtiliter
999 2948 1438 3017 perscrutandum
1480 2960 1582 3017 est,
1615 2961 1780 3019 quare
1823 2966 1883 3005 se
1929 2966 2090 3021 supc-

2195 1764 2332 1821 Sunt
2357 1764 2514 1817 etiam
2541 1762 2677 1817 etin
2713 1761 2907 1817 bonam
2950 1771 3151 1831 partem
3189 1756 3488 1830 memorati,
3512 1764 3592 1832 qui
3616 1761 3742 1816 Scri-

2197 1867 2384 1925 pturas
2409 1853 2614 1909 divinas
2640 1854 2902 1922 repositas
2930 1853 2983 1906 in
3023 1854 3283 1909 altissima
3324 1852 3660 1925 prolnnditate
3684 1853 3743 1906 si-

2194 1945 2467 2018 gniﬁcant,
2489 1945 2673 2016 quales
2695 1943 2909 2000 fuerunt
2929 1944 3268 2016 patriarchae,
3294 1945 3577 2011 Abraham,
3601 1946 3743 2009 Isaac,

2194 2047 2247 2094 et
2276 2039 2461 2103 Iacob,
2490 2038 2580 2093 Vel
2611 2038 2702 2093 ille
2729 2036 2801 2091 de
2828 2053 2934 2107 quo
2966 2038 3174 2104 Moyses
3199 2037 3255 2090 in
3282 2052 3467 2092 eremo
3496 2037 3744 2093 Hebraeum

2196 2130 2452 2199 populum
2482 2130 2692 2184 Domini
2716 2128 2957 2199 iussione
3007 2128 3245 2183 satiavit.
3289 2128 3381 2183 Sic
3421 2128 3645 2197 utrisque
3671 2144 3749 2195 pa-

2195 2220 2295 2275 teis
2322 2235 2483 2273 tinum
2517 2218 2731 2289 quidem
2761 2233 2977 2284 nomen,
3008 2218 3100 2273 sed
3128 2232 3297 2273 causa
3323 2219 3528 2273 diversa
3554 2226 3630 2274 est
3649 2234 3664 2275 :
3686 2218 3748 2271 illi

2196 2309 2338 2364 enim
2376 2308 2430 2363 in
2477 2318 2733 2364 tartarum
2772 2309 3036 2379 dirigunt,
3082 2308 3169 2364 isti
3215 2309 3287 2364 ad
3329 2310 3581 2365 calorum
3610 2322 3750 2378 regna

2194 2399 2583 2455 transmittunt.

2265 2489 2421 2544 Vers.
2454 2489 2542 2544 18.
2570 2486 2779 2542 Exaudi
2805 2504 2905 2553 me,
2932 2487 3162 2551 Domine,
3192 2489 3447 2558 quoniam
3469 2489 3669 2560 benigna
3690 2499 3752 2542 est

2193 2580 2543 2634 misericordia
2591 2588 2679 2633 tua
2705 2596 2724 2640 ;
2752 2578 3030 2634 secundum
3074 2580 3459 2634 multitudinem
3500 2582 3754 2634 miserant»

2193 2689 2314 2726 num
2338 2672 2468 2744 [ed.,
2499 2667 2986 2741 misericordiarum]
3011 2680 3220 2725 tuarum
3248 2672 3445 2740 respice
3468 2673 3520 2725 in
3550 2688 3644 2727 me.
3668 2672 3753 2725 Pe-

2191 2761 2372 2817 riculis
2411 2762 2654 2816 humanae
2681 2760 2986 2832 fragilitatis
3027 2761 3105 2829 (ut
3149 2761 3463 2833 oportebat)
3507 2763 3757 2828 expositis,

2191 2868 2323 2908 voce
2351 2853 2713 2907 membrorum
2740 2850 2807 2905 ad
2845 2850 2989 2905 illam
3028 2850 3328 2907 salutarem
3372 2852 3646 2907 revertitur
3670 2852 3753 2905 de-

2190 2943 2586 3015 precationem;
2616 2942 2746 2997 dicit
2775 2941 2916 2997 enim
2948 2958 2961 2993 :
2993 2941 3201 2996 Exaudi
3233 2960 3343 3009 nte,
3381 2942 3613 3008 Domine,
3648 2957 3758 2997 cau-

509 3039 621 3094 rius
646 3039 865 3092 inlisum
893 3038 1017 3091 limo
1058 3037 1248 3092 dixerit
1273 3076 1288 3104 ,
1332 3048 1385 3094 et
1432 3040 1517 3093 hic
1559 3055 1626 3094 tte
1656 3040 1710 3094 in
1735 3040 1847 3109 ipso
1884 3040 2093 3098 harere
2113 3025 2160 3087 Ο
2192 3051 2414 3106 eamque
2450 3049 2616 3105 quare
2643 3034 2956 3090 exaudiatur
2984 3034 3230 3104 adiungit
3256 3053 3269 3087 :
3298 3051 3404 3089 non
3444 3037 3569 3106 quia
3598 3049 3757 3090 mere-

509 3132 679 3200 possit
705 3140 909 3187 exorat.
943 3130 1139 3184 lnﬁxos
1170 3132 1354 3198 utique
1381 3131 1511 3186 limo
1537 3132 1657 3199 fuit,
1688 3135 1937 3203 quoniam
1967 3150 2081 3191 sus-

508 3231 681 3290 cepta
706 3223 882 3277 carnis
917 3222 1228 3277 inﬁrmitate
1259 3223 1557 3288 tenebatur,
1596 3224 1734 3278 unde
1757 3226 1914 3279 etiam
1944 3240 2087 3281 mor-

510 3322 625 3368 tem
639 3314 813 3369 crucis
839 3313 1062 3382 accepit.
1097 3311 1195 3366 Ille
1235 3321 1416 3368 autem
1448 3323 1819 3382 competenter
1842 3319 2087 3386 exposcit

508 3413 573 3459 ut
598 3404 774 3457 anima
800 3402 915 3471 ejus
936 3417 967 3456 a
992 3399 1275 3457 desideriis
1300 3401 1478 3467 luteis,
1514 3404 1565 3457 id
1602 3414 1683 3458 εει
1716 3405 1870 3474 hujus
1903 3405 2087 3461 mundi

505 3491 886 3563 utpidiztstibus
931 3491 1189 3547 reddatur
1229 3491 1422 3547 aliena.
1454 3492 1606 3560 Quod
1638 3493 1773 3550 bene
1802 3497 2089 3566 suscipitur

510 3598 545 3638 a
572 3593 727 3654 parte
748 3583 1133 3648 meinbroram,
1182 3583 1307 3652 quia
1336 3583 1429 3638 ille
1456 3585 1565 3657 luto
1591 3585 1839 3639 inhwrere
1863 3601 1966 3641 non
1992 3604 2087 3658 po-

509 3683 670 3739 terat,
701 3674 791 3743 qui
822 3672 1025 3743 peccati
1065 3672 1329 3727 maculam
1368 3687 1477 3727 non
1503 3674 1751 3728 habebat.
1784 3673 1965 3731 Libera
2010 3692 2089 3731 me

508 3780 574 3820 ea:
599 3763 883 3817 adientibu
917 3779 1018 3818 me.
1050 3763 1193 3818 istud
1236 3763 1301 3818 ad
1327 3763 1608 3820 Iudaicum
1639 3767 1889 3835 populum
1921 3770 2089 3824 mani-

510 3856 707 3910 festum
735 3863 821 3909 est
850 3855 1143 3923 pertinere,
1167 3852 1290 3924 quia
1334 3865 1647 3926 resurgmtte
1663 3857 1878 3912 Christo
1903 3872 2093 3915 eorum

508 3946 632 4000 odia
660 3945 919 3999 frustrata.
941 3953 1290 4000 evanuerunt.
1323 3943 1455 3998 Nam
1487 3945 1627 4015 quod
1665 3946 1794 4001 dicit
1816 3963 1830 4000 :
1855 3945 1935 4001 De
1970 3965 2091 4018 pro-

509 4037 675 4107 funda
705 4050 977 4106 aquarum,
1023 4034 1093 4088 ad
1122 4034 1377 4103 populum
1413 4035 1584 4105 ipsum
1617 4046 1728 4090 non
1763 4044 1845 4090 est
1870 4036 2087 4093 dubium

508 4130 797 4197 pertinere,
830 4126 922 4196 qui
948 4134 1003 4181 et
1030 4123 1335 4195 profundus
1358 4134 1479 4181 erat
1502 4126 1832 4196 ntaligrtitate
1856 4129 2085 4197 consilii,

513 4229 573 4275 et
592 4220 943 4275 seditionibus
976 4218 1333 4274 turbulentus.

578 4311 736 4364 Vera.
765 4311 851 4364 17.
889 4306 1013 4361 Non
1044 4323 1122 4360 me
1149 4307 1413 4377 demerget
1438 4317 1706 4380 tempestas
1736 4325 1901 4379 aqum,
1928 4327 2090 4382 neque

2188 3138 2272 3184 tur
2303 3128 2622 3194 humanitas,
2664 3127 2765 3182 sed
2804 3127 2926 3197 quia
2964 3129 3321 3182 misericordia
3364 3129 3571 3182 Domini
3598 3139 3665 3183 est
3689 3127 3763 3182 bev

2187 3221 2363 3290 nigna,
2422 3232 2741 3287 semperque
2792 3219 2859 3271 ad
2911 3217 3359 3272 benefaciendum
3404 3229 3607 3287 parata;
3650 3231 3761 3271 euut

2189 3320 2364 3365 tamen
2407 3309 2491 3379 pie
2536 3311 2753 3377 petitur,
2793 3317 2847 3363 et
2896 3310 2943 3362 ei
2986 3309 3273 3378 purissime
3318 3309 3665 3378 supplicatur.
3706 3307 3768 3363 Et

2188 3413 2249 3459 ut
2278 3405 2446 3472 ipsam
2476 3401 2856 3472 benignitatem
2898 3401 3015 3470 pius
3053 3401 3247 3458 doctor
3288 3411 3607 3471 exponeret,
3635 3398 3766 3468 adje-

2189 3496 2281 3559 cit,
2311 3496 2586 3549 secundum
2611 3493 2990 3545 multitudinem
3029 3493 3428 3549 miserationum
3474 3504 3673 3547 tuarum
3698 3506 3767 3543 re-

2187 3584 2402 3658 rpice'in
2429 3600 2527 3638 me.
2562 3583 2642 3638 Ad
2672 3583 2843 3653 ipsam
2881 3598 3094 3651 semper
3128 3584 3297 3650 redit,
3329 3599 3493 3653 quam
3524 3581 3767 3636 debilibus

2188 3677 2288 3732 scit
2318 3687 2613 3744 patronam,
2665 3675 2751 3728 cui
2795 3673 2972 3727 omnia
3017 3681 3239 3742 peccata
3287 3673 3512 3737 cedunt,
3546 3669 3771 3740 quamvis

2190 3767 2629 3823 numerosissima
2670 3764 3104 3834 comprobantur.
3160 3764 3231 3817 Et
3274 3763 3494 3818 intuere
3523 3760 3658 3832 quod
3688 3758 3763 3811 ubi

2192 3861 2359 3931 pietas
2388 3862 2704 3929 postulatur,
2733 3842 2944 3927 semper
2973 3857 3130 3911 homo
3161 3856 3368 3926 respici
3388 3856 3630 3919 dicitur;
3663 3865 3772 3907 nam

2188 3951 2233 4005 si
2288 3958 2503 4019 peccata
2567 3945 2851 4017 respiciat,
2903 3959 3002 4001 nos
3063 3945 3182 3999 sine
3261 3946 3605 4001 dubitatione
3657 3956 3771 3997 con-

2188 4041 2425 4096 demnat.

2263 4131 2413 4185 Vers.
2448 4129 2535 4183 19.
2566 4125 2647 4182 Ne
2665 4138 2860 4182 auertat
2879 4127 3059 4197 {aciem
3081 4136 3230 4180 tuam
3263 4142 3299 4180 a
3325 4143 3493 4197 puero
3521 4135 3641 4191 tuo,-
3665 4139 3774 4193 quo.

2188 4222 2333 4275 niam
2372 4220 2584 4275 tribulor
2624 4218 2859 4273 velociter
2906 4219 3089 4273 exaudi
3119 4235 3221 4274 me.
3258 4220 3520 4290 Suscepti
3565 4216 3775 4273 hominis

2190 4312 2359 4365 forma
2408 4319 2678 4375 servatur;
2718 4323 2837 4363 nam
2868 4309 3003 4362 sicut
3049 4309 3100 4362 in
3151 4323 3215 4364 se
3246 4312 3455 4379 respici
3494 4310 3682 4366 oravit.
3712 4307 3770 4359 ita

508 4398 771 4453 absorbent
808 4413 887 4450 me
924 4397 1256 4466 profundam,
1289 4412 1447 4467 neque
1475 4408 1649 4468 urgeat
1694 4415 1846 4470 super
1885 4418 1963 4455 me
1990 4416 2083 4473 ραι
2115 4384 2166 4443 Ῑ)
2192 4418 2332 4459 nunc
2357 4416 2418 4455 ne
2445 4411 2637 4455 avertat
2667 4403 2849 4469 faciem
2879 4416 3028 4454 suam
3054 4416 3082 4455 a
3115 4418 3285 4469 puero
3318 4419 3424 4459 suo
3452 4404 3768 4474 deprecatur.

512 4500 621 4543 tetu
663 4504 721 4540 os
750 4503 921 4539 suum.
972 4486 1145 4541 Simili
1192 4487 1353 4540 modo
1392 4497 1447 4541 et
1494 4487 1598 4542 iste
1627 4498 1816 4543 Versus
1847 4492 2080 4560 ponitur,

510 4575 955 4648 rpremadmodum
1000 4585 1054 4629 et
1096 4576 1189 4631 ille
1230 4579 1496 4643 superior.
1548 4579 1686 4632 Dicit
1729 4582 1873 4635 enim
1906 4582 1960 4635 in
2000 4596 2086 4639 sea

509 4669 691 4724 eundo
714 4682 877 4721 versu
920 4667 1109 4739 psalmi
1140 4685 1164 4721 τ
1190 4666 1312 4721 chi
1350 4667 1405 4721 in
1450 4669 1770 4723 altitudinem
1812 4674 1990 4739 morie,
2038 4686 2086 4729 et

512 4768 776 4829 tempestas
805 4759 1043 4813 demersit
1074 4774 1183 4823 me;
1213 4768 1271 4812 et
1302 4759 1388 4813 MC
1417 4772 1564 4829 rogat
1598 4777 1666 4816 ne
1692 4762 2031 4836 demergatur
2059 4780 2095 4821 a‘

511 4850 780 4912 ﬂuctibus,
810 4849 860 4903 id
883 4858 965 4903 est
990 4864 1021 4901 a
1050 4848 1229 4902 smeuli
1255 4848 1406 4902 istius
1430 4859 1747 4917 tempestate
1774 4854 2094 4919 saevissima,

450 4948 453 4953 '
514 4955 632 5008 qua:
677 4940 727 4993 in
759 4940 972 4991 modum
1002 4939 1163 4992 maris
1188 4939 1394 4993 animas
1418 4933 1615 5005 obruit,
1645 4944 1857 5011 quando
1892 4960 1983 4999 eas
2015 4946 2092 5001 vi-

516 5028 889 5098 tiopravitatis
932 5027 1234 5081 involvet-it.
1281 5029 1518 5097 Denique
1563 5044 1657 5097 per
1688 5039 1854 5085 totum
1900 5044 2092 5087 tracta-

509 5129 623 5176 tum
657 5119 758 5171 hoc
786 5116 1039 5171 decenter
1069 5116 1330 5182 insin-ttat;
1359 5119 1432 5171 ait
1478 5121 1620 5173 enim
1654 5137 1665 5171 :
1697 5119 1879 5191 Neque
1912 5123 2089 5178 absor-

511 5211 622 5263 bent
662 5227 743 5263 me
784 5209 1113 5278 profundum.
1161 5209 1486 5264 Profundum
1528 5212 1707 5280 utique
1754 5222 2087 5280 peccatorum

511 5310 614 5366 est,
645 5300 787 5369 quod
820 5301 1107 5353 voracitate
1148 5300 1373 5367 quadam
1402 5300 1625 5368 deglutit
1666 5302 1875 5357 animas
1911 5304 2093 5374 impio-

513 5408 650 5455 rum,
707 5401 763 5443 ut
798 5391 863 5443 ad
910 5390 1291 5459 pmnitndinem
1337 5392 1513 5444 redire
1560 5402 1846 5461 nequeant,
1893 5396 1983 5465 qui
2024 5398 2091 5453 de

511 5493 729 5533 actuum
764 5494 980 5533 suorum
1028 5478 1305 5545 iniquitate
1327 5478 1642 5545 desum-ant;
1688 5484 1825 5537 sicut
1856 5486 2044 5555 legitur
2073 5506 2088 5543 :

514 5567 757 5623 Peccator
783 5581 899 5619 cum
934 5563 1121 5619 venerit
1151 5564 1204 5616 in
1233 5568 1543 5636 profundum
1586 5571 1861 5641 malorum,
1901 5580 2091 5646 sperni:

2194 4490 2336 4547 Puer
2376 4488 2516 4546 enim
2551 4488 2857 4559 frequenter
2896 4490 3088 4560 legitur
3126 4484 3403 4547 Dominus”
3453 4493 3691 4548 Christus
3714 4492 3773 4541 ab

2194 4580 2520 4636 innocentia!
2559 4579 2808 4649 puritate,
2850 4580 2937 4634 c’ui
2983 4580 3213 4650 simplex
3264 4594 3409 4639 aetas
3454 4584 3557 4639 hoc
3590 4578 3774 4637 beneﬁ-

2191 4679 2331 4729 Cium
2362 4673 2600 4742 largitur,
2636 4677 2693 4725 ut
2720 4672 2845 4726 vitia
2892 4672 3073 4726 mundi
3116 4672 3504 4745 malitiamque
3542 4690 3643 4729 non
3668 4671 3779 4726 dili-

2191 4772 2309 4832 gat;
2341 4763 2477 4817 sicut
2504 4760 2618 4831 ipse
2643 4768 2863 4816 testatus
2905 4770 2988 4816 est
3018 4780 3029 4815 :
3060 4760 3279 4817 Talium
3321 4777 3398 4820 est
3420 4768 3562 4820 cnim
3584 4776 3775 4833 regnum

2195 4853 2432 4905 ceterum
2464 4846 2679 4923 (Matth.
2708 4862 2813 4917 six,
2847 4851 2961 4921 Η).
2993 4852 3219 4921 Legitur
3243 4856 3399 4911 enim
3430 4870 3578 4927 puer,
3606 4868 3780 4908 secun-

2196 4943 2319 4996 dum
2351 4942 2522 4996 illud:
2555 4938 2689 4996 Ecce
2717 4955 2842 5011 puer
2865 4958 3003 4997 meus
3031 4956 3181 5015 quem
3215 4949 3375 5017 elegi,
3416 4948 3634 5001 dilectus
3657 4960 3779 4995 meus

2192 5033 2251 5085 in
2271 5045 2371 5101 quo
2390 5032 2696 5103 corripiat-nit
2718 5034 2904 5087 animo:
2928 5033 3235 5105 mete(lsai.
3262 5052 3410 5108 xui,
3444 5041 3528 5109 l);
3558 5049 3612 5093 et
3635 5034 3778 5090 alibi:

2196 5121 2338 5178 Puer
2380 5135 2531 5177 natus
2559 5134 2632 5178 est
2660 5127 2821 5191 nobis,
2850 5136 2896 5179 et
2930 5126 3070 5193 ﬁlius
3109 5128 3276 5182 datus
3307 5139 3385 5183 est
3428 5130 3575 5183 nobis
3604 5126 3777 5197 (Idem,

2197 5230 2270 5281 ιι,
2303 5214 2381 5285 6).
2412 5216 2562 5269 iuste
2608 5230 2734 5284 ergo
2781 5217 3070 5271 remedium
3110 5220 3370 5273 velociter
3420 5222 3571 5289 petit,
3601 5219 3683 5287 qui
3732 5230 3784 5267 se

2195 5307 2423 5375 positum
2455 5308 2506 5360 in
2538 5307 2876 5363 tribulatione
2920 5310 3224 5381 cognoscit.
3277 5310 3443 5367 Totis
3477 5314 3618 5367 enim
3664 5308 3781 5361 viri-

2196 5402 2291 5455 bus
2323 5403 2465 5456 salus
2488 5404 2739 5471 poscitur,
2768 5419 2885 5457 cum
2912 5412 3153 5471 tempore
3184 5410 3542 5465 necessitatis
3564 5417 3781 5475 aptatur.

2271 5490 2413 5544 Vers.
2447 5490 2534 5545 20.
2566 5491 2778 5547 Intende
2816 5494 3000 5565 anima:
3031 5511 3179 5563 meta,
3222 5507 3277 5552 et
3307 5502 3473 5553 tibera
3502 5514 3653 5552 eam:
3680 5512 3786 5561 pro-

2193 5592 2303 5649 pter
2345 5583 2571 5638 inimicos
2617 5601 2751 5647 meos
2796 5586 2934 5654 eripe
2972 5601 3066 5640 me.
3101 5584 3368 5658 Intende,
3416 5592 3566 5657 dicit,
3615 5594 3786 5643 aninm'
