3956 6178
221 196 315 246 8Ωῆ

1123 200 1478 257 EXPOSITIO
1520 202 1585 256 1Ν
1625 202 2083 262 PSALTERIUM.
2123 200 2322 262 ‘PSAL.
2366 208 2595 265 LXVIII.

3381 216 3484 274 £86

210 328 352 376 mar,
387 324 441 365 ut
479 326 666 368 revera
713 328 935 383 compos
975 316 1065 370 liat
1114 319 1462 387 liberationis,
1512 334 1631 374 eum
1676 334 1793 374 eam
1828 327 1867 379 Α
1902 321 2023 387 tori,
2047 321 2190 391 juste
2230 323 2356 377 dicit
2395 339 2501 378 non
2548 341 2606 380 se
2644 326 2913 383 invenisse
2952 328 3042 398 qui
3095 328 3211 398 ejus
3246 331 3481 389 animum

211 405 475 459 Diviaitas
540 408 821 476 propitiam
884 401 1234 477 respexeritf
1272 411 1524 482 Sequitur
1584 427 1797 482 quoque

206 512 369 553 causa
402 509 571 569 quare
601 500 794 554 debeat
826 500 1061 565 intendi;
1106 501 1334 567 scilicet,
1387 512 1592 572 prapter
1628 503 1800 557 inimi-

204 606 294 644 cos
328 605 463 643 meas
492 590 630 657 «ipe
651 607 753 645 me.
784 590 1002 661 Pr0pter
1029 593 1264 647 inimicos
1287 594 1429 648 enim
1458 594 1795 649 celerrimum

204 679 425 748 petebat
462 682 875 734 resurrectimnis
917 681 1177 735 auxilium
1201 725 1213 741 .
1248 691 1301 735 ut
1329 683 1419 751 qui
1460 694 1799 751 contempse-

204 779 331 823 rant
370 770 709 839 crucifixum,
764 771 923 825 tertio
968 772 1054 826 die
1101 773 1398 842 resurgenti
1438 773 1660 829 credere
1700 775 1795 829 de-

205 863 485 925 boi~sent;
518 872 780 931 quatenus
811 864 900 916 tali
931 863 1191 918 beneﬁcio
1221 864 1454 931 liberati,
1480 880 1510 918 a
1544 875 1797 937 perpetua

205 956 557 1010 damnatione
589 956 945 1011 redderentur
982 957 1214 1024 excepti.

280 1046 435 1100 Vers.
468 1046 561 1101 21.
593 1044 673 1099 Tu
704 1046 839 1100 enim
868 1048 968 1099 scis
997 1048 1364 1116 improperium
1392 1063 1580 1113 meum,
1614 1047 1798 1115 confu-

204 1138 401 1190 sionem
438 1146 491 1189 et
523 1137 878 1189 verecundiam
920 1152 1122 1201 meum;
1150 1138 1203 1190 in
1242 1147 1511 1205 conspectu
1556 1148 1643 1190 tuo
1684 1148 1799 1191 sunt

206 1244 384 1280 omnes
424 1227 726 1281 tribulantes
775 1243 873 1280 me.
914 1226 1312 1297 Imm-aperiam,
1357 1229 1708 1295 confusionem
1751 1238 1796 1281 ct

204 1321 567 1374 verecundiam
603 1334 699 1389 pro
728 1320 964 1373 humano
1000 1335 1196 1389 genere
1226 1321 1303 1374 sic
1347 1321 1586 1389 suscepit
1617 1320 1798 1373 Domi-

209 1426 311 1465 nus
346 1410 616 1473 Salvator,
665 1418 723 1463 ut
772 1420 1021 1464 mortem.
1072 1409 1186 1465 Non
1230 1410 1372 1464 enim
1406 1409 1505 1464 ista
1553 1424 1652 1478 pro
1698 1424 1795 1463 suo

212 1513 367 1557 reatu
392 1502 665 1566 sustinuit,
697 1500 791 1554 sed
831 1505 1011 1554 omnia
1038 1501 1151 1554 bare
1175 1500 1431 1555 innocens
1465 1500 1706 1567 pertulit,
1742 1508 1797 1553 ut

210 1610 313 1649 nos
337 1598 510 1649 bonus
544 1596 791 1664 Magister
822 1595 875 1647 in
908 1594 1100 1649 talibus
1130 1593 1288 1648 rebus
1322 1594 1522 1663 positos
1545 1593 1794 1662 exemplo

1901 414 2297 467 coosularetur.

1974 502 2126 557 Vers.
2159 504 2250 559 25.
2284 504 2349 557 Et
2376 506 2628 561 dederunt
2663 508 2715 561 in
2742 521 2909 562 escam
2938 525 3102 563 meam
3131 511 3221 580 fel,
3246 521 3292 567 et
3318 514 3370 567 in
3400 516 3485 570 siti

1899 612 2011 649 mea
2034 606 2333 663 potaverunt
2359 616 2437 653 me
2458 611 2621 654 aceto.
2658 600 2761 657 lste
2789 616 2971 655 versus
3003 614 3083 655 cst
3113 604 3200 672 qui
3234 620 3480 659 consum-

1903 688 2065 741 mavit
2083 692 2437 744 venerandam
2459 692 3014 761 Dominipassionem;
3041 693 3313 749 Matthmus
3337 698 3479 752 enim

1902 776 2066 830 refert
2098 776 2252 847 (Cap.
2299 795 2463 846 xxvii,
2496 780 2612 850 54),
2653 796 2772 835 cum
2816 781 3069 837 Dominus
3108 784 3350 849 dixisset,
3394 786 3476 841 Si-

1904 868 1994 932 tio,
2023 868 2257 922 oblatum
2293 870 2367 923 illi
2400 871 2473 926 fel
2496 888 2613 925 cum
2647 883 2801 928 aceto
2824 876 3168 942 permixtum;
3203 886 3259 930 ut
3287 890 3475 932 revera

1900 958 2037 1013 facta
2069 960 2375 1016 Judazorum
2396 964 2699 1019 amaritudo
2725 966 2953 1033 potionis
2976 966 3140 1035 ipsius
3166 976 3220 1022 et
3240 971 3476 1024 austeri-

1902 1060 1983 1104 tas
2020 1053 2297 1108 indicaret.
2342 1054 2433 1109 llle
2481 1058 2622 1109 cnim
2660 1058 2813 1123 dixit,
2848 1056 3005 1122 Sitio,
3052 1060 3171 1127 quia
3204 1060 3364 1115 ﬁdem
3417 1062 3471 1116 in

1900 1140 2031 1210 ipsis
2055 1144 2409 1198 desideratam
2453 1161 2558 1199 non
2602 1157 2809 1216 poterat
2848 1149 3111 1204 invenire.
3156 1147 3243 1203 Isti
3270 1151 3475 1206 obtule-

1902 1242 2027 1287 runt
2063 1235 2427 1290 amarissimos
2470 1252 2647 1293 mores
2685 1252 2839 1303 suos,
2883 1240 2973 1309 qui
3025 1239 3167 1294 nulla
3214 1253 3477 1310 compun-

1899 1326 2077 1379 ctione
2114 1328 2359 1380 conversi
2392 1336 2533 1381 sunt.

1976 1413 2122 1468 Vers.
2148 1414 2237 1468 24.
2261 1414 2383 1468 Fiat
2404 1432 2576 1470 mensa
2595 1432 2769 1471 eorum
2795 1434 2969 1471 caram
2994 1420 3118 1490 ipsis
3141 1420 3192 1473 in
3213 1419 3473 1490 laqueum,

1898 1514 1945 1558 et
1995 1507 2048 1559 in
2096 1507 2499 1574 retributionem,
2544 1520 2593 1563 et
2636 1512 2687 1563 in
2736 1511 3056 1566 scandalum.
3089 1512 3373 1581 Postqmm
3419 1515 3475 1568 in

1901 1601 2145 1657 oratione
2193 1618 2287 1656 sua
2336 1602 2562 1656 futuram
2603 1606 2848 1672 exposuit
2889 1607 3211 1672 passionem,
3251 1607 3476 1661 veniens

210 1702 326 1741 sua
380 1687 652 1755 patientia:
710 1686 996 1763 miseratus
1058 1686 1360 1739 instrueret.
1417 1684 1793 1750 Improperiunt
1830 1699 1871 1757 Β
1900 1694 1963 1746 ad
1993 1705 2239 1763 quartum
2271 1694 2483 1747 modum
2518 1708 2621 1747 non
2655 1695 3000 1750 maledicendi
3030 1709 3172 1764 voto,
3203 1699 3297 1752 sed
3322 1698 3464 1768 quod

209 1782 409 1850 quippe
439 1778 673 1847 pertulit,
706 1776 921 1846 quando
940 1774 1191 1829 dicebant
1213 1774 1381 1828 ,ἰυύωί
1415 1791 1426 1826 :
1460 1772 1799 1842 Blaspltema-

210 1876 303 1935 ait,
330 1874 458 1942 quid
502 1873 673 1925 adhuc
709 1882 912 1938 egemus
966 1870 1172 1924 testibus
1219 1868 1432 1939 (Matth.
1484 1883 1627 1937 xxvr,
1666 1868 1798 1937 65)?

210 1966 603 2037 Confusiomm,
625 1978 745 2018 cum
778 1964 925 2033 plebs
957 1963 1140 2016 insana
1172 1961 1477 2016 Iudaeorum
1507 1962 1796 2015 clamaret:

212 2061 357 2111 Alios
405 2058 570 2110 salvos
599 2056 738 2125 fecit,
789 2055 1012 2121 seipsum
1051 2054 1246 2105 salvum
1288 2054 1455 2122 facere
1499 2068 1600 2105 non
1637 2062 1798 2122 potest

214 2148 410 2221 (Idem,
446 2163 618 2215 xxvu,
650 2146 764 2214 42).
804 2145 1196 2207 Verecundiam,
1223 2143 1437 2213 quando
1481 2144 1643 2214 230
1681 2143 1797 2197 ala-

217 2243 293 2310 pis
322 2239 661 2309 ﬂagellisque
710 2237 1034 2302 caedebatur,
1084 2245 1140 2291 et
1182 2235 1371 2289 Pontio
1402 2235 1573 2291 Pilato
1613 2235 1801 2289 imma-

213 2331 424 2386 culatus
455 2328 640 2398 Agnus
669 2336 922 2395 tauquam
965 2337 1089 2378 rcus
1121 2316 1346 2377 traditus
1384 2332 1485 2377 est.
1524 2323 1796 2391 Sequitur,

214 2424 264 2474 in
282 2426 563 2489 conspectu
595 2426 682 2468 tuo
706 2424 823 2468 sunt
848 2429 1019 2467 omnes
1046 2414 1133 2483 qui
1158 2413 1403 2466 tribulam
1446 2429 1558 2474 me;
1597 2412 1801 2466 scilicet

216 2513 300 2579 qui
326 2511 452 2563 talia
484 2506 771 2567 faciebant,
805 2516 927 2559 ante
952 2514 1299 2573 conspectum
1324 2503 1628 2558 Divinitatis
1648 2513 1802 2558 erant

214 2601 317 2668 iam
346 2598 529 2668 positi,
554 2597 798 2665 quamvis
827 2595 895 2648 ad
935 2608 1146 2663 tempus
1170 2594 1355 2663 indicii
1386 2593 1562 2648 adhuc
1594 2610 1697 2647 non
1726 2594 1801 2647 vi-

219 2695 473 2747 dvrentur
511 2687 744 2743 adducti.
775 2688 884 2742 Hoc
914 2688 979 2741 ad
1021 2686 1279 2741 invidiam
1307 2688 1536 2755 pertinet
1566 2685 1801 2761 excitan-

216 2786 360 2851 d.un,
408 2792 471 2837 nt
502 2780 760 2835 nefarium
808 2779 984 2834 scelus
1024 2787 1289 2849 prtesente
1333 2778 1607 2849 Maiestate
1647 2794 1797 2835 com-

225 2880 521 2932 mitterent.

287 2973 443 3025 Vers.
489 2968 580 3022 22.
616 2964 995 3037 lmproperium
1037 2965 1340 3033 exspectavit
1377 2980 1465 3018 cor
1514 2978 1725 3028 meum,
1756 2973 1803 3019 et

1904 1792 2020 1836 erat
2057 1798 2397 1838 emersurum
2438 1784 2756 1853 praedicens,
2806 1800 2899 1854 per
2940 1790 3103 1840 totam
3153 1787 3471 1843 divisionem

1901 1874 2102 1930 Iudaeis
2132 1875 2289 1945 digna
2336 1877 2487 1932 tactis
2520 1879 2825 1945 pronuntiat
2860 1891 2980 1931 esse
3020 1887 3264 1931 ventura.
3299 1878 3480 1933 Mensa

1905 1966 2113 2021 Domini
2139 1976 2222 2021 est
2254 1967 2531 2037 utriusque
2561 1967 2692 2039 legis
2722 1969 3096 2023 intellectualis
3133 1969 3388 2036 epulatlo,
3421 1970 3475 2023 in

1901 2073 2005 2126 qua
2048 2060 2389 2113 convivarum
2431 2073 2581 2114 more
2627 2066 2935 2128 pascuntur,
2977 2060 3065 2128 qui
3108 2057 3323 2113 delicias
3372 2059 3478 2113 Do-

1904 2150 2035 2201 mini
2064 2149 2321 2204 aviditate
2352 2151 2543 2203 mentis
2575 2149 2835 2213 esuriunt,
2861 2158 2914 2203 et
2944 2147 3112 2202 sancti
3138 2149 3365 2217 Spiritus
3388 2163 3476 2201 sa-

1902 2238 2190 2293 luberrima
2208 2239 2467 2295 ebrietate
2488 2240 2841 2308 complentur.
2871 2238 2986 2307 Ipsa
3010 2254 3181 2292 mensa
3210 2246 3471 2306 estquam

1902 2329 2267 2396 apostolorum
2311 2344 2505 2384 corona
2537 2329 2891 2397 praecingens,
2914 2328 3077 2396 dapes
3105 2328 3339 2382 cmlestis
3362 2342 3478 2381 mu-

1905 2423 2048 2474 neris
2078 2423 2414 2476 absumebat.
2460 2421 2641 2477 Mensa
2679 2424 2818 2477 enim
2845 2431 2901 2476 et
2942 2420 2992 2475 in
3020 2422 3159 2475 bono
3179 2422 3307 2476 etin
3341 2422 3480 2475 malo

1905 2515 2139 2580 ponitur,
2189 2514 2325 2567 sicut
2368 2514 2500 2568 dicit
2530 2514 2821 2581 Apostolus
2851 2529 2864 2566 :
2895 2513 3014 2567 Non
3049 2515 3259 2583 potestis
3296 2529 3481 2567 mensis

1906 2602 2112 2655 Domini
2147 2605 2417 2673 participes
2458 2620 2564 2659 esse
2593 2614 2640 2658 et
2673 2620 2861 2659 mensa:
2886 2605 3253 2659 da'moniorum
3281 2603 3330 2671 (Ι
3359 2602 3480 2660 Cor.

1906 2709 1960 2757 x,
1988 2694 2106 2761 21).
2137 2693 2285 2747 illam
2319 2708 2445 2763 ergo
2472 2705 2710 2749 sanctam
2738 2696 3032 2749 habuerunt
3052 2693 3243 2759 Judaei,
3271 2694 3481 2763 quando

1907 2787 2154 2839 mandata
2205 2784 2411 2839 Domini
2470 2787 2570 2840 sub
2620 2787 2925 2856 integritate
2972 2788 3268 2841 coluerunt.
3331 2785 3481 2839 l‘ost-

1905 2890 2063 2944 quam
2101 2891 2228 2932 vero
2271 2892 2299 2929 a
2350 2877 2452 2932 ﬁde
2478 2877 2725 2947 jejunare
2755 2887 3056 2945 coeperunt,
3097 2892 3273 2929 mensa
3305 2891 3480 2929 eorum

1908 2980 2077 3017 coram
2115 2968 2237 3035 ipsis
2274 2970 2520 3036 gentibus
2553 2967 2741 3021 tradita
2783 2979 2893 3031 est,
2935 2975 2993 3021 ut
3025 2971 3238 3037 gravius
3273 2965 3480 3021 doleret

218 3062 579 3123 miseriam;et
616 3056 832 3110 sustinui
856 3056 943 3124 qui
985 3056 1137 3108 simul
1182 3056 1590 3121 contristamur,
1625 3065 1801 3111 etnon
1831 3061 1875 3122 ε
1910 3056 2038 3123 ipsis
2096 3057 2397 3111 videntibus
2456 3058 2700 3127 adempta
2752 3056 3016 3121 felicitas,
3075 3057 3213 3112 sicut
3264 3072 3358 3112 eos
3425 3061 3478 3112 in

222 3158 351 3226 fuit;
382 3164 428 3207 et
476 3150 825 3205 consolantem
860 3165 960 3212 me,
992 3157 1037 3202 et
1078 3163 1179 3201 non
1210 3147 1396 3201 inveni.
1427 3147 1805 3218 Improperium

219 3261 265 3302 et
292 3248 547 3299 miseram
598 3241 902 3310 exspectavit
944 3256 1030 3293 cor
1064 3240 1202 3309 ejus,
1236 3238 1447 3305 quando
1501 3240 1807 3309 iniquitates

221 3340 550 3399 Jndmorum,
600 3344 653 3388 et
681 3334 888 3388 diversa
931 3347 1049 3402 qute
1099 3347 1285 3401 passus
1325 3340 1425 3398 est,
1460 3347 1561 3401 pro
1585 3348 1677 3387 sua
1710 3349 1807 3389 vo-

224 3431 363 3484 lunts
390 3443 421 3481 e
457 3424 735 3485 sustinuit,
766 3432 823 3477 et
848 3422 1278 3476 consideratione
1321 3422 1537 3476 humani
1579 3424 1804 3491 periculi

223 3522 523 3590 passionem
552 3531 702 3571 suam
733 3515 996 3584 benignus
1021 3516 1263 3583 excepit,
1293 3518 1430 3569 sicut
1460 3514 1513 3569 in
1558 3516 1803 3586 Evange-

225 3615 294 3667 lio
332 3612 571 3679 legitur:
602 3606 868 3661 Desiderio
905 3606 1188 3660 desideravi
1230 3608 1325 3659 hoc
1356 3608 1548 3675 pascha
1589 3607 1808 3661 mandu-

225 3719 336 3756 care
356 3702 616 3755 uobiscum
641 3697 790 3769 (Luc.
819 3712 947 3761 xm,
986 3696 1097 3768 15).
1133 3696 1307 3752 Aliter
1334 3698 1476 3752 enim
1506 3698 1597 3752 illa
1633 3700 1810 3753 cruci-

229 3796 345 3849 ﬁxio
402 3791 689 3863 provenire
740 3804 847 3845 non
898 3789 1086 3858 potuit,
1138 3789 1240 3843 nisi
1290 3789 1432 3843 iilius
1480 3790 1805 3844 desiderium

230 3886 449 3950 ﬁnisset;
520 3892 707 3938 centra
771 3881 921 3950 cujus
983 3881 1307 3935 desiderium
1374 3883 1807 3951 voluntatemque

228 3964 528 4031 Judazorum
561 3974 769 4029 insania
802 3972 1021 4027 minime
1060 3972 1350 4042 praevalere
1386 3973 1664 4041 potuisset.
1710 3972 1806 4027 Se-

229 4068 422 4137 quitur,
448 4073 497 4119 et
517 4064 738 4120 sustinui
761 4065 848 4133 qui
872 4064 1028 4116 simul
1048 4063 1457 4129 contristaretur,
1489 4072 1534 4115 et
1557 4079 1655 4116 non
1682 4064 1805 4132 fuit.

231 4159 284 4214 Si
307 4161 611 4228 passionem
642 4156 851 4211 Domini
880 4169 1110 4223 quzeras,
1142 4165 1197 4209 et
1226 4154 1510 4223 discipulos
1530 4156 1649 4226 ejus
1679 4172 1809 4212 con-

233 4251 462 4303 tristatos
494 4246 745 4302 invenies
767 4245 979 4314 quando
999 4245 1225 4299 traditus
1259 4254 1341 4300 est
1372 4246 1567 4313 Pilato,
1592 4256 1645 4302 et
1673 4248 1810 4302 mul-

235 4345 310 4392 tos
337 4338 475 4392 alios
505 4337 745 4390 ﬁdelium
772 4336 983 4404 quando
1013 4335 1306 4389 ducebatur
1334 4336 1405 4390 ad
1420 4350 1657 4393 crucem.
1698 4339 1806 4394 Sed

1912 3148 2202 3216 Evangelia
2248 3149 2504 3203 Dominus
2547 3151 2817 3218 increpat,
2860 3149 3042 3203 dicens
3084 3167 3096 3201 ε
3132 3151 3401 3215 Auferetur
3447 3165 3482 3203 α

1906 3242 2044 3292 vobis
2064 3254 2275 3308 regnum
2295 3239 2410 3304 Dei,
2438 3248 2484 3293 et
2508 3241 2711 3292 dabitur
2731 3242 2866 3310 genti
2890 3238 3096 3309 facienti
3118 3240 3341 3308 fructum
3369 3242 3483 3310 ejus

1909 3330 2120 3400 (Matth.
2159 3347 2270 3397 xxt,
2303 3332 2416 3400 43).
2466 3332 2577 3388 Sed
2612 3347 2677 3388 ne
2715 3348 2870 3402 quem
2905 3344 3118 3388 moveat
3156 3335 3295 3403 quod
3329 3334 3479 3401 dicit,

1907 3434 2081 3475 mensa
2122 3437 2317 3485 eorum,
2348 3438 2465 3491 quae
2508 3435 2694 3477 revera
2726 3423 2935 3477 Domini
2968 3438 3089 3477 esse
3122 3424 3483 3493 cognoscitur,

1906 3515 2152 3570 similiter
2188 3516 2302 3583 ipse
2339 3516 2593 3571 Dominus
2643 3517 2697 3571 iu
2727 3517 3013 3587 Evangelia
3050 3518 3179 3572 dicit
3209 3534 3225 3571 :
3264 3517 3329 3571 In
3377 3520 3485 3587 lege

1906 3616 2067 3659 vestra
2094 3606 2335 3676 scriptum
2361 3614 2436 3659 est
2464 3605 2639 3675 (Joan.
2681 3622 2791 3673 vttt,
2835 3607 2957 3676 l7);
2991 3621 3095 3661 non
3124 3608 3243 3677 quia
3273 3608 3485 3662 ludam-

1907 3712 2029 3750 rum
2053 3708 2187 3763 erat,
2218 3696 2309 3751 sed
2338 3699 2459 3767 quia
2488 3698 2616 3768 ipsis
2648 3707 2854 3752 constat
2883 3698 3045 3753 fuisse
3083 3699 3359 3767 prolatam.
3384 3698 3485 3753 Sea

1907 3790 2106 3859 quitur,
2136 3791 2189 3843 in
2212 3788 2471 3859 laqueum,
2518 3791 2722 3845 scilicet
2756 3799 2815 3846 ut
2859 3791 2927 3844 de
2957 3792 3151 3857 littera,
3184 3792 3236 3845 in
3266 3806 3365 3861 qua
3394 3790 3487 3845 Ju-

1908 3877 2009 3931 daei
2047 3878 2183 3931 alios
2206 3881 2505 3949 astringere
2548 3880 2899 3946 conabantur,
2930 3882 3030 3950 ipsi
3070 3882 3125 3935 in
3152 3894 3270 3936 eam
3311 3883 3487 3950 potius

1909 3971 2163 4025 caderent
2208 3973 2445 4040 obligati.
2483 3971 2730 4026 Additum
2761 3984 2862 4039 est,
2905 3983 2952 4026 et
2978 3975 3032 4027 in
3080 3976 3482 4041 retributionem,

1909 4062 2031 4131 quia
2064 4062 2337 4116 subtracta
2367 4063 2452 4117 illa
2502 4078 2686 4119 mensa
2732 4073 2785 4117 et
2812 4066 3057 4133 gentibus
3089 4064 3276 4119 tradita
3320 4066 3487 4119 malo-

1910 4168 2029 4209 rum
2056 4154 2323 4208 retributio
2353 4152 2479 4218 fuit;
2508 4155 2702 4223 quippe
2732 4155 2944 4223 quando
2966 4159 3020 4209 in
3046 4170 3108 4210 ea
3152 4158 3353 4224 epulari
3383 4173 3485 4212 no-

1910 4247 2101 4307 lentes,
2135 4248 2202 4299 ab
2232 4260 2295 4301 ea
2324 4246 2516 4303 merito
2560 4248 2809 4302 videntur
2848 4248 3076 4302 excludi.
3124 4249 3408 4318 Adjicitur,
3438 4262 3487 4306 et

1913 4340 1964 4392 in
1993 4340 2310 4403 scandalum.
2343 4340 2463 4409 quia
2504 4338 2813 4394 deserentes
2858 4338 3001 4409 pacis
3050 4350 3342 4406 auctorem,
3383 4344 3482 4412 ipsi

237 4427 314 4483 hic
342 4443 451 4483 non
481 4428 636 4483 istam
667 4426 1125 4481 contristationem
1165 4426 1405 4480 ﬁdelium
1436 4427 1691 4481 debemus
1718 4442 1804 4483 ac-
1832 4425 1886 4484 D
1909 4430 2009 4484 sibi
2038 4440 2091 4485 et
2130 4431 2273 4485 rixas
2309 4441 2361 4486 et
2391 4444 2561 4500 prava
2590 4430 2763 4484 studia
2791 4433 3209 4486 concitaverunt.
3246 4433 3487 4490 Vindicta

235 4521 425 4589 cipere,
454 4519 670 4589 quando
702 4519 774 4572 illi
811 4531 929 4573 eam
979 4517 1151 4572 modis
1198 4517 1446 4571 omnibus
1482 4517 1805 4585 habuerunt,

238 4624 326 4680 pro
351 4627 457 4681 qua
497 4612 689 4664 Petrus
718 4609 919 4663 audivit
949 4625 962 4660 :
994 4607 1133 4663 Redi
1168 4616 1325 4675 retro,
1360 4607 1583 4663 Satanas
1613 4604 1802 4678 (Marc.

238 4714 343 4767 vui,
367 4704 499 4771 55):
524 4701 621 4756 sed
664 4700 749 4755 hic
787 4700 956 4769 magis
983 4706 1391 4767 persecuturum
1415 4697 1683 4752 tristitiam
1714 4698 1809 4754 de-

237 4797 413 4853 bemus
442 4798 746 4857 advertere.
780 4809 939 4861 quam
970 4793 1231 4848 indevotm
1279 4801 1487 4847 mentes
1529 4793 1809 4848 concordi-

241 4898 312 4943 ter
333 4884 678 4958 respuerunt,
716 4885 927 4953 quando
966 4885 1073 4939 leti
1101 4885 1274 4939 scelus
1301 4899 1452 4938 suum
1494 4884 1809 4940 videbantur

242 4980 476 5049 implere;
506 4993 609 5048 pro
640 4978 830 5046 quibus
861 4978 1018 5031 etiam
1053 4976 1309 5030 Dominus
1336 4977 1389 5028 in
1428 4975 1682 5030 Passione
1714 4991 1808 5045 po-

242 5072 359 5124 situs
389 5070 651 5124 exorabat
682 5069 867 5122 dicens
893 5085 906 5120 :
934 5066 1114 5132 Pater,
1152 5067 1359 5136 ignosce
1396 5067 1523 5132 illis,
1571 5068 1690 5136 quia
1721 5084 1807 5121 ne-

243 5163 393 5213 sciant
421 5160 549 5231 quid
587 5160 778 5228 faciunt
806 5157 958 5226 (Luc.
995 5172 1147 5222 xxm,
1178 5156 1290 5226 δι).
1323 5158 1377 5211 lu
1409 5156 1620 5210 illorum
1664 5158 1806 5211 enim

246 5253 439 5306 tristitia
484 5252 705 5306 socium
735 5265 842 5304 non
888 5248 1090 5325 habuit,
1147 5260 1282 5316 quos
1332 5248 1506 5303 scelus
1556 5264 1808 5319 peragere

244 5342 493 5397 obstinata
548 5350 728 5395 mente
776 5340 1049 5395 cernebat.
1092 5338 1320 5407 Adjecit,
1373 5348 1420 5393 et
1461 5342 1807 5394 cansolantem

246 5449 330 5496 me,
355 5446 398 5486 et
429 5450 533 5486 non
562 5433 743 5485 inveni.
774 5432 1030 5485 Doctores
1059 5441 1269 5484 sanctos
1301 5430 1390 5484 ille
1423 5431 1645 5498 populus
1674 5446 1805 5486 con-

247 5525 452 5588 solatur,
487 5528 544 5579 in
570 5539 673 5595 quo
713 5524 1146 5593 prmdicationum
1175 5524 1333 5578 verba
1358 5523 1663 5591 proﬁciunt.
1700 5522 1805 5577 Sed

250 5619 354 5687 quia
392 5618 697 5675 Judarorum
738 5618 1028 5686 pertinacia
1056 5615 1340 5672 resistebat
1368 5614 1590 5669 Domino
1628 5615 1806 5671 Salva-

1910 4521 2108 4591 gravis,
2136 4523 2269 4576 ultio
2299 4523 2609 4586 vehemens,
2656 4520 2871 4576 humani
2906 4521 3119 4592 generis
3143 4524 3486 4579 refectionem

1904 4610 2107 4681 jejunis
2139 4611 2379 4667 faucibus
2408 4612 2669 4666 amisisse.

1985 4702 2135 4757 Vers.
2164 4703 2256 4758 ‘25.
2293 4702 2637 4756 Obscurentur
2674 4701 2808 4756 oculi
2832 4717 3008 4756 eorum
3046 4719 3109 4756 ne
3155 4703 3396 4765 videant;
3436 4711 3486 4756 et

1912 4794 2125 4847 dorsum
2164 4794 2374 4847 illorum
2418 4808 2615 4862 semper
2658 4795 2885 4847 incurva.
2930 4793 3150 4848 Constat
3195 4794 3330 4847 hanc
3378 4809 3489 4860 ραι-

1912 4899 2033 4938 nam
2077 4885 2335 4937 atrocium
2365 4884 2529 4938 fuisse
2555 4884 2880 4947 Judmorum,
2915 4892 2971 4937 ιιι
3013 4884 3294 4937 obscuratis
3323 4886 3488 4937 oculis

1910 4973 2089 5028 Solem
2120 4972 2455 5027 verissimum
2504 4990 2608 5027 non
2633 4974 2880 5029 uiderent.
2918 4972 3046 5027 Nam
3079 4972 3168 5042 qui
3208 4974 3488 5028 intendere

1911 5063 2219 5128 noluerunt,
2252 5064 2361 5133 ipsa
2390 5063 2494 5117 illis
2529 5074 2745 5133 optatur
2771 5079 2947 5131 pmna,
2979 5080 3042 5117 ne
3070 5064 3290 5118 videant.
3326 5063 3489 5133 Adje—

1912 5152 2005 5217 (it,
2032 5160 2080 5205 et
2107 5152 2311 5207 dorsum
2352 5154 2561 5205 illorum
2605 5170 2799 5223 semper
2829 5155 3054 5207 incurva.
3089 5153 3197 5208 lloc
3224 5153 3336 5209 illis
3361 5168 3488 5209 eve-

1914 5244 1993 5298 nit
2018 5244 2109 5313 qui
2140 5244 2303 5299 nimio
2333 5244 2643 5299 delictorum
2674 5246 2912 5313 pondere
2951 5245 3284 5315 prmgravsti,
3318 5247 3492 5299 cervi-

1914 5350 2030 5390 cem
2060 5350 2211 5390 suam
2245 5336 2293 5388 in
2326 5346 2525 5390 terram
2571 5337 2773 5389 cernuli
2804 5351 3016 5404 semper
3045 5337 3358 5401 incurvant;
3392 5348 3497 5389 nec

1913 5432 1993 5487 eis
2017 5432 2083 5485 ad
2113 5431 2306 5487 uelum
2341 5430 2657 5499 respiciendi
2691 5431 3014 5498 possibilitas
3045 5431 3218 5493 datur,
3250 5435 3338 5501 qui
3368 5444 3493 5499 gra»

1913 5521 2017 5575 vati
2066 5529 2190 5576 sunt
2232 5536 2397 5575 onere
2442 5533 2800 5590 peccatorum.
2835 5519 3057 5574 Dorsutn
3106 5522 3246 5575 enim
3289 5519 3487 5574 dictum

1916 5623 2015 5682 est,
2066 5614 2216 5683 quasi
2271 5612 2599 5669 descendens
2639 5612 2911 5667 deorsum.
2967 5611 3097 5666 Nam
3150 5612 3291 5682 quod
3333 5609 3486 5678 dixit,
