3956 6178
469 193 569 247 487

1677 186 1745 241 Μ.
1790 184 2065 241 Αυιιεωι
2098 181 2497 239 CASSIUDOIU

2768 98 2771 99 ν
2782 86 2813 104 1⁵

3632 184 3736 238 ιι88

467 319 697 371 semper,
750 301 1016 372 significat
1072 297 1289 370 impios,
1338 298 1428 367 qui
1475 294 1621 352 nulla
1681 295 2048 351 satisfactione
2077 298 2129 358 Α
2156 294 2443 349 Pharaonis
2480 294 2671 366 (Exod.
2712 312 2763 361 ι,
2804 296 2929 365 20);
2962 297 3216 364 nonquia
3247 311 3358 352 rem
3390 296 3582 353 malam
3630 293 3736 346 Do-

468 395 711 451 conversi
741 403 887 449 sunt.

544 488 696 541 \‘ers.
724 486 814 540 26.
845 482 1072 549 Ell'unde
1104 497 1257 549 super
1282 497 1365 534 eos
1394 481 1525 533 iram
1551 490 1711 540 tuam,
1738 489 1785 531 et
1814 479 2053 548 indigna-

471 580 541 630 tio
569 578 659 630 ine
700 586 799 628 tua:
825 573 1177 643 apprehendat
1211 588 1313 627 eos.
1359 571 1492 625 Cum
1536 570 1750 634 dicitur,
1805 569 2051 636 E/Iunde,

473 669 776 737 magnitudo
802 668 895 721 ira:
936 666 1289 736 significatur,
1321 680 1436 731 quze
1474 662 1528 718 in
1573 678 1775 717 morem
1823 661 2056 715 fluminis

473 759 688 826 copiosa
718 756 1017 811 descendit.
1045 755 1156 809 lloc
1182 755 1343 810 etiam
1375 752 1639 823 designat,
1669 766 1823 820 super
1852 767 1970 817 eos,
2001 758 2057 803 ut

474 864 579 904 non
612 857 813 902 tantum
844 862 939 902 eos
967 848 1134 915 possit
1174 846 1509 915 contingere,
1543 845 1637 900 sed
1669 844 1830 897 etiam
1864 844 2055 911 probe-

473 949 562 994 tur
578 940 826 994 obruere.
859 938 1135 1006 Sequitttr,
1163 948 1210 991 et
1241 936 1525 1007 indignatio
1548 935 1641 987 ira:
1670 944 1787 987 tute.
1817 931 2059 1002 Indigna-

473 1032 543 1084 tio
571 1038 653 1084 est
687 1030 799 1092 ine,
835 1029 1048 1097 quando
1074 1025 1307 1079 vindicta
1344 1024 1635 1078 vehemens
1664 1023 1716 1075 in
1762 1020 2058 1090 peccatoris

476 1135 609 1175 nece
631 1120 923 1187 consurgit,
947 1126 1001 1171 et
1018 1116 1145 1170 illud
1161 1115 1506 1183 consequitur
1526 1113 1669 1183 quod
1692 1113 1929 1166 timetur.
1950 1113 2059 1165 Ad-

470 1210 621 1281 jecit,
645 1209 993 1279 apprehendat
1017 1224 1121 1274 eos,
1150 1208 1298 1275 quasi
1323 1206 1602 1259 damnatos
1622 1213 1677 1258 et
1704 1203 1918 1257 territos
1938 1201 2058 1270 qui-

476 1304 697 1359 busdam
724 1301 968 1362 manibus
986 1300 1384 1369 apprehendat;
1410 1306 1467 1351 ut
1492 1310 1597 1350 non
1625 1296 1779 1350 liceat
1800 1293 2056 1363 effugere,

474 1396 615 1465 quod
635 1395 792 1448 datur
818 1409 914 1462 pro
940 1392 1237 1447 sceleribus
1257 1391 1548 1445 sustinere.

549 1486 704 1541 Vers.
733 1485 823 1539 27.
857 1482 980 1538 Fiat
1018 1483 1265 1536 habitatio
1290 1497 1465 1535 eorum
1489 1481 1711 1540 deserta,
1738 1486 1786 1530 et
1812 1476 1866 1530 in
1888 1475 2058 1529 taber-

474 1577 682 1631 naculis
701 1592 877 1629 eorum
899 1590 999 1627 non
1028 1575 1091 1628 sit
1115 1575 1202 1641 qui
1223 1572 1494 1626 inhabitet.
1524 1570 1633 1623 Hoc
1655 1580 1943 1636 utrumque
1966 1567 2059 1621 Ju-

2159 388 2335 442 ntinus
2363 389 2627 455 apposuit,
2679 389 2771 441 sei
2796 389 2921 456 quia
2963 389 3073 443 fieri
3109 387 3371 458 permisit,
3402 392 3543 458 quod
3574 392 3735 447 saluti

2160 476 2450 530 multorum
2498 477 2753 545 expedire
2798 476 3073 546 judicavit.
3124 478 3352 533 Additur
3400 494 3555 548 pruna
3606 497 3737 551 pec-

2157 563 2282 629 cati,
2308 583 2367 620 ne
2389 567 2575 620 intrent
2604 568 2657 621 in
2676 567 2934 638 justitiam
2960 568 3192 635 Domini,
3218 570 3269 624 id
3298 578 3383 625 est
3410 587 3476 625 ne
3519 584 3737 641 partth-

2161 671 2254 724 pes
2282 657 2495 711 Christo
2525 658 2652 712 fiant
2696 659 2748 713 in
2780 660 2872 713 illo
2898 674 3062 728 regno
3087 660 3333 728 justitiat.
3366 661 3442 718 llli
3489 662 3635 718 enim
3668 664 3736 719 ad

2154 745 2437 817 justitiam,
2465 750 2564 804 hoc
2594 761 2676 805 est
2699 752 2766 805 ad
2800 767 3017 820 regnum
3053 753 3259 808 Domini
3305 757 3615 823 perveniunt
3644 760 3735 827 qui

2162 839 2247 893 hic
2274 856 2391 894 eam
2414 856 2608 896 sereno
2634 843 2825 898 mentis
2852 844 3050 899 lumine
3076 853 3418 901 contuentur‘.
3441 848 3590 913 Quod
3617 866 3740 918 per-

2162 930 2281 985 fidis
2316 932 2559 987 accidere
2603 948 2706 986 non
2759 943 2955 1000 petest,
3010 936 3100 1005 qui
3152 937 3330 991 cordis
3375 940 3740 998 obstinatione

2161 1020 2345 1075 caecati
2389 1032 2530 1077 sunt.
2568 1023 2660 1078 Vel
2709 1025 2806 1091 sic,
2840 1024 3053 1093 Appone
3079 1027 3399 1098 iniquitatem
3443 1048 3597 1101 super
3638 1035 3741 1088 ini-

2158 1112 2403 1179 quitatem
2429 1114 2677 1182 ipsorum,
2720 1116 2970 1184 quoniam
3000 1117 3313 1174 occiderunt
3356 1124 3641 1190 prephetas
3686 1135 3741 1180 et

2164 1203 2443 1257 Dominum
2468 1217 2810 1262 acciverunt.

2234 1296 2385 1349 Vt-rs.
2414 1297 2504 1351 50.
2541 1296 2817 1352 Πειθιηιια·
2842 1300 2905 1353 de
2936 1300 3066 1355 libro
3094 1301 3388 1367 uiuentium,
3423 1314 3473 1358 et
3495 1320 3610 1357 cum
3644 1304 3741 1379 ja-

2160 1388 2251 1441 stis
2281 1405 2382 1441 non
2403 1389 2711 1447 scribantur.
2737 1390 2905 1445 Verba
2938 1390 3059 1445 talia
3092 1406 3186 1460 per
3224 1395 3481 1462 tropicam
3511 1395 3741 1450 locutio-

2162 1490 2284 1530 nem
2313 1477 2381 1531 de
2404 1478 2515 1534 Deo
2543 1477 2647 1533 dici
2690 1479 2951 1548 frequenti
3006 1480 3237 1536 lectione
3268 1483 3603 1540 notissimum
3632 1496 3739 1541 est.

2163 1567 2293 1621 Nam
2319 1568 2510 1634 delere,
2538 1580 2591 1625 et
2619 1570 2854 1633 scribere,
2887 1582 2937 1625 et
2985 1571 3175 1626 librum
3206 1574 3402 1629 habere
3442 1574 3625 1630 datum
3658 1589 3744 1633 est

476 1666 611 1720 dacis
645 1665 932 1733 contigisse
967 1664 1305 1716 manifestum
1332 1674 1435 1725 est,
1467 1675 1587 1715 cum
1617 1661 1803 1715 civitas
1846 1658 1931 1711 illa
1962 1656 2050 1712 Je-
2093 1660 2138 1720 Β
2169 1660 2373 1715 homini
2414 1675 2573 1717 causa
2612 1662 2915 1727 memoriae,
2951 1672 3007 1716 ut
3034 1664 3171 1732 quod
3212 1666 3406 1720 mentis
3432 1666 3743 1725 inﬁrmitate

480 1754 710 1811 rnsalem
744 1754 1008 1823 frequenti
1040 1753 1347 1823 captivitate
1376 1752 1551 1808 deleta
1589 1761 1693 1809 est.
1728 1752 1946 1806 Factum
1978 1760 2061 1804 est

476 1845 618 1901 enim
649 1854 783 1899 utet
821 1845 1011 1897 domus
1041 1845 1261 1912 privata:
1306 1844 1496 1898 fierent
1520 1842 1767 1910 desertae,
1802 1850 1857 1896 et
1885 1841 2057 1896 taber—

478 1936 682 2003 nacula,
722 1935 774 1989 id
805 1944 887 1990 est
929 1933 1139 1989 Domini
1166 1936 1444 2004 templum,
1477 1934 1559 1988 vel
1602 1932 1759 2002 Regis
1804 1932 2057 2001 palatium

476 2032 592 2086 sine
622 2030 826 2087 cultore
868 2037 1230 2084 remanerent.
1282 2028 1346 2081 Et
1376 2036 1501 2081 nota
1538 2026 1679 2096 quod
1709 2026 1763 2081 in
1808 2025 2059 2079 domibus

477 2120 697 2188 privatis
724 2119 1089 2172 habitationem
1123 2116 1319 2185 posuit,
1354 2116 1407 2169 in
1440 2116 1647 2170 Domini
1689 2115 1943 2183 templum
1981 2114 2060 2167 in-

479 2211 876 2264 habitationem.
930 2210 1004 2265 lbi
1036 2208 1179 2263 enim
1226 2207 1526 2263 habitamus
1556 2207 1831 2262 mansione
1865 2220 2057 2274 cmpo-

479 2315 567 2353 rea
592 2317 606 2365 ;
636 2300 721 2354 hic
750 2312 925 2354 autem
948 2299 1316 2364 inhabitamus,
1346 2298 1436 2352 ubi
1469 2298 1868 2365 frequentamus
1895 2295 2059 2350 devo-

484 2402 550 2445 tat
581 2393 773 2446 mentis
801 2392 1017 2445 affectu.

552 2485 702 2539 Vers.
728 2484 817 2538 ‘28.
868 2483 1121 2549 Quoniam
1164 2498 1314 2547 quem
1363 2490 1416 2534 tu
1458 2480 1771 2548 percussisti,
1812 2478 2059 2547 persecuti

479 2583 629 2626 sunt:
653 2584 698 2627 et
728 2590 878 2641 super
899 2574 1127 2625 dolorem
1153 2574 1416 2625 vulnerum
1452 2586 1678 2623 meorum
1721 2570 2055 2623 addiderunt.

481 2667 622 2719 Inter
653 2665 945 2743 infidelium
966 2663 1291 2733 justissitnas
1324 2678 1508 2732 poenas
1537 2675 1694 2715 causa
1724 2660 1936 2729 ponitur
1964 2660 2060 2713 do-

482 2758 692 2813 tniuicat
744 2759 1031 2828 passionis,
1086 2758 1205 2827 quia
1260 2771 1562 2824 percussum
1614 2757 1865 2825 persecu'i
1917 2765 2057 2818 sunt,

480 2850 690 2919 sibique
746 2850 998 2903 traditum
1054 2850 1354 2903 detestabili
1410 2848 1625 2903 feritate
1699 2855 2055 2910 necaverunt,

482 2944 621 2997 sicut
650 2943 765 3010 ipse
810 2943 980 2996 dixit:
1010 2942 1130 2996 Non
1163 2942 1369 2995 haberes
1408 2942 1459 2995 in
1499 2957 1577 2993 me
1606 2950 1929 3008 potestatem,
1961 2940 2058 2993 nisi

2163 1753 2398 1807 retinere
2419 1768 2525 1806 non
2556 1760 2785 1821 poterat,
2827 1753 3134 1820 adiumento
3163 1757 3461 1826 scripturae,
3486 1775 3609 1815 cum
3656 1778 3745 1817 res

2164 1853 2424 1911 posceret,
2472 1846 2729 1913 potuisset
2772 1860 3083 1914 agnoscere.
3117 1847 3206 1903 Sic
3247 1851 3385 1904 enim
3426 1861 3480 1905 et
3530 1852 3745 1924 Moyses

2161 1938 2289 1994 dicit
2322 1938 2389 1992 ad
2431 1938 2711 1993 Dominum
2747 1958 2761 1993 :
2796 1941 2855 1994 Si
2901 1943 3017 1994 huic
3043 1943 3232 2011 papula
3258 1960 3359 1996 non
3389 1948 3579 2015 parcis,
3627 1950 3746 2004 dele

2161 2048 2240 2085 me
2260 2031 2323 2084 de
2344 2030 2472 2085 libro
2494 2030 2759 2084 viventium
2790 2029 2987 2098 (Exod.
3012 2046 3177 2095 xuii,
3201 2032 3312 2101 52).
3338 2032 3443 2088 Sed
3466 2035 3592 2089 liber
3619 2038 3743 2101 iste,

2163 2122 2368 2177 Domini
2415 2124 2602 2177 notitia
2647 2131 2728 2178 est
2777 2122 3097 2177 inviolabilis
3153 2124 3408 2194 firmaque
3451 2129 3742 2183 sententia.

2166 2214 2367 2268 Dicitur
2384 2228 2513 2285 ergo
2541 2215 2607 2269 de
2629 2214 2825 2269 .ludteis
2848 2234 2861 2269 :
2893 2213 3170 2271 Delectatur
3190 2216 3252 2268 de
3278 2216 3406 2269 libro
3431 2218 3708 2272 viventium
3725 2261 3742 2287 ,

2164 2319 2267 2357 non
2296 2304 2418 2373 quia
2446 2305 2631 2373 scripti
2657 2314 2830 2372 erant,
2860 2305 2956 2362 sed
2990 2307 3109 2377 quia
3141 2307 3371 2377 scriptos
3399 2323 3456 2363 se
3498 2324 3622 2364 esse
3646 2311 3743 2379 ju-

2162 2394 2435 2449 dicabant.
2472 2396 2545 2452 lbi
2573 2398 2715 2452 enim
2747 2399 2887 2466 quod
2914 2399 3165 2455 scribitur
3190 2401 3358 2457 deleri
3400 2418 3503 2457 non
3537 2413 3742 2472 potest,

2162 2487 2283 2553 quia
2330 2495 2495 2541 totum
2546 2487 2600 2541 in
2656 2491 3122 2557 przedestinatione
3175 2493 3456 2547 solidatam
3498 2504 3618 2560 est;
3683 2507 3745 2551 ct

2164 2578 2338 2630 nullus
2368 2589 2591 2632 eventus
2626 2588 2832 2635 mutare
2856 2582 3055 2649 peterit
3080 2583 3220 2651 quod
3267 2583 3355 2637 illa
3400 2585 3743 2652 providentia

2162 2681 2392 2736 superna
2420 2668 2674 2723 decrevit.
2702 2670 2970 2740 Sequitur,
3003 2681 3049 2725 et
3070 2689 3179 2724 tum
3192 2674 3353 2743 justis
3382 2691 3481 2727 non
3506 2676 3744 2730 scriban-

2163 2769 2268 2815 tur.
2291 2758 2434 2814 ldem
2464 2760 2577 2827 ipse
2600 2760 2887 2815 locutiOnis
2906 2773 2991 2815 est
3015 2762 3220 2823 modus.
3251 2775 3309 2817 ut
3334 2764 3568 2819 scribere
3596 2765 3744 2821 dicat

2164 2849 2355 2915 Deum,
2384 2849 2523 2918 quod
2555 2860 2636 2904 est
2665 2850 2717 2904 in
2747 2851 2836 2904 illa
2860 2852 3182 2920 judicatione
3214 2851 3447 2906 facturus
3468 2896 3482 2918 ,
3517 2855 3657 2909 sicut
3681 2856 3746 2911 itt

2165 2943 2458 3014 Evangelio
2487 2943 2615 2998 dicit
2642 2961 2656 2999 :
2687 2944 2792 2998 Sed
2816 2946 2982 3014 potius
3011 2947 3064 2999 in
3095 2947 3188 2999 hoc
3216 2948 3448 3015 gaudete,
3478 2950 3598 3016 quia
3640 2966 3749 3002 no-

480 3035 713 3089 tibidata
741 3046 865 3091 esset
899 3036 1114 3106 desuper
1144 3034 1319 3103 (Joan.
1362 3050 1469 3099 six,
1508 3034 1616 3100 il).
1650 3033 1865 3103 Legitur
1895 3033 2053 3105 231
2084 3035 2130 3097 C
2159 3036 2304 3088 mina
2349 3043 2511 3089 vestra
2538 3035 2727 3103 scripta
2755 3046 2871 3089 sunt
2920 3037 2972 3090 in
3002 3038 3137 3090 cretis
3181 3038 3330 3106 (Luc.
3377 3054 3430 3100 ι,
3475 3038 3591 3107 20).
3621 3040 3749 3097 Hoc

481 3130 640 3181 etiam
668 3145 681 3181 :
712 3127 813 3193 Qui
854 3130 1064 3197 praprio
1095 3126 1234 3180 Filio
1274 3142 1372 3180 non
1402 3128 1647 3197 pepercit,
1674 3126 1762 3179 sed
1791 3140 1881 3194 pro
1913 3124 2055 3176 nobis

2158 3126 2300 3180 enim
2331 3126 2573 3182 accidere
2604 3137 2757 3197 negat
2786 3127 2863 3183 eis
2903 3130 2991 3199 qui
3022 3146 3123 3183 non
3172 3140 3318 3196 sunt,
3368 3132 3505 3187 sicut
3550 3134 3749 3191 titulus

482 3220 714 3273 omnibus
741 3220 954 3272 tradidit
984 3220 1131 3272 illum
1166 3218 1342 3288 (Rom.
1370 3232 1483 3279 vnt,
1519 3216 1633 3285 52).
1669 3210 1938 3285 Scriptum
1975 3224 2057 3269 est
2157 3219 2255 3285 ait,
2288 3218 2387 3287 piis
2408 3217 2859 3275 satisfactionibus
2884 3220 3165 3276 immutati.

483 3326 696 3381 quoque
722 3312 1045 3374 absolutius,
1075 3310 1197 3378 quia
1233 3312 1368 3365 Deus
1407 3308 1713 3378 frequenter
1741 3309 1966 3377 percutit
1990 3309 2057 3360 ad

488 3406 712 3459 salutem
731 3445 747 3467 ,
778 3412 835 3457 ut
866 3411 949 3458 est
972 3400 1099 3456 illud
1138 3400 1531 3456 Deuteronomii
1561 3417 1574 3452 :
1601 3399 1712 3471 Ego
1756 3399 1983 3453 occidam
2010 3406 2058 3452 et

484 3498 644 3549 uiuere
676 3495 886 3565 faciam,
930 3494 1205 3564 percutiam
1231 3502 1278 3546 et
1308 3508 1399 3563 ego
1444 3492 1636 3546 sonabo
1676 3482 1854 3563 (Deut.
1891 3506 2057 3556 χχχιι,

484 3592 599 3657 39).
640 3590 973 3658 Quapropter
1013 3600 1319 3656 percussum
1356 3601 1416 3641 se
1441 3584 1569 3639 dicit
1613 3584 1868 3639 Dominus
1899 3582 2060 3639 Jesus

485 3680 727 3734 Christus
756 3694 786 3731 a
808 3677 1206 3745 dispensatione
1234 3691 1334 3745 qua
1358 3689 1545 3746 passus
1567 3684 1670 3729 est.
1695 3673 1800 3729 Sed
1826 3674 1950 3728 hinc
1968 3673 2063 3728 Ju-

485 3772 587 3826 daei
618 3769 960 3825 detestabiles
991 3767 1331 3833 exstiterunt,
1376 3766 1623 3835 quoniam
1645 3764 1787 3836 quod
1826 3765 2063 3835 oportuit

486 3878 584 3933 pro
629 3861 826 3916 mundo
876 3859 1011 3925 fleri,
1066 3873 1162 3928 per
1202 3858 1346 3927 ipsos
1389 3855 1594 3911 crudeli
1636 3864 1762 3910 voto
1810 3854 2065 3924 probatur

487 3955 785 4025 impletum.
814 3951 1087 4021 Sequitur,
1115 3959 1161 4002 et
1201 3964 1354 4018 super
1387 3948 1615 4001 dolorem
1639 3947 1901 4001 vulnerum
1922 3962 2063 4000 meo-

486 4061 602 4099 rum
630 4041 959 4097 addiderunt.
1004 4039 1208 4095 Eodem
1240 4036 1398 4093 modo
1425 4036 1566 4091 dicta
1593 4045 1675 4092 est
1701 4044 1755 4092 et
1796 4036 1895 4091 ista
1935 4050 2063 4090 sen-

489 4136 670 4191 tentia.
705 4135 862 4189 Dolor
898 4141 1015 4188 erat
1038 4131 1303 4186 vulnerum
1333 4129 1421 4198 pio
1452 4128 1697 4194 Domino,
1729 4143 1824 4183 cur
1865 4142 1971 4183 non
1998 4127 2066 4183 de

490 4226 684 4281 infideli
710 4224 905 4295 populo
934 4223 1076 4278 sitim
1124 4237 1276 4276 suam
1309 4219 1647 4288 esuriemque
1684 4218 1930 4273 satiabat.
1960 4219 2069 4273 Ad-

488 4317 730 4371 diderunt
767 4314 934 4368 Judaei
964 4312 1250 4384 gloriosam
1296 4308 1516 4379 quidem
1561 4308 1807 4374 Domino,
1838 4308 1935 4363 sed
1963 4308 2064 4364 sibi

2233 3310 2384 3366 Vera.
2414 3311 2503 3366 5i.
2536 3310 2745 3381 Pauper
2778 3322 2823 3365 et
2847 3312 3022 3367 dolens
3050 3330 3139 3384 ego
3166 3332 3301 3381 sum,
3333 3326 3381 3370 et
3412 3319 3550 3372 salus
3579 3318 3748 3389 [ms.,

2160 3400 2299 3453 salus
2328 3402 2436 3471 tua]
2466 3399 2632 3455 vultus
2658 3402 2751 3467 tui,
2779 3401 2932 3468 Deus,
2960 3405 3177 3473 suscepit
3199 3420 3295 3459 me.
3327 3405 3609 3476 Postquam
3639 3408 3753 3464 ,1η-

2161 3490 2293 3546 dteis
2318 3507 2439 3561 qua:
2470 3490 2682 3546 fuerant
2719 3506 2996 3547 emersura
3028 3494 3317 3562 prophetiae
3359 3497 3754 3565 praedicatione

2161 3588 2528 3649 competenter
2555 3581 2773 3650 optavit,
2808 3583 2953 3636 venit
3001 3582 3065 3636 ad
3098 3584 3337 3650 quintam
3386 3598 3611 3654 partem,
3646 3591 3754 3644 ubi

2165 3672 2346 3733 multis
2392 3670 2566 3725 modis
2615 3672 2890 3741 expauita
2938 3673 3331 3740 dispensatione
3356 3677 3757 3735 incarnationis

2162 3764 2246 3818 sui
2299 3763 2558 3832 propositi
2601 3764 2959 3818 sanctitatem.
3017 3763 3153 3819 Dicit
3208 3765 3399 3821 enim:
3435 3766 3647 3837 Pauper
3706 3779 3756 3825 et

2162 3855 2341 3911 dolens
2377 3869 2467 3927 ego
2504 3870 2636 3909 sum.
2678 3853 2902 3923 Pauper,
2933 3854 3075 3911 sicut
3123 3856 3251 3911 dicit
3277 3858 3608 3927 Apostolus:
3644 3860 3759 3929 Qui

2165 3963 2258 4017 pre
2283 3946 2427 4001 nobis
2457 3961 2649 4015 pauper
2677 3945 2842 4017 factus
2870 3955 2966 4013 est,
3007 3961 3121 4000 cum
3147 3958 3272 4002 esset
3302 3949 3459 4015 dives,
3510 3959 3565 4003 ut
3600 3952 3761 4008 illius

2164 4037 2339 4105 inopia
2368 4052 2460 4091 nos
2490 4036 2667 4089 divites
2710 4052 2930 4090 essemus
2960 4034 3046 4106 (Il
3089 4036 3207 4092 Cor.
3251 4053 3360 4105 vttt,
3412 4038 3488 4109 9).
3521 4038 3761 4111 Dolens,

2166 4129 2312 4199 quia,
2339 4128 2477 4182 sicut
2506 4126 2667 4181 lsaias
2694 4126 2822 4181 dicit
2849 4146 2863 4182 :
2898 4125 3232 4195 lnﬁrmitates
3255 4139 3452 4183 nostras
3482 4131 3597 4201 ipse
3627 4150 3766 4201 por.

2166 4222 2309 4286 tavit,
2353 4229 2401 4274 et
2430 4235 2521 4291 pro
2550 4219 2779 4273 omnibus
2807 4219 2974 4273 doluit
3022 4219 3179 4290 (lsai.
3206 4236 3321 4288 LIII,
3372 4222 3447 4289 4).
3478 4223 3542 4277 Et
3576 4240 3767 4294 quare

2167 4313 2333 4369 dicit:
2363 4311 2472 4383 Ego
2504 4327 2633 4378 sum,
2676 4326 2797 4366 cum
2829 4311 2981 4365 multi
3013 4325 3271 4380 pauperes
3320 4312 3429 4368 sint
3455 4313 3770 4370 dolentes?

492 4404 997 4479 perniciosissimam
1045 4403 1382 4472 passionem.
1427 4412 1485 4458 ut
1527 4402 1606 4458 illi
1637 4400 1949 4455 detestabile
1989 4402 2279 4466 in-Dsed
2328 4404 2450 4459 ideo
2497 4404 2597 4457 sibi
2654 4402 2792 4456 hanc
2848 4403 3221 4471 proprietatem
3270 4402 3559 4472 deputavit,
3625 4406 3772 4475 quia

491 4501 694 4555 ferrent
723 4496 967 4559 exitium,
998 4496 1086 4565 qui
1126 4505 1346 4551 venerat
1375 4509 1472 4564 pro
1510 4494 1681 4548 salute
1725 4500 2060 4548 cunctorum.

569 4588 718 4645 \Ters.
767 4584 862 4640 29.
914 4585 1122 4656 Appone
1174 4586 1493 4654 iniquitatem
1543 4600 1695 4653 super
1744 4583 2065 4651 iniquitatem

491 4679 735 4749 ipsorum.
770 4685 817 4730 et
866 4689 966 4728 non
1008 4676 1195 4729 intrent
1229 4675 1282 4726 in
1331 4681 1468 4726 tuam
1505 4672 1782 4749 justitiam.
1814 4670 2068 4739 lniquitas

495 4772 662 4840 prima
694 4768 790 4823 fuit
812 4766 1046 4823 Judaicte
1076 4764 1324 4829 na'ionis,
1352 4774 1409 4819 ut
1440 4764 1724 4834 prophetas
1764 4762 1831 4817 ad
1858 4777 1917 4817 se
1939 4763 2066 4817 mis-

491 4878 582 4920 sos
601 4860 1012 4930 exstinguerent.
1054 4857 1300 4924 Appos‘ta
1338 4862 1412 4908 est
1440 4863 1617 4908 autem
1644 4854 1887 4921 iniquitas
1912 4868 2066 4923 super

488 4954 806 5024 iniquitatem
837 4952 1083 5018 ipsorum,
1110 4944 1323 5016 quando
1347 4944 1518 5012 ipsum
1544 4958 1755 5014 qttuque
1784 4943 2067 4998 Dominum

494 5053 739 5098 nostrum
791 5040 966 5096 Jesum
1031 5037 1299 5092 Christum
1353 5034 1663 5104 crucifigere
1727 5036 2062 5098 maluerunt;

494 5133 634 5202 quod
685 5137 739 5185 in
793 5126 1079 5197 Evangelia
1134 5128 1448 5179 colonorum
1497 5132 1552 5177 et
1600 5126 1768 5177 vincte
1817 5123 2065 5191 parabole

492 5226 630 5279 dicta
662 5232 885 5277 testatur
908 5237 922 5273 :
954 5220 1174 5287 Quidam
1194 5218 1369 5270 habuit
1392 5218 1611 5278 vineam,
1641 5224 1685 5268 et
1712 5230 1827 5283 sepe
1852 5217 2069 5267 circum-

494 5316 628 5369 dedit
659 5329 768 5366 eam
806 5309 1019 5381 (Matth.
1054 5325 1161 5371 ιιι,
1185 5306 1298 5372 33),
1330 5320 1495 5373 usque
1522 5303 1590 5357 ad
1632 5304 1803 5357 locum
1834 5303 1921 5357 ubi
1945 5306 2019 5358 ait
2055 5322 2067 5357 :

498 5406 560 5459 Et
586 5405 843 5474 ejicientes
866 5417 980 5455 eum
1022 5410 1167 5453 extra
1204 5398 1401 5451 vineam
1445 5396 1755 5449 occiderunt.
1789 5395 1878 5450 Sic
1925 5397 2067 5451 enim

497 5501 709 5563 dicitur,
733 5498 944 5569 Appone
962 5495 1296 5562 iniquitatem,
1323 5506 1415 5561 per
1442 5491 1693 5559 trepicatn
1725 5492 2062 5558 locutionem,

498 5587 939 5661 quemadmodum
989 5585 1182 5643 lectum
1231 5592 1312 5640 est
1342 5600 1355 5637 :
1390 5578 1658 5636 Indurauit
1701 5579 1951 5638 Dominus
1978 5601 2065 5639 σοι·

2168 4511 2325 4552 nemo
2340 4496 2473 4550 alter
2496 4497 2636 4549 hunc
2660 4494 2896 4548 dolorem
2926 4508 3020 4562 pro
3050 4495 3209 4549 totius
3235 4494 3415 4549 mundi
3439 4496 3600 4563 culpa
3625 4512 3773 4553 sus-

2171 4589 2348 4643 tinuit.
2392 4586 2497 4642 Sed
2532 4586 2633 4639 hoc
2663 4600 2757 4655 per
2798 4584 3016 4653 figuram
3055 4585 3249 4639 dicitur
3277 4586 3631 4641 metriastnon
3655 4630 3671 4653 ,
3715 4588 3775 4643 id

2169 4686 2253 4735 est
2299 4678 2745 4742 mediocritatem,
2788 4676 3001 4745 quando
3049 4692 3161 4731 rem
3191 4688 3434 4745 magnam
3463 4676 3782 4734 humiliato

2171 4778 2296 4825 voto
2325 4769 2636 4840 dejicimus;
2686 4770 2826 4839 quod
2879 4782 3120 4837 persona
3151 4769 3356 4824 Domini
3409 4767 3618 4825 Christi
3654 4773 3779 4828 fre-

2170 4870 2395 4930 quenter
2422 4868 2654 4929 aptatur.
2687 4861 2965 4929 Sequitur,
2992 4870 3038 4914 et
3081 4862 3223 4915 satus
3250 4863 3417 4915 vultus
3448 4862 3544 4925 tui,
3583 4862 3777 4932 Deus,

2170 4953 2391 5021 suscepit
2417 4968 2517 5007 me.
2551 4951 2787 5022 Suscepit
2831 4952 3014 5021 utique
3063 4951 3447 5007 humanitatem
3498 4955 3786 5020 omnipo-

2174 5051 2292 5095 tens
2347 5041 2597 5107 Verbum,
2654 5040 2866 5109 quando
2924 5040 3177 5095 mundum
3234 5041 3345 5096 Deo
3396 5043 3786 5101 reconciliare

2171 5131 2416 5201 dignatus
2442 5141 2544 5186 est.
2577 5130 2735 5186 Salus
2763 5131 2932 5185 vultus
2976 5132 3072 5198 tui,
3105 5130 3273 5185 forma
3306 5131 3567 5199 unigeniti
3609 5132 3783 5202 Filii,

2175 5223 2227 5277 in
2254 5237 2355 5292 qua
2386 5221 2604 5290 aequalis
2628 5230 2709 5275 est
2740 5221 2914 5285 Patri;
2946 5237 3061 5287 qua:
3083 5220 3329 5275 salutaris
3358 5232 3504 5276 recte
3527 5221 3787 5293 dicitur,

2173 5325 2268 5381 per
2298 5326 2455 5381 quam
2488 5311 2732 5365 fidelibus
2761 5310 3021 5364 medicina
3060 5308 3353 5363 confertur.
3380 5309 3632 5382 Suscepit
3667 5331 3790 5380 me,

2173 5401 2366 5455 dicitur
2395 5416 2425 5453 a
2448 5409 2597 5471 parte
2625 5415 2727 5470 qua
2759 5399 2933 5453 minor
2965 5408 3046 5454 est
3079 5397 3256 5463 Patre,
3282 5409 3339 5453 ut
3367 5401 3686 5457 collocatus
3711 5405 3789 5461 ad

2169 5491 2445 5546 dexteram
2488 5490 2628 5562 ejus,
2663 5501 2716 5547 et
2764 5501 3129 5561 paupertatem
3171 5491 3466 5561 deponeret
3494 5502 3548 5547 et
3603 5495 3792 5553 dolo-

2172 5599 2304 5638 lem.
