3956 6178
142 311 220 360 {Si}

1005 306 1352 361 EXPOSZTIO
1392 306 1455 360 IN
1497 305 1955 362 PSALTEIHUM.
1997 306 2188 369 PSAL.
2235 305 2461 361 LXVI”.

3269 307 3371 361 490

194 424 340 480 Yers.
393 426 481 480 3'2.
537 424 778 478 Laudabo
831 441 1012 477 nomen
1063 421 1154 476 Dei
1212 438 1324 475 cum
1378 422 1598 486 cantico,
1648 430 1692 473 et
1726 426 1769 482 Α
1801 422 1942 474 enim
1977 421 2222 476 liberata
2257 422 2460 491 laqueis
2509 421 2994 491 carnalibus.q-uos
3019 421 3133 474 suis
3176 423 3368 492 regulis

136 521 462 588 nmgniﬁcabo
506 537 620 573 eam
651 521 701 572 in
734 521 902 572 laude.
933 519 1043 571 Ilvc
1091 521 1222 571 bene
1257 526 1427 587 potest
1474 515 1691 583 intelligi

137 609 295 662 abhis
320 608 414 678 qui
441 609 749 662 commutati
780 619 924 672 sunt,
962 610 1010 660 id
1061 618 1142 660 est
1168 623 1196 660 ει
1232 619 1380 675 parte
1426 606 1692 659 membro-

138 715 253 752 rum.
288 699 500 751 Laudat
529 699 671 753 enim
725 700 776 752 iu
811 699 1045 752 Ecclesia
1089 714 1270 750 nomen
1303 694 1509 750 Domini
1541 703 1697 762 caput

134 799 358 842 nostrum
411 805 528 841 cum
559 790 779 852 cantico,
810 792 1022 856 quando
1067 788 1312 858 hymnica
1343 785 1696 840 exsultatione

134 882 183 931 tit
215 879 474 932 adunatio
505 894 692 948 magna
727 879 985 932 fidelium.
1035 877 1147 945 Ipse
1177 875 1317 929 enim
1367 878 1416 927 in
1451 873 1599 926 nobis
1647 881 1700 925 ct

133 973 299 1026 laudat
347 983 404 1026 et
451 973 778 1042 magtiiltcat,
830 972 970 1039 quod
1027 987 1124 1024 nos
1171 970 1433 1023 veraciter
1484 967 1699 1020 laudare

133 1062 420 1133 cognoscit.
453 1063 584 1114 Nam
613 1062 657 1114 si
689 1062 840 1114 nobis
870 1061 1229 1115 esurientibus
1254 1059 1442 1119 esurit,
1473 1057 1516 1112 si
1547 1057 1700 1108 nobis

135 1154 427 1206 sitientibus
458 1152 595 1218 silit,
625 1151 1075 1220 quemadmodum
1105 1160 1157 1205 et
1187 1149 1338 1202 nobis
1367 1148 1702 1201 laudantibus

137 1264 223 1301 non
255 1248 377 1316 ipse
406 1247 707 1301 collaudat?

198 1372 351 1426 Vers.
383 1373 458 1425 ’55
513 1369 579 1423 Et
607 1370 820 1440 placebit
851 1370 959 1423 Deo
989 1384 1137 1436 super
1166 1367 1379 1419 vitulam
1429 1365 1702 1428 noreltnm,

135 1478 316 1514 comma
357 1461 727 1529 producentem
757 1468 802 1513 et
851 1459 1091 1529 ungulas.
1129 1457 1222 1512 llic
1262 1456 1568 1526 psaltnodize
1601 1454 1706 1508 vir-

138 1563 213 1606 tus
243 1551 540 1622 exponitur
570 1569 583 1604 :
617 1551 740 1620 quia
795 1549 966 1603 multo
1009 1549 1281 1618 acceptior
1306 1547 1546 1602 cst/tatis
1575 1560 1706 1615 puro

135 1641 284 1694 corde
312 1641 429 1693 fusa
456 1640 587 1707 Deo,
621 1654 776 1708 quam
807 1649 976 1706 potest
1001 1637 1258 1706 pecudum
1285 1639 1486 1704 p'acere
1511 1645 1707 1686 macta-

136 1733 218 1786 tio.
250 1731 358 1785 lste
388 1733 531 1785 enim
558 1731 750 1798 prioris
776 1731 1061 1784 oblationis
1092 1744 1206 1782 mos
1239 1728 1355 1792 fuit,
1383 1738 1437 1779 ut
1468 1742 1560 1794 pro
1581 1741 1705 1795 pec-

137 1825 260 1877 catis
305 1823 597 1882 oﬂ‘erretnr
645 1823 871 1876 noveltns
922 1820 1124 1874 vitulus.
1173 1818 1513 1886 Significabat
1562 1817 1702 1870 enim

135 1915 241 1974 hzcc
272 1916 493 1968 victima
539 1913 840 1967 innocentis
872 1928 934 1966 ac
965 1927 1113 1964 nova:
1144 1911 1264 1964 vitae
1308 1922 1526 1963 munera
1556 1922 1711 1961 secu-

138 2019 267 2071 tura,
296 2021 421 2074 qua:
451 2004 815 2059 defensionem
850 2003 1072 2055 haberet
1127 2003 1177 2052 in
1209 2001 1483 2063 cornibus,
1515 1998 1706 2063 pedum

140 2111 261 2150 vero
283 2096 561 2148 munimen
595 2095 645 2146 in
676 2092 904 2162 ungulis,
938 2107 1032 2158 per
1059 2106 1191 2159 quas
1214 2090 1395 2144 saeculi
1430 2089 1582 2142 istius
1619 2101 1708 2139 as-

139 2203 253 2254 pera
281 2186 698 2240 conversatione
739 2181 1071 2237 sanctissima
1104 2181 1452 2234 calcaretnus.
1500 2177 1708 2230 Produ-

138 2288 339 2343 centem,
374 2275 520 2345 quod
549 2277 643 2340 ait,
672 2290 882 2340 cornua,
919 2273 1048 2326 iltud
1092 2270 1374 2340 signiﬁcat,
1398 2270 1517 2336 quia
1557 2266 1710 2322 Chri-

139 2373 429 2420 stianorum
462 2370 691 2432 popu'us
722 2380 813 2432 per
859 2365 972 2418 dies
1003 2363 1242 2432 singu'os
1274 2363 1466 2412 virtute
1503 2357 1708 2410 Domini

141 2475 340 2520 semper
367 2469 624 2528 augetur.

205 2580 356 2633 τετε.
410 2579 505 2634 35.
544 2577 764 2631 Videant
810 2594 1056 2648 pauperes
1104 2585 1150 2630 et
1193 2577 1466 2643 (atteritur;
1505 2576 1714 2644 qumrite

142 2669 318 2736 Deum,
349 2680 401 2726 et
423 2674 550 2724 uiuet
573 2673 746 2723 anima
772 2679 953 2724 restra.
981 2670 1266 2739 Postquam
1297 2669 1428 2724 dixit
1452 2669 1566 2736 plus
1595 2680 1717 2722 esse

142 2763 394 2816 sacriﬁcia
428 2761 602 2814 laudis
631 2775 789 2830 quam
837 2759 1099 2828 pecudum
1131 2758 1543 2822 immolationes,
1586 2742 1718 2810 cou-

143 2854 358 2906 vcrtitur
389 2853 455 2905 ad
492 2866 754 2919 pauperes
777 2891 792 2913 ,
820 2865 1167 2905 commoneas
1190 2859 1248 2904 ut
1274 2850 1504 2904 debeant
1525 2853 1714 2915 uetari,

139 2947 346 3010 quando
370 2947 488 3013 jam
522 2959 626 2998 non
672 2943 725 2997 iu
753 2944 883 2998 solis
912 2942 1249 2997 facultatibus
1292 2942 1492 2996 oblatio
1542 2941 1714 3010 posita

139 3049 234 3099 cst,
265 3036 364 3090 sed
401 3038 453 3089 in
487 3036 682 3089 mentis
711 3034 924 3098 affectu,
957 3034 1043 3088 ubi
1085 3044 1138 3088 ct
1171 3050 1361 3103 pauper
1402 3042 1569 3098 potest
1600 3045 1719 3085 esse

139 3129 457 3181 ditissimus.
490 3126 666 3180 Nolite
692 3141 846 3196 ergo,
873 3126 1086 3193 divites,
1117 3125 1352 3194 gloriari,
1378 3125 1465 3192 qui
1499 3126 1720 3190 potestis

143 3218 334 3272 tubere
369 3217 572 3271 vitulos
601 3230 801 3270 cornua
835 3216 1190 3284 producentes
1220 3226 1273 3269 et
1296 3213 1518 3283 ungulas
1548 3254 1562 3276 ,
1595 3211 1717 3282 quia

141 3310 275 3367 Deus
327 3313 434 3365 ista
487 3310 713 3376 respuit,
767 3318 817 3362 et
869 3308 1279 3361 mundissimum
1336 3321 1430 3360 cor
1481 3305 1721 3372 requirit,

141 3402 274 3466 quod
320 3401 408 3454 illi
454 3401 625 3467 magis
653 3400 846 3452 habent
889 3398 976 3466 qui
1020 3397 1234 3452 divitias
1265 3408 1468 3450 vestras
1496 3394 1723 3449 obnoxia

139 3500 316 3543 tuente
349 3505 460 3544 non
493 3497 760 3556 qumruut.
793 3487 1066 3556 Sequitur,
1085 3503 1206 3556 quae.
1227 3486 1294 3538 ite
1320 3484 1500 3550 Deum,
1530 3492 1574 3536 ct
1601 3485 1725 3536 viset

139 3583 304 3633 ani-sa
328 3589 521 3633 mtra.
553 3577 820 3645 Paupcres
848 3589 1026 3630 mouet
1055 3587 1110 3628 ut
1135 3591 1312 3629 escam
1344 3573 1535 3627 mentis
1566 3587 1712 3642 qutu-

141 3679 275 3735 rant,
310 3684 426 3722 non
451 3683 586 3736 corp
603 3667 718 3732 tris,
744 3675 799 3720 et
833 3667 982 3720 illum
1024 3681 1210 3734 panem
1237 3663 1542 3719 desiderent
1570 3679 1728 3731 ange-

142 3759 338 3824 lorum,
390 3761 538 3813 unde
588 3761 762 3825 potius
807 3759 983 3810 anima
1030 3759 1321 3826 saginatur.
1358 3755 1729 3824 RCSpiciamus

137 3850 281 3915 quod
328 3850 484 3912 dicit,
522 3849 648 3900 tinet
677 3848 849 3900 anima
877 3855 1061 3912 ucstra,
1111 3845 1236 3900 dum
1286 3855 1341 3899 et
1392 3858 1727 3913 pecca'orum

137 3945 270 3994 sint
300 3943 505 3995 animo.
538 3940 640 3995 Sed
672 3939 797 3994 illud
841 3939 1056 4008 proprie
1099 3939 1263 3991 vivere
1290 3936 1538 3999 dicimus,
1589 3937 1729 4004 quod

137 4033 191 4084 in
221 4032 580 4088 beazitudinis
605 4031 940 4098 iucunditate
982 4030 1248 4084 consistit.
1279 4027 1407 4082 lilud
1459 4036 1636 4080 autem
1670 4027 1734 4080 li-

136 4132 226 4176 cet
253 4127 431 4186 vivat,
464 4122 631 4192 232
658 4121 791 4174 tnori
829 4120 975 4189 juste
1003 4127 1271 4184 putamus,
1295 4117 1434 4186 quod
1479 4127 1732 4185 perpetua

139 4213 364 4266 tristitia
397 4222 453 4266 et
479 4210 816 4280 grav-issinns
841 4209 1115 4263 doloribus
1143 4221 1414 4262 onera'ur.

211 4342 378 4397 Vm.
411 4339 506 4394 55.
555 4339 816 4405 Quoniam
861 4336 1119 4392 exaudivit
1167 4351 1417 4407 pauperes
1462 4332 1733 4396 Dominus,

134 4439 180 4481 et
209 4432 424 4484 vinctos
450 4445 573 4482 suos
599 4445 701 4480 non
727 4429 932 4496 sprevit.
969 4424 1223 4480 Eaaudiri
1249 4425 1461 4494 quidem
1490 4439 1738 4493 pauperes

1801 527 2070 566 eonnexos
2101 515 2397 580 agnoverit.

1872 605 2021 658 Vcrs.
2056 606 2146 658 36.
2183 605 2411 658 Laudent
2436 620 2548 658 eum
2572 605 2682 657 caeli
2699 616 2746 658 et
2774 613 2931 668 terra,
2960 620 3099 657 mare
3127 612 3173 657 et
3199 605 3376 657 omnia

1801 713 1914 766 qua!
1941 699 1992 748 in
2039 698 2109 749 eis
2158 707 2294 749 sunt.
2327 697 2488 749 Datur
2531 711 2840 765 magnarum
2874 711 3050 750 rerum
3099 695 3276 750 brevis
3315 704 3370 748 ct

1803 787 2040 841 absoluta
2073 791 2335 842 sententia
2355 829 2369 850 ,
2405 796 2462 841 ut
2488 788 2540 841 in
2565 789 2683 844 cmli
2717 790 3227 843 commemoratione
3255 804 3367 843 om-

1805 878 1886 931 nia
1909 895 2028 932 euut
2060 879 2283 931 dclteuttt
2321 880 2532 931 laudare
2551 879 2806 940 cmlcstia,
2843 889 2998 932 terra:
3029 895 3238 948 quoque
3263 889 3366 933 trr-

1805 971 2014 1034 t'cstria,
2045 969 2205 1023 maris
2234 969 2478 1029 universa
2503 971 2756 1021 natantia.
2797 971 2857 1021 lit
2886 978 2939 1020 ut
2970 971 3115 1022 tierel
3139 969 3314 1036 port‘oc
3341 987 3367 1023 a

1805 1061 2095 1125 concluso,
2123 1059 2321 1111 dictum
2341 1068 2444 1125 est,
2467 1071 2510 1110 et
2531 1059 2698 1110 omnia
2719 1075 2828 1126 qna?
2857 1059 2906 1110 in
2930 1060 3001 1110 eis
3030 1068 3168 1110 sunt.
3195 1060 3281 1113 Sic
3301 1061 3368 1111 ad

1809 1149 2015 1203 Domini
2049 1150 2231 1203 laudes
2275 1149 2530 1202 invitatur
2560 1148 2810 1217 quidquid
2859 1157 3221 1201 creaturarum
3252 1163 3369 1202 esse

1807 1243 2172 1310 cogmsvilur;
2205 1244 2280 1294 sic
2329 1251 2379 1296 ct
2414 1244 2694 1310 Apostolus
2743 1242 3113 1309 complectitur
3142 1242 3328 1298 dicens
3357 1261 3371 1295 :

1811 1333 1876 1386 Ut
1906 1351 1957 1384 ιη
2009 1333 2212 1387 nomine
2261 1332 2382 1386 Jesu
2438 1350 2584 1385 omne
2633 1350 2765 1403 genu
2795 1335 3028 1400 ﬂectatur
3080 1333 3372 1397 crete-stium,

1808 1426 2116 1476 terrestrium
2166 1433 2209 1474 et
2241 1426 2582 1490 infernarum,
2615 1434 2662 1475 et
2693 1427 2856 1475 omnis
2884 1411 3058 1493 lingua
3081 1425 3381 1492 conﬁteatur

1807 1517 1928 1584 quia
1973 1516 2219 1568 Dominus
2245 1516 2393 1569 Jesus
2423 1515 2653 1568 Cbris'us
2699 1517 2750 1567 in
2789 1518 2954 1585 gloria
2985 1527 3056 1569 est
3083 1517 3174 1569 Dri
3208 1515 3389 1570 Patris

1810 1607 2032 1678 (Philip.
2061 1623 2115 1669 tt,
2149 1608 2265 1676 i0).

1887 1699 2036 1752 νει-ς.
2085 1700 2170 1754 57.
2222 1700 2473 1763 Quoniam
2522 1698 2654 1752 Deus
2702 1701 2896 1753 satvnm
2945 1702 3095 1770 faciet
3146 1702 3295 1766 Sion,
3337 1712 3386 1754 et

1739 1802 1782 1858 Β
1809 1788 2199 1855 a‘diﬁmbuntur
2239 1789 2459 1842 civitates
2498 1789 2686 1855 Judm;
2725 1800 2773 1843 et
2811 1789 3165 1844 inhabitabant
3214 1793 3301 1856 ibi,
3337 1805 3388 1847 et

1816 1878 2109 1932 Ittct'editate
2137 1880 2394 1946 nequirent
2428 1897 2558 1933 eam.
2591 1881 2757 1946 Quale
2783 1895 2916 1949 opus
2966 1882 3034 1935 sit
3068 1882 3275 1936 Domini
3329 1885 3379 1936 itt

1818 1969 2068 2021 Ecclesia:
2122 1984 2232 2022 sua'
2278 1972 2710 2037 constructione,
2767 1989 2830 2026 ex
2889 1973 3100 2026 laudum
3148 1973 3379 2043 ipsarum

1817 2060 2181 2130 magnitudine
2239 2072 2484 2129 petenter
2527 2063 2843 2128 advertitur,
2902 2065 3112 2131 quando
3164 2066 3380 2122 cm'mn.

1815 2157 1976 2210 terra,
2009 2165 2176 2213 mare,
2217 2161 2271 2203 ct
2313 2151 2487 2204 omnia
2519 2169 2638 2221 qua:
2685 2154 2736 2206 in
2763 2156 2840 2206 cis
2869 2164 3011 2217 sunt,
3046 2155 3260 2209 laudare
3283 2155 3384 2209 Do-

1816 2236 2016 2288 minum
2045 2248 2472 2302 commone-nlur,
2515 2239 2634 2306 quia
2666 2240 2857 2292 salvam
2898 2243 3046 2309 faciet
3091 2243 3238 2308 Sion,
3267 2259 3382 2312 qua:

1818 2327 1902 2380 hic
1925 2327 2104 2381 multis
2127 2329 2606 2396 pcrsecutionibus,
2631 2331 2810 2385 multis
2835 2331 3084 2400 fatigatur
3106 2336 3382 2402 angustiis.

1817 2413 1944 2469 Sion
1972 2417 2113 2470 enim
2155 2417 2604 2488 Jcrosolymitano
2659 2422 2856 2489 templo
2891 2421 3142 2488 cohaeret,
3193 2439 3384 2493 parvus

1817 2510 2033 2564 omnino
2079 2511 2374 2574 colliculus,
2428 2511 2523 2564 sed
2580 2514 2808 2565 numinis
2863 2515 3116 2582 qualitate
3160 2516 3378 2584 grande-

1819 2615 2005 2665 scens;
2034 2600 2299 2669 signiﬁcat
2328 2603 2468 2655 cnim
2495 2604 2929 2670 speculationem,
2962 2621 3062 2672 qua
3086 2607 3195 2659 Sola
3222 2609 3384 2676 respi-

1821 2691 1955 2744 citur
1981 2691 2140 2754 Dcus,
2168 2691 2219 2745 iu
2249 2708 2350 2762 qua
2374 2693 2675 2764 diriguntur
2705 2696 2868 2750 corda
2914 2697 3167 2761 ﬁdelium,
3195 2707 3243 2752 et
3274 2714 3385 2752 om-

1822 2783 1966 2835 nium
1985 2791 2348 2836 creaturarum
2367 2785 2754 2838 rationabilium
2774 2801 2874 2838 una
2893 2787 3134 2854 felicitas,
3157 2787 3201 2842 si
3225 2789 3385 2843 Domi-

1821 2891 1947 2930 num
1976 2875 2399 2944 contemplemur
2426 2887 2720 2931 auctorem.
2755 2876 3052 2944 zEdiﬁmta:
3084 2889 3201 2933 sunt
3246 2882 3387 2936 enim

1823 2967 2046 3020 civitates
2069 2966 2242 3033 Judw,
2290 2967 2502 3036 quando
2529 2968 2763 3023 Ecclesia
2796 2969 3053 3025 catholica
3099 2988 3190 3038 per
3222 2974 3387 3026 humi-

1809 3044 2026 3109 ~litatem
2054 3056 2190 3124 piam
2223 3064 2334 3110 toto
2361 3057 2493 3110 orbe
2520 3057 2708 3111 ditIusa
2735 3069 2836 3113 est.
2872 3059 2982 3114 Non
3016 3062 3157 3116 enim
3187 3063 3237 3117 in
3260 3065 3396 3119 tedi-

1748 3183 1792 3244 C
1827 3148 1958 3201 liciis
1992 3149 2251 3216 parietum
2296 3147 2489 3216 gaudet
2519 3149 2792 3218 Dominus,
2825 3152 2911 3221 qui
2939 3164 3061 3205 sunt
3085 3155 3265 3223 utique
3306 3172 3394 3212 ve-

1829 3248 2022 3311 tustate
2049 3239 2304 3308 perituri;
2331 3239 2424 3294 sed
2450 3241 2680 3295 tidelium
2703 3243 3004 3310 devotione,
3033 3247 3134 3300 hoc
3155 3257 3236 3301 est
3269 3249 3397 3318 lapi-

1827 3333 1983 3388 dibus
2015 3333 2168 3401 vivis,
2221 3333 2360 3388 unde
2389 3332 2681 3388 Jerusalem
2735 3335 2910 3390 futura
2956 3339 3298 3395 construitur.
3335 3344 3391 3396 Et

1829 3427 1966 3482 bene
1987 3426 2183 3481 dictum
2209 3437 2309 3489 est.
2335 3427 2558 3480 civitates
2582 3425 2756 3493 Iudae,
2787 3429 2836 3482 id
2865 3440 2947 3485 est
2973 3430 3179 3486 Domini
3213 3435 3394 3490 Salva-

1831 3520 1982 3583 toris,
2015 3520 2101 3589 qui
2150 3534 2213 3573 ex
2243 3519 2447 3589 origine
2489 3518 2646 3573 Iuda:
2675 3523 2850 3576 carnis
2883 3527 3258 3594 propagatione
3305 3528 3392 3581 de-

1828 3612 2064 3678 scendit;
2087 3613 2224 3667 sit-ut.
2247 3611 2313 3666 de
2332 3615 2446 3681 ipso
2464 3612 2689 3682 legitur:
2727 3612 2858 3667 Vicit
2882 3615 2984 3668 Leo
3007 3617 3069 3670 de
3095 3617 3228 3671 tribu
3261 3618 3403 3672 Iuda

1833 3704 2017 3775 (Apoc.
2047 3719 2099 3770 v,
2133 3703 2210 3774 '5).
2236 3703 2339 3758 Sed
2374 3719 2440 3758 ne
2467 3712 2667 3757 tantum
2698 3706 2944 3774 civitates,
2984 3723 3086 3759 non
3109 3709 3268 3764 etiam
3304 3712 3396 3764 lia-

1829 3794 2113 3848 bitationes
2157 3793 2361 3848 futuras
2387 3793 2712 3857 adverteres,
2764 3795 2914 3863 dicit,
2944 3806 2994 3850 et
3043 3799 3396 3854 iit/tabifabttnt

1832 3887 1934 3950 ibi;
1977 3884 2116 3953 quod
2147 3895 2230 3939 est
2261 3885 2471 3953 proptie
2524 3884 2755 3939 ﬁdelium
2808 3887 3111 3955 inhabitare,
3161 3890 3247 3944 ubi
3279 3905 3406 3944 Cott-

1832 3984 2035 4032 stanter
2064 3977 2256 4030 mentis
2289 3977 2516 4045 puritate
2565 3985 2864 4031 versantur.
2901 3979 3045 4032 lianc
3086 3993 3262 4035 autem
3313 3983 3410 4036 Ec—

1833 4069 2047 4123 clesiam
2079 4067 2168 4122 hic
2195 4068 2437 4122 habitant
2461 4066 2536 4122 Cb
2549 4067 2769 4122 ristiani.
2800 4067 3116 4122 Ha'reditate
3145 4085 3272 4125 vero
3315 4089 3396 4125 ac-

1834 4161 2043 4228 quirent
2085 4175 2220 4221 eam,
2271 4157 2486 4227 quando
2537 4157 2603 4212 ad
2631 4156 2922 4212 Jerusalem
2958 4159 3097 4212 illam
3151 4171 3400 4216 aeternam

1838 4250 2047 4305 Domini
2100 4250 2442 4303 miseratione
2497 4249 2859 4316 pervenerint.
2919 4247 3207 4303 Hareditas
3262 4252 3401 4306 enini

1839 4343 1952 4410 ipsa
2004 4350 2085 4394 est
2115 4354 2256 4408 quae,
2285 4339 2421 4394 sicut
2447 4337 2556 4407 iam
2587 4339 2790 4391 dictum
2820 4349 2921 4403 est,
2952 4355 3056 4393 non
3089 4350 3282 4406 morte,
3314 4343 3404 4396 sed

1843 4439 2092 4485 teStatore
2125 4429 2176 4481 in
2202 4437 2462 4482 aztcrnum
2493 4426 2700 4480 vivente
2730 4429 3088 4493 prmstabitur.

129 4531 433 4589 gratanter
461 4519 749 4586 audimus;
797 4519 890 4574 sed
920 4521 1009 4590 qui
1058 4521 1164 4573 sint
1207 4519 1292 4573 isti
1325 4533 1572 4588 pauperes
1616 4517 1736 4570 dili-
1771 4546 1819 4604 Β
1913 4518 2064 4574 Vers.
2109 4519 2196 4575 '58.
2227 4516 2296 4571 Et
2323 4534 2494 4572 semen
2528 4533 2790 4572 seruorum
2828 4521 2942 4589 ejus
2973 4520 3245 4588 possidebit
3273 4541 3404 4582 eam.

127 4614 365 4682 gentilis
385 4613 748 4681 inquinatus.
775 4609 1036 4678 Pauperes
1052 4622 1175 4664 sunt
1195 4609 1418 4672 Christi,
1440 4610 1576 4662 sicut
1598 4622 1740 4675 sche

137 4708 436 4768 diximus,
495 4703 588 4772 qui
641 4703 827 4756 mundi
881 4702 1034 4756 istius
1083 4699 1294 4755 divitias
1342 4693 1744 4767 volupiatesque

131 4795 484 4862 despiciunt,
515 4802 572 4845 et
618 4791 820 4860 eligunt
867 4789 1211 4859 indigentiam
1251 4789 1602 4842 humanarum
1652 4803 1744 4840 re-

131 4902 285 4948 rum,
325 4892 394 4936 ut
429 4883 802 4950 spiritualtbus
830 4880 952 4950 epui
975 4894 1001 4933 s
1031 4879 1338 4934 farciuntur.
1366 4879 1474 4932 llos
1500 4877 1737 4931 exaudiri

123 4975 276 5030 dicit
307 4975 574 5028 Dominus
596 4971 869 5038 Christus,
901 4973 987 5038 qui
1021 4970 1310 5040 indigentia
1343 4969 1526 5023 mundi
1550 4969 1739 5040 repleti

129 5078 262 5119 sunt
281 5107 302 5132 ,
338 5076 404 5117 et
434 5074 687 5130 tanquam
716 5065 760 5114 si
791 5071 958 5115 totum
988 5062 1316 5130 possideant,
1357 5061 1436 5114 sic
1464 5070 1744 5130 pauperta-

129 5162 202 5211 tis
231 5171 372 5212 sua:
401 5155 692 5209 securitate
719 5154 994 5216 laetantur;
1036 5151 1174 5206 sicut
1201 5152 1487 5221 Apostolus
1517 5160 1697 5206 monet
1727 5169 1740 5204 :

125 5248 436 5313 Tanquam
453 5245 586 5298 nihil
614 5242 877 5307 habentes,
903 5252 950 5297 et
981 5244 1148 5297 omnia
1172 5242 1480 5312 possidentes
1501 5240 1588 5313 (11
1616 5241 1737 5296 Cor.

131 5357 207 5405 vt,
247 5342 386 5408 10).
419 5338 552 5392 Nam
583 5335 726 5404 quod
757 5337 887 5389 dicit
913 5375 928 5397 .
964 5345 1011 5389 et
1031 5337 1224 5389 vinctos
1264 5351 1381 5389 suos
1412 5351 1509 5388 non
1539 5335 1749 5405 sprerit,

125 5446 346 5486 oues-es
379 5427 601 5495 quidem
642 5429 998 5479 communiter
1043 5427 1205 5479 vincti
1253 5441 1434 5479 sumus
1468 5427 1581 5493 lege
1623 5439 1748 5492 pec-

125 5528 272 5588 uti,
308 5531 385 5575 es
417 5520 735 5589 quibusdam
765 5517 1116 5586 compedibus
1148 5517 1364 5590 irretiti,
1386 5517 1507 5584 quia
1537 5515 1747 5570 deside-

131 5621 219 5673 ria
247 5619 510 5672 humana
559 5611 936 5679 perquiritnus.
970 5609 1075 5663 Sed
1128 5609 1370 5661 Dominus
1400 5607 1589 5660 vinctos
1630 5621 1747 5659 suos

127 5730 238 5768 ma
267 5706 513 5778 spernit,
541 5703 592 5756 id
619 5711 704 5753 est
731 5699 818 5768 qui
847 5701 962 5767 ejus
1006 5699 1205 5767 legibus
1237 5700 1562 5755 vinciuntur.
1596 5698 1744 5767 Ipsos

623 5791 890 5854 PATIOL.
925 5789 1116 5849 LXX.

1843 4621 1890 4665 et
1919 4611 2005 4680 qui
2032 4610 2250 4679 diligunt
2287 4623 2470 4661 nomen
2490 4610 2604 4676 ejus
2628 4608 2979 4662 inhabitabant
3019 4610 3071 4663 in
3100 4627 3176 4664 ea.
3203 4611 3405 4670 Ternti-

1845 4717 1970 4756 num
2002 4701 2190 4770 psalmi
2239 4701 2392 4754 istius
2442 4698 2727 4768 promisso
2777 4698 2930 4753 beata
2980 4703 3282 4768 concludit;
3315 4707 3407 4758 sed

1845 4801 2099 4861 quantum
2143 4789 2343 4859 grande
2370 4798 2451 4842 est
2481 4789 2776 4860 praemium,
2805 4798 3005 4843 tantum
3037 4791 3292 4848 adhibere
3325 4794 3406 4848 in-

1847 4879 2152 4949 telligentia:
2205 4879 2458 4933 debemus
2517 4879 2780 4934 adnisum.
2836 4879 3021 4934 Semen
3070 4881 3153 4936 hic
3194 4897 3409 4952 operam

1846 4983 2104 5036 sanctam,
2133 4985 2239 5025 non
2269 4971 2445 5024 carnis
2477 4969 2784 5040 progeniem
2833 4971 3090 5026 debemus
3141 4975 3408 5042 accipere.

1847 5066 1978 5120 Nam
2004 5064 2123 5118 illos
2156 5061 2471 5131 reprobatos
2494 5072 2705 5117 constat
2733 5077 2874 5124 esse.
2899 5064 2986 5132 qui
3009 5075 3069 5118 se
3090 5079 3156 5119 ex
3186 5066 3411 5121 Abraha:

1849 5154 2173 5210 descendere
2205 5152 2570 5221 gloriabantur
2597 5155 2826 5223 origine,
2879 5156 3071 5222 quibus
3101 5155 3300 5211 dictum
3332 5174 3412 5213 est

1846 5262 1877 5300 a
1900 5248 2123 5301 D-Imino
2147 5264 2160 5300 :
2186 5244 2246 5299 Si
2271 5245 2368 5312 ﬁlii
2393 5243 2611 5297 Abraha:
2636 5245 2823 5307 essetis,
2854 5260 3006 5313 Opera
3029 5246 3245 5300 Abrahae
3266 5250 3390 5315 {ecis

1848 5338 1966 5391 artis
2010 5337 2184 5406 (Joan.
2215 5351 2326 5400 \‘Ill,
2360 5335 2472 5402 59).
2501 5334 2650 5401 Quod
2679 5333 2722 5387 si
2754 5349 2920 5388 semen
2953 5334 3118 5388 bonos
3161 5347 3330 5402 actus,
3363 5350 3416 5392 ut

1852 5427 1902 5480 in
1941 5427 2120 5480 multis
2152 5427 2284 5480 locis
2312 5425 2510 5478 dictum
2542 5435 2645 5493 est,
2681 5425 2908 5478 velimus
2933 5426 3230 5488 advertere,
3277 5428 3415 5483 inte—

1851 5534 1941 5584 gra
1968 5516 2119 5570 nobis
2147 5515 2338 5583 poterit
2375 5524 2617 5567 constare
2649 5515 2933 5568 sententia.
2959 5513 3086 5567 Nam
3120 5516 3415 5586 quicunque

1852 5611 2144 5663 imitatores
2171 5621 2356 5660 eorum
2399 5615 2540 5670 sunt,
2590 5607 2677 5676 qui
2719 5607 2828 5661 Deo
2861 5609 3117 5662 factorum
3153 5610 3416 5678 probitate

1847 5701 2182 5767 placuerunt,
2232 5696 2328 5765 ipsi
2375 5696 2699 5764 possidebunt
2754 5695 2986 5752 futuram
3039 5708 3254 5769 terram,
3303 5715 3419 5773 qua

2799 5783 2870 5848 16
