3956 6178
195 312 293 371 ιθδ

1118 322 1476 381 ΕΧΡΟΒιΤΙΟ
1517 327 1578 380 IN
1621 328 2082 388 PSALTERIUM.
2126 333 2318 389 l‘SAL.
2364 336 2546 391 LXIX.

3352 339 3454 394 ιςιι

193 429 369 500 iniqua
421 433 760 490 conscientia
817 435 1002 492 studio
1049 439 1293 495 veritatis
1341 457 1664 512 agnoscens.
1718 444 1786 500 de
1818 451 1856 503 Α
1893 446 2019 500 ηιῖηὶ
2066 449 2285 503 cessari.
2325 449 2388 505 Et
2439 459 2495 504 ut
2551 451 2702 505 nobis
2756 467 2947 510 sensus
2991 457 3106 526 ipse
3149 459 3482 517 manlfesﬁus

192 525 312 579 facti
343 525 429 581 sui
460 531 814 595 perversitate
864 532 1128 587 turbatur.
1166 534 1403 590 Revereri
1437 547 1539 604 est,
1569 542 1785 607 quando

190 617 456 690 justitiam
491 620 678 676 ltesam
713 631 895 679 nostra
930 628 1246 694 operatione
1294 632 1698 700 cognoscimus,
1734 642 1788 685 et

191 725 289 774 pro
341 709 427 764 his
484 713 646 766 rebus
699 731 885 783 prenas
940 733 1038 772 nos
1080 719 1357 775 incurrere
1413 721 1785 777 formidamus.

191 802 351 870 Quod
385 803 490 858 illis
521 806 720 858 accidit
746 807 857 875 qui,
891 811 1241 878 perversitate
1280 811 1554 876 damnata,
1580 814 1644 868 ad
1677 816 1790 884 pic-

187 901 352 948 tatem
406 895 622 950 Domini
673 900 1043 956 conver-ionis
1075 902 1254 957 studio
1303 905 1480 958 redire
1513 904 1786 958 festinant.

191 982 476 1051 Sequitur,
520 988 607 1052 qui
640 999 876 1056 quierunt
923 992 1150 1045 animam
1183 1011 1368 1050 meam.
1411 995 1552 1050 Bene
1604 997 1788 1065 singu-

191 1073 291 1128 lari
326 1091 556 1130 numero
579 1079 802 1134 animum
827 1095 978 1136 suam
1007 1086 1184 1150 posuit
1213 1086 1365 1139 turba
1392 1087 1652 1154 ﬁdelium,
1678 1089 1791 1156 qui-

193 1166 298 1221 bus
324 1178 400 1221 est
427 1169 588 1237 (sicut
619 1171 890 1241 Scriptura
921 1175 1075 1246 dicit)
1103 1179 1275 1231 anima
1297 1189 1344 1231 et
1371 1197 1456 1232 cor
1473 1199 1627 1235 unum
1649 1183 1786 1253 (Act.

197 1273 272 1321 tv,
304 1259 426 1328 δέ).
458 1261 764 1327 ρυωνεὺαηι
789 1279 916 1335 ergo
939 1267 1133 1320 inimici
1154 1271 1378 1324 animam
1413 1273 1651 1326 ﬁdelium
1684 1291 1788 1327 non

189 1348 258 1403 ad
314 1353 753 1421 venerationem,
807 1357 900 1411 sed
951 1370 1004 1411 ut
1049 1360 1441 1416 satisfacientes
1484 1365 1622 1419 odiis
1676 1367 1789 1420 suis

188 1457 314 1497 eam
350 1459 379 1496 a
411 1461 642 1514 corpore
678 1464 775 1502 suo
806 1465 1167 1520 segregarem.
1203 1455 1353 1522 Quod
1393 1456 1589 1512 factum
1622 1471 1702 1513 εει
1737 1461 1788 1515 in

187 1546 488 1606 martyrum
541 1540 902 1607 passionibus,
936 1544 1148 1612 quando
1181 1560 1274 1600 eos
1318 1547 1620 1603 trucidabat
1668 1567 1791 1618 per-

185 1630 404 1682 secutor
446 1629 716 1684 infensus.
754 1631 976 1702 Legitur
1027 1644 1081 1689 et
1132 1636 1183 1688 in
1234 1636 1398 1704 bono,
1439 1642 1620 1709 qua’ri,
1651 1643 1791 1695 sicut

183 1730 270 1772 est
295 1738 309 1773 :
350 1718 518 1773 Periit
549 1724 675 1791 fuga
703 1741 734 1776 a
765 1741 863 1792 me,
897 1733 944 1780 et
969 1743 1071 1780 non
1101 1738 1176 1781 est
1196 1730 1286 1800 qui
1310 1734 1534 1800 requirat
1565 1735 1788 1788 animam

1891 538 2179 608 eluceseat,
2232 543 2516 598 verborum
2549 546 2680 600 ordo
2714 548 3017 604 reddendus
3043 563 3162 616 est;
3208 554 3306 610 hoc
3354 569 3474 613 est:

1895 627 2076 683 Dicant
2105 649 2301 697 semper
2328 635 2414 704 qui
2446 636 2667 704 diligunt
2697 639 2921 694 salutare
2948 653 3088 697 tuum
3120 662 3137 698 :
3173 646 3474 718 Magniﬁcb

1891 731 1971 774 tur
2001 721 2267 780 Dominus.
2305 725 2666 797 Intelligamus
2718 734 2815 784 hoe
2861 734 3077 788 verbum
3126 737 3193 792 ab
3239 741 3470 795 humana

1891 815 2279 869 consuetudine
2329 817 2493 872 fuisse
2545 829 2860 876 mutuatum.
2920 826 3283 898 Magni/iratiu-
3330 833 3471 888 enim

1896 903 1986 958 ille
2018 907 2104 972 qui
2138 906 2383 960 laudibus
2412 911 2627 974 crescit,
2672 913 2760 979 qui
2802 915 2936 968 bona
2969 919 3219 985 opinione
3249 926 3474 991 grande-

1895 996 2018 1052 scit,
2067 997 2329 1051 Castorum
2367 1001 2504 1054 Deus
2554 1019 2658 1056 non
2695 1005 2857 1059 habet
2909 1008 3318 1083 incrementum,
3353 1021 3473 1084 quia

1894 1086 2010 1153 ipse
2043 1088 2094 1140 in
2126 1105 2184 1144 se
2217 1100 2378 1156 totus,
2415 1094 2721 1162 singularis,
2756 1107 2810 1150 et
2840 1100 3124 1157 inefl‘abilis
3163 1105 3474 1178 intelligitur

1895 1177 2203 1246 plenitudo;
2232 1197 2330 1237 nec
2361 1183 2574 1239 aliunde
2598 1197 2774 1256 potest
2799 1203 3066 1256 crescere,
3087 1198 3174 1262 qui
3198 1177 3473 1255 consuevit

1894 1279 2057 1322 creat:
2087 1274 2158 1324 r's
2189 1274 2440 1327 omnibus
2467 1277 2798 1333 incrementa
2828 1292 3103 1349 prmstare.
3137 1287 3242 1342 Sed
3273 1294 3476 1358 magni-

1896 1357 2126 1424 ﬁcando,
2149 1377 2246 1416 nos
2274 1363 2397 1417 inde
2424 1365 2749 1435 proficimus,
2783 1379 2976 1425 etcum
3006 1372 3189 1430 laudes
3219 1375 3331 1433 Deo
3353 1357 3476 1436 san-

1895 1459 1980 1504 eta
2035 1464 2212 1507 mente
2257 1458 2626 1524 persolvimus,
2679 1470 2858 1516 nostra
2905 1467 3232 1522 conscientia
3262 1484 3476 1542 setmet

1893 1554 2136 1611 augetur.

1968 1635 2123 1691 Vers.
2161 1640 2215 1694 5.
2258 1640 2372 1710 Ego
2397 1659 2510 1696 vero
2542 1660 2727 1714 egenus
2759 1657 2806 1698 et
2833 1665 3030 1720 pauper
3050 1668 3198 1718 sum;
3230 1653 3479 1719 οεδιπ-

1884 1727 2016 1796 juva
2068 1745 2144 1782 me
2168 1745 2188 1785 :
2213 1731 2428 1801 adjutor
2460 1749 2599 1787 meus
2629 1745 2675 1787 et
2707 1734 2953 1790 liberator
2994 1756 3136 1794 metu
3183 1760 3234 1796 es
3264 1754 3340 1810 tu,
3368 1747 3476 1800 Do—

189 1828 360 1863 Iuram
397 1811 572 1880 (Prol.
605 1829 745 1878 cxu,
775 1816 852 1886 5).
897 1817 957 1871 Ει
982 1821 1102 1887 quia
1136 1821 1236 1875 hoc
1277 1823 1493 1878 verbum
1530 1825 1789 1898 homony-
1825 1818 1864 1874 Β
1899 1820 2032 1871 mine
2063 1836 2082 1874 :
2118 1837 2180 1873 ne
2223 1824 2526 1879 tartlaveris.
2559 1827 2735 1881 Turba
2766 1828 3002 1884 ﬁdelium
3049 1848 3168 1888 cum
3195 1836 3477 1897 dominica

182 1920 332 1957 mum
364 1915 472 1968 est,
505 1906 726 1972 addidit,
754 1919 806 1961 ut
831 1911 1070 1978 auferunt
1097 1929 1247 1980 eam;
1276 1923 1536 1985 quatenus
1566 1923 1703 1972 Istud
1737 1923 1787 1975 in

187 1997 398 2051 malum
461 2000 696 2067 positum
763 2002 1061 2072 intelligere
1109 2005 1411 2062 debuisses.
1469 2010 1787 2079 Sul~junxit,

183 2099 486 2143 avertantur
532 2102 810 2145 retrorsum
856 2104 901 2148 et
929 2097 1227 2151 erubescant
1276 2103 1364 2166 qui
1407 2103 1633 2171 cogitant
1665 2106 1786 2159 mihi

183 2186 343 2233 mala.
373 2184 635 2236 Avertitur
663 2197 940 2240 re‘rorsum
965 2190 1050 2255 qui
1080 2191 1236 2260 (sicut
1265 2207 1406 2261 sa'pe
1433 2195 1631 2250 dictum
1654 2198 1786 2267 εει),

184 2289 212 2326 a
249 2290 413 2341 prava
446 2277 775 2342 cogitatione
820 2277 1129 2350 discedens,
1169 2284 1374 2338 Domini
1423 2287 1569 2354 jussa
1600 2288 1786 2343 subse-

189 2370 396 2434 quitur.
427 2366 633 2422 Sensus
655 2385 783 2438 ergo
817 2372 938 2426 talis
964 2387 996 2427 e
1032 2382 1081 2427 t:
1106 2373 1205 2439 Qui
1226 2380 1450 2447 cogitant
1477 2381 1603 2432 mihi
1625 2383 1782 2445 mala,

190 2459 329 2511 hanc
363 2459 784 2514 retributionem
831 2463 1146 2531 StISt-ipiant,
1181 2483 1246 2520 ne
1297 2472 1348 2520 in
1379 2484 1474 2522 sua
1508 2471 1787 2541 iniquitate

189 2550 517 2616 persistant.
544 2549 590 2604 Ο
624 2550 703 2618 pia
738 2565 1067 2620 sanctorum,
1091 2558 1251 2610 etiam
1286 2559 1400 2628 ipsa
1433 2577 1549 2628 quae
1574 2573 1789 2630 putatur

186 2641 525 2697 adversitas!
578 2647 763 2699 Melius
793 2648 1044 2716 optabant
1078 2649 1308 2706 inimicis
1338 2665 1497 2722 quam
1538 2656 1636 2711 sibi
1683 2657 1783 2728 ipsi

185 2744 370 2802 petere
393 2735 716 2790 videbantur
747 2737 798 2790 in
832 2743 1100 2809 prosperis
1128 2745 1423 2800 constituti.

257 2824 416 2880 ’σο-νς.
463 2828 519 2880 3.
557 2830 864 2883 Avertantur
891 2835 1066 2885 statim
1095 2834 1460 2902 erubescentes,
1493 2839 1584 2909 qui
1610 2841 1784 2896 dicunt

183 2917 349 2970 mihi:
377 2915 549 2989 Euge,
578 2935 722 2989 euge.
755 2920 958 2976 Prioris
1000 2939 1191 2990 sensus
1241 2929 1475 2982 excultio
1520 2942 1598 2984 est
1619 2972 1634 2998 ,
1669 2944 1725 2986 ut
1755 2949 1782 2986 a

183 3024 286 3063 suo
316 3012 598 3079 ιιι-οιαοείιο
639 3013 1042 3080 erubescentes,
1087 3019 1344 3075 velociter
1389 3026 1785 3093 compellantur

184 3103 523 3168 abscedere,
578 3105 668 3174 qui
729 3105 878 3160 falsis
945 3108 1339 3167 laudationibus
1391 3127 1786 3183 cognoscuntur

1895 1911 2161 1977 passionis
2195 1913 2494 1968 imitaretur
2534 1917 2864 1987 exemplum,
2916 1921 3027 1988 ipsa
3073 1940 3285 1995 quoque
3314 1933 3474 1984 Verba

1891 1998 2010 2068 ejus
2041 2000 2105 2054 ad
2154 2017 2303 2056 suam
2336 2007 2607 2060 transtulit
2641 2009 3016 2075 psalmodiam.
3050 2013 3186 2070 Dicit
3233 2018 3375 2072 enim
3409 2039 3472 2073 ροκ

1893 2103 2119 2156 rersona
2153 2105 2246 2146 sua
2296 2093 2551 2148 Dominus
2577 2098 2627 2150 in
2656 2098 2761 2152 alio
2794 2103 2994 2168 psalmo
3025 2119 3038 2155 :
3073 2103 3184 2174 Ego
3220 2122 3337 2162 vero
3366 2127 3480 2177 egr—

1892 2194 1987 2231 nus
2011 2189 2061 2232 et
2092 2198 2288 2251 pauper
2317 2200 2466 2249 sum;
2512 2185 2766 2241 Dominus
2805 2206 2979 2244 curam
3004 2191 3154 2247 habet
3181 2199 3278 2251 mei
3300 2198 3474 2268 (Paul.

1893 2284 2078 2335 χχιιι,
2116 2271 2236 2342 l8);
2265 2273 2403 2328 sicut
2432 2284 2483 2329 et
2512 2275 2599 2330 hic
2625 2278 2824 2334 dictum
2855 2291 2938 2336 est
2961 2299 2990 2338 a
3025 2301 3249 2354 persona
3295 2291 3475 2345 beatu-

1892 2377 2031 2418 runi.
2054 2364 2159 2421 Sed
2193 2366 2318 2420 dum
2352 2369 2479 2422 dicit
2512 2385 2525 2423 :
2564 2368 2674 2441 Ego
2698 2388 2814 2426 vero
2835 2391 3022 2447 egenus
3047 2389 3094 2432 et
3123 2397 3320 2452 pauper
3340 2401 3476 2444 sum.

1891 2457 2155 2524 signiﬁcat
2195 2459 2317 2513 illos
2348 2460 2540 2514 divites
2595 2462 2760 2518 fuisse
2811 2469 3133 2531 mundanos.
3171 2473 3235 2527 de
3282 2475 3476 2543 quibus

1893 2545 2067 2600 dicit:
2101 2547 2498 2616 confunduntur
2545 2562 2592 2605 et
2641 2569 2967 2611 revereantur
3010 2561 3203 2616 inimici
3248 2569 3363 2631 mei,
3394 2585 3476 2631 qut

1893 2649 2133 2706 quaerunt
2162 2641 2390 2693 animam
2432 2659 2614 2696 meum.
2663 2645 2766 2701 Sed
2801 2648 3094 2717 videamus,
3125 2668 3244 2709 cum
3277 2658 3344 2710 sit
3369 2674 3477 2714 CIB-

1892 2729 2010 2782 lesti
2033 2735 2285 2786 thesauro
2311 2735 2595 2804 ditissima,
2630 2741 2825 2809 ubique
2852 2757 2912 2797 se
2934 2759 3155 2814 egenam
3187 2759 3241 2802 et
3273 2765 3475 2820 paupe-

1892 2835 2002 2873 rem
2033 2821 2159 2876 dicit
2182 2824 2415 2893 gloriosa
2447 2839 2762 2896 paupertas;
2797 2835 2872 2888 uti
2893 2851 2999 2902 pie,
3029 2839 3151 2906 quia
3181 2844 3476 2901 mundanas

1887 2909 2070 2979 copias
2086 2927 2191 2964 non
2213 2912 2391 2982 habet,
2413 2928 2463 2970 et
2484 2917 2646 2984 intus,
2665 2920 2752 2976 ubi
2768 2931 2851 2976 est
2872 2924 3037 2989 dives,
3060 2937 3474 3002 semperambit.

1888 3017 2105 3072 semper
2130 3005 2424 3076 desiderat,
2451 3025 2666 3080 semper
2692 3014 2913 3084 accipit;
2939 3018 3076 3073 sicut
3096 3023 3380 3088 Aposmlus
3397 3029 3475 3080 di-

1887 3094 1990 3148 cit:
2015 3093 2241 3163 Fratres,
2272 3115 2363 3170 ego
2381 3118 2458 3155 me
2473 3119 2575 3156 non
2593 3104 2816 3160 arbitror
2833 3111 3232 3178 apprehendisse
3251 3115 3400 3186 (Phil
3413 3122 3475 3190 'p.

187 3197 538 3252 ﬁdelissimos
585 3201 886 3268 increpare.
922 3198 1068 3274 Euge
1119 3203 1262 3258 enim
1310 3220 1488 3259 sermo
1519 3208 1781 3263 laudantis

1893 3199 1972 3246 tu,
2007 3185 2128 3258 l3);
2164 3197 2220 3244 et
2248 3192 2440 3246 iterum
2475 3211 2487 3246 :
2523 3194 2585 3250 Si
2605 3198 2718 3265 quis
2740 3199 2994 3254 existimat
3023 3219 3076 3256 se
3103 3207 3233 3258 scire
3258 3185 3475 3279 aliquid.

185 3298 300 3352 est;
335 3290 435 3342 sed
467 3289 554 3344 hic
599 3291 698 3344 sub
729 3293 922 3358 ironia,
968 3293 1018 3346 id
1062 3304 1142 3349 rst
1173 3296 1272 3350 sub
1304 3297 1555 3355 irrisione
1586 3301 1784 3355 dictum

188 3379 394 3434 adverti
421 3380 610 3446 debet,
642 3383 894 3450 quoniam
921 3385 988 3438 ab
1019 3385 1250 3441 inimicis
1273 3389 1482 3442 videtur
1512 3405 1630 3446 esse
1660 3407 1693 3461 p
1727 3408 1787 3445 o-

189 3472 378 3528 latum.
407 3473 540 3528 Sive
583 3475 701 3538 illos
731 3475 973 3546 increpat
1015 3478 1103 3547 qui
1136 3479 1456 3535 afflictiones
1488 3494 1785 3555 martyrum

189 3577 489 3633 pinnasque
535 3565 864 3629 collaudant,
905 3578 959 3623 et
1012 3584 1114 3624 ron
1161 3571 1226 3624 ad
1281 3573 1516 3630 aucturis
1563 3573 1784 3645 gloriam

189 3657 431 3708 referunt
466 3656 609 3724 σιηιιά
641 3659 720 3710 eis
745 3669 828 3712 est
857 3659 1004 3731 larga
1041 3663 1236 3730 pietate
1281 3678 1616 3721 Concessum.
1655 3668 1784 3723 Nam

189 3757 485 3814 utrumque
539 3749 786 3803 vitiosum
819 3762 922 3816 est,
951 3764 1042 3807 aut
1071 3755 1261 3810 alienis
1301 3759 1693 3814 calamitatibus
1723 3761 1786 3815 il-

191 3835 400 3901 laderc,
431 3851 527 3892 aut
558 3840 803 3896 homines
833 3843 900 3898 de
925 3860 1019 3898 sua
1054 3847 1408 3914 possibilitate
1433 3850 1677 3908 laudare.

257 3928 419 3983 γω.
451 3931 507 3984 4.
536 3929 810 3986 Επδιιιιεηε
847 3946 892 3988 et
914 3937 1150 3991 (celentur
1178 3939 1231 3992 in
1260 3949 1307 3994 te
1332 3956 1505 3996 omnes
1534 3946 1622 4014 qui
1650 3962 1789 4013 qure-

188 4031 305 4072 runt
345 4030 416 4087 te,
453 4019 695 4089 Domine,
722 4034 770 4077 et
801 4026 976 4079 d.cant
1005 4045 1198 4099 semper
1279 4031 1639 4104 tllagni/icetur
1683 4035 1786 4089 Do-

187 4111 379 4174 minus,
407 4113 503 4178 qui
532 4113 756 4186 diligunt
783 4115 1009 4171 salutare
1039 4128 1200 4173 tuum.
1249 4120 1539 4193 Postquam
1570 4125 1640 4180 de
1667 4142 1788 4194 per-

187 4208 533 4273 sequentium
561 4207 916 4275 iniquitatect
946 4213 1301 4268 conversione
1329 4213 1534 4269 locutus
1563 4227 1671 4284 est,
1700 4233 1788 4273 se-

186 4299 362 4350 cauda
396 4297 671 4365 positione
723 4298 1045 4368 deprecatur
1074 4311 1130 4356 ut
1175 4308 1428 4360 exsultent
1476 4319 1520 4362 et
1551 4309 1786 4363 la'tentur

186 4407 363 4444 omnes
405 4393 499 4462 qui
549 4394 774 4464 diligunt
828 4395 1112 4452 Dominum
1143 4397 1437 4454 Christum.
1484 4400 1595 4455 illis
1638 4403 1785 4458 enim

180 4481 431 4537 confusio
461 4493 518 4537 et
546 4486 890 4553 verecundia,
919 4487 1036 4543 istis
1075 4490 1362 4544 exsultatio
1405 4501 1456 4544 et
1484 4491 1660 4547 laetitia
1692 4510 1759 4564 pe

1892 3279 2109 3333 necdum
2158 3286 2393 3352 cognovit
2436 3289 2865 3356 quemadmodum
2913 3309 3027 3346 eum
3074 3308 3308 3367 oporteat
3353 3304 3485 3354 scire

1890 3369 1948 3439 (I
1982 3369 2103 3426 Cor.
2138 3389 2252 3441 vui,
2279 3374 2359 3445 2).
2395 3376 2554 3434 Vides
2581 3382 2774 3435 merito
2800 3382 2903 3437 dici
2929 3386 3060 3440 tales
3090 3402 3309 3458 egenos,
3345 3391 3477 3446 tales

1892 3473 2176 3531 pauperes,
2207 3466 2297 3530 qui
2329 3469 2584 3522 continue
2612 3473 2894 3540 acquirere
2919 3476 3145 3543 gratiam
3177 3478 3476 3536 Divinitatis

1891 3563 2176 3622 exoptant.
2213 3556 2377 3628 Egeni
2405 3560 2550 3615 enim
2579 3576 2764 3617 sumus
2796 3569 3010 3630 quando
3035 3569 3234 3641 jugiier
3278 3574 3477 3644 indige-

1893 3657 2044 3710 mus;
2069 3663 2343 3718 pauperes,
2366 3651 2492 3705 dum
2520 3668 2735 3724 semper
2757 3656 2822 3710 ad
2857 3658 3112 3714 henelicia
3136 3663 3298 3731 ipsius
3326 3667 3476 3721 avida

1893 3746 2073 3794 mente
2123 3754 2497 3810 properamus.
2549 3746 2823 3815 Sequitur,
2863 3749 3238 3824 Deus.adjura
3291 3771 3386 3820 me,
3425 3757 3476 3812 id

1892 3841 1977 3886 est
2016 3835 2066 3887 in
2097 3837 2443 3894 tribulatione
2492 3843 2781 3910 nmndana,
2835 3845 2922 3900 tibi
2955 3861 3074 3899 cum
3108 3849 3353 3902 vitiorum
3385 3852 3477 3904 ad-

1892 3923 2148 3979 versitate
2175 3940 2493 3996 pugnamus,
2529 3932 2618 3986 ubi
2648 3941 2699 3987 et
2723 3934 2941 4002 spiritus
2974 3937 3275 3992 immundos
3299 3939 3478 3995 hostes

1891 4018 2148 4081 patimur,
2191 4025 2247 4070 et
2279 4018 2486 4074 Domini
2518 4022 2862 4078 miseratione
2896 4023 3207 4081 liberamur.
3253 4029 3476 4086 Addidit

1892 4113 2176 4174 utrumque
2206 4107 2584 4178 conjunctum;
2639 4121 2695 4165 ut
2748 4113 2959 4181 adiutor
3006 4115 3076 4169 sit
3112 4115 3368 4172 Dominus
3425 4121 3478 4174 in

1891 4195 2320 4262 necessitatibus,
2355 4208 2409 4252 et
2447 4199 2512 4255 de
2545 4202 2643 4254 hac
2686 4201 2869 4262 saeculi
2919 4203 3073 4258 clade
3113 4205 3376 4263 liberator.
3415 4211 3476 4263 Et

1892 4281 2108 4339 intende
2137 4286 2257 4355 quia
2300 4287 2449 4356 dicit,
2509 4299 2585 4355 tu,
2618 4289 2858 4358 Domine,
2908 4303 2966 4347 ut
2999 4303 3106 4349 tota
3139 4311 3264 4363 Spes
3291 4312 3473 4353 nostra

1890 4377 1953 4430 ad
1986 4391 2106 4432 eum
2145 4380 2338 4435 debeat
2370 4380 2471 4436 ﬁxa
2503 4383 2791 4452 respicere.
2826 4384 3101 4455 Sequitur.
3145 4404 3206 4441 ne
3239 4389 3473 4445 tardave-

1889 4468 1984 4524 ris.
2017 4468 2435 4526 Periclitantium
2462 4489 2578 4528 mos
2601 4483 2688 4529 est
2711 4477 2915 4529 tardum
2941 4477 3210 4547 judicare,
3235 4487 3478 4551 quamvis

182 4575 367 4627 renuis
405 4585 657 4641 0pm,";
693 4577 854 4650 234
895 4579 1029 4634 sic",
1082 4581 1133 4634 in
1190 4582 1480 4652 Evangeuo
1528 4562 1782 4642 omnibus
1813 4575 1861 4635 ι)
1890 4562 2232 4619 celerrimum
2259 4575 2543 4636 praestetur
2563 4569 2844 4624 auxilium.
2879 4570 2972 4626 llte
3001 4573 3142 4627 enim
3171 4587 3479 4644 competen-

180 4661 347 4718 dcit:
384 4665 451 4719 Et
484 4667 629 4720 ibunt
662 4670 712 4719 lu
735 4669 789 4722 in
828 4671 1140 4739 supplicium
1169 4675 1589 4746 aa.“ernum,justi
1611 4688 1781 4731 autem

181 4755 232 4807 in
262 4759 419 4809 ritum
450 4768 698 4811 a'ternam
723 4758 944 4829 (Matth.
972 4778 1094 4824 xxv,
1124 4763 1239 4833 46).
1263 4764 1367 4822 Sed
1394 4764 1541 4822 hanc
1575 4771 1780 4826 veracis

183 4843 388 4900 latitia
420 4846 641 4900 modum
666 4857 1034 4917 competenter
1057 4852 1311 4907 insinuat.
1347 4853 1582 4910 Dicendo
1610 4860 1776 4924 enim,

178 4935 331 4999 inte,
365 4937 566 4992 ftetur
613 4939 870 4994 caducam
923 4957 1046 4997 esse
1097 4944 1334 4998 laetitiam
1378 4962 1495 5015 qua:
1544 4947 1774 5004 humana

181 5030 612 5099 prasarnptione
654 5019 933 5101 gloriatur.
965 5035 1290 5105 Adjunctum
1323 5049 1425 5102 est,
1461 5057 1636 5096 omnes
1679 5044 1772 5112 qui

177 5132 420 5189 quarunt
452 5133 522 5187 te,
559 5121 795 5187 Domine,
828 5141 934 5181 non
983 5131 1094 5181 suis
1137 5129 1364 5197 viribus,
1399 5131 1492 5186 sed
1545 5145 1628 5187 tua
1667 5135 1776 5204 pie-

179 5217 295 5265 tate
325 5214 591 5283 requisiti.
624 5214 756 5268 Nam
785 5227 842 5269 ut
883 5226 937 5273 te
968 5230 1232 5288 quaereret
1261 5237 1428 5289 genus
1460 5223 1776 5290 humanum,

178 5312 236 5356 tu
269 5304 402 5359 illud
451 5307 520 5361 de
567 5309 707 5362 caelo
747 5310 1076 5378 prospiciens
1109 5313 1528 5370 misericorditer
1559 5317 1780 5383 inquisi-

180 5394 291 5459 sti;
323 5403 436 5467 ipse
465 5401 609 5453 enim
639 5402 704 5454 ad
734 5417 830 5457 nos
862 5405 1027 5472 venit,
1064 5413 1119 5458 ut
1163 5408 1226 5460 ad
1259 5407 1406 5461 illum
1462 5409 1635 5464 redire
1667 5426 1777 5464 me-

177 5501 450 5544 rerentur.
481 5491 569 5546 isti
596 5501 771 5548 tamen
800 5496 886 5563 qui
928 5493 1205 5551 Dominum
1244 5510 1494 5567 quazruut.
1529 5502 1653 5569 quid
1684 5504 1779 5556 de-

179 5577 353 5634 beant
394 5584 581 5638 dicere
617 5584 925 5640 salutaritvr
972 5589 1348 5657 admonentur,
1383 5594 1431 5646 id
1464 5604 1568 5658 est,
1603 5595 1778 5648 dicant

175 5685 427 5738 semper:
463 5673 826 5744 Magniﬁretur
874 5675 1147 5733 Dominus.
1183 5679 1418 5751 Semper,
1456 5685 1774 5739 continuum

173 5770 401 5828 tempus
429 5763 685 5828 ostendit,
728 5764 850 5834 quia
900 5783 1170 5838 nunquam
1202 5771 1362 5830 debet
1407 5789 1437 5830 a
1484 5775 1639 5832 laude
1674 5776 1779 5832 Do-

1891 4659 1972 4708 ter
2005 4664 2058 4709 et
2091 4668 2398 4713 mensurate
2431 4659 2557 4712 facit
2583 4661 2800 4723 omnia;
2831 4661 2925 4717 sed
2957 4677 3056 4718 nos
3083 4666 3292 4721 tardum
3327 4678 3478 4737 puta-

1891 4757 2028 4810 mus,
2058 4745 2198 4815 quod
2230 4745 2500 4804 desiderio
2527 4764 2721 4819 magno
2751 4752 3098 4821 requirimus.

2427 4861 2701 4915 Conclusio
2737 4863 2942 4932 psalmi.

1958 4954 2124 5011 Totus
2180 4959 2267 5013 hic
2333 4961 2576 5029 psalmus
2637 4963 2873 5018 cmlestis
2931 4964 3283 5034 pltllOSOpltitn
3351 4967 3470 5024 luce

1883 5049 2215 5117 resplendet;
2268 5063 2352 5106 est
2399 5055 2541 5108 eiiim
2601 5055 2788 5109 morali
2839 5056 3104 5124 probitate
3159 5056 3472 5116 formatus:

1887 5149 2074 5206 petens
2100 5141 2149 5194 in
2178 5140 2562 5198 afﬂictionibus
2593 5143 2916 5209 remedium,
2941 5154 2994 5199 et
3019 5145 3359 5201 inimicorum
3381 5162 3477 5203 sa-

1886 5228 2229 5285 luberrimam
2259 5232 2660 5301 confusionem;
2708 5244 2765 5289 ut
2793 5237 3174 5293 erubescentes
3204 5239 3342 5294 mala
3373 5255 3471 5296 sua

1887 5318 2156 5388 deserant,
2182 5325 2270 5393 qui
2306 5327 2482 5392 pravis
2502 5327 2710 5382 actibus
2734 5328 3120 5383 obsecundant.
3159 5330 3360 5385 Deinde
3384 5333 3475 5385 bo-

1889 5425 2076 5463 norum
2125 5413 2362 5468 laetitiam
2417 5424 2469 5470 et
2500 5426 2700 5470 aeterna
2731 5419 2928 5488 gaudia
2960 5422 3382 5488 compromittit,
3421 5436 3476 5478 et

1886 5500 2024 5566 quod
2058 5512 2139 5556 est
2167 5503 2220 5557 in
2251 5503 2540 5561 afflictione
2572 5522 2784 5561 summa
2813 5509 3150 5578 praesidium,
3185 5512 3470 5567 celerrime

1887 5591 2171 5646 Dominum
2217 5595 2398 5649 venire
2426 5595 2768 5666 deprecatur,
2800 5599 2889 5668 qui
2935 5598 3092 5670 hujus
3125 5601 3304 5656 mundi
3340 5619 3475 5672 pne-

1883 5697 2168 5757 gravantes
2200 5690 2474 5760 angustias
2508 5693 2775 5747 adventus
2803 5694 2882 5747 sui
2918 5694 3225 5752 visitatione
3250 5696 3474 5751 submo-

1887 5787 2026 5835 veat.
2063 5779 2160 5836 lllo
2207 5781 2348 5836 enim
2385 5783 2518 5852 viso,
2554 5782 2754 5840 diaboli
2784 5785 2985 5842 corruit
3035 5788 3304 5859 superbia,
3357 5807 3475 5857 quas
