3956 6178
485 278 586 336 195

1708 270 1777 326 M.
1818 269 2096 326 AURELII
2122 267 2525 325 CASSIODORI

3665 268 3772 324 δοῦ

483 388 614 445 olim
640 390 800 462 impia
830 386 1194 445 dominatione
1226 381 1502 453 regnabat.
1553 381 1828 450 erigatus
1855 390 1939 435 est
1981 378 2070 449 qui
2104 382 2153 440 Α
2181 387 2378 442 tamen,
2407 379 2568 443 Deus,
2599 377 2650 431 in
2684 386 2735 432 te
2766 376 2978 448 speravi
3005 395 3018 443 ;
3052 375 3211 448 igitur
3241 391 3348 431 non
3378 377 3678 433 confundar
3712 382 3769 436 in

489 486 744 538 mundum
794 492 1134 551 peccatorum
1182 478 1410 532 vinculis
1439 476 1704 544 illigabat;
1756 486 1810 531 et
1836 490 2072 544 eousque

482 571 700 625 'Domini
733 573 927 623 virtute
965 569 1253 636 perductus
1299 575 1403 632 est,
1439 575 1493 618 ut
1534 580 1674 619 nunc
1707 575 1922 618 sanctos
1983 580 2074 633 pa-

485 672 630 726 veat,
658 662 744 730 qui
789 661 993 730 pridem
1029 659 1264 713 humano
1293 658 1475 728 generi
1509 657 1870 729 nequissimus
1909 659 2073 726 impe-

490 753 658 805 rabat.
694 750 845 806 Unde
889 750 1254 804 desideranter
1301 759 1354 803 et
1399 765 1543 818 saepe
1604 748 1890 804 dicendum
1944 759 2070 804 est:

493 842 712 913 Adjutor
763 858 900 894 meus
951 851 997 894 et
1044 848 1302 908 protector
1344 857 1484 895 meus
1514 857 1566 895 es
1614 850 1689 906 tu,
1731 841 1985 895 Domine:
2016 858 2078 896 ne

493 937 747 990 tardareri

761 1046 1120 1102 EXPOSITIO
1159 1045 1224 1100 IN
1267 1045 1592 1102 PSALMUM
1634 1045 1798 1101 LXX.

497 1138 661 1193 David
691 1139 946 1211 psalmus,
993 1140 1218 1208 ﬁliorum
1249 1137 1520 1205 Ionadab,
1569 1147 1614 1193 et
1643 1139 1872 1206 priorum
1911 1138 2077 1204 capti-

1184 1225 1379 1262 uorum.

573 1327 736 1380 David
797 1334 851 1379 et
900 1324 1130 1393 psalmus
1184 1323 1396 1377 assidua
1460 1323 1749 1378 iteratione
1800 1321 2081 1376 notissima

495 1428 638 1473 sunt.
673 1418 825 1483 Quod
856 1428 1032 1470 autem
1056 1415 1206 1480 dicit,
1232 1415 1462 1482 ﬁliorum
1483 1413 1746 1478 Jonadnb,
1781 1421 1828 1465 et
1852 1412 2082 1480 priorum

496 1514 829 1584 captivorum,
877 1511 1125 1563 virtutem
1179 1507 1368 1578 psalmi
1415 1521 1510 1576 per
1564 1506 1848 1561 historicas
1894 1520 2085 1561 causas

498 1608 755 1671 insinuat,
786 1603 838 1656 in
893 1603 1155 1657 vestibulo
1186 1614 1430 1665 monens,
1460 1599 1600 1668 quod
1635 1599 1686 1653 in
1715 1598 2084 1667 penetralibus

499 1701 818 1768 inquiratur.
851 1698 1114 1752 Jeremias
1144 1695 1285 1749 enim
1311 1692 1572 1761 propheta
1613 1691 1777 1747 refert
1805 1689 1941 1760 (Jer.
1965 1705 2081 1754 vm,

2176 481 2459 526 attentum.
2512 469 2664 524 Nunc
2709 486 2826 538 qua!
2857 480 3183 540 sequuntur,
3233 470 3458 524 Domino
3495 473 3767 540 iurante,

2178 573 2491 617 tractemus.
2511 561 2730 627 Eligitur
2747 559 2958 630 quidam
2987 560 3238 628 ﬁdelium,
3255 559 3342 630 qui
3358 570 3412 615 et
3426 561 3611 632 primis
3631 567 3773 616 tem-

2177 657 2394 725 poiibus
2421 656 2538 722 fuit,
2570 663 2624 709 et
2653 655 2702 708 in
2736 654 2983 724 praasenti
3008 669 3129 708 esse
3153 667 3256 706 non
3281 652 3497 719 desinit,
3524 663 3580 708 et
3601 667 3774 722 usque

2182 747 2246 801 ad
2279 747 2442 802 linem
2466 746 2651 801 saeculi
2680 746 2912 816 perfecta
2945 746 2995 798 in
3025 745 3254 801 Domino
3276 747 3472 801 mentis
3495 747 3776 801 soliditate

2177 837 2443 892 consistit.
2482 837 2577 892 llic
2613 846 2776 891 totam
2807 852 2956 905 spem
2989 852 3139 891 suam
3173 838 3224 890 in
3260 837 3483 893 Domino
3517 853 3731 908 ponens
3755 878 3772 905 ε

2179 933 2361 1002 gratiae
2387 932 2537 986 nobis
2559 932 2754 986 divime
2779 940 3112 986 sacramenta
3135 932 3496 995 commendat,
3530 949 3596 987 ne
3641 932 3774 988 false

2182 1025 2234 1079 in
2267 1025 2422 1080 nobis
2449 1034 2858 1095 praesumentes,
2887 1026 3125 1078 muneris
3152 1023 3268 1094 ejus
3297 1026 3651 1093 prosperitate
3684 1041 3779 1078 va-

2181 1133 2422 1172 cuemur.
2468 1118 2832 1185 lnteiligamus
2876 1117 3000 1186 quid
3032 1126 3155 1183 est,
3195 1119 3339 1186 quod
3387 1133 3450 1176 se
3491 1119 3622 1186 petit
3673 1133 3777 1170 non

2183 1211 2428 1276 confundi
2458 1211 2508 1262 in
2535 1219 2812 1272 triten-um;
2843 1209 3050 1262 scilicet
3095 1210 3147 1263 in
3180 1209 3268 1262 illa
3293 1208 3489 1279 judicii
3524 1211 3769 1263 retribu-

2186 1304 2331 1357 tione
2359 1301 2448 1356 ubi
2474 1301 2723 1370 confundi
2751 1300 2972 1355 omtt-ino
3001 1300 3210 1369 pmnale
3233 1311 3336 1356 est.
3371 1301 3464 1356 llic
3494 1302 3640 1356 enim
3674 1302 3779 1358 fte-

2187 1403 2413 1463 qurnter
2461 1406 2722 1461 proSpere
2764 1393 3135 1456 confundimur
3163 1433 3177 1456 ,
3207 1393 3426 1462 quando
3461 1408 3491 1444 a
3539 1393 3779 1462 pessima

2189 1486 2489 1540 intentione
2520 1499 2838 1539 revocamur
2860 1527 2875 1551 ,
2918 1496 2970 1538 et
3005 1483 3060 1536 in
3085 1485 3276 1538 bonam
3307 1494 3510 1553 partem
3543 1486 3779 1540 traducti

2190 1579 2534 1648 probabiliter
2555 1578 2946 1644 erubescimus,
2975 1578 3065 1648 qui
3111 1579 3316 1648 pridem
3344 1578 3412 1634 de
3439 1589 3629 1632 nostro
3659 1594 3776 1634 sce-

2191 1672 2302 1728 Ie:e
2328 1672 2709 1741 gaudebamus.
2755 1673 3016 1726 Praemisit
3045 1686 3173 1742 ergo
3204 1687 3422 1726 causam
3452 1687 3621 1740 quare
3657 1687 3782 1725 con-

498 1792 554 1862 9)
573 1762 821 1845 ξιοηεηιηι)
847 1789 1012 1842 fuisse
1037 1788 1130 1844 Dei
1154 1787 1510 1849 sacerdo‘cm’
1536 1785 1624 1854 qui
1649 1785 1771 1839 ﬁliis
1800 1785 1912 1839 suis
1943 1798 2079 1853 prie,
2115 1774 2162 1833 Β
2198 1763 2476 1862 {tradition
2508 1762 2700 1862 debeat
2743 1764 2796 1815 in
2836 1772 3106 1827 a'ternum,
3136 1763 3338 1817 scilicet
3368 1763 3622 1832 quoniam
3665 1781 3782 1832 sp:-

499 1883 638 1952 eepit
683 1882 735 1935 in
797 1880 994 1948 templo
1027 1882 1241 1949 degere,
1280 1887 1334 1933 et
1378 1877 1640 1948 probabli
1691 1892 1749 1930 se
1793 1877 2086 1931 sobrietate

499 1980 764 2036 tractare;
813 1970 954 2039 quod
987 1985 1081 2024 eos
1129 1977 1342 2024 constat
1389 1968 1606 2032 fecisse,
1657 1976 1712 2022 et
1761 1967 2086 2022 obcdientiae

499 2081 608 2118 sua:
639 2063 777 2133 apud
802 2063 976 2116 .Deum
1029 2076 1280 2131 magnam
1324 2062 1553 2130 gratiam
1595 2063 1962 2129 comperisse;
1996 2060 2085 2128 qui

501 2172 644 2212 nunc
699 2170 798 2224 pro
855 2156 1100 2210 fidelibus
1150 2170 1212 2210 ac
1261 2154 1471 2209 demtis
1526 2164 1812 2220 ponuntur.
1853 2153 1984 2207 Nam
2035 2161 2089 2205 et

501 2250 674 2316 ipsum
701 2261 892 2301 nomen
925 2246 1120 2300 indicat
1155 2259 1394 2299 causam.
1423 2243 1662 2298 Ionadab
1694 2245 1890 2312 quippe
1925 2246 2088 2297 inter-

502 2348 742 2408 pretatur
770 2335 982 2391 Ι).ιιιιίιιὶ
1011 2345 1360 2405 spontaneus,
1395 2335 1445 2387 id
1490 2345 1592 2399 est,
1625 2335 1715 2402 qui
1752 2334 1860 2388 Deo
1906 2335 2088 2387 incoa—

501 2441 589 2484 cto
619 2429 888 2483 desiderio
933 2429 1242 2491 serviebat,
1276 2428 1412 2483 sicut.
1458 2429 1714 2498 scriptum
1742 2437 1861 2482 est:
1903 2427 2092 2482 Volun-

503 2523 630 2574 taric
659 2521 956 2590 sacriﬁcabo
987 2521 1074 2573 tibi
1108 2518 1278 2590 (Psal.
1316 2536 1428 2588 LIII,
1459 2521 1538 2590 8).
1570 2521 1844 2590 Sequitur,
1870 2530 1918 2573 et
1954 2522 2090 2589 prio-

503 2630 618 2668 rum
647 2615 986 2682 captivorum.
1019 2613 1167 2666 lianc
1200 2612 1477 2666 historiam
1510 2611 1711 2681 Regum
1739 2620 1916 2666 textus
1937 2627 2092 2666 enar-

505 2715 608 2762 rat.
642 2705 775 2760 Nam
799 2732 803 2736 ι
830 2719 952 2758 cum
1005 2703 1327 2758 Israeliticns
1357 2703 1583 2772 populus
1632 2704 1809 2757 divina
1843 2703 2090 2757 mandata

505 2805 897 2860 contemneret,
932 2796 1142 2864 primas,
1171 2795 1446 2859 secundze,
1499 2805 1551 2849 et
1600 2795 1770 2848 terti-.9
1799 2794 2090 2864 captivitati

506 2891 756 2943 decretus
785 2884 956 2940 fuerat
1001 2884 1299 2954 subiacere.
1328 2884 1434 2940 Sed
1466 2895 1518 2936 ιιι
1546 2900 1842 2953 agnoscens
1866 2883 1930 2938 ad
1961 2897 2087 2952 Bup-

509 2980 849 3050 plicationcm
885 2976 1094 3031 Domini
1133 2986 1376 3029 correcta
1409 2985 1587 3029 mt-nte
1628 2983 1912 3036 remearet,
1942 2985 2094 3028 antc-

504 3083 666 3140 quant
710 3069 877 3137 prima
929 3067 1213 3138 captivitas
1263 3067 1591 3136 proveniret,
1643 3083 1735 3134 per
1776 3066 2090 3134 prephetam

2189 1855 2316 1908 rarit
2349 1857 2401 1908 in
2435 1854 2673 1908 Domina.

2263 1947 2416 2002 Vers.
2450 1947 2504 2000 2.
2539 1945 2602 1998 1η
2635 1956 2722 2000 tua
2757 1947 2965 2018 justitia
3016 1947 3172 2000 libera
3224 1963 3299 2000 me
3325 1992 3338 2013 ,
3373 1955 3421 2001 et
3474 1949 3613 2019 eripe
3654 1965 3736 2000 me
3758 1960 3782 1998 .'

2188 2040 2381 2093 inclina
2413 2055 2589 2092 aurem
2621 2050 2759 2092 luant
2783 2040 2850 2092 ad
2880 2056 2977 2104 me,
3019 2050 3064 2092 et
3096 2041 3254 2093 libera
3301 2058 3398 2094 nte.
3433 2042 3564 2094 Cum
3596 2042 3735 2096 dicit
3771 2062 3780 2092 :

2194 2132 2256 2186 In
2282 2144 2366 2186 tua
2387 2133 2590 2201 jnstitia
2618 2175 2632 2198 ,
2667 2132 3088 2188 nti~cricordiam
3145 2135 3272 2201 petit
3317 2135 3585 2190 divinam:
3633 2135 3783 2189 illius

2191 2227 2388 2293 quippe
2436 2235 2516 2279 est
2556 2225 2780 2294 iustitia:
2819 2240 3037 2293 parcere
3089 2226 3433 2295 supplicanti.
3491 2227 3582 2282 Sic
3633 2229 3785 2282 enim

2191 2313 2426 2381 mquitati
2455 2315 2618 2382 ipsius
2646 2313 2900 2383 placitum
2946 2324 3028 2368 est
3075 2317 3278 2368 ttmnini
3325 2314 3602 2371 remittere
3630 2358 3646 2383 ,
3689 2317 3785 2386 qui

2191 2418 2286 2457 sua
2320 2406 2558 2459 noscitur
2589 2405 2724 2458 facta
2757 2405 3032 2458 damnare.
3066 2404 3251 2459 Libera
3282 2407 3350 2461 ab
3377 2409 3787 2463 imminentibus

2195 2497 2443 2564 periculis
2474 2496 2633 2562 ἀξιοίη
2672 2497 2808 2566 eripe
2835 2511 2864 2548 a
2897 2506 3160 2566 potestate
3191 2499 3416 2561 diaboli,
3459 2516 3526 2554 nc
3551 2517 3679 2555 cum
3719 2516 3786 2556 co

2193 2587 2292 2640 sub
2321 2587 2623 2640 asternitate
2652 2587 2958 2641 damnetur.
3009 2587 3136 2642 Cum
3175 2589 3316 2643 enim
3349 2591 3512 2657 dicit,
3557 2592 3790 2656 inclina,

2200 2677 2457 2731 humilem
2483 2693 2539 2729 se
2564 2677 2747 2747 jacere
2779 2679 3059 2746 profitetur
3093 2697 3103 2731 :
3136 2681 3254 2748 quia
3289 2682 3389 2734 nisi
3415 2683 3593 2736 divina
3615 2686 3792 2752 gratia

2193 2771 2259 2824 ad
2308 2771 2580 2823 hominem
2636 2784 2694 2824 se
2747 2769 3076 2824 liberandum
3123 2772 3495 2839 ittcliuaverit,
3535 2777 3602 2827 ad
3636 2776 3794 2829 illam

2205 2863 2628 2918 misericordiam
2687 2864 2796 2917 suis
2852 2864 3057 2916 meritis
3107 2879 3212 2917 non
3268 2875 3442 2931 potest
3497 2870 3796 2934 pervenire

2195 2973 2351 3024 quun
2375 2959 2542 3026 cupit.
2573 2957 2686 3010 Non
2711 2963 2796 3012 est
2822 2957 2963 3010 enim
2996 2957 3310 3026 cujusquam
3342 2959 3611 3023 meritum,
3642 2962 3798 3030 quod

2198 3053 2267 3106 ad
2303 3053 2449 3106 illum
2477 3052 2724 3120 attingat,
2758 3053 2859 3108 nisi
2892 3053 3005 3122 ipse
3035 3053 3343 3109 utisericms
3373 3055 3438 3108 ad
3471 3067 3799 3124 peccatores

507 3166 593 3217 eis
625 3164 727 3217 hoc
760 3159 958 3214 malum
989 3157 1320 3212 denuntiavit
1357 3171 1478 3211 esse
1523 3167 1827 3211 venturum.
1858 3157 1961 3211 Sed
2015 3157 2086 3209 ili
2117 3154 2163 3216 C
2200 3159 2398 3212 Pronus
2426 3144 2699 3197 θάνθῐιῖτηο

505 3259 763 3309 consueta
815 3247 1050 3318 nequitia
1099 3247 1150 3301 in
1201 3261 1297 3300 sua
1344 3247 1704 3300 obstinatione
1752 3256 2085 3302 manserunt.

506 3346 602 3398 ιιίιῑ
641 3357 773 3412 ergo
803 3355 946 3397 nunc
993 3340 1046 3395 iu
1098 3339 1216 3393 luco
1245 3340 1644 3392 contumacium
1682 3349 1973 3408 ponuntur,
2004 3337 2094 3407 qui

510 3437 815 3505 frequenter
867 3431 1124 3486 admoniti
1175 3431 1448 3500 corrigere
1494 3430 1794 3484 noluerunt.
1837 3430 2092 3482 Commo-

513 3539 703 3578 nemur
739 3537 869 3592 ergo
920 3522 972 3575 iu
1007 3522 1107 3575 itoc
1159 3521 1311 3574 titulo
1343 3529 1397 3573 ut
1432 3519 1769 3575 devotionem
1805 3519 2096 3573 habeamus

477 3665 490 3676 ,
512 3618 740 3687 ﬁliorum
772 3613 1032 3676 Ionadab,
1057 3628 1161 3666 non
1211 3613 1600 3665 contumaciam
1633 3611 1958 3679 Judzcorum,
2007 3611 2092 3678 qui

513 3705 705 3772 captivi
733 3717 856 3758 esse
885 3710 1216 3756 meruerunt.
1246 3701 1490 3754 Psalmus
1517 3699 1658 3754 enim
1691 3708 1836 3753 totus
1878 3699 1945 3752 ad
1992 3699 2095 3751 lto-

516 3798 712 3852 minem
747 3797 977 3864 pertinet
1009 3793 1216 3846 fidelem
1247 3792 1334 3861 qui
1359 3791 1539 3845 mundi
1571 3805 1720 3859 spem
1753 3803 2005 3854 renuens,
2046 3790 2094 3842 in

517 3894 744 3948 "mnino
777 3907 904 3962 pera
936 3889 1220 3944 derutioue
1250 3889 1486 3941 conlisus
1537 3896 1620 3940 est
1653 3903 1664 3938 :
1698 3887 1924 3956 gratiam
1958 3885 2097 3938 divi-

514 3984 698 4039 uitatis
729 3993 838 4037 tota
869 3984 1020 4036 nobis
1053 3981 1346 4036 intentione
1375 3978 1782 4040 commendans,
1817 3993 1908 4046 per
1938 3994 2095 4048 quant

510 4085 856 4143 peccatorum
887 4083 1190 4127 nostrorum
1223 4069 1451 4124 nexibus
1485 4071 1755 4138 possimus
1779 4069 2006 4123 absolvi.

1089 4181 1283 4235 Divisio
1320 4179 1521 4250 psalmi.

587 4301 692 4355 Per
723 4299 942 4369 ﬁguram
977 4296 1298 4365 cthoptciam
1344 4295 1697 4347 introducitur
1731 4309 1954 4362 persona
1997 4308 2092 4364 ge-

517 4407 550 4445 ιι
570 4391 735 4455 :ralis,
767 4401 887 4455 qua:
921 4395 1259 4454 peccatorum
1291 4385 1600 4452 captivitate
1648 4383 1864 4436 liberata
1896 4384 2097 4438 divinis

521 4478 784 4532 mandatis
813 4475 1118 4529 adh-.rrebat
1157 4491 1170 4527 :
1203 4473 1502 4542 prmdicatts
1534 4472 1692 4543 235
1716 4473 1870 4526 nobis
1900 4469 2096 4526 Christi

510 4570 724 4626 Domini
757 4569 1004 4623 eximiam
1034 4568 1372 4632 charltatem,
1397 4582 1515 4635 quae
1549 4567 1704 4620 nullis
1726 4569 1880 4620 merit
1905 4584 1929 4620 s
1962 4581 2096 4635 prtc-
2127 4547 2174 4606 Ῑ)
2205 4527 2428 4635 vim?
2455 4543 2746 4635 °"'."§,°,"1"
2784 4527 3000 4629 Chl-Iw.)
3041 4543 3246 4635 sunjus’

518 4661 831 4717 cedentibus
881 4659 1044 4730 gratis
1077 4673 1290 4726 semper
1316 4656 1659 4725 impenditur.
1694 4659 1817 4712 llazc
1845 4659 1894 4710 in
1925 4657 2094 4726 prima

519 4765 668 4823 parte
693 4752 876 4821 psalmi
905 4751 971 4804 ab
996 4749 1244 4804 humanis
1273 4750 1639 4817 iniquitatibus
1663 4747 1859 4818 jugiter
1881 4765 1938 4804 se
1967 4751 2098 4818 petit

515 4847 711 4900 debere
735 4843 977 4907 liberari,
1009 4852 1066 4896 ut
1091 4842 1314 4895 Domino
1341 4843 1538 4911 gratias
1570 4841 1769 4895 referre
1803 4852 2092 4896 taceatur.

515 4937 762 4993 Secundo
785 4935 908 4990 loco
939 4934 1207 5003 supplicat
1236 4949 1303 4988 ne
1331 4933 1384 4987 in
1433 4942 1706 4988 senectute
1732 4932 1847 5002 ejus
1890 4933 2094 4986 [ιι-πιθη-

516 5029 615 5083 ciis
667 5028 925 5096 privetur,
973 5023 1127 5094 cujus
1178 5025 1378 5078 auxilio
1429 5025 1480 5077 in
1529 5024 1807 5092 iuventute
1859 5033 2094 5092 protecta

516 5129 621 5176 est.
669 5118 854 5173 Tertio
886 5117 1005 5171 loco
1051 5117 1190 5170 dona
1249 5117 1364 5186 ejus
1415 5130 1760 5182 etnnnerans,
1797 5117 1997 5186 jngitcr
2037 5130 2097 5170 se

515 5225 675 5281 agere
702 5210 905 5280 gratias
931 5207 1230 5278 pollicetur.

1048 5320 1314 5391 Expositio
1355 5321 1557 5389 psalmi.

584 5436 740 5492 Vera.
778 5437 825 5491 Ι.
858 5434 1015 5499 Deus,
1043 5435 1092 5488 in
1125 5444 1170 5486 te
1197 5434 1438 5504 speravi;
1479 5431 1709 5498 Domine,
1742 5451 1840 5487 non
1879 5436 2097 5504 cun/imo

515 5530 610 5582 dar
648 5531 700 5584 in
742 5537 1012 5584 a'tcrnum.
1061 5527 1156 5582 llic
1185 5527 1378 5583 iterum
1425 5525 1754 5596 hypothetici
1800 5527 2095 5598 syllogi-mi

511 5621 676 5676 facies
704 5620 859 5675 nobis
905 5619 1102 5674 decora
1135 5615 1381 5673 subridet
1411 5630 1479 5671 eo
1510 5617 1693 5671 modo.
1726 5617 1812 5681 Si,
1848 5617 2005 5680 Deus,
2043 5618 2093 5672 in

509 5726 562 5769 te
586 5716 815 5784 speravi,
847 5715 1091 5782 Domine,
1125 5730 1231 5770 nm
1258 5712 1554 5770 confundar
1589 5712 1640 5767 in
1672 5719 1930 5767 aeternum
1969 5726 1982 5765 :
2012 5719 2096 5764 at-

2278 3237 2429 3292 Vcrs.
2449 3239 2502 3292 5.
2531 3236 2653 3291 Es'o
2681 3238 2804 3291 mihi
2826 3238 2876 3292 in
2901 3238 3064 3292 Deum
3089 3248 3442 3308 protectorem,
3466 3252 3510 3291 et
3533 3241 3587 3292 in
3617 3242 3802 3294 locum

2203 3331 2456 3384 munitum
2476 3373 2488 3394 ,
2521 3339 2576 3383 ut
2614 3330 2824 3383 salvum.
2854 3347 2931 3383 me
2973 3332 3135 3401 facias
3165 3349 3183 3385 :
3214 3332 3454 3400 quoniam
3486 3331 3803 3392 ﬁrmamen-

2204 3435 2308 3476 tum
2340 3440 2502 3476 nuum
2531 3435 2577 3474 et
2619 3423 2872 3493 refugium
2909 3413 3084 3476 meum
3113 3439 3163 3476 es
3200 3435 3274 3477 tu.
3327 3423 3507 3477 Potest
3533 3424 3761 3492 aliquos
3790 3467 3805 3487 ,

2205 3515 2303 3568 nisi
2337 3516 2471 3570 bene
2512 3514 2846 3583 inSpiciatur,
2877 3512 3173 3581 offendere,
3200 3513 3341 3584 quod
3393 3529 3552 3582 supra
3611 3525 3805 3581 prote-

2203 3608 2439 3660 ctiouem
2463 3607 2698 3659 divinant
2734 3607 2995 3659 nnmitnm
3026 3608 3195 3659 locum
3219 3605 3454 3659 noscitur
3470 3605 3758 3660 addidisse
3793 3625 3804 3658 :

2202 3697 2350 3766 quasi
2385 3713 2510 3751 vero
2543 3697 2688 3751 locus
2717 3696 2989 3759 deft-adat,
3027 3713 3184 3766 quem
3218 3696 3386 3750 virtus
3414 3712 3650 3764 superna
3679 3713 3803 3750 non

2205 3789 2453 3840 vimlirat.
2500 3787 2602 3842 Sed
2648 3789 2814 3856 prima
2864 3788 3127 3842 sententia
3173 3799 3322 3856 rogat
3356 3797 3413 3840 ut
3441 3786 3508 3841 ab
3550 3788 3756 3842 inimic
3783 3805 3806 3842 s

2203 3877 2572 3945 spiritualbus
2628 3877 2748 3947 ejus
2797 3878 2975 3931 anima
3025 3886 3368 3946 protegatur;
3416 3876 3610 3931 deinde
3658 3880 3807 3946 petit

2203 3972 2362 4026 etiam
2397 3971 2640 4039 corporis
2671 3971 3014 4039 sospitatcm,
3047 3986 3165 4040 qna:
3192 3971 3258 4024 ab
3291 3969 3631 4024 inimicorum
3667 3972 3809 4026 telis

2203 4084 2264 4121 ac
2293 4068 2485 4138 gladiis
2524 4068 2641 4120 loco
2674 4067 3036 4120 munitissimo
3063 4065 3382 4119 vindieatur.
3414 4064 3742 4133 Metaphora
3778 4081 3808 4118 :t

2203 4161 2438 4213 castellis
2489 4169 2654 4213 tracta
2685 4202 2698 4226 ,
2750 4161 2874 4225 quia
2907 4167 3033 4212 tunc
3091 4157 3428 4212 adversarios
3467 4157 3769 4210 evadimus
3795 4199 3808 4219 ,

2203 4256 2414 4322 quando
2443 4253 2574 4306 locis
2598 4269 2648 4306 tn
2677 4253 2968 4306 .nitissimis
2994 4251 3117 4306 Vind
3140 4268 3344 4307 camar.
3371 4251 3474 4306 Sed
3500 4251 3651 4306 locus
3692 4255 3810 4308 iste

2203 4346 2380 4400 divina
2415 4345 2678 4415 protectio
2709 4354 2810 4404 est.
2842 4349 2976 4400 sittu'
3011 4347 3063 4399 in
3093 4347 3201 4400 alio
3235 4346 3439 4414 psalmo
3467 4345 3600 4398 dicit
3631 4363 3645 4399 :
3681 4347 3812 4401 Sub

2205 4439 2381 4491 umbra
2433 4439 2632 4490 alarum
2681 4448 2885 4492 tuarum
2934 4449 3139 4509 protege
3187 4455 3272 4493 me
3321 4436 3500 4507 (Psal.
3551 4453 3680 4499 xw,
3722 4443 3812 4510 υ).

3278 4527 3450 4581 nullas
3479 4527 3684 4582 diaboli
3727 4531 3816 4583 iu-

2207 4619 2372 4673 sidias
2404 4619 2754 4672 formidamus
2784 4635 2798 4683 ;
2833 4622 3083 4688 quoniam
3125 4619 3398 4672 fraudator
3427 4619 3816 4686 nequis~imus

2207 4711 2294 4764 ille
2324 4710 2538 4779 prnptio
2566 4721 2709 4770 voto,
2738 4710 2824 4763 tibi
2851 4722 2933 4764 est
2957 4711 3138 4763 divina
3161 4710 3368 4764 defensi
3389 4727 3427 4764 ).
3459 4711 3524 4763 Et.
3550 4712 3682 4766 vide
3711 4729 3818 4766 sua

2204 4803 2318 4856 suis
2348 4818 2504 4871 qunn
2541 4800 2761 4871 pulchre
2789 4813 2908 4854 sunt
2955 4801 3182 4856 redd.ta.
3228 4799 3641 4855 Firmamentum
3683 4820 3819 4870 per.

2207 4894 2333 4946 tinet
2365 4893 2428 4945 ad
2481 4904 2856 4962 protectorem;
2907 4894 3166 4962 refugium
3207 4891 3273 4946 ad
3313 4893 3484 4945 locum
3512 4893 3818 4948 munitum.

2202 4986 2331 5050 Qum
2363 4985 2470 5038 duo
2503 4985 2693 5039 mezito
2721 4985 2821 5039 sibi
2852 5001 2878 5036 a
2917 4984 3142 5038 Domino
3173 4985 3358 5038 venire
3383 4983 3633 5048 credist,
3671 4989 3821 5053 quia

2203 5077 2332 5130 nihil
2361 5077 2473 5130 suis
2493 5075 2697 5129 viribus
2727 5094 2773 5141 ιιι
2798 5075 3029 5143 plicavit.
3055 5074 3284 5126 [Estiuo
3315 5073 3397 5127 hic
3423 5083 3480 5129 et
3505 5074 3652 5128 aliud
3679 5093 3822 5132 sen-

2203 5170 2439 5224 tiendum
2469 5208 2483 5232 ,
2519 5178 2574 5223 ut
2615 5167 2989 5234 ﬁnuamenrum
3033 5165 3085 5218 in
3137 5164 3238 5218 hoc
3281 5165 3479 5219 sarculo
3525 5164 3818 5222 Dominus

2203 5261 2408 5314 dicatur
2434 5299 2448 5322 ,
2482 5258 2567 5312 ubi
2600 5267 2653 5311 cl.
2685 5257 2938 5325 patientia
2986 5255 3277 5325 qutt't'itur;
3325 5256 3583 5325 refugium
3618 5257 3677 5311 in
3717 5261 3823 5312 illa

2205 5349 2526 5405 beatitudine
2566 5358 2763 5401 (eterna
2792 5347 2880 5400 ubi
2924 5345 3032 5415 jam
3079 5346 3290 5414 aliquoi
3324 5346 3626 5415 periculum
3672 5367 3800 5404 nou

2203 5444 2439 5496 timetur.

2277 5531 2428 5586 Vcrs.
2463 5531 2516 5585 4.
2551 5531 2691 5584 Deus
2731 5547 2896 5597 meus,
2927 5531 3067 5600 cripe
3099 5546 3176 5584 me
3197 5530 3260 5583 de
3290 5546 3444 5582 manu
3476 5537 3820 5602 peccatoris,

2203 5631 2249 5675 et
2271 5621 2331 5673 de
2353 5637 2505 5674 manu
2535 5630 2711 5672 contra
2736 5619 2816 5689 leg
2839 5637 2896 5671 -m
2922 5619 3119 5689 agentis
3135 5632 3181 5673 et
3203 5619 3384 5690 iniqui.
3402 5617 3615 5674 Clamat
3634 5621 3828 5680 homo

2207 5713 2296 5767 ille
2322 5711 2591 5782 generalis
2625 5711 2768 5780 (quia
2796 5711 3034 5779 captivus
3069 5709 3240 5765 fuerat
3271 5711 3384 5780 lege
3413 5711 3624 5781 peccati
3660 5730 3677 5769 ι
3710 5720 3828 5772 sed
