3956 6178
188 347 276 408 491

1105 346 1462 406 EXPOSITIO
1501 345 1568 400 IN
1610 342 2076 402 PSALTERIUM‘:
2113 342 2307 398 PSAL.
2349 343 2511 398 LXX.

3347 338 3446 393 698

185 477 272 528 per
292 461 533 515 divinam
561 461 786 528 gratiam
821 475 877 515 se
900 459 1204 515 conﬁdebat
1233 459 1463 526 absolvi)
1490 467 1540 511 ut
1569 457 1756 523 eripia-
1788 455 1836 514 Α
1870 467 2105 521 prmsens
2133 453 2386 507 smculum
2417 465 2470 506 et
2499 452 2754 506 futurum.
2788 453 2882 506 llic
2911 453 3058 508 enim
3087 451 3162 506 illi
3194 467 3288 520 pro
3316 450 3448 505 llbe-

182 565 256 606 tur
287 571 317 608 a
352 560 619 623 potestate
666 553 824 606 noxia
864 553 1139 620 peccatoris
1167 596 1182 620 ,
1233 551 1323 619 qui
1353 545 1582 617 'semper
1630 546 1760 600 illud

179 645 390 700 allectat
419 645 596 700 facere
617 643 760 714 quod
787 659 884 697 nec
905 643 1102 697 divina:
1124 643 1248 712 legi,
1266 657 1362 697 nec
1389 639 1622 710 aequitati
1646 653 1765 692 cer-

183 748 290 791 tum
321 747 405 791 est
430 737 743 791 convenire.
769 735 871 790 Sed
899 735 1019 804 quia
1051 744 1365 802 peccatorem
1387 730 1765 785 universaliter

179 827 410 892 dixerat,
432 843 572 879 nttnc
588 842 709 880 eum
727 826 963 894 partibus
983 825 1186 879 duabus
1209 824 1426 892 exponit
1444 823 1660 876 dicens:
1692 820 1764 873 De

182 932 338 968 manu
381 923 556 968 contra
582 917 739 984 legem
771 916 968 984 agentis
989 925 1036 967 et
1064 915 1243 984 iniqui.
1271 913 1458 968 Contra
1485 913 1641 983 legem
1661 912 1764 979 agit

181 1007 268 1073 qui
291 1016 514 1072 accepta
544 1007 657 1075 lege
684 1006 806 1059 facit
832 1015 1020 1060 contra
1046 1006 1254 1074 regulas
1277 1005 1644 1058 mandatorum
1673 1019 1685 1054 :
1712 1012 1770 1055 ut

178 1106 300 1148 sunt
331 1096 539 1160 Judaei,
572 1096 658 1165 qui
710 1097 847 1148 inter
887 1096 1127 1163 reliquas
1159 1105 1342 1163 gentes
1384 1094 1552 1161 legem
1586 1107 1768 1146 susce-

180 1189 323 1254 pisse
343 1199 662 1240 noscuntur.
691 1183 866 1255 Iniqui
894 1199 1020 1238 vero
1053 1193 1177 1237 sunt
1209 1183 1419 1252 pagani,
1447 1182 1688 1252 quamvi-
1719 1191 1772 1236 et

178 1279 376 1340 Judari,
413 1281 502 1349 qui
535 1279 679 1330 nulla
707 1279 916 1332 Domini
966 1278 1083 1346 lege
1114 1277 1472 1340 refrenantur,
1501 1275 1592 1330 sed
1625 1290 1774 1329 more

184 1374 216 1424 τι
239 1388 424 1424 rarum
492 1374 689 1423 iaciunt
739 1372 1096 1440 quodcunque
1144 1369 1374 1423 libuerit.
1428 1369 1516 1424 Sic
1561 1383 1773 1421 onmem

179 1475 519 1532 peccatorum
567 1462 776 1515 duabus
807 1463 891 1514 his
923 1463 1160 1530 partibus
1192 1460 1444 1530 probatur
1473 1460 1771 1529 amplexus.

181 1553 251 1604 Ita
278 1564 330 1606 et
365 1553 656 1619 Apostolus
701 1551 932 1620 loquitur
960 1553 1026 1607 de
1056 1567 1254 1622 genere
1291 1560 1519 1620 utroque
1549 1565 1778 1619 peccau-

178 1645 310 1696 tium
348 1659 364 1694 τ
399 1643 502 1706 Qui
541 1643 650 1696 sine
685 1643 793 1711 lege
822 1651 1177 1711 peccaverunt,
1205 1643 1314 1695 sine
1354 1642 1461 1710 lege
1491 1642 1725 1708 peribunt
1758 1659 1776 1705 ;

175 1745 225 1786 et
269 1733 440 1799 quiin
485 1733 596 1801 lege
647 1743 978 1800 peccaverunt
1007 1774 1022 1797 ,
1074 1749 1164 1802 per
1213 1732 1371 1800 legem
1418 1731 1782 1800 iudicabuntur

178 1823 361 1891 (llam.
396 1824 600 1890 ".13).

259 1917 414 1968 Vcrs.
450 1916 506 1970 ’5.
541 1917 802 1980 Quoniam
851 1926 907 1968 tu
948 1932 999 1969 es
1043 1916 1287 1986 patientia
1336 1931 1446 1968 mea
1471 1956 1483 1977 ,
1518 1913 1774 1977 Domine;

180 2024 293 2074 spes
321 2024 435 2058 mea
461 2024 495 2058 a
515 2010 788 2074 jurentute
817 2025 951 2059 mra.
1001 2007 1134 2060 Dii-it
1173 2016 1502 2076 quapropter
1529 2006 1592 2057 tle
1620 2020 1775 2056 manu

181 2101 470 2166 peccatoris
521 2099 651 2166 eripi
705 2099 1009 2163 debuisset;
1061 2098 1308 2163 sciliCet,
1361 2099 1484 2166 qu'a
1531 2096 1777 2167 patientia

183 2191 356 2256 ipsius
397 2190 649 2243 Doininus
690 2201 835 2256 erat;
865 2202 918 2245 ut
951 2207 1074 2245 cum
1119 2190 1187 2244 ad
1230 2191 1402 2259 ipsum
1433 2189 1774 2256 intenderet,

182 2297 234 2334 c.
289 2298 387 2350 per
417 2298 543 2336 eum
575 2298 634 2335 se
666 2282 983 2335 salvaudum
1033 2281 1276 2334 crederet
1303 2320 1317 2344 ,
1369 2279 1563 2333 omnia
1592 2279 1778 2332 libenti

185 2375 366 2426 animo
414 2375 732 2427 sustineret.
779 2371 1036 2425 Patientia
1064 2380 1147 2427 est
1179 2373 1319 2425 enim
1368 2371 1659 2424 honestatis
1690 2379 1779 2422 aut

187 2466 442 2518 utilitatis
478 2480 638 2519 causrt
663 2508 677 2528 ,
719 2482 896 2519 rerum
940 2466 1226 2519 arduarum
1259 2479 1322 2518 ac
1361 2464 1660 2518 difﬁcilium
1691 2479 1783 2513 νυ-

188 2558 418 2609 luntaria
451 2566 509 2611 et
552 2557 803 2611 diuturna
838 2559 1130 2626 perpessio.
1163 2558 1436 2627 Sequitur,
1468 2574 1584 2624 spes
1612 2573 1723 2609 mea
1751 2574 1782 2609 a

189 2653 451 2716 iurentute
484 2665 618 2701 mea.
654 2649 919 2702 Prmtnisit
950 2650 1274 2714 patientiam,
1307 2659 1362 2702 et
1389 2665 1506 2716 sp's
1546 2648 1660 2714 ejus
1698 2647 1780 2699 tli-

187 2754 295 2806 gne
322 2750 512 2792 secuta
553 2751 670 2804 ο›ι;
701 2740 859 2793 sicuti
893 2751 942 2793 et
971 2740 1258 2807 Apostolus
1289 2738 1416 2792 dicit
1451 2754 1465 2792 :
1495 2737 1785 2791 Tri‘bnlntio

189 2829 500 2893 patientiam
537 2838 804 2896 operatur,
838 2833 1086 2900 patientia
1117 2831 1468 2899 probationem
1494 2870 1508 2894 ,
1553 2829 1785 2899 probatio

186 2929 362 2971 autem
385 2938 529 2988 spem
561 2920 739 2992 (liam.
772 2939 823 2987 v,
857 2925 909 2987 ὃ,
943 2921 1020 2990 ὦ).
1072 2923 1220 2977 Prius
1248 2935 1331 2976 est
1364 2923 1506 2976 enim
1535 2963 1549 2988 ,
1580 2931 1637 2975 ut
1666 2937 1784 2974 cmn

188 3009 293 3062 1)ιαί
327 3013 503 3076 gratia
548 3029 643 3079 per
692 3015 989 3081 patientiam
1036 3015 1322 3082 probemur
1348 3059 1361 3077 ,
1391 3024 1448 3069 et
1479 3024 1605 3067 tunc
1647 3013 1785 3067 illam

187 3100 532 3154 [metumetu
562 3119 722 3170 spem,
755 3103 874 3172 ipso
903 3104 1172 3169 donante,
1205 3104 1401 3158 habere
1439 3103 1783 3158 merebimur.

1870 543 2077 597 ratione
2101 553 2381 598 cantamus
2411 585 2425 609 ,
2462 543 2531 596 ibi
2562 553 2738 598 autem
2768 544 2965 612 gratias
2997 557 3094 609 pro
3125 552 3327 596 a-tertta
3358 557 3439 594 re-

1871 634 2241 688 muneratione
2265 635 2587 704 peragimus.
2624 635 2693 687 lla
2738 636 2795 687 tit
2840 643 2895 709 ut
2937 634 3193 688 Dominus
3241 633 3441 686 laudari

1868 745 2081 795 semper
2128 728 2367 793 debeat,
2411 728 2534 796 quia
2605 727 2916 782 continuom
2970 736 3051 780 est
3098 741 3258 781 onme
3302 725 3442 794 quod

1870 831 2104 890 pr:estat.

1943 910 2075 966 Vers
2128 912 2178 963 ’7.
2214 911 2478 979 Tanquam
2509 909 2803 981 prodigium
2846 915 3013 979 [actus
3059 913 3169 963 sum
3217 909 3444 965 multis:

1871 1013 1916 1053 et
1947 1011 1999 1052 tu
2028 1003 2237 1070 adjutor
2264 1001 2431 1070 fortis.
2463 999 2766 1069 Prodigium
2791 1000 2842 1054 in
2876 1002 2972 1053 hoe
3004 999 3200 1053 szrculo
3233 997 3289 1052 lit
3321 997 3448 1051 lidi-

1871 1092 1969 1156 lis,
2003 1090 2215 1160 quando
2262 1089 2365 1144 alia
2419 1099 2656 1144 sectatur
2687 1099 2844 1159 quam
2891 1097 3065 1158 potest
3093 1103 3277 1142 amare
3321 1102 3444 1155 pec-

1873 1184 2108 1235 cantium
2139 1181 2424 1235 multitudo
2459 1199 2473 1236 :
2509 1190 2754 1258 quaerunt
2785 1182 2856 1234 illi
2901 1179 3146 1244 divitias,
3183 1179 3285 1233 iste
3320 1195 3447 1246 pau~

1877 1277 2113 1342 periem;
2146 1285 2391 1341 qurerunt
2424 1275 2498 1328 illi
2527 1274 2883 1343 epulationes,
2916 1273 3012 1327 istc
3040 1273 3271 1341 jejunio;
3305 1286 3448 1339 qua:-

1881 1374 2006 1418 runt
2033 1365 2266 1434 denique
2290 1366 2363 1419 illi
2389 1365 2576 1435 gaudia
2601 1407 2614 1430 ,
2646 1366 2745 1420 iste
2779 1365 3068 1419 tristitiam.
3095 1363 3454 1429 Quemadtnov

1879 1455 2002 1509 dum
2035 1471 2162 1524 ergo
2192 1472 2296 1509 non
2330 1465 2506 1524 potest
2531 1455 2696 1509 videri
2730 1456 3038 1527 prodigium,
3071 1453 3160 1524 qui
3191 1468 3248 1507 se
3271 1463 3453 1507 contra

1882 1550 2170 1602 multorum
2198 1551 2540 1618 cognoscitur
2572 1558 2805 1602 tractare
2837 1546 3193 1600 consensum?
3239 1546 3346 1599 lfoc
3377 1555 3456 1598 est

1881 1638 2024 1706 quod
2054 1647 2295 1693 oratores
2317 1639 2515 1692 humile
2538 1638 2665 1709 [cd.,
2699 1635 2935 1708 humilis]
2962 1651 3132 1690 causa)
3150 1651 3316 1706 genus
3340 1650 3458 1690 essu

1885 1729 2154 1794 dixerunt,
2200 1729 2340 1798 quod
2373 1729 2451 1782 sic
2495 1728 2900 1796 contemptibile
2947 1727 3218 1792 creditur,
3252 1735 3307 1779 ut
3339 1740 3457 1794 por-

1812 1822 1851 1877 Ii
1884 1830 2086 1874 lentum
2133 1823 2309 1890 potius
2335 1823 2650 1875 restituetur.
2693 1822 2794 1875 Sed
2848 1821 3176 1889 negligenda:
3203 1829 3325 1873 sunt
3355 1819 3455 1870 hn-

1883 1929 2052 1965 mante
2086 1912 2490 1981 imputationes,
2518 1913 2732 1982 quando
2763 1913 2958 1967 divina:
2986 1911 3140 1965 nobis
3166 1913 3458 1979 probantur

1883 2004 2061 2057 lavere
2086 2006 2332 2058 virtutes.
2353 2005 2623 2059 Caducum
2649 2015 2729 2058 est
2758 2005 2898 2059 enim
2925 2019 3084 2058 omne
3111 2003 3466 2066 contrarium,~

1883 2094 1966 2146 ubi
1999 2096 2211 2164 adjutor
2245 2096 2498 2163 probatur
2528 2111 2646 2149 esse
2684 2095 3006 2148 fortissimus
3075 2095 3179 2148 Sed
3214 2109 3332 2147 cum
3377 2093 3458 2146 di—

1881 2187 1974 2250 cit,
2007 2188 2238 2256 adjutar,
2270 2186 2520 2240 admonet
2551 2198 2626 2250 ut,
2663 2187 2756 2240 Dei
2787 2186 2953 2256 gratia
2983 2186 3329 2254 suﬁragaute,
3358 2201 3458 2236 nus

1882 2291 2092 2346 quoque
2120 2278 2184 2331 ad
2215 2279 2407 2331 bonum
2453 2281 2546 2332 niti
2575 2288 2628 2332 et
2659 2279 2922 2332 contende
2956 2296 2984 2333 e
3029 2279 3340 2344 debeamus,
3394 2294 3460 2333 ne

1883 2369 2076 2424 divinis
2108 2371 2378 2424 beneﬁciis
2411 2371 2748 2425 inveniamur
2773 2371 3006 2425 adversi.

1959 2465 2111 2519 Vers.
2147 2465 2199 2519 8.
2230 2465 2504 2534 Repleatur
2536 2482 2590 2518 os
2624 2482 2786 2519 meum
2831 2465 2982 2518 laude
3021 2473 3107 2518 tua
3133 2507 3146 2530 ,
3180 2473 3233 2518 ut
3280 2466 3462 2532 possim

1884 2568 2094 2610 cantare
2119 2558 2335 2626 gloriam
2362 2568 2500 2610 trram
2523 2602 2538 2626 ,
2584 2569 2690 2611 tota
2731 2560 2812 2612 die
2843 2560 3273 2628 magniﬁcentiam
3299 2569 3462 2612 tuam.

1889 2649 2031 2701 Dait
2064 2648 2321 2701 hactenus
2366 2649 2595 2702 humano
2640 2652 2820 2718 generi
2851 2665 3009 2718 quam
3047 2651 3260 2704 diversa
3306 2651 3462 2702 benc-

1889 2740 2010 2792 licia
2036 2741 2383 2804 contulisset,
2416 2757 2556 2797 nunc
2589 2757 2804 2810 quoque
2835 2751 2889 2794 et
2932 2741 3030 2794 hoc
3065 2744 3194 2806 petit
3224 2757 3251 2794 a
3289 2740 3464 2793 Domi-

1890 2848 1981 2897 no,
2027 2832 2281 2898 ut-t'ossit
2325 2831 2371 2885 ei
2415 2831 2612 2899 gratias
2637 2846 2795 2901 agere
2824 2838 3213 2898 competenter.
3259 2832 3386 2882 Diam
3420 2832 3466 2886 si

1889 2923 1904 2975 i
1930 2922 1976 2975 Ie
2008 2937 2063 2973 os
2089 2931 2315 2973 nostrum
2344 2935 2445 2973 non
2478 2922 2684 2991 repleat,
2714 2934 2810 2974 nec
2841 2920 3014 2990 lingua
3049 2928 3323 2982 movetur,
3368 2933 3465 2972 nec

1887 3010 2154 3065 desideria
2191 3012 2407 3063 honesta
2443 3011 2797 3064 ﬂammantur.
2832 3010 3014 3076 Magna
3051 3009 3120 3079 (si
3156 3007 3464 3062 considere-

1893 3104 2040 3170 mus)
2083 3111 2260 3153 nostra
2296 3101 2404 3154 l'clit
2425 3102 2524 3153 itas
2554 3113 2634 3154 est
2665 3110 2828 3152 tctuni
2864 3109 3044 3168 peto-rc
3067 3144 3079 3167 ,
3113 3115 3208 3152 nec
3237 3099 3466 3167 petendo

188 3191 320 3245 Nam
353 3193 507 3260 quod
534 3193 764 3260 addidit,
800 3213 829 3247 a
857 3197 1112 3261 intentato
1142 3213 1272 3263 mea,
1305 3198 1444 3251 illam
1469 3207 1681 3250 :etatem
1713 3197 1783 3250 si-
1812 3193 1858 3252 C
1894 3210 2108 3263 semper
2139 3196 2379 3248 lorrere.
2414 3195 2638 3247 Creator
2671 3207 2854 3248 noster
2900 3193 3021 3246 inde
3058 3195 3224 3262 uagis
3249 3194 3467 3246 utl‘cndi-

189 3286 416 3348 gniﬁcat
457 3287 516 3338 in
566 3302 668 3354 qua
716 3288 938 3341 Domino
982 3291 1229 3344 credidit.
1300 3291 1429 3344 Nam
1471 3305 1790 3360 quocunque

193 3389 444 3442 temp-me
472 3376 541 3427 ad
573 3377 746 3445 ipsum
797 3379 1038 3432 veniatur
1061 3417 1075 3442 ,
1109 3381 1300 3433 merito
1331 3383 1576 3450 juventus
1608 3395 1789 3434 no~tra

193 3469 392 3521 incitor
417 3508 432 3530 ,
482 3468 609 3534 quia
640 3470 690 3520 in
740 3470 850 3534 ipsa
884 3471 1194 3538 plenissimo
1243 3472 1437 3526 robore
1475 3471 1786 3526 solidamur.

191 3558 319 3612 Sive
354 3560 494 3612 illud
518 3601 533 3622 ,
563 3578 593 3611 η
617 3564 882 3632 jurentute
913 3580 1050 3627 mea,
1092 3565 1356 3633 signiﬁcat
1390 3579 1453 3618 ex
1488 3580 1593 3633 quo
1632 3564 1792 3632 coepit

193 3661 386 3702 contra
421 3650 631 3703 diaboli
664 3667 900 3722 pugnare
921 3655 1206 3707 versutias.
1242 3654 1353 3722 Ipsa
1387 3656 1529 3707 enim
1557 3665 1687 3709 tetas
1711 3667 1794 3710 est

191 3757 314 3803 qua:
336 3741 408 3794 ad
437 3752 721 3796 certamen
751 3743 904 3809 disigi
933 3759 1027 3804 ur,
1077 3754 1132 3798 et
1182 3747 1247 3797 ad
1281 3745 1684 3801 colluctationes
1707 3761 1794 3800 ar-

194 3833 332 3883 duas
361 3836 650 3898 aptiss‘tna
681 3835 963 3888 vivacitate
993 3846 1342 3905 prmparatur.

269 3925 432 3977 Vers.
470 3925 526 3977 6.
565 3925 629 3977 In
661 3938 708 3978 te
737 3926 1068 3994 confirmatus
1097 3945 1210 3980 sum
1239 3945 1302 3981 ex
1333 3939 1508 3994 utero;
1542 3931 1603 3982 de
1630 3941 1797 3985 ventre

192 4019 383 4068 matris
414 4033 546 4068 mete
575 4026 628 4067 tu
659 4033 710 4069 es
738 4029 995 4088 protector
1023 4037 1163 4073 meus
1196 4035 1222 4073 τ
1265 4020 1314 4072 in
1347 4032 1392 4072 te
1431 4023 1656 4074 caututio
1684 4040 1796 4076 mea

188 4122 420 4170 semper.
453 4107 608 4159 Hunc
639 4122 848 4162 versum
881 4112 1038 4180 paulo
1068 4111 1350 4164 sollicitius
1376 4123 1794 4180 perscrutcmur,

190 4214 264 4252 ne
289 4203 450 4252 nobis
477 4200 624 4268 aliqu
644 4219 655 4250 I
680 4201 898 4255 obviare
923 4203 1092 4270 pnssit
1115 4203 1437 4257 absurditas.
1459 4205 1600 4260 Dixit
1621 4208 1793 4260 enim:

187 4289 334 4350 Spes
359 4308 476 4343 mea
508 4308 540 4342 ιι
563 4295 831 4361 jncentute
868 4312 998 4348 mea.
1045 4296 1287 4366 Nunquid
1313 4298 1654 4352 conﬁrmatio
1678 4300 1795 4367 ejus

185 4384 246 4436 in
281 4383 456 4439 Deum
488 4401 616 4440 esse
649 4391 840 4455 potuit,
867 4391 1079 4459 quando
1112 4393 1162 4445 in
1198 4403 1443 4447 materno
1467 4404 1620 4448 utero
1651 4396 1796 4448 nulla

185 4474 372 4528 (ultus
405 4477 622 4529 ratione
655 4489 927 4545 vegetatus
957 4490 1036 4533 est
1065 4525 1077 4548 ,
1113 4481 1346 4534 maxime
1392 4497 1512 4535 eum
1544 4482 1750 4551 legatur
1783 4501 1794 4534 :

1896 3297 2000 3350 tur,
2034 3287 2079 3339 si
2121 3302 2149 3338 a
2191 3289 2275 3354 pia
2314 3286 2724 3354 supplicationis
2773 3287 3167 3355 inqmrtuuitate
3211 3295 3468 3340 cessetur.

1895 3377 2143 3446 Sequitur
2175 3394 2331 3432 causa
2357 3394 2451 3432 cur
2474 3380 2659 3448 repleri
2688 3378 3072 3432 desideraverit
3101 3395 3154 3430 os
3179 3395 3327 3430 suum
3356 3376 3469 3431 lano

1894 3471 2040 3523 dibus
2063 3469 2258 3523 Christi
2277 3511 2290 3534 ,
2312 3471 2534 3535 sciliCrt,
2562 3480 2612 3522 ut
2640 3472 2826 3538 possint
2851 3482 3053 3524 cantare
3074 3472 3288 3540 gloriam
3311 3477 3467 3522 lnam.

1895 3560 2074 3614 Gloria
2103 3572 2182 3616 est
2207 3562 2386 3614 multm
2406 3576 2491 3614 um
2520 3578 2610 3616 ore
2639 3563 2902 3616 celebrata
2928 3562 3179 3615 laudatio.
3212 3561 3318 3616 δαί
3353 3561 3469 3616 huic

1899 3653 2050 3707 bono
2068 3652 2270 3706 addidit
2295 3652 2733 3721 perpetuitatem;
2760 3669 2880 3706 nam
2908 3669 3026 3707 cum
3054 3654 3220 3722 ponit,
3246 3663 3350 3706 tota
3373 3657 3471 3716 die,

1901 3746 2135 3815 nunquid
2172 3746 2415 3798 tractibus
2453 3759 2481 3796 a
2516 3745 2760 3798 laudibus
2793 3746 3000 3799 Domini
3035 3746 3161 3798 dicit
3203 3760 3321 3798 e~se
3353 3760 3472 3798 ces-

1899 3837 2126 3891 sandum
2153 3878 2164 3895 ,
2201 3851 2433 3889 max'nte
2463 3851 2582 3889 eum
2612 3852 2671 3889 se
2702 3836 2791 3889 illo
2823 3845 3065 3903 tempore
3097 3836 3216 3889 laud
3243 3839 3338 3888 bus
3369 3836 3472 3888 Do-

1901 3929 2026 3981 mini
2068 3927 2329 3981 catholiCa
2363 3927 2666 3980 consoletur
2698 3927 2968 3981 Ecclesia?
2998 3929 3146 3982 Tunc
3189 3929 3329 3981 enim
3381 3945 3472 3981 \c-

1899 4019 2126 4090 spcrtlni
2156 4058 2170 4082 ,
2206 4029 2329 4071 tunc
2378 4020 2643 4081 noetttrni,
2679 4031 2803 4072 tunc
2834 4020 3074 4072 matutini
3119 4028 3471 4088 peraguntur,

1900 4127 2019 4164 cum
2064 4111 2290 4179 populus
2341 4110 2511 4162 lidi-lis
2562 4112 2818 4180 invigilat.
2875 4111 2980 4165 Sed
3023 4111 3249 4165 ditentlo
3280 4109 3421 4164 diem
3451 4153 3466 4175 ,

1902 4207 2164 4259 conclusit
2204 4215 2258 4259 et
2307 4217 2549 4268 noctem;
2601 4207 2737 4259 sicut
2785 4214 2838 4258 ct
2886 4205 2937 4259 in
2987 4205 3178 4260 Genesi
3233 4205 3470 4275 legitur:

1907 4298 2120 4350 Factum
2165 4307 2237 4350 est
2280 4313 2517 4366 uespere,
2560 4307 2604 4351 et
2652 4299 2838 4367 factum
2887 4309 2958 4351 est
3007 4314 3153 4350 mane
3195 4299 3302 4350 dies
3348 4315 3474 4350 unus

1905 4388 2058 4459 (Gen.
2095 4406 2130 4452 ι,
2163 4391 2240 4459 5).
2271 4391 2398 4454 Qua:
2428 4389 2590 4453 Πρω-ει
2621 4390 2814 4442 ὼείιυτ
2852 4389 3211 4458 synecdoche,
3249 4389 3298 4441 id
3332 4399 3413 4442 est
3445 4404 3474 4441 a

1909 4491 2055 4550 parte
2084 4492 2272 4535 totum.
2326 4481 2766 4552 Magn/leniam
2799 4499 2927 4536 vero
2954 4483 3101 4548 dicit,
3135 4484 3254 4552 quia
3288 4500 3476 4554 magna

184 4563 341 4618 Ecce
362 4569 502 4618 enim
529 4567 581 4618 in
610 4568 960 4635 iniquitatibus
989 4583 1259 4640 conceptis
1282 4589 1416 4639 sum,
1449 4574 1570 4627 etin
1594 4574 1678 4626 del
1703 4576 1796 4628 ctis
1831 4560 1878 4616 ι)
1905 4575 2174 4642 praestitit.
2207 4583 2264 4626 ut
2290 4588 2471 4626 aurem
2506 4590 2654 4626 suam
2687 4574 2750 4626 ad
2785 4574 3039 4626 humilem
3077 4575 3391 4638 inclinaret,
3423 4586 3480 4624 ut

177 4663 397 4729 peperit
427 4678 510 4714 me
552 4673 714 4714 mater
741 4681 850 4716 mea
879 4663 1048 4736 (Psal.
1088 4682 1149 4730 ι,
1183 4665 1274 4735 7)?
1304 4666 1406 4720 Sed
1455 4667 1544 4720 hic
1593 4678 1794 4720 uterum
1910 4675 2211 4736 protegeret
2239 4665 2646 4732 periclitantem,
2674 4677 2723 4716 ttt
2749 4666 2977 4733 cripe'ct
3008 4665 3071 4719 de
3105 4680 3261 4717 manu
3295 4681 3478 4732 prcca-

177 4762 411 4804 sancta:
451 4751 653 4804 matris
687 4753 939 4808 Ecclesia:
969 4755 1227 4810 debemus
1257 4757 1501 4824 accipere
1523 4797 1538 4821 ,
1570 4757 1656 4810 ubi
1691 4758 1797 4824 pri-
1906 4758 2057 4822 toris,
2091 4770 2142 4808 ttl
2174 4773 2288 4810 eam
2320 4756 2658 4810 conﬁrmant
2688 4773 2752 4809 ex
2787 4766 2958 4819 utero,
2993 4765 3044 4808 et
3068 4757 3130 4808 de
3156 4765 3340 4808 ventre
3372 4769 3481 4806 ma-

177 4857 354 4894 nmm
386 4843 512 4894 ﬁdei
545 4843 851 4898 rudimento
877 4847 1231 4916 concipimnr,
1259 4848 1449 4902 deinde
1479 4863 1542 4901 ex
1576 4864 1710 4917 aqua
1743 4857 1798 4902 et
1909 4849 2000 4900 tris
2057 4857 2334 4916 protegere
2385 4845 2730 4900 decrevisset.
2784 4846 2873 4900 Sic
2926 4863 3030 4899 uno
3083 4846 3478 4914 magni/immite

171 4932 414 4999 Spiritu
459 4943 653 4986 sancto
696 4949 1037 5001 generantur.
1088 4937 1236 4991 Tunc
1267 4937 1408 4990 enim
1457 4939 1806 5010 conﬁt-minio
1911 4943 2126 4994 nomine
2160 4941 2538 5008 pucdicturum
2575 4939 2953 4994 beneficiorum
2988 4940 3100 4992 laus
3132 4949 3320 4991 cuncta
3351 4953 3480 4990 con-

173 5035 394 5078 nostra
445 5034 628 5093 potest
666 5041 794 5080 esse
827 5027 1116 5094 Dominus,
1164 5028 1379 5099 quando
1408 5028 1473 5082 ad
1504 5045 1624 5082 eum
1679 5031 1798 5084 ﬁdei
1901 5034 2044 5088 clusa
2077 5044 2176 5087 est.

174 5129 436 5168 attinere
469 5115 804 5170 venerimus.
856 5117 1104 5181 Addidit,
1153 5127 1206 5170 tu
1235 5135 1286 5170 es
1325 5127 1580 5184 protector
1613 5135 1754 5171 meus
1783 5135 1798 5181 ;
1980 5124 2127 5177 Veis.
2162 5121 2213 5176 9.
2246 5121 2324 5174 Ne
2345 5124 2584 5195 projicias
2610 5141 2684 5176 me
2714 5125 2768 5175 in
2795 5133 3015 5194 tempore
3042 5125 3343 5184 senectutis;
3371 5139 3484 5175 cum

175 5208 431 5272 υιίσιειοο
483 5205 742 5272 (Nimiam
788 5205 1040 5260 ttdt‘el'sus
1081 5208 1244 5278 236
1283 5209 1480 5262 diaboli
1533 5210 1801 5278 nequitias
1905 5215 2142 5284 defecerit
2167 5214 2325 5267 uirtus
2353 5231 2485 5278 mea,
2519 5231 2581 5268 ne
2612 5216 2934 5286 derelinquas
2967 5233 3064 5269 me.
3103 5215 3259 5270 Venit
3293 5215 3356 5267 ad
3397 5229 3484 5267 sc-

169 5299 314 5362 ipse
343 5312 446 5349 ltus
469 5298 778 5365 prOtegitac
799 5298 1030 5353 defendit
1054 5317 1067 5364 ;
1092 5314 1142 5354 et
1162 5301 1214 5353 in
1241 5301 1339 5355 hoc
1359 5301 1558 5355 mundo
1583 5310 1800 5370 praestat
1905 5307 2136 5359 cumlam
2187 5319 2389 5376 partem
2411 5348 2426 5372 ,
2476 5309 2528 5360 in
2571 5325 2670 5375 qua
2720 5309 3088 5363 vehementius
3134 5309 3390 5377 supplicat
3424 5324 3484 5360 ne

164 5389 469 5452 attulere,
505 5405 575 5444 ne
606 5392 840 5456 pccmtis
868 5392 1134 5454 possimus
1172 5393 1518 5447 onerantibus
1549 5393 1796 5446 interire.
1904 5409 2126 5467 tempore
2155 5401 2422 5452 senectutis
2450 5417 2557 5453 sum
2592 5403 2896 5472 projiciatur
2925 5419 2950 5453 a
2990 5402 3238 5465 Domino,
3272 5402 3484 5468 quando

163 5481 468 5550 Sequitur
497 5480 781 5534 retr.hutio
811 5485 1146 5551 prtemiorum
1167 5525 1182 5547 ,
1217 5493 1274 5537 ut
1298 5485 1436 5538 sicut
1466 5500 1679 5552 semper
1710 5486 1802 5538 be-
1906 5493 2041 5544 fessa
2075 5490 2243 5542 virtus
2271 5495 2509 5557 corporis
2538 5493 2654 5558 plus
2688 5493 3170 5562 ivdigctadjuvari.
3209 5493 3315 5548 Sed
3345 5494 3482 5547 hanc

161 5574 431 5635 neﬁcia,
465 5575 536 5626 ita
565 5584 616 5626 et
649 5575 947 5642 psalmodia
978 5577 1172 5631 debeat
1201 5593 1322 5632 esse
1350 5579 1624 5631 coatinua.
1660 5577 1790 5630 Nam
1904 5589 2234 5635 senectutem
2281 5597 2383 5634 non
2437 5583 2610 5636 stilum
2657 5594 2868 5638 a'tatetn
2921 5585 3196 5640 ﬁnitimam
3229 5587 3486 5641 debemus

155 5668 212 5720 εὶ
253 5677 500 5730 tempus
528 5679 556 5718 a
586 5665 894 5721 uulneribus
919 5683 1023 5721 non
1048 5679 1218 5735 vacat,
1251 5685 1415 5739 quare
1440 5685 1499 5722 se
1530 5668 1798 5736 quispiam
1905 5674 2170 5739 accipere,
2200 5671 2290 5724 sed
2316 5672 2474 5724 etiam
2500 5689 2618 5726 eum
2649 5674 3077 5731 ll'lbulllllotlilllls
3097 5680 3303 5734 crebris
3330 5688 3488 5747 atque

155 5757 242 5810 ab
269 5756 426 5816 eius
459 5755 846 5820 gloriﬁtratinne
891 5760 1217 5828 Sit-pendat?
1247 5762 1522 5832 Signiﬁcat
1555 5760 1698 5815 enim
1743 5768 1796 5814 et
1906 5761 2173 5830 martyriis
2208 5761 2366 5815 robur
2398 5763 2588 5817 anima:
2615 5766 2970 5831 consenescit.
3008 5766 3115 5824 ΙΙορ
3143 5771 3286 5826 enim
3323 5767 3488 5833 signi.
