4000 6172
513 352 605 407 ius
1717 343 1783 398 Μ.
1827 340 2104 416 suam."
2141 335 2544 396 cassronom

3676 326 3792 382 5th)

512 475 653 537 ticat,
681 484 795 522 cum
816 466 1054 537 defecerit
1080 465 1234 518 virtus
1269 480 1400 528 mea,
1438 462 1488 516 id
1529 472 1610 516 est
1640 462 1852 531 quando
1884 461 2087 530 paticn-
2121 459 2168 518 Α
2195 456 2482 524 fundantur
2536 455 2679 510 enim
2729 453 2874 519 dicit,
2932 467 3055 509 cum
3111 458 3199 504 tua
3253 447 3487 503 viderint
3525 445 3789 515 disposita

515 560 599 614 tiae
632 557 855 613 tirmitas
884 564 1135 626 quassata
1164 553 1426 610 rnollescit
1453 596 1466 621 ,
1500 568 1598 609 nec
1629 553 1896 608 sustinere
1925 560 2101 622 potest

514 650 716 704 viribus
740 649 853 702 suis
883 661 1019 702 ortus
1052 645 1409 702 tribulationis
1442 645 1773 716 impositum.
1799 643 1948 697 Tunc
1972 657 2102 713 ergo

515 753 572 793 se
603 741 735 807 petit
761 752 864 792 non
898 738 1096 792 debere
1134 736 1418 806 tit-relinqui
1443 778 1455 802 ,
1493 737 1611 802 quia
1638 750 1758 790 cum
1790 736 1906 804 ipso
1933 745 2101 789 totum

516 839 724 896 poterat
751 831 1044 886 sustinere.

598 922 749 976 Vers.
787 922 871 976 ιθ.
916 920 1048 987 Quia
1086 921 1326 974 dixerunt
1371 918 1564 970 inimici
1607 914 1904 979 meimihi,
1937 923 1983 968 et
2021 914 2103 982 qui

518 1016 865 1069 custodiebant
880 1017 1104 1067 animum
1125 1027 1288 1064 meum
1309 1010 1582 1064 consilium
1605 1010 1828 1078 fecerunt
1847 1008 1898 1060 in
1923 1023 2101 1060 unum.

521 1107 783 1161 liedditur
811 1121 969 1160 causa
1003 1121 1096 1158 cur
1122 1105 1186 1158 ad
1229 1101 1653 1158 subveniendum
1685 1100 1858 1170 pietas
1890 1097 2100 1154 Domini

521 1201 711 1255 debeat
759 1202 1035 1270 provomiri
1068 1217 1080 1250 :
1113 1197 1365 1266 quoniam
1410 1195 1687 1250 debilitate
1727 1203 1934 1261 captata
1968 1193 2099 1246 insi—

521 1293 552 1346 d
579 1291 784 1346 anliutn
835 1291 1016 1345 fervor
1065 1304 1324 1344 accensus
1367 1299 1448 1343 est
1475 1329 1488 1352 ,
1526 1287 1652 1341 dum
1697 1286 1923 1341 credunt
1952 1285 2106 1339 facile

525 1383 718 1453 decipi,
749 1399 776 1436 a
811 1399 914 1452 quo
943 1398 1045 1435 non
1079 1389 1258 1449 potest
1286 1379 1511 1434 defectis
1541 1377 1739 1432 viribus
1777 1376 2005 1432 obviari.
2039 1375 2109 1431 El.

522 1491 587 1527 ne
627 1473 972 1526 crederentur
1021 1472 1164 1526 leves
1208 1470 1404 1523 inimici
1450 1470 1640 1524 anima:
1669 1482 1782 1523 suae
1810 1508 1824 1533 ,
1856 1467 1987 1522 dicit
2016 1467 2106 1522 ad-

523 1577 705 1617 versus
732 1579 775 1616 Ct"
799 1578 824 1618 s
854 1565 936 1634 qui
970 1561 1318 1616 custodiebant
1373 1577 1494 1616 cum
1517 1602 1530 1626 ,
1566 1561 1631 1614 ad
1659 1558 1961 1629 decipiendi
2006 1559 2107 1612 sci-

527 1657 651 1709 licet
685 1655 941 1718 studium,
969 1671 1071 1706 non
1111 1652 1176 1705 ad
1219 1651 1406 1705 salutis
1433 1662 1636 1707 votum.
1670 1650 1920 1720 Sequitur
1941 1691 1955 1715 ,
1987 1667 2108 1702 con-

521 1747 692 1798 silium
739 1746 966 1815 fecerunt
1016 1745 1069 1799 in
1108 1760 1286 1798 unum.
1339 1744 1716 1800 Truculentior
1768 1757 1980 1811 semper
2028 1753 2110 1797 εει

2205 565 2310 604 non
2342 548 2558 602 mutari.
2588 544 2845 614 Deﬁciunt
2875 542 3194 599 detrahentes
3219 541 3406 594 animo:
3434 553 3581 604 mete,
3627 537 3676 592 id
3708 545 3797 590 est

2203 638 2553 708 obloquentes
2585 636 2840 701 inaniter,
2868 636 2958 704 qui
2989 633 3289 688 institutum
3332 638 3539 684 rectum
3572 628 3795 680 morda-

2203 731 2354 786 cibus
2377 726 2812 797 derogatiouibus
2834 726 3009 780 solent
3031 723 3324 778 oblatrare.
3354 721 3624 774 Admonet
3645 720 3794 774 enim

2208 831 2226 874 ι
2264 821 2339 874 les
2384 819 2651 888 patientiae
2682 818 2880 871 virtute
2909 813 3197 884 superari,
3239 827 3375 883 qiros
3406 819 3613 864 tantum
3652 824 3796 877 prm-

2206 912 2345 979 cej'it
2383 911 2652 966 sustinere
2672 950 2685 973 .
2721 918 2779 964 ut
2811 909 2908 978 ipsi
2943 907 3110 976 magis
3139 907 3192 959 iu
3223 908 3337 958 suis
3361 901 3800 957 oblocutionibus

2207 1003 2438 1056 deiicere
2466 1000 2781 1065 videantur;
2827 1006 3090 1067 quatenus
3123 995 3311 1050 saltem
3344 1003 3558 1047 cessent
3585 1007 3682 1046 sua
3718 994 3799 1044 ni-

2211 1101 2427 1151 mietate
2477 1093 2716 1164 fatigati,
2746 1093 2791 1146 si
2824 1099 3089 1159 nequeant
3117 1089 3367 1142 desinere
3411 1087 3616 1141 ratione
3664 1102 3802 1139 eou-

2211 1188 2354 1242 vicri.
2381 1178 2631 1255 Sequitur
2651 1223 2666 1248 ,
2701 1183 2999 1249 aperiantur
3029 1179 3327 1248 confusione
3349 1187 3396 1229 et
3424 1179 3638 1247 pudore.
3676 1175 3804 1228 l‘ul-

2208 1277 2489 1332 cltcrrimis
2524 1276 2701 1330 verbis
2727 1273 3037 1343 depingitur
3078 1271 3383 1338 iniquorum
3417 1279 3639 1321 ventura
3671 1280 3804 1318 eor-

2212 1371 2397 1425 rectio.
2444 1368 2754 1438 Operiantur
2782 1365 2956 1430 dixit,
2996 1361 3148 1432 quasi
3181 1361 3412 1424 quodam
3464 1360 3583 1412 velo
3631 1374 3800 1411 roseo

2213 1459 2545 1514 verecundia:
2571 1472 2754 1512 eorum
2793 1455 2956 1510 facies
2985 1455 3337 1521 obtegautur;
3373 1449 3515 1519 quod
3544 1450 3684 1502 solet
3711 1466 3804 1502 ac-

2212 1552 2391 1606 cidere
2426 1550 2508 1604 liis
2539 1549 2630 1620 qui
2661 1550 2905 1604 actiones
2953 1545 3205 1616 pristinas
3247 1544 3348 1596 vita
3397 1544 3618 1596 meliore
3658 1558 3798 1596 ροη-

2214 1645 2493 1698 demnant.
2526 1642 2765 1708 Addidit,
2797 1643 2882 1711 qui
2911 1649 3145 1710 quierunt
3177 1639 3311 1691 mata
3339 1639 3498 1698 mihi,
3532 1640 3672 1690 sicut
3704 1641 3802 1692 illa

2215 1737 2407 1790 mulier
2459 1734 2785 1804 periclitanzi
2833 1732 2935 1788 Job
2985 1729 3201 1801 propr-io
3247 1727 3358 1782 viro
3403 1729 3660 1780 dicebat:
3701 1727 3805 1779 Dic

524 1837 859 1892 inimiciirum
891 1837 1120 1892 adunata
1145 1835 1417 1903 collectio,
1441 1845 1494 1891 et
1522 1837 1661 1906 quod
1692 1852 1798 1889 non
1828 1835 2103 1898 dividitur,
2138 1837 2181 1895 B
2210 1831 2410 1881 verbum
2441 1828 2491 1879 in
2521 1826 2704 1889 Deum,
2743 1836 2789 1878 et
2841 1840 3035 1876 morere
3079 1821 3198 1890 (Job
3231 1837 3287 1889 ιι,
3321 1819 3399 1889 9).
3450 1820 3602 1884 Quod
3651 1819 3806 1888 pravi

523 1929 737 2000 gravius
768 1944 873 1983 uno
904 1929 1047 1983 fasce
1079 1936 1340 1997 portatur.
1379 1927 1509 1980 Nam
1541 1926 1840 1996 cujusmodi
1871 1926 1940 1980 sit
1964 1924 2104 1981 istud

524 2020 795 2074 consilium
826 2020 1216 2088 subscqueuter
1241 2020 1465 2088 exponit
1499 2018 1611 2072 :ait
1641 2018 1782 2071 enim
1817 2034 1830 2069 :

599 2113 745 2168 Veis.
783 2113 868 2167 ll.
907 2112 1138 2165 Dicentes
1173 2128 1190 2164 :
1233 2110 1369 2164 Deus
1426 2108 1695 2178 dereliquit
1743 2125 1893 2172 eum;
1935 2123 2106 2174 perse~

523 2204 756 2272 quintini,
783 2215 830 2255 et
856 2202 1264 2274 comprehendite
1286 2218 1423 2265 eum,
1454 2203 1573 2268 quia
1601 2217 1700 2254 non
1726 2209 1796 2253 est
1819 2186 1905 2269 qui
1925 2202 2106 2268 eripiat

524 2310 654 2347 eum.
687 2294 797 2348 lloc
830 2303 914 2346 est
960 2309 1026 2360 qu
1066 2292 1099 2344 d
1135 2293 1211 2344 vir
1233 2291 1321 2344 ille
1353 2290 1694 2344 ﬁdelissimus
1723 2289 1834 2343 sive
1879 2289 1930 2342 in
1973 2287 2108 2341 allii-

525 2386 794 2441 ctionibus
818 2385 1041 2453 positus,
1067 2385 1180 2437 sive
1213 2383 1266 2436 in
1292 2381 1446 2436 senili
1483 2391 1640 2434 aetate
1670 2381 1963 2435 metuebat.
2001 2381 2108 2434 llo-

525 2488 635 2533 stcs
655 2479 798 2532 enim
829 2477 1072 2531 carnales
1107 2474 1373 2528 ruundana
1406 2472 1581 2540 potius
1604 2481 1946 2537 eoatuentes,
1981 2485 2102 2526 cum

527 2573 752 2627 viderint
781 2572 1052 2625 hominem
1093 2571 1281 2624 crebra
1321 2567 1628 2623 calamitate
1663 2569 1962 2635 fatigatum,
1993 2583 2109 2622 cre-

528 2665 661 2719 dunt
691 2679 717 2716 a
753 2665 861 2718 Deo
883 2663 1180 2724 desertum,
1207 2660 1296 2730 qui
1319 2659 1554 2714 divinam
1579 2667 1764 2726 putant
1787 2657 2009 2726 gratiam
2058 2661 2108 2712 in

528 2756 654 2809 solis
676 2755 953 2824 corporeis
975 2752 1180 2807 viribus
1197 2750 1565 2804 constitutam.
1586 2746 1956 2818 Pet-sequimini
1971 2763 2109 2812 eum,

528 2846 798 2910 dixerunt,
814 2846 936 2915 quia
957 2844 1139 2913 fugere
1160 2858 1267 2896 non
1287 2850 1519 2911 poterat.
1535 2839 1974 2910 Comprehendite,
1989 2839 2112 2909 quia

530 2936 774 2990 reluctari
803 2934 1210 2990 violentissimis
1228 2949 1334 2989 non
1354 2931 1582 2987 valebat.
1603 2931 1677 2985 Ex
1700 2945 1766 2985 eo
1786 2929 1928 2984 enim
1953 2944 1982 2984 a
2015 2929 2115 2983 Do-

527 3028 673 3082 mino
699 3027 994 3082 derelictum
1019 3024 1264 3080 arbitrati
1291 3032 1438 3088 sunt,
1467 3024 1591 3094 quia
1618 3039 1743 3077 cum
1779 3022 2115 3077 truculentia:

531 3133 639 3172 sua:
667 3118 780 3172 trad
807 3130 916 3170 tum
959 3132 1080 3172 esse
1123 3123 1430 3170 senserunt.
1480 3113 1633 3182 Quod
1665 3113 1876 3183 quidam
1907 3125 1962 3168 et
2008 3114 2114 3168 Do-

2211 1923 2394 1977 solent
2422 1921 2599 1976 facere
2627 1931 2880 1972 suasores
2907 1957 2923 1983 ,
2955 1914 3044 1985 qui
3076 1913 3448 1968 blandimento
3475 1909 3661 1964 salutis
3687 1925 3806 1964 caro

2217 2031 2328 2070 nee
2357 2013 2570 2067 occulto
2602 2011 2822 2065 vulnere
2849 2009 3058 2062 animas
3091 2005 3340 2060 videntur
3373 2004 3652 2072 impetere.

2285 2105 2436 2160 Vers.
2480 2105 2562 2157 Η.
2599 2102 2707 2173 Ego
2734 2112 2906 2155 autent
2935 2117 3129 2168 semper
3158 2101 3210 2152 in
3240 2107 3287 2150 te
3311 2095 3522 2167 sperabo
3543 2137 3556 2155 ,
3587 2107 3634 2148 et
3662 2095 3808 2161 adji-

2211 2199 2342 2252 ciunt
2369 2213 2523 2265 super
2555 2211 2753 2248 omnem
2803 2193 3007 2247 laudent
3051 2203 3209 2245 tuam.
3265 2190 3492 2242 Decursa
3541 2188 3811 2241 entenda-

2214 2291 2378 2354 tione,
2407 2302 2565 2354 quam
2596 2283 2966 2355 peccatoribus
2987 2283 3304 2351 deprecatus
3334 2289 3415 2333 est
3443 2277 3713 2341 accidere,
3738 2278 3811 2330 ad

2209 2397 2358 2436 suam
2390 2379 2802 2434 delectationem
2853 2376 3159 2444 bonumque
3185 2371 3546 2434 convertitur;
3577 2379 3636 2423 ut
3662 2371 3813 2423 sicut

2212 2475 2284 2529 illi
2308 2473 2373 2529 de
2397 2472 2577 2526 divina
2607 2468 2841 2538 potentia
2869 2465 3246 2535 desperabant,
3276 2463 3346 2517 ila
3382 2463 3482 2517 iste
3509 2477 3722 2530 sperare
3747 2475 3814 2516 so

2211 2583 2407 2634 semper
2429 2565 2568 2618 dicat
2595 2564 2646 2616 in
2672 2561 2920 2616 Domino.
2950 2559 3080 2625 Quae
3103 2558 3266 2627 ﬁgura
3298 2556 3495 2610 dicitur
3521 2555 3812 2621 syncrisis,

2214 2657 2264 2711 id
2295 2667 2376 2711 est
2415 2656 2663 2720 collatio,
2692 2652 2905 2722 quando
2931 2651 3050 2721 quis
3081 2648 3360 2704 meliorem
3388 2661 3603 2701 causam
3647 2660 3811 2698 suam

2214 2763 2370 2816 quam
2411 2743 2703 2800 adversarii
2733 2756 2854 2797 esse
2881 2741 3244 2794 demonstrat.
3285 2737 3557 2807 Sequitur,
3587 2745 3635 2788 et
3665 2735 3814 2804 adji-

2215 2839 2346 2890 ciunt
2369 2852 2522 2906 super
2543 2848 2741 2888 omnem
2781 2832 2988 2887 laudent
3017 2842 3178 2885 tuam.
3226 2829 3337 2884 Hoc
3369 2829 3524 2898 plane
3550 2828 3648 2881 nisi
3681 2825 3816 2880 dili-

2217 2931 2425 3000 gentius
2449 2929 2749 2982 intueamur
2770 2924 3055 2980 obscurum
3081 2933 3183 2978 est.
3202 2923 3334 2977 Nam
3356 2922 3597 2992 quamvis
3609 2920 3815 2974 divinis

2221 3021 2467 3076 laudibus
2495 3019 2627 3075 nihil
2659 3018 2826 3087 possit
2855 3016 3037 3085 adjici,
3070 3015 3284 3085 quando
3313 3023 3656 3084 augmentum
3697 3027 3814 3066 non

2223 3113 2366 3180 recip
2389 3122 2409 3164 t
2436 3108 2743 3164 admiranda
2775 3106 3060 3177 perfectio,
3105 3114 3282 3161 tamen
3320 3114 3400 3160 est
3430 3103 3570 3173 quod
3611 3102 3682 3156 ab
3711 3101 3818 3155 bo-

531 3214 677 3268 mino
717 3210 984 3266 Salvatori
1029 3208 1408 3278 applicandum
1452 3221 1575 3261 esse
1622 3216 1958 3273 putaverunt.
2010 3205 2113 3260 Sed
2145 3207 2190 3270 C
2222 3204 2453 3258 minibus
2506 3200 2676 3269 possit
2724 3214 2859 3254 nova
2919 3196 3299 3268 praedicatione
3337 3195 3622 3250 celebrari.
3672 3192 3816 3246 Nam

533 3303 811 3357 decentior
844 3299 978 3354 ordo
1005 3309 1086 3354 est
1117 3298 1370 3352 dictionis
1399 3314 1411 3350 :
1447 3313 1513 3350 ne
1561 3310 1842 3366 personam
1872 3312 2028 3365 quam
2061 3297 2115 3350 in

535 3393 766 3448 modum:
798 3391 1140 3455 deduximus,
1175 3389 1468 3458 incongrua
1505 3386 1683 3440 subito
1713 3386 1970 3442 varietate
1996 3402 2114 3441 mu-

535 3495 727 3539 Iemus.
758 3484 1034 3552 Sequitur,
1069 3481 1187 3551 quia
1217 3496 1318 3534 non
1355 3490 1425 3534 est
1467 3479 1553 3550 qui
1595 3479 1776 3547 eripiat
1821 3494 1958 3531 eum.
2014 3478 2116 3533 De-

536 3586 738 3634 mentes
779 3591 1032 3647 prorsus,
1083 3575 1172 3643 qui
1221 3574 1322 3628 hoc
1373 3572 1710 3628 mstimabant
1757 3572 1934 3640 potius
1979 3572 2118 3641 quod

537 3671 808 3736 videbant,
842 3668 990 3738 quasi
1025 3668 1162 3721 Deus
1195 3666 1408 3720 deserat
1441 3665 1699 3734 praemiis,
1731 3678 1868 3733 quos
1895 3664 2121 3732 exponit

537 3761 769 3830 injuriis,
801 3769 854 3814 et
881 3774 984 3813 non
1025 3758 1194 3824 magis
1229 3771 1490 3810 coronare
1523 3755 1682 3818 velit,
1721 3769 1859 3823 quos
1903 3753 2121 3823 probari

539 3853 738 3908 debere
787 3851 1066 3921 permittit.
1107 3849 1196 3904 Sic
1221 3847 1486 3902 deliberat
1518 3847 1605 3915 qui
1638 3845 1703 3900 ad
1735 3844 1948 3898 oculum
1978 3844 2123 3913 judi-

538 3955 637 4000 cat.
674 3943 894 4015 Negavit
925 3952 1240 4014 praesentem
1290 3939 1574 3994 Dominum
1616 3937 1705 4007 qui
1733 3935 1978 3992 fidelibus
2009 3935 2124 3989 suis

540 4037 744 4092 viSuale
773 4037 955 4090 venire
1001 4050 1104 4088 non
1155 4033 1358 4104 putavit
1410 4030 1701 4092 auxilium,
1734 4027 1858 4081 dum
1889 4026 2125 4083 credidit

541 4148 642 4185 non
677 4129 912 4186 exismre
944 4144 1102 4197 quem
1135 4126 1496 4180 arbitrabatur
1535 4122 1783 4176 humanis
1817 4120 2123 4191 conspecti-

540 4227 638 4280 bus
661 4241 766 4278 non
790 4223 1001 4278 adesse.

615 4319 763 4372 Vers.
800 4316 886 4371 l2.
921 4314 1077 4380 Deus,
1106 4330 1168 4367 ne
1197 4311 1450 4382 elongeris
1480 4326 1512 4361 a
1554 4324 1668 4372 me;
1703 4307 1843 4362 Deus
1881 4321 2040 4371 meus,
2071 4305 2124 4358 in

541 4409 856 4480 adjutorium
899 4421 1065 4458 nteant
1114 4403 1328 4471 respice.
1369 4400 1610 4454 Humana
1641 4405 1793 4468 putat
1841 4395 2125 4450 inlirmitas

541 4502 790 4570 elongare
834 4499 1032 4559 Deum,
1079 4494 1292 4564 quando
1335 4493 1382 4546 ei
1414 4492 1599 4546 venire
1631 4488 1806 4542 tardat
1841 4488 2121 4541 auxilium.

2223 3311 2342 3350 cum
2364 3295 2550 3349 dixero
2580 3292 2811 3347 Verbum
2859 3290 3029 3345 Patris
3072 3290 3262 3344 fecisse
3291 3289 3485 3342 cretum
3513 3293 3570 3341 et
3605 3295 3817 3339 terram

2219 3399 2274 3443 et
2304 3389 2479 3443 omnia
2504 3403 2621 3457 qua:
2650 3386 2705 3440 in
2735 3386 2815 3440 eis
2856 3395 2980 3439 sunt
3005 3423 3021 3446 .
3053 3382 3292 3453 perfecta
3338 3381 3615 3434 Dominum
3644 3378 3819 3431 devo-

2225 3483 2370 3537 tione
2401 3481 2631 3535 laudavi.
2675 3477 2782 3533 Sed
2807 3492 2928 3532 cum
2966 3475 3264 3544 adiunxero
3307 3475 3634 3527 incarnatum
3690 3485 3820 3524 esse

2226 3588 2321 3643 pro
2343 3571 2516 3628 salute
2545 3578 2885 3633 cunctorum,
2919 3567 3091 3635 adjeci
3116 3565 3386 3619 cumulum
3428 3561 3676 3616 laudibus
3708 3561 3822 3630 ple-

2226 3664 2326 3716 nis.
2359 3661 2451 3718 Sic
2497 3661 2638 3716 enim
2687 3658 2937 3713 inferiora
2990 3665 3253 3712 testantur
3276 3695 3292 3720 ,
3323 3655 3463 3723 quod
3496 3654 3598 3707 ista
3637 3653 3820 3706 laudis

2227 3756 2452 3825 adjectio
2481 3754 2545 3809 ad
2579 3752 2996 3807 incarnationem
3031 3748 3414 3820 omnipotentis
3443 3745 3605 3800 Verbi
3655 3745 3820 3800 abso-

2228 3848 2336 3900 lute
2367 3846 2647 3915 pertineat.

2301 3939 2455 3994 Vers.
2491 3938 2579 3992 15.
2629 3935 2700 3990 Os
2731 3951 2897 3989 meum
2931 3934 3283 4006 pronuntiavit
3319 3931 3582 4003 justitiam
3627 3940 3772 3982 tuam
3800 3974 3814 3994 ,

2230 4041 2334 4084 tota
2365 4030 2446 4082 die
2476 4029 2703 4082 salutare
2733 4037 2873 4080 tuum
2913 4043 2930 4081 :
2972 4026 3092 4094 quia
3131 4041 3234 4078 non
3272 4023 3482 4092 cognovi
3511 4023 3822 4091 negotiatio-

2229 4141 2334 4178 nes.
2381 4121 2596 4175 Juslitia
2628 4119 2798 4174 Patris
2843 4118 3091 4174 Salvator
3115 4125 3199 4171 est
3231 4115 3485 4169 Dominus
3512 4155 3525 4178 ,
3557 4129 3720 4183 quem
3760 4130 3820 4168 se

2230 4214 2677 4282 pronuntiaturum
2703 4210 2951 4281 gentibus
2976 4209 3276 4278 pollicetur.
3304 4208 3367 4261 Et
3389 4223 3455 4262 ne
3487 4206 3626 4260 forte
3654 4207 3822 4260 aliam

2228 4306 2474 4361 crederes
2513 4317 2636 4358 esse
2668 4303 2953 4372 iustitiam,
2982 4298 3187 4355 addidit
3225 4302 3450 4352 salutare
3479 4309 3646 4351 tuum.
3679 4297 3823 4363 Quid

2229 4401 2372 4455 enim
2416 4397 2559 4453 aliud
2589 4397 2912 4453 denuntiare
2954 4394 3124 4464 potuit
3155 4393 3346 4454 fidelis,
3382 4392 3480 4446 nisi
3515 4391 3658 4445 unde
3688 4389 3826 4444 ﬁdes

2229 4490 2532 4547 Christiana
2547 4488 2812 4546 surrexit?
2830 4487 2969 4542 unde
2985 4485 3237 4541 Ecclesia:
3259 4483 3312 4538 in
3337 4493 3446 4536 toto
3462 4481 3594 4536 orbe
3609 4481 3824 4536 fertile;

543 4593 637 4646 Ille
665 4590 807 4645 enim
844 4604 943 4644 nec
977 4595 1122 4640 motu
1154 4582 1527 4654 progreditur.
1565 4595 1663 4636 nec
1691 4577 1757 4634 de
1790 4579 1911 4633 loco
1943 4577 2012 4632 ad
2043 4577 2124 4631 ιο·
2161 4589 2204 4648 ι)
2237 4582 2593 4654 pullularunt?
2625 4581 2766 4636 unde
2793 4582 2940 4634 salus
2971 4575 3152 4632 mundi
3182 4577 3416 4646 gloriosa
3448 4573 3826 4627 incarnatione

543 4699 662 4738 cum
707 4676 1190 4755 transferturrsed
1245 4676 1427 4730 omnia
1477 4670 1820 4727 ineffabiliter
1867 4669 2122 4740 replens,

545 4773 793 4829 universa
825 4770 1115 4826 voluntatis
1144 4784 1255 4824 sure
1287 4765 1573 4822 virtutibus
1594 4764 1956 4818 administrat.
1989 4761 2130 4816 Petit

544 4883 672 4938 ergo
696 4882 761 4922 ne
790 4866 959 4937 gratia
991 4863 1109 4933 ejus
1137 4863 1211 4916 ab
1239 4862 1356 4931 ipso
1385 4858 1631 4914 discedat
1652 4899 1664 4918 .
1695 4865 1751 4912 et
1790 4853 2128 4926 gravioribus

547 4956 847 5025 iniquorum
878 4961 1174 5022 exponatur
1203 4950 1435 5007 insidiis.
1471 4947 1712 5014 Addidit,
1747 4947 1886 5001 Deus
1909 4987 1926 5013 ,
1956 4947 2008 4999 in
2032 4947 2129 5001 ad.

544 5048 794 5115 iutarinm
817 5063 986 5100 meum
1005 5044 1219 5112 respice.
1249 5043 1383 5110 Quia
1414 5058 1474 5096 se
1507 5049 1729 5096 noverat
1759 5038 2128 5108 afﬂigendum,

547 5153 665 5198 erat
704 5150 760 5197 ut
797 5155 892 5212 per
941 5138 1270 5208 adjutorium
1316 5134 1531 5189 Domini
1573 5134 1622 5190 ei
1672 5133 1829 5201 digna
1874 5130 2131 5200 patientia

549 5240 835 5294 tribuatur.
858 5237 988 5290 Nam
1021 5249 1176 5305 quem
1217 5232 1310 5287 ille
1337 5229 1584 5299 adjuvat,
1623 5227 1892 5282 malorum
1929 5224 2134 5280 contri-

550 5336 698 5390 tione
747 5345 850 5384 non
907 5327 1123 5392 deﬁcit;
1180 5325 1277 5379 sed
1337 5330 1462 5376 tunc
1514 5333 1611 5390 spe
1641 5318 1817 5387 potius
1869 5317 2131 5386 erigitur,

552 5423 762 5493 quando
795 5418 1191 5474 tribulationum
1224 5413 1365 5467 fasce
1390 5417 1777 5482 praegravatur.

629 5514 779 5565 Vt-rs.
836 5509 922 5564 15.
983 5505 1378 5577 Confundantur
1408 5511 1474 5578 fet
1527 5500 1768 5569 deﬁciant
1816 5498 2132 5553 detrahentes

552 5605 738 5656 anima:
763 5616 918 5665 mete;
951 5601 1246 5669 aperiantur
1275 5595 1569 5667 confusione
1590 5601 1636 5649 et
1668 5594 1860 5664 pudore
1889 5593 1977 5663 qui
1997 5607 2136 5661 qua:-

555 5702 674 5744 runt
696 5689 834 5744 mala
858 5689 1005 5745 mihi.
1026 5689 1185 5746 Venit
1206 5687 1271 5742 ad
1303 5685 1694 5756 increpationes
1723 5683 2131 5748 saluberrimas,

559 5781 747 5851 quales
765 5779 1030 5837 catholica
1056 5779 1231 5838 lacere
1249 5779 1526 5837 consuevit
1543 5776 1800 5833 Ecclesia.
1828 5774 1984 5846 237
2013 5770 2138 5828 Con-

2237 4673 2512 4743 proveait‘!
2544 4671 2670 4726 Tota
2699 4684 2826 4726 vero
2855 4670 2938 4725 die
2966 4670 3127 4733 (sicut
3152 4682 3298 4736 saepe
3330 4665 3532 4720 dictum
3556 4662 3664 4732 est)
3691 4677 3826 4717 con-

2237 4766 2442 4819 tirnmm
2471 4773 2680 4832 tempus
2721 4760 2973 4816 ostendit.
3009 4758 3263 4828 Sequitur
3282 4798 3296 4823 ,
3326 4756 3450 4825 quia
3479 4770 3580 4807 non
3609 4754 3826 4823 cognori

2238 4855 2621 4926 negotiationes.
2654 4853 2782 4907 Pars
2812 4853 2911 4906 ista
2945 4865 3132 4906 versus
3151 4890 3167 4915 ,
3195 4849 3295 4902 nisi
3329 4848 3464 4900 bene
3494 4844 3825 4913 requiratur,

2239 4947 2476 5014 recipere
2509 4945 2848 5014 cognoscitur
2880 4942 3255 5014 qumStionem.
3287 4937 3417 4992 Nam
3445 4940 3488 4989 si
3517 4937 3696 4989 omnis
3727 4951 3822 4989 ne-

2235 5038 2468 5107 gotiator
2489 5037 2714 5091 omnino
2727 5033 3063 5090 damnandus
3089 5041 3191 5099 est,
3218 5045 3317 5084 nec
3345 5029 3421 5083 illi
3444 5028 3579 5081 hanc
3606 5040 3823 5095 pinnam

2238 5127 2549 5196 refugiunt,
2593 5127 2684 5198 qui
2733 5138 2881 5182 artes
2926 5125 3154 5194 reliquas
3204 5135 3458 5176 exercere
3505 5132 3822 5173 noscuntur.

2237 5219 2373 5286 Quid
2403 5229 2485 5274 cst
2506 5219 2650 5274 enim
2680 5217 2822 5273 aliud
2853 5217 3151 5288 negotiatio,
3187 5215 3288 5268 nisi
3329 5227 3449 5282 quae
3481 5219 3711 5282 possunt
3740 5210 3821 5261 vi-

2238 5313 2338 5368 lius
2366 5321 2614 5367 constare
2639 5308 2772 5382 [ed.,
2799 5307 3139 5379 comparari],
3164 5307 3341 5360 carius
3369 5303 3506 5358 velle
3534 5303 3810 5355 distrahe-

2241 5405 2336 5460 re?
2367 5403 2574 5459 Deinde
2601 5403 2654 5458 in
2688 5403 2822 5457 vitas
2864 5401 3083 5456 Patrum
3125 5397 3481 5466 Paphnutium
3514 5393 3662 5446 illum
3701 5403 3823 5444 Lan-

2236 5495 2534 5549 etissimum
2566 5495 2741 5549 virum
2789 5508 2884 5563 per
2927 5491 3311 5546 revelationern
3341 5484 3660 5555 negotiatori
3694 5484 3824 5552 legi-

2239 5602 2356 5642 mus
2379 5595 2744 5658 comparatum
2766 5626 2781 5652 ,
2813 5594 2868 5640 et
2899 5585 3199 5638 invenimus
3223 5582 3489 5649 hodieque
3507 5578 3560 5631 in
3585 5575 3822 5631 Ecclesia

2242 5678 2336 5734 Dei
2371 5687 2666 5735 tractantes
2696 5677 2912 5749 quidem
2957 5674 3326 5737 mercimonia,
3356 5671 3448 5726 sed
3477 5683 3688 5724 summa
3724 5669 3822 5722 ﬁde

2243 5769 2532 5837 Pollentes.
2583 5771 2750 5830 Actus
2795 5769 2938 5826 enim
2987 5766 3292 5840 pessimus,
3344 5778 3442 5818 non
3474 5776 3561 5816 res
3601 5760 3822 5815 honesta
