3956 6178
166 286 248 342 501
1087 285 1171 342 EX
1182 287 1444 343 POSITIO
1483 287 1546 341 IN
1590 287 1736 344 PSAI

1848 287 2054 342 LRIUM.
2097 288 2289 343 PSAL.
2332 287 2486 345 LXX.

3330 288 3433 342 5‘32

163 401 478 462 danmatur;
512 401 648 455 sicut
676 411 723 455 et
759 401 978 456 divitem
1030 403 1254 472 legimus
1291 419 1396 459 non
1431 405 1654 459 introire
1693 404 1744 457 in
1775 408 1813 465 Α
1851 411 2213 470 aetatem-quae
2245 417 2386 456 nunc
2411 404 2585 471 agitur
2616 407 2851 472 proxima
2891 404 3020 470 ﬁni,
3047 403 3262 474 quando
3307 419 3434 474 pro-

163 509 380 559 regnnm
409 493 693 559 cmlorum,
729 508 850 546 cum
885 504 1060 547 tamen
1097 493 1219 561 Job,
1253 495 1547 559 Abraham,
1580 496 1744 560 Isaac,

162 585 342 646 Jacoh,
370 583 687 652 patriarcha:
714 584 1050 638 facultatibus
1072 599 1288 654 quoque
1311 585 1508 638 [ut-rint
1526 585 1748 640 alﬁucn-

163 687 256 728 tes.
289 675 665 741 Negotiatores
697 691 829 744 ergo
873 676 944 729 illi
975 676 1362 732 abominabiles
1383 677 1739 742 :nstimantur,

157 769 240 833 qui
297 767 564 834 jusﬁtiam
616 768 826 820 Domini
883 769 1102 823 minime
1151 770 1600 834 considerantes,
1650 785 1742 838 per

157 859 568 913 iinmoderatmn
602 861 840 927 pecuniae
869 861 1126 914 ambitum
1162 862 1495 929 polluuntur,
1535 875 1744 914 merces

155 967 277 1005 suas
307 953 428 1019 plus
461 952 712 1020 perjuriis
740 952 1014 1005 «inerandn
1040 967 1195 1017 quam
1230 953 1434 1021 pretiis.
1461 953 1616 1006 Tales
1642 952 1748 1006 Do-

155 1043 330 1094 minus
351 1041 506 1110 ejecit
541 1043 608 1095 de
635 1043 832 1111 templo
862 1044 1048 1098 dicens
1083 1061 1094 1095 :
1131 1043 1309 1097 Nolite
1338 1045 1506 1114 facere
1527 1045 1741 1096 domum

159 1134 332 1187 Patris
355 1138 454 1187 mei
484 1136 693 1188 deorum
727 1136 1083 1206 negotiationis
1105 1179 1120 1203 ,
1153 1137 1452 1204 speluncam
1483 1137 1743 1190 latronum

155 1227 334 1293 (λειω.
367 1241 428 1289 ll,
459 1228 570 1293 ιϐ).
593 1229 734 1297 Ergo
763 1243 954 1283 sensus
980 1228 1080 1284 iste
1111 1230 1288 1284 taliter
1308 1228 1531 1298 complet
1554 1229 1744 1283 tendus

153 1329 264 1379 est,
312 1328 367 1369 ut
420 1329 671 1384 putamus
715 1335 728 1368 :
765 1319 836 1372 Us
890 1335 1060 1372 meum
1108 1320 1454 1388 pronuntiauit
1484 1319 1744 1390 justitiam

154 1421 291 1461 tum
313 1449 328 1471 ,
371 1410 493 1475 quia
526 1426 627 1461 non
669 1410 883 1478 cognovi
931 1410 1306 1480 negotiationes
1335 1450 1350 1475 ,
1384 1409 1500 1463 illas
1541 1409 1744 1464 scilicet

153 1521 270 1573 quae
303 1506 465 1557 ntalis
497 1503 707 1558 actibus
736 1505 1101 1572 inquinentur.

227 1596 378 1647 ιω.
413 1595 504 1648 ίϋ.
537 1592 775 1647 Introibo
814 1595 866 1648 in
897 1595 1173 1658 potentiam
1221 1593 1471 1659 Domini;
1502 1594 1738 1657 Domine,

152 1686 816 1756 aii-moraburjustititetua:
833 1687 1013 1739 solius.
1035 1686 1324 1740 Potentiam
1343 1685 1584 1740 homines
1607 1686 1742 1740 aesti-

1855 495 1961 548 ﬁcit
2007 494 2171 559 ﬁdes,
2203 503 2258 547 et.
2303 509 2395 562 per
2439 495 2714 548 universas
2769 496 3034 551 Ecclesias
3077 496 3171 550 Dei
3201 499 3429 566 populus

1851 595 2101 656 augetur,
2132 601 2250 638 cum
2300 587 2483 639 mtmdi
2529 587 2678 640 istius
2708 600 2948 656 tempora
2994 589 3211 658 fugitiva
3236 590 3428 642 decre-

1852 689 2022 729 scunt.
2058 676 2274 728 Seuium
2304 685 2480 730 autem
2527 687 2736 743 tempus
2767 680 2892 732 illud
2923 679 3204 733 occiduum
3237 681 3427 733 intelli-

1851 769 2081 838 gendum
2100 779 2246 837 puto,
2263 768 2476 836 quando
2498 779 2548 822 et
2572 784 2748 823 saevus
2769 771 2855 825 ille
2879 781 3133 840 tyrannus
3153 772 3424 839 adveniet,

1852 867 1905 912 et
1927 859 2076 913 turba
2101 871 2390 929 martyrum
2424 860 2560 913 hanc
2593 861 2756 914 vitam
2781 870 2962 929 optato
2985 861 3088 914 ﬁne
3119 864 3421 916 concludet.

1849 949 2119 1020 Sequitur,
2143 952 2303 1004 donec
2347 953 2644 1005 annuntians
2677 952 2941 1005 brachium
2969 955 3136 1023 238
3162 963 3304 1007 tuum
3337 971 3426 1025 ge-

1849 1045 2122 1100 nerationi.
2177 1045 2348 1097 Homo
2396 1045 2485 1098 ille
2537 1044 2711 1098 ﬁdelis
2761 1045 2903 1111 loqui
2933 1062 2993 1097 nr
3046 1045 3422 1106 inlroductns.

1849 1146 2036 1205 petens
2079 1152 2106 1189 a
2158 1137 2383 1191 Domino
2413 1148 2470 1190 ut
2502 1154 2657 1206 usque
2683 1138 2751 1191 ad
2777 1149 3026 1190 senectam
3057 1148 3103 1191 et
3133 1139 3330 1192 senium
3373 1141 3422 1192 in

1847 1228 2102 1283 Ecclesia:
2128 1230 2543 1297 congregatione
2571 1237 2882 1298 permaneat
2906 1269 2919 1290 ,
2967 1229 3136 1282 donec
3163 1229 3423 1282 brachium

1847 1322 2052 1385 Patris,
2087 1321 2136 1375 id
2168 1329 2252 1375 est
2302 1321 2584 1374 Dominum
2619 1319 2958 1375 Salvatorem
2992 1321 3299 1374 succedenti
3329 1338 3422 1390 ge-

1847 1413 2108 1469 nerationi
2143 1413 2412 1466 hominmn
2441 1412 2632 1467 debeat
2664 1412 2985 1481 praedicare,
3015 1412 3152 1467 sicut
3181 1415 3372 1482 legitur
3406 1433 3420 1468 :

1847 1505 1913 1557 Et
1936 1506 2198 1558 brachium
2233 1504 2440 1557 Domini
2469 1505 2550 1556 cui
2583 1505 2859 1556 revolutans
2888 1515 2960 1557 est
2992 1502 3146 1572 (lsai.
3183 1519 3296 1567 Lm,
3331 1504 3422 1572 ι)ι

1847 1605 1905 1650 ιιι
1956 1597 2143 1666 religio
2173 1596 2478 1650 Cluistiana
2507 1594 2670 1648 totius
2702 1595 2882 1648 mundi
2911 1595 3200 1651 devotione
3239 1595 3422 1650 dilate-

1847 1700 1967 1752 tur,
2000 1689 2236 1742 maxime
2265 1704 2383 1742 cum
2431 1688 2482 1740 in
2514 1686 2616 1741 ﬁne
2661 1687 2838 1742 saeculi
2868 1699 3174 1742 sanctorum
3223 1689 3422 1758 praede-

153 1787 296 1830 mant
315 1777 818 1847 pernegotia'ioncs
833 1777 1133 1847 acquirere,
1148 1789 1197 1832 et
1217 1779 1269 1830 in
1293 1776 1393 1830 hoc
1408 1776 1608 1830 mundo
1624 1776 1737 1831 ﬁeri
1774 1781 1820 1840 B
1846 1779 2074 1833 stinatus
2111 1793 2366 1832 numerus
2390 1779 2736 1846 compleatur.

152 1870 558 1934 prmninetttes.
599 1869 700 1923 lste
728 1871 933 1933 beatus,
961 1869 1202 1938 neglecto
1226 1869 1316 1922 tali
1345 1869 1635 1937 proposito,
1661 1869 1741 1922 in-

147 1961 305 2012 troire
327 1959 536 2012 sedicit
557 1959 609 2011 in
628 1969 799 2025 potent
822 1976 905 2010 am
932 1958 1158 2023 Domini,
1185 1958 1234 2012 id
1259 1967 1340 2012 est
1361 1958 1427 2012 ad
1452 1968 1614 2024 regna
1630 1973 1743 2012 cte—

149 2049 325 2112 li-stia,
345 2048 435 2100 ubi
463 2063 650 2101 revera
673 2049 978 2115 pervenisse
992 2057 1137 2103 certa
1156 2049 1380 2102 felicitas
1393 2057 1495 2102 est.
1514 2046 1742 2102 Introibo

147 2148 324 2191 autem
353 2139 517 2205 dixit,
538 2150 596 2192 ut
621 2139 927 2193 ostenderet
947 2139 1244 2194 Jerusalem
1269 2153 1555 2209 supernam
1591 2140 1738 2193 clau-

146 2245 259 2281 sun
292 2230 541 2298 perﬁdis,
567 2242 804 2301 apertam
834 2245 954 2286 esse
1006 2231 1271 2286 ﬁdelibus.
1304 2232 1370 2285 Et
1404 2232 1528 2302 quid
1559 2233 1629 2286 ib:
1665 2232 1738 2285 fa-

147 2331 327 2374 cturus
355 2325 427 2374 sit
455 2323 854 2390 subscqueuter
877 2332 1090 2376 enarrat
1117 2339 1131 2376 :
1159 2324 1392 2387 Domine,
1427 2325 1740 2377 memorahor

148 2413 357 2480 iustitia
399 2422 508 2464 tum
534 2414 615 2464 sol
640 2429 728 2476 us;
768 2413 860 2465 illo
895 2414 1097 2467 scilicet
1144 2424 1383 2482 tempore
1410 2429 1530 2467 cum
1576 2429 1740 2480 agnos

148 2511 456 2570 sequestrat
507 2502 578 2556 ab
628 2502 793 2556 laedis
821 2545 834 2567 ,
881 2519 1001 2557 cum
1046 2515 1186 2556 totos
1232 2503 1466 2571 gentium
1514 2504 1738 2572 populos

146 2607 526 2649 momentanea
573 2596 824 2665 a-qnitate
864 2598 1150 2658 discernit,
1197 2614 1314 2650 cum
1343 2598 1537 2666 impius
1569 2599 1618 2650 ιιι
1649 2612 1736 2668 ge-

144 2685 403 2748 hennam,
428 2687 621 2740 ﬁdeles
651 2687 807 2741 mittit
836 2688 887 2740 in
913 2690 1146 2757 requiem
1171 2690 1573 2756 sempiternam.
1592 2689 1740 2744 Tunc

145 2783 281 2832 enim
315 2795 450 2834 vere
481 2794 688 2834 meumr
719 2780 820 2833 crit
864 2780 1088 2850 jnstitia:
1115 2781 1280 2834 solius
1328 2780 1572 2847 Domini,
1606 2795 1738 2849 quo-

143 2874 280 2924 niam
307 2888 434 2925 eam
463 2881 519 2924 et
549 2872 869 2935 mirabilem,
889 2881 942 2924 ct
963 2872 1284 2942 singularem
1303 2886 1422 2927 esse
1443 2873 1736 2940 cognoscit.

213 2966 368 3018 ιω.
402 2965 498 3017 17.
543 2963 714 3023 Deus,
742 2964 959 3017 docuisti
1008 2980 1087 3016 me
1125 2981 1155 3015 a
1184 2969 1451 3036 juventute
1495 2979 1645 3028 mea;
1691 2973 1738 3016 et

141 3078 297 3130 usque
327 3077 476 3111 man
501 3059 843 3127 pronuntiabo
865 3060 1118 3110 mirabilia
1137 3070 1243 3110 tua.
1259 3056 1584 3110 Iuventatem
1601 3055 1738 3110 dixi-

1927 1866 2075 1921 Vers.
2121 1868 2204 1921 19.
2251 1867 2402 1920 Omni
2438 1883 2552 1936 qua:
2579 1875 2792 1919 veritum
2820 1877 2892 1923 cst
2923 1884 2940 1921 :
2971 1869 3252 1938 potentiam
3284 1880 3419 1920 luant

1849 1969 1892 2012 ct
1923 1961 2172 2023 iustitiam
2203 1970 2362 2023 luant,
2390 1959 2545 2023 Deus,
2580 1976 2736 2030 usque
2766 1961 2816 2013 in
2839 1960 3108 2013 altissima.
3137 1960 3290 2014 Omni
3310 1978 3417 2030 qua:

1849 2061 2053 2103 ventura
2076 2060 2168 2116 est,
2198 2051 2261 2104 ad
2288 2049 2582 2119 superioris
2604 2067 2788 2106 vet‘SttS
2816 2061 3056 2106 extrema
3085 2052 3415 2121 jungendum

1845 2155 1926 2197 est
1951 2187 1963 2206 ,
2008 2144 2056 2196 id
2099 2155 2181 2197 est
2220 2144 2554 2214 generationi.
2596 2145 2660 2197 Et
2691 2161 2757 2198 ne
2789 2145 3012 2198 forsitan
3066 2131 3278 2214 putares
3314 2148 3416 2202 iliis

1850 2248 2048 2290 tantum
2072 2236 2490 2290 denuntiandmn
2518 2237 2680 2292 fuisse
2710 2237 2973 2290 brachium
3000 2238 3232 2303 Domini,
3265 2240 3418 2294 idest

1849 2331 2129 2383 Dominum
2154 2329 2443 2394 Christum,
2465 2328 2553 2398 qui
2575 2329 2762 2383 eodem
2784 2338 3022 2396 tempore
3043 2329 3271 2388 fuerunt.
3299 2346 3418 2386 cum

1848 2421 1936 2474 ille
1961 2435 2055 2487 ιιι-ο
2079 2419 2229 2474 nobis
2251 2419 2512 2474 incarnari
2539 2417 2782 2488 dignatas
2803 2420 3143 2485 est,addidit,
3167 2437 3282 2490 quae
3306 2437 3417 2474 ven-

1846 2520 1958 2561 tura
1983 2519 2083 2572 est,
2114 2517 2168 2562 ut
2201 2510 2338 2562 hanc
2370 2508 2802 2577 [.irtedicationcm
2839 2524 3004 2578 nSquc
3034 2510 3096 2564 ad
3131 2512 3288 2564 linem
3320 2527 3416 2566 su:—

1844 2600 1946 2652 culi
1975 2613 2324 2665 cognosceres
2353 2613 2471 2652 esse
2499 2598 2814 2652 faciendam.
2841 2599 3111 2668 Sequitur,
3143 2602 3416 2669 potentiam

1843 2697 1983 2741 tuam
2021 2691 2353 2758 ctjustitiam
2385 2698 2564 2753 tuam,
2602 2687 2766 2752 Deus;
2817 2690 2900 2743 hic
2947 2704 3157 2759 quoque
3189 2691 3416 2745 reddeuo

1842 2776 1966 2831 dum
1998 2785 2100 2842 est,
2133 2777 2292 2830 donec
2321 2778 2637 2829 annuntians.
2665 2777 2796 2831 Nam
2837 2780 3066 2846 potentia
3093 2779 3158 2833 ad
3185 2779 3412 2847 gratiam

1843 2868 2221 2922 inc.irnationis
2250 2868 2502 2935 respicit,
2545 2883 2638 2936 per
2677 2884 2834 2936 quam
2884 2869 3152 2923 hominem
3188 2873 3416 2927 liberare

1843 2958 2088 3026 dignatus
2115 2966 2224 3021 est;
2261 2957 2467 3025 justitia
2498 2955 2560 3008 ad
2587 2955 2869 3025 judicium,
2899 2957 2950 3010 itt
2979 2972 3084 3023 quo
3106 2958 3274 3013 Adam
3305 2963 3414 3015 iuo'

1844 3049 2076 3103 bedienti
2108 3055 2330 3100 mortem
2358 3045 2646 3101 adduxisse
2675 3048 3034 3115 cogito-citur.
3069 3049 3173 3102 Nec
3208 3062 3414 3106 min-eat

140 3168 256 3205 unus
285 3152 501 3206 debere
523 3151 694 3218 accipi
727 3167 789 3204 es
819 3166 924 3220 quo
951 3165 1051 3214 cm,-
1075 3151 1178 3203 erit
1216 3151 1374 3202 homo
1405 3149 1469 3200 ad
1502 3149 1735 3200 divinant
1769 3153 1812 3214 ί]
1844 3141 1980 3212 quod
2012 3141 2198 3194 ordine
2241 3150 2623 3209 prmposlcrato
2663 3140 2801 3193 diota
2833 3151 2993 3207 sunt,
3030 3157 3148 3195 cum
3181 3143 3280 3195 hoc
3313 3144 3414 3197 l‘re-

138 3253 372 3306 gratam
401 3242 710 3307 pervenire,
742 3243 864 3309 quia
897 3249 1022 3294 tunc
1072 3243 1262 3294 animm
1299 3239 1498 3293 viribus
1530 3241 1732 3303 illatus,

138 3344 263 3387 tunc
314 3335 514 3400 incipit
539 3347 660 3386 esse
700 3335 968 3387 robustus.
1017 3329 1248 3384 Docuisti
1279 3342 1480 3395 autem,
1520 3331 1631 3384 sive
1669 3332 1733 3383 ad

141 3426 308 3478 libi-os
327 3427 576 3494 pertinet
596 3424 823 3487 divinos,
848 3424 960 3478 sive
983 3425 1049 3478 ad
1070 3424 1296 3477 inlusam
1315 3423 1530 3477 caelitus
1555 3422 1733 3476 ﬁdem.

141 3521 200 3572 Et
230 3535 301 3572 ne
338 3528 553 3570 tantum
590 3518 726 3570 hanc
755 3517 1037 3570 scientiam
1076 3517 1127 3569 in
1156 3517 1459 3586 primordiis
1484 3517 1736 3570 crederes
1757 3568 1770 3578 ,

136 3611 496 3677 aiajuisitam,
524 3608 686 3672 dicit,
718 3608 858 3677 quod
905 3608 1074 3660 beatis
1108 3624 1155 3659 ιιι
1181 3609 1374 3661 milms
1417 3609 1554 3662 Solet
1597 3609 1736 3661 acci-

133 3708 298 3768 dere;
333 3713 385 3756 et
416 3719 577 3772 usque
616 3717 780 3768 nunc,
819 3709 877 3752 ut
925 3717 1019 3770 per
1065 3703 1234 3767 spatia
1278 3711 1574 3770 temporum
1617 3701 1736 3770 ejus

133 3796 393 3848 doctrina
444 3793 684 3847 crevisse
715 3793 1005 3847 videretur.
1062 3792 1350 3859 Sequitur,
1393 3794 1734 3862 pronuntiabo

130 3887 402 3937 mirabilia
430 3898 540 3936 tua.
583 3883 772 3952 Utique
797 3885 1051 3936 mirabilia
1096 3885 1328 3947 iueumt,
1359 3894 1414 3937 ut
1452 3885 1737 3938 doceretur

133 3978 422 4038 inductus,
457 3984 515 4027 ut
541 3990 606 4028 es
651 3973 852 4042 perlido
879 3975 1032 4027 ﬁeret
1073 3973 1330 4039 deVntns,
1363 3984 1418 4026 ut
1443 3988 1510 4027 ex
1544 3988 1734 4041 pecca-

125 4083 255 4124 tore
283 4070 644 4139 jusiissitttus.
700 4069 822 4121 ΙΙωο
869 4083 996 4137 ergo
1041 4083 1100 4121 se
1147 4067 1560 4136 praedicatorum
1614 4081 1735 4122 esse

127 4161 487 4226 pronuntiat,
516 4174 634 4228 quae
666 4159 719 4211 in
744 4160 860 4226 ipso
889 4158 1087 4212 fecerat
1113 4159 1289 4211 divina
1317 4159 1624 4215 clementia.

207 4255 377 4306 τρεῖς.
413 4253 502 4306 18.
539 4251 604 4304 Et
658 4268 816 4319 usque
843 4252 895 4302 in
926 4259 1179 4303 senectam
1217 4261 1266 4304 et
1305 4253 1520 4315 senium,
1559 4250 1691 4302 Deus
1717 4293 1730 4315 ,

117 4364 185 4398 ne
216 4347 564 4412 derelinquas
607 4360 685 4396 me
712 4359 730 4396 :
757 4344 918 4395 donec
965 4343 1270 4395 annnmicm
1302 4342 1561 4394 brachium
1591 4353 1735 4394 tuum

1840 3248 2064 3306 quenter
2089 3237 2141 3289 in
2170 3236 2462 3304 Scripturis
2489 3237 2689 3291 sanctis
2719 3237 2978 3292 invenias.
3007 3238 3174 3302 Usque
3195 3239 3244 3292 in
3270 3242 3416 3294 altis.

1837 3328 1969 3381 sima
1997 3343 2125 3381 vero
2171 3327 2297 3380 illud
2338 3327 2598 3392 declarat,
2655 3328 2778 3395 quia
2810 3337 3092 3398 utrumque
3134 3332 3413 3395 mirabile,

1839 3429 2120 3487 utrumque
2166 3419 2456 3491 gloriosum
2489 3428 2608 3483 est,
2653 3427 2956 3487 reparatum
3002 3421 3272 3476 hominem
3322 3439 3414 3491 per

1837 3514 2085 3582 gratiam,
2118 3513 2206 3581 qni
2239 3512 2385 3581 prius
2419 3511 2588 3565 fuerat
2629 3527 2722 3580 per
2747 3511 3006 3581 justitiam
3033 3512 3153 3582 jure
3194 3515 3414 3568 damna-

1839 3614 1940 3659 tus.
1978 3603 2283 3656 Tendamtts
2308 3603 2467 3655 etiam
2497 3599 2825 3656 intellectum
2853 3619 3010 3668 usque
3037 3605 3088 3656 in
3115 3603 3368 3656 altissima
3396 3645 3410 3668 ,

1837 3697 1957 3763 quia
1991 3695 2126 3747 Deus
2158 3695 2315 3746 homo
2348 3693 2500 3748 sedet
2529 3693 2593 3746 ad
2635 3693 2906 3748 dexteram
2939 3695 3110 3749 Patris
3138 3737 3152 3760 ,
3186 3712 3414 3765 regnans

1837 3804 1958 3842 cum
2002 3801 2066 3841 eo
2097 3797 2149 3839 ct
2179 3787 2379 3855 Spiritu
2411 3795 2595 3841 sancto
2628 3802 2722 3856 per
2753 3787 2958 3841 inﬁnita
3008 3791 3202 3842 saecula
3245 3806 3411 3843 sarcu—

1837 3878 2032 3931 lorum.

1914 3971 2062 4025 Vers.
2090 3972 2178 4024 ΞΟ.
2212 3972 2337 4036 Qum
2366 3971 2526 4040 fecisti
2568 3968 2861 4038 magnalia!
2896 3967 3049 4033 Deus,
3092 3971 3204 4037 quis
3231 3971 3419 4024 similis-

1838 4067 1963 4120 tibi?
2008 4065 2296 4133 Postquam
2335 4062 2559 4132 gratiam
2613 4060 2884 4116 Creatoris
2917 4072 2970 4116 et
3003 4061 3265 4130 justitiam
3297 4064 3412 4130 ejus

1838 4174 2005 4227 usque
2032 4159 2082 4210 in
2116 4155 2373 4210 altissima
2420 4153 2553 4207 dixit
2596 4168 2718 4208 esse
2760 4169 3096 4222 progressam
3119 4195 3132 4215 ,
3164 4157 3309 4210 venit
3344 4157 3409 4210 ad

1840 4251 2046 4303 tertiam
2101 4256 2302 4316 partem
2336 4287 2350 4313 ,
2405 4243 2491 4298 ubi
2553 4244 2798 4315 hymnica
2846 4245 3204 4300 exsultatione
3263 4262 3406 4301 con-

1838 4357 1898 4394 ce
1921 4340 2072 4394 ebrat
2113 4347 2364 4407 quantum
2403 4336 2667 4406 justitiam
2703 4337 3048 4403 peccantibus
3079 4339 3410 4403 ostenderit,

115 4438 486 4505 generenam.
521 4437 673 4503 Apud
714 4433 932 4488 Graecos
973 4435 1078 4487 duo
1118 4435 1331 4487 noinina
1375 4435 1473 4486 ista
1522 4435 1730 4487 diversa
1838 4441 1890 4485 et
1919 4430 2192 4484 conversis
2236 4430 2426 4481 iterum
2473 4427 2814 4482 clementiam
2856 4443 2966 4480 sua:
2997 4430 3208 4496 pietatis
3238 4431 3401 4486 indul-

111 4540 294 4594 suns;
336 4536 596 4580 structam
638 4527 948 4592 gravitatem
997 4534 1226 4592 vocant,
1273 4527 1472 4578 senium
1519 4534 1728 4579 :etxtcm
1763 4519 1810 4577 D
1837 4523 1986 4578 serit.
2032 4523 2198 4577 Adam
2230 4522 2428 4590 quippe
2462 4520 2860 4575 inobedientem
2903 4523 3152 4589 protinus
3179 4525 3409 4592 paradisi

113 4623 451 4672 Luitiniani.
502 4616 606 4670 Sed
635 4616 758 4685 quia
805 4615 1063 4668 Latinitas
1112 4614 1225 4668 lucc
1264 4615 1368 4667 duo
1401 4613 1728 4666 dissonantia
1838 4615 2108 4683 voluptate
2157 4613 2411 4681 privavit;
2469 4611 2732 4664 latronem
2778 4612 3126 4668 conﬁtentem
3177 4615 3244 4668 ad
3293 4616 3416 4685 ejus

107 4709 226 4760 s.bi
284 4724 402 4759 non
450 4705 658 4769 habuit,
719 4703 802 4757 hic
833 4712 1017 4756 tutatus
1047 4703 1166 4756 duae
1191 4743 1206 4766 ,
1241 4703 1392 4770 quasi
1442 4703 1603 4756 simili
1637 4719 1732 4756 uo-
1835 4721 2042 4760 ammna
2075 4705 2329 4759 Velocilcr
2360 4704 2667 4758 intromisit.
2698 4704 2822 4756 Haec
2850 4714 2971 4757 sunt
3005 4707 3265 4770 magnalia
3288 4723 3410 4775 qua:

107 4803 280 4853 nunc
313 4809 723 4864 nuncupantur,
750 4794 798 4848 id
829 4805 932 4860 est,
965 4807 1162 4849 senecta
1191 4805 1238 4846 ct
1275 4796 1492 4847 senium.
1527 4795 1731 4848 Sensus
1837 4798 2116 4851 Dominum
2144 4794 2332 4848 fecisse
2351 4801 2604 4857 testatur;
2634 4793 2882 4862 quoniam
2907 4801 2961 4847 ct
2983 4794 3046 4848 ad
3064 4792 3412 4862 jndicandum

101 4909 257 4960 ergo
292 4891 421 4944 talis
451 4898 561 4953 est,
585 4897 644 4942 ut
667 4891 790 4958 quia
820 4903 878 4943 se
899 4887 1107 4942 dixerat
1138 4903 1168 4940 a
1198 4887 1478 4955 juvenzute
1507 4902 1602 4941 sna
1635 4887 1731 4940 do-
1834 4886 2179 4956 singulariter
2209 4884 2363 4938 fortis
2393 4883 2714 4950 ostenditur,
2752 4893 2807 4939 et
2835 4885 2899 4938 ad
2933 4885 3264 4940 liberandum
3287 4889 3412 4944 nul-

99 4997 306 5044 tum,
341 4991 406 5034 ut
454 4980 623 5032 solam
660 4979 867 5033 Domini
905 4977 1169 5047 justitiam
1216 4979 1550 5046 pra-dicaret,
1585 4993 1760 5032 nunc.
1838 4979 1918 5034 lus
1950 4980 1996 5032 ci
2029 4977 2223 5032 similis
2269 4978 2555 5031 invenitur.
2590 4978 2753 5042 Qum!
2782 4992 2902 5032 cum
2954 4979 3304 5036 admiratione
3335 4982 3412 5038 le-

97 5075 264 5142 pesis
307 5080 372 5124 ut
425 5086 600 5139 neque
639 5072 693 5125 in
733 5081 939 5124 matura
971 5111 987 5135 ,
1031 5087 1205 5140 neque
1254 5070 1305 5123 in
1358 5072 1512 5124 senili
1575 5080 1733 5124 aetate
1836 5072 2069 5143 gendum
2118 5080 2237 5139 est,
2291 5072 2414 5138 quia
2464 5071 2641 5124 nullus
2695 5072 3180 5138 comprehendere,
3234 5073 3412 5128 nullus

91 5167 428 5221 deseratur
456 5179 488 5215 a
519 5161 776 5225 Domino;
831 5172 1092 5230 quatenus
1124 5159 1241 5228 ejus
1284 5159 1594 5214 l'ortitudine
1639 5175 1732 5213 το·
1840 5165 2040 5220 sufﬁcit
2065 5163 2225 5233 digne
2261 5162 2496 5218 laudare.
2526 5161 2794 5233 MagnaIia
2819 5162 2960 5216 enim
2992 5177 3020 5215 a
3051 5164 3414 5233 magnitudine

92 5265 392 5322 tonsus,
416 5270 590 5321 usque
627 5254 694 5308 ad
727 5257 886 5308 titiam
928 5268 1082 5307 suum
1111 5254 1298 5308 laudes
1327 5252 1491 5321 pesoit
1527 5251 1736 5306 debitas
1838 5257 2183 5322 vocitantur,
2229 5271 2348 5325 quas
2391 5264 2662 5325 stuporem
2710 5254 2954 5309 humanis
3001 5256 3269 5311 mentibus
3317 5271 3414 5325 per

87 5356 440 5428 ειμὶωῐε.
484 5352 588 5406 Sed
617 5351 892 5404 videamus
914 5359 1097 5402 auates
1127 5347 1243 5400 ista:
1280 5349 1471 5415 quibus
1496 5355 1621 5400 sunt
1645 5362 1734 5399 as-
1843 5365 1994 5404 suam
2029 5349 2275 5402 videntur
2320 5350 2492 5401 facere
2520 5348 2900 5416 granditatem.
2930 5347 3111 5403 Intulit
3151 5363 3359 5418 quoque
3395 5367 3408 5402 :

89 5446 426 5523 signanda.-
461 5444 811 5514 temporibus.
841 5441 1096 5495 Iuventus
1123 5440 1217 5494 fuit
1251 5439 1521 5502 Ecclesiae,
1561 5453 1730 5506 quan-
1845 5443 1971 5508 Quis
2000 5441 2179 5495 similis
2209 5441 2342 5494 tibi?
2381 5442 2502 5508 quia
2534 5457 2598 5497 ex
2632 5441 2882 5508 operibus
2924 5441 3033 5496 suis
3075 5443 3413 5510 cognoscitur

85 5555 170 5598 ,ιο
231 5540 526 5596 Dominus
564 5535 848 5589 cruciﬁxus
891 5542 975 5588 est
1019 5532 1260 5587 Christus
1284 5571 1300 5596 ,
1346 5529 1558 5600 quando
1586 5544 1731 5582 mar-
1842 5533 2148 5602 singularis.
2179 5532 2482 5600 Mignitudo
2511 5533 2773 5602 siquidem
2805 5531 2969 5598 facti,
3006 5535 3298 5601 potentiam
3328 5545 3411 5589 ιε.

79 5649 314 5696 ιιι-τω
376 5631 533 5684 turba
585 5627 902 5688 dimicavit.
960 5635 1015 5680 ct
1072 5625 1423 5680 morientibus
1481 5623 1728 5678 ﬁdelibus
1839 5634 2010 5678 statur
2039 5624 2288 5677 auctoris.

79 5697 398 5788 [fx-etesiae
461 5721 628 5777 virtus
684 5720 949 5789 appar-ait.
1007 5718 1270 5773 Scncctam
1320 5733 1448 5772 vero
1500 5714 1727 5772 dicimus
1917 5717 2066 5773 Vera.
2095 5715 2184 5772 2|.
2217 5714 2445 5782 Quantas
2467 5715 2727 5771 ostendisti
2756 5713 2881 5770 mihi
2903 5710 3412 5774 tribttlationesmut-
