3956 6178
527 313 627 370 595

1744 301 1814 356 ill.
1853 299 2130 357 AUHELII
2169 296 2569 354 CASSIODORI

3685 279 3789 334 50$

529 441 606 484 tas
634 439 680 482 et
709 429 870 482 malas
885 428 906 480 .'
918 437 964 480 et
995 439 1262 479 conrerstts
1297 421 1556 490 viviﬁcasti
1589 435 1686 473 me.
1729 419 1960 484 Quantas
1983 415 2107 468 item
2137 410 2186 470 Δ
2215 425 2338 466 esse
2370 411 2621 476 raritatis,
2656 404 2815 478 quasi
2838 401 3131 473 spiritualfa
3179 399 3318 453 dolia
3363 399 3548 454 vinum
3579 391 3791 449 Domini

529 521 630 576 sub
663 518 1013 574 admiratione
1043 516 1326 584 legendum
1356 521 1457 576 est,
1489 511 1641 580 quasi
1691 503 2109 562 innumerabiles

533 613 828 680 passiones.
864 607 1084 664 Intende
1111 606 1272 660 etiam
1305 602 1445 674 quod
1470 602 1619 668 dicit,
1649 598 1914 654 ostendisti
1942 613 1960 650 :
1984 594 2109 664 quia

530 702 780 758 ﬁdelibus
801 699 868 754 ad
899 711 1133 768 prieseos
1163 698 1326 750 duras
1357 693 1707 748 tribulatioues
1738 687 1972 745 ostendit
1999 719 2026 748 ,-
2056 696 2110 740 et

531 793 772 862 quamvis
815 792 964 843 ntalw
994 788 1074 843 vel
1101 788 1277 841 multa:
1302 800 1424 840 esse
1459 783 1740 837 videamur
1765 821 1778 841 ,
1813 781 1865 833 in
1912 779 2108 831 bonum

533 896 710 937 tamen
742 883 1025 944 recidunt,
1069 881 1190 948 quia
1226 879 1481 946 prodesse
1527 873 1883 929 contendunt.
1918 869 2112 923 Multas

532 989 659 1043 ergo
700 974 1048 1042 quantita'em
1079 1014 1093 1035 ,
1134 968 1301 1023 malas
1351 969 1587 1022 iudicant
1617 965 1954 1034 qualitatem.
2006 961 2106 1016 Se-

533 1069 745 1136 quitur,
787 1075 831 1118 et
858 1079 1128 1118 conversus
1155 1061 1421 1128 vittiﬁcasti
1444 1075 1542 1110 me.
1576 1058 1632 1111 Si
1673 1067 1918 1110 naturam
1957 1052 2112 1106 Verbi

535 1156 871 1217 consideres,
898 1169 1114 1220 semper
1145 1151 1592 1215 inconvertibilis,
1619 1162 1832 1215 semper
1864 1143 2116 1213 probatur

536 1247 854 1311 immobilis;
887 1247 979 1299 sed
1027 1261 1299 1298 conversus
1327 1244 1458 1297 dicit
1499 1257 1594 1311 per
1627 1240 1973 1309 Iropologiam
1999 1278 2015 1304 ,
2064 1238 2113 1290 id

536 1350 619 1392 est
650 1337 890 1394 eonvet-ti
921 1353 1004 1390 mc
1039 1334 1210 1390 feciin
1244 1353 1255 1386 :
1297 1333 1419 1402 quia
1462 1332 1720 1386 distortus
1765 1329 1965 1384 fueram
2002 1328 2116 1398 lege

539 1431 764 1498 peccati.
802 1427 1058 1482 Fidelium
1091 1427 1288 1495 quippe
1319 1424 1588 1478 tribulatio
1635 1423 1780 1476 ducit
1809 1421 1874 1475 ad
1909 1419 2068 1472 vitam
2098 1463 2112 1484 ,

539 1521 676 1576 sicut
707 1521 761 1573 in
793 1518 1083 1587 Evangelio
1130 1516 1300 1570 dicit:
1334 1513 1478 1568 Beati
1518 1515 1605 1584 qui
1638 1514 1840 1583 lugent,
1875 1511 2117 1582 quoniam

541 1610 639 1678 ipsi
661 1608 838 1662 (ωιδοί
858 1607 1064 1660 .bttntur
1094 1605 1311 1675 (Matth.
1337 1621 1391 1669 v,
1423 1604 1499 1672 5).

618 1740 766 1794 γει-ε.
792 1738 880 1791 2:2.
915 1737 978 1790 Et
1005 1737 1068 1791 de
1099 1737 1293 1807 abyssis
1326 1753 1473 1790 terra:
1515 1738 1695 1790 iterum
1721 1737 1968 1788 reduxisti
2000 1752 2115 1800 me;

540 1830 890 1899 ntultiplicasti
904 1829 1158 1896 justitiam
1196 1840 1352 1892 tuam,
1387 1837 1433 1882 et
1459 1844 1727 1881 cartoersus
1752 1827 1864 1881 cxlt.
1884 1836 2046 1880 rtatus
2072 1844 2120 1880 es

542 1937 641 1973 me.
672 1921 891 1990 Abgssos
943 1917 1156 1990 quidem
1191 1922 1418 1989 legimus
1450 1919 1760 1972 altitudines
1803 1917 1969 1973 divini
1999 1933 2122 1971 scn-

543 2033 634 2069 sus
655 2059 668 2081 ,
703 2017 842 2069 sicut
889 2017 941 2069 in
988 2017 1096 2070 alio
1141 2017 1260 2071 loco
1291 2018 1566 2071 Psttlmista
1596 2017 1724 2071 dicit
1754 2035 1766 2070 :
1798 2017 2009 2070 Judicia
2041 2027 2127 2070 ttta

545 2110 758 2178 ulrysstts
788 2111 947 2161 multa
993 2108 1178 2179 (Petti.
1221 2125 1359 2161 xxxv
1383 2149 1395 2171 ,
1427 2109 1513 2170 7).
1544 2110 1647 2163 Sed
1679 2109 1764 2162 hic
1810 2110 1927 2163 ideo
1977 2121 2126 2163 trrrw

547 2199 786 2250 additum
835 2207 958 2262 est,
993 2206 1050 2251 ut
1080 2199 1370 2265 profundas
1423 2213 1700 2251 mensuras
1742 2209 1792 2252 et
1842 2201 2125 2266 voragines

546 2289 825 2344 debuisses
854 2289 1152 2357 intelligere
1179 2297 1535 2356 peccatorum,
1564 2291 1702 2345 unde
1731 2304 1789 2344 se
1821 2289 2127 2360 frequenter

546 2379 612 2431 ad
661 2382 782 2431 vita:
810 2377 1002 2448 gavdia
1037 2388 1340 2432 revocatum
1368 2393 1489 2434 esse
1535 2379 1828 2447 proﬁtetur.
1878 2381 1980 2435 Sed
2029 2382 2123 2435 ad-

547 2483 821 2526 rcrtamus
851 2473 977 2540 quid
1010 2473 1112 2526 sibi
1149 2473 1276 2526 velit
1317 2474 1417 2527 hoc
1448 2475 1589 2542 quod
1628 2475 1810 2527 iterum
1838 2475 1983 2528 dicit.
2020 2477 2126 2529 lte-

546 2582 662 2617 rum
695 2567 920 2630 positum
951 2574 1032 2617 est
1062 2579 1156 2632 pro
1185 2564 1468 2632 ireqnenti,
1503 2579 1565 2618 eo
1595 2564 1732 2632 quod
1765 2565 1970 2633 multipl
1995 2566 2128 2620 citer

547 2655 750 2725 aliquid
776 2656 1016 2708 itcretur.
1048 2655 1101 2709 ln
1129 2663 1281 2708 sexto
1303 2656 1499 2725 quippe
1525 2658 1728 2724 psalmo
1755 2659 2123 2711 auctoritatem

548 2748 720 2801 secuti
745 2747 1028 2816 majorum,
1059 2746 1291 2800 diximus
1319 2756 1522 2815 septem
1549 2747 1721 2801 modis
1753 2747 2124 2802 remissionem

550 2839 707 2893 nobis
743 2839 1026 2892 Dominum
1057 2839 1358 2893 concedere
1409 2849 1767 2908 peccatorum.
1821 2839 2002 2892 Primo
2033 2856 2128 2907 per

550 2934 896 3000 baptismum,
926 2933 1164 2987 secundo
1196 2948 1289 3002 per
1321 2935 1654 3002 martyrium,
1681 2933 1834 2986 tertio
1867 2948 1960 2999 per
1986 2933 2128 2988 clee-

551 3039 824 3094 mo:~ynas,
861 3034 1051 3093 quarto
1079 3038 1200 3077 cum
1241 3023 1576 3077 debitoribus
1606 3025 1803 3077 nosn'is
1833 3024 2008 3078 debita
2044 3041 2125 3078 re-

2214 501 2523 567 iucorruplo
2553 513 2744 565 sapore
2775 495 3006 549 scrt'anli
3028 512 3063 546 ι.

2285 588 2440 643 Vers.
2470 587 2563 641 9.4.
2599 583 2829 639 Psallam
2869 584 2979 648 tibi,
3011 583 3148 634 Deus
3174 621 3187 645 ,
3228 582 3280 633 in
3324 580 3522 634 cithara
3544 621 3560 646 ,
3585 587 3795 633 sanctus

2213 679 2404 734 Israel.
2455 680 2787 748 Frequenter
2815 673 3048 729 diximus
3099 674 3131 726 li
3156 673 3336 726 folium
3365 670 3790 725 Christianorum

2213 775 2348 828 duas
2392 772 2649 826 maximas
2687 785 2809 825 esse
2840 772 3060 822 virtutes
3086 811 3100 830 ,
3154 766 3489 832 Spiritualem
3539 763 3605 817 ad
3655 763 3798 815 bene

2213 865 2563 929 credendum,
2593 862 2854 916 actualem
2883 861 2948 914 ad
2982 860 3116 914 bene
3147 858 3430 927 agendum,
3458 870 3589 926 quas
3619 854 3707 908 hic
3735 869 3794 908 se

2215 971 2309 1024 per
2361 955 2568 1024 species
2621 953 2853 1007 musicas
2907 963 3160 1018 utrasque
3217 949 3441 1002 Dnnino
3486 947 3793 1000 oblaturum

2216 1063 2336 1102 esse
2385 1047 2668 1116 promittit.
2721 1044 2850 1098 Nam
2885 1044 3025 1112 quod
3055 1045 3120 1095 ad
3159 1040 3492 1110 spiritualem
3539 1041 3794 1093 virtutem

2219 1136 2469 1205 pertinet,
2507 1139 2557 1187 in
2588 1133 2869 1202 superiore
2899 1145 3054 1185 versu
3086 1131 3346 1199 psalmum
3377 1144 3436 1182 se
3461 1137 3798 1182 cantaturum

2218 1240 2338 1278 esse
2367 1224 2631 1295 pollicitus
2653 1231 2766 1288 est;
2799 1221 2940 1290 quod
2965 1219 3030 1273 ad
3053 1219 3341 1283 actualem,
3375 1218 3426 1272 in
3454 1217 3660 1272 cithara
3688 1219 3801 1272 lan-

2218 1317 2350 1370 dare
2379 1331 2439 1370 se
2471 1314 2754 1368 Dominum
2785 1313 2932 1366 dicit.
2985 1311 3228 1366 Psaltnus
3275 1311 3418 1364 enim
3451 1311 3617 1378 (sicut
3657 1325 3806 1377 saepe

2222 1408 2422 1461 dicttun
2456 1405 2559 1474 est)
2589 1405 2655 1460 de
2683 1402 3053 1473 superiOribus
3090 1413 3277 1467 Sonat;
3307 1402 3510 1455 cithara
3557 1403 3624 1456 de
3665 1402 3804 1455 inle-

2225 1500 2457 1554 rioribus
2484 1499 2653 1552 melos
2683 1497 2748 1550 ad
2782 1511 3014 1565 superna
3046 1493 3381 1548 transmittit.
3416 1493 3520 1546 Sed
3550 1493 3634 1547 cui
3662 1495 3807 1562 psal-

2227 1593 2366 1643 latur
2405 1591 2477 1643 vel
2513 1588 2859 1642 citbarizetur
2899 1586 3051 1650 dicit,
3080 1595 3257 1638 sancto
3283 1582 3472 1648 Israel,
3506 1600 3613 1637 non
3638 1600 3804 1652 quem

2222 1680 2495 1749 gentilitas
2547 1677 2766 1746 putabat
2821 1691 3108 1730 erroncum
3137 1718 3150 1743 ,
3207 1673 3302 1728 sed
3351 1689 3511 1743 quem
3560 1674 3809 1743 patribus

2156 1793 2200 1853 Β
2228 1772 2424 1825 nostris
2447 1785 2571 1823 Vt-ra
2605 1769 2737 1823 ﬁdes
2764 1766 3092 1822 ostenderat.

2303 1862 2455 1916 Vers.
2500 1860 2590 1914 25.
2640 1858 2942 1913 Gaudebant
2995 1858 3132 1911 labia
3171 1873 3320 1921 mea,
3367 1857 3488 1908 dum
3534 1866 3814 1909 cantarem

2229 1954 2318 2007 tibi
2348 1969 2366 2008 :
2398 1953 2560 2023 239
2598 1962 2644 2004 et
2675 1952 2847 2004 anima
2876 1966 2987 2003 mea
3018 1966 3174 2020 quam
3221 1949 3496 2003 redemisti.
3530 1947 3715 2012 Labia,
3749 1963 3814 1999 os

2229 2047 2501 2100 interioris
2525 2043 2755 2097 bominis
2784 2043 2942 2107 dicit;
2980 2042 3142 2094 habet
3171 2042 3313 2093 enim
3346 2051 3399 2093 ct
3439 2055 3591 2092 mens
3619 2053 3813 2092 vocem

2229 2152 2400 2201 suam,
2435 2151 2537 2203 qua
2577 2133 2735 2189 tacite
2775 2133 2973 2186 clamat
3004 2132 3068 2183 ad
3115 2131 3418 2183 Dominum.
3462 2130 3590 2182 Nam
3622 2139 3682 2181 ut
3712 2129 3816 2182 hoc

2229 2226 2576 2296 spiritna'iter
2624 2223 2950 2292 intelligeres
2975 2262 2988 2284 ,
3024 2221 3256 2290 adjvcit,
3294 2220 3464 2272 anima
3504 2235 3616 2271 mea
3657 2235 3818 2288 quam

2229 2317 2505 2372 redemisti.
2555 2316 2668 2384 Ipsa
2696 2329 2825 2384 ergo
2855 2311 3050 2381 gaudet
3092 2313 3143 2364 in
3197 2310 3350 2364 labiis
3388 2311 3500 2363 suis
3530 2311 3772 2363 internis
3800 2350 3815 2372 ,

2229 2424 2350 2477 qua:
2377 2423 2436 2461 se
2463 2409 2789 2474 redemptam
2825 2418 2946 2457 esse
2967 2403 3266 2471 erguoscit.

2304 2498 2453 2551 Vers.
2487 2495 2577 2548 95.
2623 2495 2726 2548 Sed
2755 2503 2799 2547 et
2842 2495 3020 2562 lingua
3061 2509 3174 2544 mea
3215 2500 3320 2544 tota
3364 2492 3448 2544 die
3476 2493 3810 2545 meditabitur

2223 2589 2484 2659 justitiam
2529 2597 2690 2651 tuam,
2739 2601 2855 2638 cum
2903 2584 3108 2652 confusi
3151 2594 3202 2637 et
3244 2585 3442 2636 reveriti
3490 2585 3686 2654 {tterint
3729 2588 3822 2652 qui

2227 2689 2460 2750 qt.a.'runt
2503 2679 2639 2731 mala
2685 2677 2828 2730 mihi.
2870 2677 3022 2730 Sicut.
3064 2675 3308 2745 superius
3353 2676 3524 2730 dixit:
3583 2677 3821 2731 Psallam

2228 2776 2504 2829 veritatem
2539 2783 2680 2827 tuam
2731 2773 2780 2825 in
2814 2771 2952 2823 vasis
2993 2770 3318 2838 psalmorum
3348 2778 3404 2823 et
3456 2770 3688 2835 cithara,
3743 2773 3824 2824 si-

2229 2867 2480 2938 gniﬁcare
2510 2865 2694 2918 volens
2721 2845 2916 2917 animre
2946 2861 3291 2931 corporisque
3342 2863 3566 2914 virtutes
3588 2902 3605 2924 ,
3664 2862 3741 2914 ita
3775 2872 3823 2916 α

2231 2959 2365 3011 labia
2395 2955 2573 3011 cordis
2601 2955 2683 3010 sui
2707 2963 2978 3008 cantatum
3011 2951 3271 3022 promisit.
3319 2951 3472 3005 Nunc
3510 2961 3700 3006 autem
3731 2955 3822 3006 ad-

2229 3049 2378 3116 jecit,
2420 3048 2649 3118 linguam
2680 3045 3038 3099 meditaturum
3079 3059 3186 3096 esse
3207 3044 3466 3114 justitiam
3504 3041 3624 3112 Dei,
3660 3045 3718 3099 id
3745 3054 3826 3099 est

550 3119 821 3183 laxamus,
869 3119 1057 3186 quinto
1093 3133 1186 3186 per
1232 3118 1640 3171 conversionem
1675 3118 1934 3186 fratrum,
1973 3127 2125 3172 sexto
2155 3155 2199 3213 Ο
2233 3139 2472 3210 corpnris
2501 3140 2579 3192 sui
2613 3137 2986 3200 substantiam,
3030 3149 3150 3204 qua:
3181 3147 3304 3189 tunc
3345 3135 3663 3204 plenissime
3709 3138 3824 3192 lau-

551 3223 646 3278 per
676 3209 1062 3263 abundantiam
1108 3210 1383 3262 cbaritatis
1411 3253 1424 3278 ,
1473 3210 1700 3276 septimo
1743 3226 1836 3276 per
1869 3210 2123 3276 patuitcn-

552 3302 700 3352 tiam.
743 3300 904 3355 Forte
936 3301 1112 3354 adhuc
1140 3310 1190 3353 et
1221 3301 1338 3353 aliis
1371 3302 1775 3355 remissionibus
1816 3313 1992 3357 nostra
2025 3304 2124 3355 l'ra-

549 3391 722 3459 gilitas
776 3390 1104 3445 sublevatur.
1173 3391 1459 3445 Sciendum
1524 3402 1701 3446 tamen
1765 3393 1887 3445 ideo
1943 3395 2127 3446 iterum

549 3481 787 3544 dictum,
839 3492 896 3535 ut
957 3481 1216 3536 medicina
1279 3483 1394 3549 ejus
1451 3482 1782 3552 frequentior
1842 3483 2124 3538 indicetur.

549 3573 679 3626 Nam
729 3575 867 3642 quod
913 3574 1079 3638 dicit,
1128 3574 1483 3642 mul.iplicasti
1518 3577 1774 3646 justitiam
1821 3588 1999 3641 tuam,
2041 3592 2129 3631 su-

552 3667 814 3734 periorem
875 3681 1090 3719 sensum
1145 3667 1397 3734 probatur
1452 3682 1720 3736 exponere
1763 3685 1774 3720 :
1819 3670 1938 3734 quia
1971 3669 2129 3739 justi-

549 3758 673 3809 tiam
704 3772 855 3810 suatn
899 3759 1209 3827 multiplicat
1239 3800 1252 3822 ,
1286 3759 1499 3827 quando
1547 3759 1700 3813 nobis
1748 3775 1842 3827 per
1889 3759 2130 3813 diversas

551 3860 742 3898 causas
763 3848 1111 3901 at'llirtionum
1140 3848 1426 3901 subvenire
1449 3847 1722 3917 dignatur.
1751 3847 1963 3903 Iustitia
1986 3850 2127 3904 enim

553 3940 764 3993 Domini
797 3956 942 4008 smpe
989 3941 1205 4001 dicitur,
1247 3956 1365 3992 cum
1413 3939 1838 3993 misericordiam
1874 3940 2036 4001 facit,
2078 3949 2133 3992 et

548 4033 740 4084 iterum
773 4030 1140 4084 miserit-ordia
1168 4031 1334 4098 ipsius
1359 4029 1568 4098 justitia
1599 4042 1957 4098 nuncupatur,
2006 4030 2133 4096 quia

551 4121 657 4176 sibi
682 4139 892 4192 semper
918 4133 1198 4192 utramque
1225 4123 1570 4192 conjunctum
1595 4131 1675 4175 est
1701 4163 1715 4185 ,
1744 4124 1881 4175 sicut
1910 4123 1962 4174 in
2007 4138 2132 4175 ccn~

553 4213 746 4266 Iesimo
793 4214 998 4279 psalmo
1045 4215 1282 4282 legitur:
1321 4212 1733 4266 Misericordinm
1783 4221 1829 4264 et
1877 4213 2132 4280 judicium

552 4300 765 4354 cantabo
825 4302 913 4354 tibi
941 4344 955 4363 ,
1019 4303 1234 4355 Domine
1284 4300 1469 4370 (Psal.
1518 4320 1546 4356 (ι
1572 4347 1584 4370 ,
1617 4304 1704 4371 1).
1757 4303 2014 4372 Sequitur
2039 4348 2052 4368 ,
2087 4315 2132 4356 et

552 4408 822 4445 conversus
849 4395 1145 4447 exlwrtattts
1175 4412 1227 4448 es
1260 4412 1356 4448 me.
1386 4397 1498 4449 Hoc
1521 4397 1738 4459 verbum
1768 4411 1925 4465 quam
1959 4404 2135 4461 pater-

554 4498 678 4535 num
704 4483 773 4537 sit
798 4482 1057 4539 debemus
1079 4487 1376 4550 advertere,
1409 4496 1465 4538 ut
1489 4485 1714 4540 {atriolos
1739 4501 1864 4540 suos
1887 4491 2128 4556 quamvis
2161 4523 2210 4580 Ι)

552 4575 828 4642 praemissa
869 4577 1200 4633 districtione
1243 4578 1506 4651 castiget,
1553 4592 1727 4634 tamen
1775 4581 1954 4634 tristes
2003 4597 2121 4648 per-

551 4680 770 4721 manere
799 4682 904 4721 non
936 4671 1129 4737 patitur
1153 4711 1167 4733 ,
1211 4669 1335 4723 dum
1384 4671 1780 4739 Scripturarum
1819 4671 2120 4726 divinarum

552 4771 641 4810 eos
689 4768 873 4814 sancto
917 4761 1152 4831 alloquio
1181 4765 1506 4818 consolatur.
1555 4765 1905 4829 Exhortatio,
1934 4781 2126 4820 conso-

552 4848 680 4902 latio
705 4849 864 4906 debet
903 4853 1148 4923 intelligi,
1179 4871 1296 4923 qua:
1327 4857 1534 4910 animos
1556 4860 1848 4926 cotnponit,
1880 4860 2130 4912 afﬂictio-

554 4955 674 4994 Itetu
705 4941 936 5008 relevat,
972 4953 1027 4996 et
1074 4953 1304 5000 tuentem
1348 4959 1499 5000 sanat
1531 4948 1758 5002 tlivetsis
1787 4950 2132 5020 languoribus

553 5033 861 5088 sauciatam.

625 5165 778 5221 Vcrs.
811 5167 901 5221 ‘23.
945 5167 1055 5238 Ego
1083 5181 1254 5224 autem
1280 5172 1557 5241 conﬁtebor
1588 5172 1678 5225 tibi
1719 5174 1771 5226 in
1812 5173 1944 5226 vasis
1987 5173 2128 5241 psal-

553 5269 752 5308 morum
781 5260 1041 5312 veritatem
1069 5271 1229 5313 tuum.
1275 5261 1406 5315 Cum
1443 5263 1696 5315 Dominus
1740 5262 1985 5318 ﬁdelibus
2017 5265 2132 5316 suis

554 5364 649 5416 per
677 5350 1078 5408 exhortationes
1110 5355 1222 5422 pias
1262 5355 1481 5424 pustula
1527 5366 1727 5410 aeterna
1777 5356 2125 5425 promiserit,

555 5437 640 5494 hic
660 5439 768 5508 jam
792 5441 966 5509 justus
996 5443 1080 5496 ille
1103 5444 1368 5510 generalis
1396 5444 1549 5497 lctus
1581 5446 1861 5498 veritatem
1883 5461 1953 5520 .se
1982 5447 2094 5514 psal
2116 5477 2132 5487 -

555 5545 669 5584 acre
691 5529 978 5586 conﬁtetur
1004 5572 1019 5597 ,
1065 5533 1114 5584 id
1157 5543 1260 5595 est.
1289 5533 1410 5602 quia
1455 5533 1662 5588 Domini
1698 5538 1957 5601 promissa
1989 5551 2132 5589 com-

553 5621 750 5694 plenda
775 5635 916 5691 sunt,
951 5623 1073 5675 dam
1103 5625 1272 5678 nescit
1301 5623 1505 5691 fallere,
1531 5627 1670 5696 quod
1699 5635 1900 5680 attenta
1923 5626 2136 5680 Veritas

562 5706 863 5787 iutilicetur.
895 5719 1119 5775 Pulchre
1143 5729 1320 5776 autem
1355 5720 1629 5776 definitum
1658 5732 1733 5776 est
1763 5721 1988 5790 psalmos
2019 5737 2137 5774 rasa

2232 3232 2326 3284 des
2357 3229 2564 3285 Demiui
2592 3228 2956 3291 meditabitur,
2989 3227 3202 3296 quando
3229 3243 3450 3296 regnum
3477 3229 3592 3297 ejus
3646 3229 3704 3283 in
3741 3231 3828 3283 illa

2233 3322 2619 3376 resurrectione
2651 3320 2964 3389 perceperit.
2990 3317 3092 3373 Sed
3119 3327 3174 3372 ut
3200 3317 3358 3373 linem
3387 3320 3568 3372 sreeuli
3596 3319 3829 3375 debuis-

2231 3429 2317 3468 ses
2344 3414 2642 3477 advertere,
2675 3413 2936 3480 sequitur,
2967 3427 3078 3463 cum
3109 3411 3305 3481 confusi
3333 3422 3383 3464 et
3405 3414 3601 3466 reveriti
3626 3413 3830 3481 fuerint

2232 3509 2320 3574 qui
2345 3515 2581 3575 qua'runt
2611 3505 2750 3556 mala
2779 3503 2924 3556 mihi.
2956 3503 3109 3569 Quod
3139 3507 3318 3573 utique
3351 3505 3665 3573 plenissime
3703 3520 3831 3563 tunc

2234 3600 2343 3661 ﬁet,
2374 3599 2584 3670 quando
2616 3599 2862 3652 adextris
2889 3599 3040 3666 justi,
3063 3609 3115 3652 et
3140 3613 3169 3651 a
3194 3599 3425 3652 sinistris
3445 3601 3591 3668 impii
3621 3602 3831 3659 fuerint

2232 3693 2498 3746 collocati.
2549 3691 2761 3744 Duobus
2793 3691 2936 3744 enim
2970 3692 3142 3746 modis
3171 3694 3552 3762 confunduntur
3589 3707 3644 3748 et
3689 3716 3833 3752 nve-

2234 3792 2410 3836 rentur
2455 3783 2672 3842 inimici.
2713 3782 2925 3846 quando
2957 3792 3046 3836 aut
3094 3781 3179 3836 hic
3207 3783 3572 3851 ptetiitentiam
3603 3799 3830 3854 gerunt,

2234 3883 2287 3928 et
2309 3890 2364 3928 se
2387 3888 2592 3927 errasse
2623 3884 2979 3941 cognoscunt;
3005 3884 3093 3926 aut
3121 3883 3264 3927 certe
3295 3875 3345 3928 in
3369 3875 3594 3929 adventu
3633 3877 3832 3933 Salva-

2238 3966 2389 4028 toris,
2425 3965 2549 4018 dum
2586 3964 2669 4016 ἰΙΙ·ι
2702 3979 2821 4034 qua:
2860 3965 2974 4018 lieri
3010 3981 3113 4018 non
3160 3965 3468 4028 credebant,
3501 3969 3616 4022 suis
3649 3971 3832 4025 oculis

2239 4057 2515 4110 manifesta
2557 4057 2951 4118 consuexcrint.
3001 4055 3147 4109 Tunc
3194 4073 3320 4124 ergo
3348 4073 3549 4113 srcurte
3577 4064 3828 4116 exsulta-

2240 4149 2398 4200 tionis
2432 4156 2643 4215 tempus
2673 4157 2756 4201 est
2796 4149 3016 4212 sanctis,
3066 4150 3278 4218 quando
3305 4150 3413 4218 jam
3443 4154 3621 4207 locum
3651 4157 3836 4210 domi-

2239 4242 2468 4294 nationis
2517 4239 2662 4308 impii
2714 4256 2817 4294 non
2850 4240 3158 4307 habebunt;
3210 4253 3260 4295 et
3305 4242 3629 4299 l.-rtabuntur
3670 4249 3840 4318 justi,

2236 4346 2355 4383 cum
2404 4329 2664 4383 malorum
2697 4330 2932 4384 omnium
2959 4333 3216 4385 terminus
3247 4332 3543 4400 advenerit,
3591 4348 3655 4390 et
3692 4339 3842 4393 bona

2241 4421 2492 4476 Dominus
2524 4422 2640 4475 sine
2671 4423 2774 4476 line
2801 4423 3148 4489 concesserit,
3182 4423 3232 4475 in
3264 4440 3364 4494 qua
3392 4423 3843 4484 Christianorum

2239 4528 2513 4588 permanet
2544 4517 2809 4572 indefecta
2841 4520 3047 4588 petitio.

2768 4660 3036 4714 Conclusio
3073 4661 3280 4730 psalmi.

2312 4802 2442 4854 Cum
2469 4810 2608 4855 totus
2636 4803 2719 4855 llic
2749 4803 2983 4872 psalmus
3011 4805 3233 4871 gratiam
3281 4805 3510 4869 Domini,
3555 4820 3690 4873 qua:
3721 4823 3851 4876 gra-

2243 4895 2311 4947 tis
2339 4893 2517 4957 datur,
2563 4909 2770 4946 summa
2823 4893 3120 4947 intentione
3159 4895 3522 4958 commendet,
3569 4896 3855 4951 admonet

2236 4987 2399 5040 etiam
2434 4999 2529 5040 nos
2553 4985 2971 5040 incarnationem
3004 4985 3182 5048 Verbi,
3234 5001 3331 5052 per
3366 5001 3522 5055 quam
3553 4988 3719 5042 salus
3750 4989 3854 5042 hu-

2241 5093 2399 5132 mano
2425 5079 2607 5148 generi
2633 5079 2895 5147 provenit,
2931 5078 3068 5133 felici
3103 5079 3372 5134 vicinitate
3397 5080 3807 5138 declarandam
3841 5104 3853 5138 :

2239 5185 2388 5224 more
2435 5168 2584 5232 solis,
2635 5169 2724 5237 qui
2771 5170 3008 5237 proxima
3053 5169 3172 5224 luce
3211 5186 3562 5240 consurgens,
3613 5189 3854 5233 roseam

2239 5262 2512 5331 praemittit
2538 5275 2827 5327 auroram;
2880 5270 2930 5313 ut
2964 5263 3186 5329 gratiam
3235 5262 3474 5331 prmclari
3524 5263 3866 5332 splendoris

2240 5365 2570 5426 przeparatus
2597 5357 2762 5425 possit
2789 5357 2978 5410 oculus
3009 5358 3228 5411 intueri.
3269 5359 3451 5410 Patres
3480 5359 3623 5414 ellittl
3666 5365 3858 5416 nostri

2243 5450 2566 5518 psalmorum
2596 5463 2870 5502 numerum
2899 5448 2950 5500 in
2974 5447 3186 5501 Veteris
3215 5464 3276 5500 ac
3325 5449 3455 5502 Novi
3487 5451 3859 5508 Testameuti

2241 5539 2587 5593 sacramentis
2617 5538 2684 5591 ita
2713 5538 3056 5594 crediderunt
3079 5554 3198 5593 esse
3220 5538 3586 5605 div‘dendum,
3615 5554 3858 5612 septem

2240 5633 2444 5687 scilicet
2469 5632 2698 5687 decadas
2739 5641 2999 5702 ponentes
3026 5633 3077 5686 in
3119 5632 3419 5698 sabbatum,
3451 5635 3588 5704 quod
3619 5636 3704 5690 ad
3732 5640 3860 5705 pri-

2243 5737 2384 5777 mam
2415 5722 2558 5776 illam
2591 5723 2819 5790 pertinet
2847 5719 2962 5776 sine
2987 5721 3318 5778 dubitatione
3344 5723 3610 5777 culturam
3643 5740 3664 5784 :
3723 5736 3870 5781 octo
