3956 6178
303 255 406 315 505

1225 280 1585 340 EIPOSITIO
1623 289 1689 344 IN
1729 288 2189 353 PSAI.TER§U.\L
2234 301 2423 359 PSAL.
2468 306 2650 367 LXXI.
3463 326 3567 382 506

304 388 432 428 'em
459 387 646 432 "05"”
678 387 918 452 tempore
949 387 1288 458 ¹¹⁴Ῥ¹¹¹³η¹οει
1315 401 1403 466 ll"i
1437 403 1882 460 Γοευΐτθθιῖοηειαη
1915 409 1958 465 Α
1991 421 2086 474 PFO
2110 411 2264 467 "01338
2296 430 2310 479 ;
2356 431 2517 485 (luem
2549 436 2730 478 revera
2773 425 2950 482 dit-ere
2981 447 3078 485 nos
3106 445 3254 489 recte
3285 437 3563 504 pacificum

304 464 513 504 “nmini
550 487 646 504 nn.
671 475 904 504 θὴρ-..ιλ
937 481 1033 504 l-,.l_
1061 485 1102 504 ι-
1173 502 1185 504 ,
1221 494 1224 504 ,
1345 492 1372 504 ..
1991 503 1998 504 ,
2076 503 2082 504 ,

302 464 515 523 Domini
548 487 646 540 per
670 475 908 545 singulas
935 481 1194 540 hebdoma
1220 494 1294 542 ‘as
1324 492 1409 546 die
1430 505 1617 548 octava
1654 511 1880 550 venera-

301 573 454 624 mur;
506 571 562 614 (ἰ
615 565 733 619 ideo
774 584 869 636 per
921 584 1202 644 utramque
1244 583 1682 649 supputationem
1717 587 1880 642 Vetus

297 660 353 704 et
394 651 600 708 Novum
641 657 1040 719 Testamentum
1073 682 1317 726 sacratus
1363 675 1464 730 iste
1513 693 1770 734 numerus
1798 680 1881 735 di-

295 747 576 810 gnoscitur
602 751 881 809 continere
910 758 1257 825 psalmorum.
1303 765 1458 832 Quod
1488 769 1631 822 enim
1662 780 1875 824 centum

295 834 673 904 quinquaginta
724 856 949 910 possunt
998 848 1051 901 in
1106 867 1331 907 numero
1377 857 1734 926 singulorum,
1775 861 1876 914 hoc

291 925 471 979 valent
501 930 810 999 signiﬁcare
840 933 1143 1002 quindecim
1179 944 1408 1002 det-ades
1451 949 1501 1001 in
1550 950 1736 1003 ordine
1782 955 1877 1008 de-

289 1017 564 1072 nariorum
597 1039 612 1086 ;
644 1038 815 1094 coque
848 1028 906 1080 lit
941 1039 993 1084 ut
1017 1033 1258 1088 calculus
1285 1037 1389 1090 iste
1413 1041 1742 1104 psalmorum
1770 1044 1875 1097 Νο-

286 1119 356 1158 vo
382 1117 438 1160 et
464 1107 644 1166 Veteri
666 1114 1008 1173 Testamento
1031 1138 1206 1193 campi
1227 1136 1396 1182 tenter
1419 1141 1649 1198 aptetur.
1682 1132 1869 1190 Scien-

285 1199 412 1253 dum
455 1214 537 1256 est
590 1207 744 1273 plane
789 1212 931 1279 quod
966 1213 1016 1266 in
1051 1217 1216 1283 prima
1253 1227 1402 1287 parte
1438 1223 1642 1280 Veteris
1681 1227 1873 1281 Testa-

286 1291 478 1356 rncnti,
521 1304 576 1348 et
622 1312 755 1351 nova
788 1304 1011 1356 misceat
1054 1319 1388 1364 sacramenta
1441 1315 1703 1383 mysterii.
1739 1318 1874 1369 Dicit

284 1381 424 1434 enim
477 1386 528 1437 in
581 1395 888 1456 septenario
932 1413 1156 1452 numero
1208 1411 1263 1456 et
1313 1409 1615 1471 passionem
1658 1410 1866 1464 Domini

283 1471 506 1538 Christi,
535 1488 586 1530 et
619 1479 668 1532 in
701 1493 893 1537 octavo
935 1490 1140 1543 calculo
1188 1495 1352 1548 multa
1385 1501 1536 1566 ponit
1585 1501 1652 1554 de
1688 1503 1864 1557 Veteri

282 1564 650 1632 Testamento,
685 1583 739 1626 ut
768 1590 1051 1646 utrtttnque
1078 1584 1304 1640 cultura:
1333 1601 1532 1642 nostrm
1572 1595 1868 1650 convenire

283 1659 458 1713 modis
482 1664 730 1718 omnibus
755 1669 1039 1724 sentiatur.
1079 1674 1382 1734 Meminisse
1403 1691 1582 1738 autem
1608 1686 1865 1742 debemus

1989 503 2152 568 ipsius
2195 507 2354 561 verba
2388 519 2646 568 testantur
2685 533 2803 570 cum
2842 521 3006 575 dicit:
3051 523 3238 579 Pacem
3281 545 3446 582 meum
3487 531 3562 586 ἰίο

1986 595 2142 658 vobis,
2174 614 2348 673 pacem
2391 618 2552 655 meum
2601 609 2831 678 relinquo
2875 613 3009 666 vobis
3058 613 3237 685 (JOIIII.
3288 634 3398 683 xlv,
3443 621 3560 689 Ξῖ).

1985 682 2090 736 Sed
2122 701 2218 751 pax
2250 687 2346 740 ista
2378 705 2484 743 non
2514 704 2596 746 est
2627 712 2783 764 quam
2813 701 2948 753 bella
2976 682 3298 769 disturbent,
3347 682 3451 762 non
3480 721 3562 764 est

1981 791 2140 844 quam
2173 778 2490 848 inquietudo
2538 788 2642 841 ulla
2671 797 2978 861 concutiat;
3031 801 3124 852 St'd
3173 801 3557 863 imperturbata

1978 879 2190 936 semper
2213 879 2369 940 atque
2399 884 2596 930 mlerna
2626 895 2866 947 manens,
2898 888 3090 943 nullius
3115 891 3315 947 inimici
3343 907 3556 949 contra-

1980 965 2173 1019 rietate
2203 965 2533 1024 dissolvitur.
2579 973 2690 1042 Ipsa
2737 989 2817 1030 est
2858 978 2924 1033 de
2965 998 3065 1048 qua
3096 986 3352 1053 propheta
3385 989 3550 1045 dicit:

1977 1054 2126 1109 Dabo
2161 1058 2312 1112 vobis
2333 1063 2579 1116 solatium
2605 1081 2810 1137 verum,
2842 1086 3023 1138 pacem
3053 1088 3214 1142 super
3242 1093 3444 1145 pacem.

2544 1174 2739 1230 Diuisio
2768 1180 2970 1248 psalmi.

2047 1280 2147 1334 Per
2179 1289 2346 1335 tntum
2380 1287 2643 1353 psalmum
2679 1295 2929 1359 propheta
2976 1297 3219 1365 loquens.
3265 1301 3550 1357 adventum

1975 1373 2235 1439 significat
2262 1376 2468 1432 Domini
2502 1379 2833 1449 SalvatOris;
2889 1388 2938 1440 in
2975 1405 3074 1443 una
3108 1391 3398 1452 eademque
3437 1411 3552 1461 per-

1973 1479 2100 1516 sona
2138 1467 2294 1518 modo
2325 1468 2707 1526 humanitatem
2743 1479 2877 1540 ejus,
2916 1485 3072 1530 modo
3108 1481 3440 1536 divinitatem
3470 1486 3545 1536 alo

1975 1557 2138 1608 ternis
2169 1558 2408 1624 partibus
2449 1562 2726 1617 evidenter
2758 1567 2919 1637 240
2945 1573 3259 1626 ostendens.
3295 1575 3346 1626 In
3376 1577 3544 1642 prima

1973 1655 2123 1712 parte
2154 1649 2311 1701 verba
2344 1651 2470 1704 facit
2513 1654 2575 1705 ad
2609 1654 2841 1724 Patrem,
2888 1660 3146 1726 judicium
3193 1663 3327 1716 Filio
3361 1677 3547 1732 petens

279 1750 700 1818 arilhmmmm,
739 1759 819 1812 vel
850 1762 980 1816 anas
1007 1763 1320 1834 disciplinas
1351 1773 1586 1840 psalmos
1895 1770 1942 1828 Β
1970 1739 2034 1790 ad
2072 1741 2292 1806 populos
2328 1742 2643 1810 jIIdICﬂIId'IS
2669 1791 2681 1812 ,
2720 1751 2858 1817 quod
2897 1761 3073 1806 tamen
3110 1757 3544 1821 praedestinatum

278 1856 493 1898 morare
535 1847 862 1916 Irerptcnter,
909 1870 1040 1924 quas
1086 1857 1138 1912 in
1183 1859 1653 1930 subsequentibus,
1705 1881 1861 1937 prout

277 1931 365 1986 ine
398 1934 438 1988 it
460 1947 843 2008 opportunum,
873 1941 938 1998 de
969 1945 1100 2013 ipsis
1143 1953 1462 2018 perstrictitn
1492 1931 1862 2026 aliquid-eom-

275 2040 583 2082 memorare
627 2034 974 2104 curabimus;
1028 2049 1082 2093 ut
1129 2046 1373 2111 quamvis
1416 2049 1652 2105 breviter
1694 2054 1854 2121 dicta,

275 2131 378 2168 non
408 2127 590 2172 tamen
625 2123 906 2180 videantur
933 2144 1052 2184 esse
1087 2137 1376 2202 prmterita.
1428 2141 1652 2196 Tantum
1685 2157 1767 2200 est
1803 2159 1859 2202 ut

261 2210 616 2279 astrologiam
649 2216 964 2285 saerilegam
993 2238 1204 2278 summa
1241 2227 1536 2284 intentione
1569 2233 1855 2304 fugiamus,

272 2315 428 2364 quam
460 2303 620 2356 etiam
651 2306 906 2362 nobilium
941 2313 1384 2384 philosophorum
1408 2322 1608 2391 judicia
1635 2329 1858 2383 damna-

270 2403 483 2445 verunt.
527 2396 869 2468 Quapropter
901 2411 1148 2470 pruenti
1179 2413 1325 2480 operi
1360 2416 1645 2472 terminum
1690 2437 1854 2489 pona-

270 2497 409 2545 mus,
457 2497 724 2551 quatenus
755 2500 808 2544 et
837 2494 991 2561 quies
1051 2513 1340 2568 parumper
1364 2505 1602 2562 adhibita
1643 2511 1854 2567 lectoris

268 2589 483 2641 reparet
514 2580 771 2642 studium,
818 2591 874 2636 et
914 2584 1082 2640 futura
1114 2604 1236 2657 pars
1267 2592 1468 2664 digesta
1525 2604 1852 2664 psalmorum

263 2663 334 2717 de
364 2665 729 2734 signiﬁcantia
758 2670 893 2727 Novi
923 2675 1255 2735 Testamenti
1286 2663 1463 2741 sumat
1490 2701 1856 2758 competenter

264 2754 502 2810 initium.
536 2760 726 2815 Amen.

535 2892 785 2955 EXPOSI
803 2900 904 2955 ΙΊΟ
944 2903 1007 2956 ΙΝ
1047 2905 1227 2962 OCTO
1268 2909 1583 2971 DISCADAS

583 3022 718 3062 NOVO
747 3027 1092 3072 ΤΕδΤΑΜΕΝΤΟ
1118 3034 1538 3080 εοΝνεΜεΝτεε.

850 3147 1202 3206 PR/EFATI
1212 3155 1273 3209 0.

330 3253 630 3322 Explicatis
676 3268 881 3327 septem
912 3261 1207 3320 decadibus
1239 3268 1399 3336 (sicut
1429 3271 1628 3328 dictum
1657 3278 1761 3345 est)
1795 3279 1850 3333 in

261 3344 492 3414 ﬁguram
526 3345 743 3404 Veteris
776 3351 1126 3421 Testameuti,
1161 3377 1302 3415 nunc
1345 3365 1410 3418 ad
1460 3369 1691 3437 reliquas
1727 3385 1850 3428 octo

260 3437 566 3504 veniamus,
598 3455 824 3510 quarum
855 3461 1107 3502 numerus
1139 3452 1449 3519 plenissime
1486 3461 1640 3513 nobis
1669 3477 1850 3517 resur-

259 3531 522 3585 rectionis
552 3531 839 3590 dominica:
864 3541 1204 3610 cognoscitur
1233 3546 1470 3603 indicare
1493 3555 1803 3622 mysterium
1831 3599 1844 3622 ,

257 3631 337 3686 ut,
392 3622 480 3674 his
530 3625 772 3692 partibus
820 3629 1103 3698 diligenter
1149 3637 1434 3705 inst-ectis,
1469 3658 1659 3700 revera
1709 3647 1849 3703 liber

256 3712 604 3768 I'salmorum
636 3718 794 3772 totius
816 3721 1008 3776 divina:
1035 3724 1330 3796 Scriptura;
1355 3734 1663 3790 thesaurum
1694 3753 1840 3793 com-

256 3807 448 3873 plexos
472 3823 601 3862 esse
630 3810 890 3868 videatur.
937 3815 1072 3871 Nam
1101 3820 1224 3875 licet
1256 3823 1363 3876 sint
1389 3827 1570 3881 omnia
1595 3829 1848 3898 spiritua-

255 3903 392 3957 litius
425 3903 588 3973 plena
615 3905 839 3977 divitiis,
884 3921 940 3966 et
969 3917 1180 3986 magnis
1223 3917 1484 3976 illustrata
1515 3924 1803 3982 luminibus
1829 3971 1846 3998 ,

254 4010 390 4062 pene
415 3997 630 4050 nullum
678 4007 856 4055 timen
879 4019 945 4058 ex
976 4005 1059 4060 his
1083 4009 1164 4076 (ut
1203 4011 1458 4082 arbitror)
1493 4015 1737 4071 volumen
1766 4021 1846 4073 in-

253 4090 462 4152 venies,
509 4091 654 4159 quod
706 4097 866 4148 tantis
897 4098 1059 4153 rebus
1103 4102 1416 4159 ccclestibus
1444 4107 1700 4163 doceatur
1726 4127 1845 4166 esse

251 4182 609 4250 completum.
648 4184 757 4238 Nec
801 4200 1013 4243 moveat
1049 4193 1190 4260 quod
1228 4209 1349 4261 pars
1381 4196 1470 4249 illa
1514 4214 1673 4268 quant
1702 4204 1845 4255 dixi-

249 4286 370 4326 mus
399 4274 470 4326 ad
514 4287 913 4332 sacramentum
941 4280 1272 4337 Testamenti
1307 4285 1517 4343 Veteris
1548 4291 1839 4362 pertinere,

249 4376 278 4412 ι
302 4363 647 4420 beatitudine
671 4365 882 4422 Domini
910 4369 1206 4427 Salvatoris
1228 4377 1392 4429 sumit
1413 4377 1651 4442 initium;
1678 4390 1731 4434 et
1753 4384 1843 4437 ite-

248 4465 364 4506 rum
395 4453 454 4508 in
485 4453 942 4524 subsequentibus
972 4461 1190 4529 psalmis
1212 4464 1451 4521 invenies
1481 4470 1620 4536 quod
1655 4471 1840 4540 primis

246 4553 464 4597 constat
490 4546 827 4614 temporibus
853 4551 1148 4608 aetitatum.
1191 4555 1320 4620 Qua:
1347 4559 1568 4613 omnino
1610 4577 1712 4615 non
1749 4564 1843 4618 de-

244 4633 376 4687 bent
421 4636 650 4690 adversa
677 4638 905 4706 judicari
934 4681 948 4703 ,
982 4643 1103 4711 quia
1142 4655 1196 4700 et
1247 4647 1408 4702 Vetus
1439 4650 1840 4707 Testamentum

242 4725 310 4779 de
334 4725 501 4779 Novo
529 4729 746 4796 plenum
769 4742 873 4796 εει,
918 4744 972 4786 et
998 4735 1200 4791 Novum
1227 4738 1350 4793 facit
1380 4742 1696 4814 p'erutnque
1740 4747 1838 4803 Ve-

243 4821 374 4875 teris
404 4822 758 4878 mentionem.
787 4824 940 4880 Nunc
967 4828 1031 4881 ad
1064 4830 1276 4885 titulum
1307 4835 1604 4904 veniamus,
1629 4841 1717 4906 qui
1752 4841 1832 4895 in-

242 4914 641 4980 terpretatione
686 4917 916 4970 nominis
947 4918 1038 4973 sui
1080 4921 1146 4975 ad
1192 4921 1323 4976 Novi
1382 4925 1710 4982 Testamenti
1744 4947 1839 4985 no-

238 5007 419 5058 scitur
450 5006 724 5074 pertinere
755 5011 1101 5079 mysterium;
1126 5013 1434 5070 inscribitur
1454 5017 1596 5072 enim
1629 5036 1641 5072 :
1695 5020 1698 5025 ’

481 5116 550 5171 IN
587 5119 1007 5177 SALOMONEM
1049 5124 1364 5184 PSALMUS
1407 5130 1592 5187 LXXI.

311 5227 572 5286 Salomon
616 5233 1000 5304 interpretatur
1029 5239 1302 5308 paciﬁcus.
1352 5243 1483 5311 Quis
1531 5257 1614 5302 est
1653 5260 1830 5305 autem

233 5335 436 5375 revera
465 5322 741 5391 paciﬁcus,
792 5326 895 5380 nisi
926 5327 1186 5384 Dominus
1223 5332 1493 5401 Christus,
1539 5339 1627 5406 qui
1661 5340 1835 5395 lionii-

236 5427 367 5466 nem
403 5412 605 5467 diaboli
648 5420 875 5474 versutia
907 5419 1214 5492 deceptum,
1245 5426 1312 5480 ad
1337 5427 1608 5484 Creatoris
1638 5433 1719 5485 sui
1749 5449 1837 5487 re-

234 5505 458 5558 vocavit
478 5506 816 5576 obsequiutn,
846 5510 1076 5583 fecitque
1097 5516 1277 5572 colere
1301 5517 1491 5574 salutis
1514 5521 1830 5593 principem,

233 5602 326 5667 qui
376 5602 708 5671 sequebatur
739 5607 1077 5664 miserrimus
1125 5613 1314 5666 mortis
1357 5619 1670 5669 auctorem?
1715 5617 1832 5685 Ipse

233 5694 386 5746 enim
415 5693 676 5750 Mediator
711 5698 800 5753 l'Fci
831 5708 884 5754 ct
914 5699 1184 5758 hominum
1223 5704 1486 5776 hodieque
1516 5705 1825 5778 interpellat

1969 1841 2092 1885 ante
2122 1835 2314 1887 Stccnla
2365 1851 2487 1890 esse
2533 1843 2893 1908 cognoscitur.
2940 1848 3204 1910 Secunda,
3255 1849 3305 1902 in
3345 1851 3548 1917 judich

1969 1924 2177 1978 Domini
2216 1926 2354 1980 ﬁlios
2383 1944 2674 1998 pauperum
2708 1933 2837 1988 dicit
2863 1952 2982 1990 esse
3011 1941 3314 2007 Satvandos,
3360 1952 3411 1993 et
3447 1942 3546 1993 litt-

1966 2019 2274 2074 miliandam
2311 2023 2508 2077 diaboli
2537 2026 2652 2081 sine
2678 2029 3005 2087 dubitatione
3033 2036 3360 2103 Superbiam.
3406 2037 3538 2090 Nam

1964 2121 2016 2164 et
2044 2113 2213 2179 ipsmn
2244 2129 2454 2184 quoque
2483 2117 2712 2187 Virginis
2741 2133 2947 2188 partum
2987 2141 3082 2195 per
3109 2127 3363 2195 quasdam
3395 2129 3544 2181 simi-

1963 2203 2212 2258 litudines
2269 2205 2587 2262 mirabiliter
2633 2216 2971 2280 cognoscitur
3036 2219 3288 2272 indicare.
3358 2219 3536 2274 Tertia

1964 2307 2116 2364 parte
2149 2295 2309 2351 refert
2342 2314 2460 2368 qua:
2486 2300 2623 2354 bona
2653 2305 2976 2375 contigerint
3007 2308 3071 2364 de
3103 2310 3302 2375 Spiritu
3331 2321 3538 2377 sancto,

1961 2395 2012 2439 ct
2037 2387 2198 2440 Maria
2229 2387 2468 2459 Virgine,
2509 2402 2633 2445 nato
2685 2395 2912 2451 Domino
2958 2400 3191 2454 tiliristo.
3242 2402 3439 2467 Quarta
3473 2402 3540 2452 ab

1961 2476 2210 2531 omnibus
2259 2481 2472 2546 regibus
2521 2483 2648 2538 diait
2680 2487 3034 2556 θᾶιιτηιιάιιιη,
3081 2493 3201 2560 quia
3251 2493 3538 2545 humanum

1959 2581 2126 2634 genus
2170 2584 2196 2618 a
2227 2568 2423 2624 diaboli
2457 2581 2717 2636 potesmte
2764 2577 3032 2634 liberavit.
3075 2576 3269 2648 Qunia
3305 2597 3538 2651 pronuu-
3588 2582 3600 2595 '

1961 2658 2086 2722 tiat,
2122 2661 2374 2728 quoniam
2413 2661 2661 2718 humanis
2706 2669 2874 2722 oculis
2921 2674 3086 2734 visus,
3139 2673 3529 2728 firmamentum

1959 2749 2054 2802 fuit
2103 2751 2459 2818 credentium,
2515 2765 2569 2808 et
2620 2770 2902 2823 provectus
2952 2763 3065 2816 sine
3095 2765 3426 2821 dubitatione
3451 2767 3535 2835 ju-

1957 2852 2186 2896 storum.
2228 2842 2385 2897 Sexta
2437 2853 2639 2899 mterno
2685 2847 2911 2902 Domino
2963 2853 3122 2905 totius
3163 2855 3346 2908 mttndi
3397 2871 3530 2910 eon-

1965 2946 2126 2984 sensu
2160 2933 2342 2988 laudes
2375 2935 2621 3002 perhibet
2645 2953 2768 2993 esse
2794 2941 3097 3018 solvendas.
3125 2944 3358 3012 Septima
3381 2947 3533 3018 hym-

1958 3036 2084 3074 num
2139 3023 2364 3076 Domino
2396 3023 2612 3080 Christo
2651 3013 3033 3096 jucundissima
3080 3034 3368 3091 devotione
3415 3055 3534 3105 per-

1957 3111 2134 3163 solvit.
2183 3111 2274 3166 Sic
2304 3112 2434 3167 Novi
2463 3113 2790 3173 Testamenti
2833 3121 3033 3176 clarum
3079 3123 3530 3195 manifestumque

1959 3201 2170 3257 initium
2224 3220 2320 3274 per
2366 3205 2523 3277 hujus
2576 3212 2767 3280 psalmi
2815 3215 3007 3270 seriem
3057 3227 3267 3273 constat
3311 3234 3532 3290 expres-

2484 3408 2754 3482 Expositio
2785 3417 2991 3479 psalmi.

2031 3517 2180 3573 Vers.
2218 3522 2264 3576 I.
2309 3520 2466 3586 Deus.
2486 3526 2743 3594 judicium
2766 3537 2910 3582 tuum
2937 3531 3066 3603 [legi
3086 3533 3174 3600 da,
3204 3543 3251 3587 et
3265 3536 3402 3604 justi
3429 3536 3530 3591 iant

1954 3616 2094 3660 luam
2145 3608 2284 3664 Filio
2327 3613 2498 3682 Regis.
2537 3615 2667 3670 Cum
2720 3618 2932 3687 dicitur,
2979 3620 3141 3687 Deus,
3185 3640 3290 3679 non
3320 3627 3531 3680 videtur

1954 3695 2053 3752 hoc
2077 3714 2268 3754 nomen
2300 3703 2532 3772 aliquam
2561 3707 2874 3778 designasse
2906 3727 3186 3780 personam
3214 3730 3230 3776 ;
3276 3716 3370 3770 sed
3398 3733 3530 3784 quo-

1952 3793 2093 3847 niam
2121 3795 2386 3864 sequitur,
2433 3797 2502 3851 da
2534 3799 2697 3864 Filio,
2736 3804 3038 3859 certissime
3066 3806 3224 3862 Pater
3252 3809 3527 3864 invocatus

1950 3897 2070 3937 esse
2115 3888 2478 3954 cognOscitur.
2522 3888 2654 3944 Illud
2695 3895 2836 3946 enim
2871 3910 3063 3949 nomen
3097 3898 3374 3952 relativum
3420 3908 3522 3963 est,

1949 3984 2003 4029 et
2029 3974 2149 4040 hoc,
2179 3978 2320 4046 quod
2351 3995 2456 4034 non
2485 3980 2636 4048 dicit,
2667 3984 2902 4051 indicat;
2952 3989 3092 4040 sicut
3118 3989 3259 4043 servi
3289 3993 3527 4058 appella-

1951 4067 2092 4122 tione
2118 4069 2347 4124 sentitur
2385 4081 2436 4125 et
2479 4073 2750 4128 dominus.
2793 4076 2945 4131 Scire
2969 4090 3146 4132 autem
3178 4079 3433 4134 debemus
3459 4082 3525 4136 ad

1949 4159 2352 4230 distinguendas
2382 4150 2837 4236 declarandasque
2877 4184 3133 4236 personas
3177 4180 3375 4226 sancta:
3403 4173 3525 4228 Tri-

1949 4250 2131 4306 nitatis
2159 4253 2272 4306 sola
2306 4253 2420 4310 haec
2463 4258 2679 4311 nomina
2728 4273 2886 4326 posse
2922 4260 3191 4316 sufﬁcere.
3237 4262 3366 4316 Nam
3397 4280 3520 4319 cum

1947 4341 2173 4409 dixeris,
2204 4345 2342 4400 Deus
2369 4347 2545 4413 Pater,
2581 4350 2719 4405 Deus
2749 4351 2932 4414 Filius,
2969 4354 3105 4408 Deus
3133 4355 3369 4424 Spiritus
3399 4373 3523 4412 san-

1946 4444 2085 4499 ctus,
2114 4435 2422 4501 plenissime
2449 4450 2644 4496 sancta:
2669 4442 2943 4499 Trinitatis
2965 4445 3112 4501 visus
3141 4463 3197 4500 es
3222 4447 3525 4506 declarasse

1872 4511 1919 4568 Β
1947 4538 2224 4592 personas.
2271 4528 2394 4583 lltec
2422 4532 2563 4584 enim
2596 4536 2808 4587 nomina
2838 4535 2888 4589 in
2921 4548 3103 4592 sancta
3127 4537 3385 4596 Trinitate
3408 4542 3521 4596 sola

1947 4623 2071 4668 sunt
2101 4619 2311 4687 propria
2340 4635 2353 4684 ;
2405 4632 2595 4675 ctetcra
2627 4638 2776 4688 vero,
2805 4625 2854 4679 id
2885 4637 2969 4681 est
3017 4639 3226 4693 natura,
3259 4641 3518 4698 potestas,

1941 4706 2235 4776 teternitas,
2292 4713 2702 4781 omnipotentia,
2746 4725 2801 4770 et
2855 4717 2936 4769 his
2985 4720 3181 4774 similia
3231 4723 3522 4788 probantur

1941 4811 2060 4851 esse
2099 4801 2422 4855 communia.
2484 4802 2819 4872 Quapropter
2865 4807 3207 4864 beatissiams
3258 4812 3520 4880 protiheta

1942 4888 2209 4942 desiderio
2239 4891 2470 4958 ειοτίοευ
2493 4895 2814 4964 ﬂammatus,
2851 4900 2978 4966 petit
3007 4916 3036 4954 a
3071 4900 3228 4956 Patre
3269 4905 3524 4971 judicium

1942 4981 2058 5033 dari
2103 4980 2264 5047 Filio,
2311 4986 2449 5053 quod
2499 4989 2707 5043 sciebat
2753 5006 2872 5045 esse
2922 5003 3240 5060 venturum;
3282 4998 3419 5051 sicut
3464 5000 3521 5052 in

1946 5073 2231 5144 Evangelio
2258 5075 2450 5146 legitur
2477 5096 2488 5130 :
2522 5077 2682 5134 Pater
2707 5099 2805 5136 non
2821 5085 3039 5152 judicat
3065 5102 3362 5156 quemquam
3387 5105 3407 5154 ;
3433 5091 3521 5142 sed

1940 5181 2087 5219 unane
2119 5167 2379 5234 judicium
2420 5169 2559 5222 dedit
2605 5169 2744 5226 Filio
2789 5174 2968 5245 (Joan.
2999 5192 3050 5239 v,
3101 5179 3215 5247 2‘2).
3258 5178 3521 5234 Judtcium

1941 5257 2082 5312 enim
2111 5259 2308 5314 dictum
2337 5271 2417 5315 est
2447 5264 2597 5331 quasi
2620 5263 2760 5333 juris
2783 5265 3001 5335 dicium,
3033 5267 3084 5323 id
3107 5279 3188 5324 est
3217 5269 3354 5339 quod
3385 5272 3434 5325 in
3457 5289 3522 5326 eo

1935 5347 2024 5416 jus
2047 5348 2276 5404 dicatur.
2312 5351 2378 5405 Et
2403 5362 2461 5406 ut
2491 5355 2834 5410 veracissima
2873 5358 3192 5426 probaretur
3238 5375 3359 5416 esse
3387 5363 3522 5431 peti--

1943 5437 2035 5506 tio,
2066 5437 2251 5494 eadem
2285 5442 2479 5496 iterum
2507 5447 2752 5514 sequenti
2780 5458 3046 5504 commate
3071 5453 3378 5519 geminavit.
3414 5454 3522 5509 lloc

1941 5538 2024 5586 est
2045 5531 2188 5585 enim
2215 5534 2355 5602 quod
2385 5533 2536 5599 dicit,
2591 5546 2636 5590 et
2667 5540 2927 5608 justitiam
2971 5551 3111 5597 tuam
3161 5543 3299 5600 Filio
3346 5548 3520 5620 Regis,

1940 5623 2080 5691 quod
2107 5623 2349 5692 superius
2378 5627 2451 5681 ait
2480 5647 2492 5681 :
2525 5630 2790 5686 Judicium
2825 5643 2969 5687 tuum
3001 5635 3127 5708 Regi
3153 5640 3243 5694 da.
3284 5639 3436 5708 Quod
3469 5642 3522 5697 in

1943 5715 2233 5785 Scripturis
2256 5719 2445 5776 divinis
2469 5722 2535 5778 ad
2558 5725 2955 5794 exprimendam
2978 5744 3192 5789 causam
3222 5733 3526 5807 frequenter
