3956 6178
400 329 446 383 ὗί
457 325 503 376 t7

1621 313 1690 366 M.
1735 306 2013 366 AUREI."
2050 303 2453 372 CASSIODORI

3577 307 3686 362 508

401 438 613 493 invenis
642 452 760 492 esse
788 436 1071 504 repetitum
1099 452 1110 495 ;
1148 433 1390 487 sicntcst
1420 429 1550 484 illud
1583 447 1595 483 ε
1654 427 1756 496 Qui
1800 428 1993 480 habitat
2025 426 2072 485 Α
2100 423 2239 477 dicio
2285 439 2406 479 esse
2457 423 2754 492 probantur
2797 422 3009 492 abjecti,
3063 423 3183 478 dum
3219 433 3272 480 et
3305 441 3334 479 a
3366 425 3685 482 testimoniis

402 539 454 590 i-tt
475 535 613 589 caelis
636 534 860 586 irridebit
885 549 989 598 ros,
1019 542 1062 584 et
1084 530 1332 582 Dominus
1355 525 1687 581 subsannabit
1713 541 1796 578 eos
1821 521 1993 591 (Ptol.

403 644 464 689 tt.
494 629 548 694 4)
572 643 586 688 ;
613 635 664 680 et
696 623 823 677 illud
851 642 863 676 :
914 621 1038 674 (Σιειὶ
1085 629 1326 674 enarrant
1371 621 1421 690 gl
1457 619 1591 670 riam
1623 617 1738 679 Dei,
1767 623 1812 668 ct
1840 630 1997 680 opera

403 731 644 768 manuum
671 714 785 784 ejus
817 713 1086 764 annuntiat
1119 711 1499 776 ﬁrmamentum
1528 705 1699 771 (l’tal.
1735 720 1883 769 XVIII,
1913 702 1991 773 ἓ).

405 811 534 862 Nam
579 817 634 860 ει
678 821 909 875 sequens
953 821 1142 860 vevsus
1191 805 1378 857 eodem
1431 803 1594 855 modo
1635 799 1993 867 depromitur.

403 904 532 969 Qua-
559 903 724 968 ligni-ra
758 899 956 952 dicitur
997 899 1266 965 opinione,
1304 898 1353 948 id
1401 905 1483 948 est
1527 892 1778 961 repetitio
1809 890 1996 943 crebra

404 994 709 1055 sentcntiae,
762 993 972 1060 qunties
1003 1006 1103 1041 una
1140 1002 1228 1042 res
1270 987 1334 1040 ad
1366 985 1736 1039 inculcandam
1779 995 1994 1036 causam

407 1086 636 1138 diversis
667 1084 1009 1138 sermonibus
1039 1083 1284 1135 iteratur.
1339 1078 1642 1132 MeminisSe
1693 1084 1872 1129 autem
1901 1072 1998 1127 de-

409 1177 615 1239 bemus,
646 1174 1070 1243 quotiesrunqtte
1097 1182 1187 1224 aut
1209 1172 1323 1240 ipso
1353 1171 1611 1223 Dominus
1629 1169 1876 1221 Christus
1898 1165 1999 1219 sibi

412 1269 538 1335 petit
569 1267 706 1330 dari,
739 1276 830 1317 aut
858 1267 993 1316 alter
1023 1274 1075 1316 ιιι
1116 1264 1164 1318 ei
1197 1263 1522 1316 concedatur
1551 1259 1876 1325 cxt‘ostulat,
1911 1272 2002 1308 na-

412 1371 586 1410 turam
621 1357 966 1410 humanitatis
997 1356 1276 1409 evidenter
1303 1355 1534 1406 ostendi.
1578 1350 1844 1403 Caeterum
1873 1348 2003 1401 Ver-

410 1451 532 1502 bum
562 1449 900 1517 omnipotens
931 1463 1049 1500 cum
1085 1455 1252 1501 totum
1289 1445 1483 1498 habent
1515 1443 1708 1504 Patris,
1744 1440 1874 1492 nihil
1899 1436 2000 1491 sibi

413 1544 612 1610 indich
647 1544 760 1595 dari
789 1583 804 1606 ,
856 1543 998 1597 sicut
1027 1542 1140 1608 ipse
1190 1539 1243 1592 in
1277 1536 1566 1607 Evangelio
1615 1535 1780 1589 dicit:
1817 1533 2006 1587 Omnia

417 1637 588 1690 Patris
617 1652 729 1690 mea
763 1646 879 1688 sunt
911 1633 1093 1704 (Joan.
1128 1646 1242 1694 va,
1278 1631 1385 1700 15).

486 1727 636 1780 \‘ers.
667 1727 721 1780 '2.
753 1725 999 1778 Judicare
1025 1723 1270 1794 populum
1314 1732 1457 1775 tuum
1491 1721 1544 1774 in
1573 1729 1661 1774 tua
1681 1718 1914 1788 justitia,
1957 1726 2003 1771 et

2103 516 2294 569 remoti
2324 526 2471 581 sunt,
2499 525 2552 570 et
2581 531 2610 570 a
2635 529 2892 569 consessu
2938 516 3235 570 honorabili
3269 519 3682 574 sulnuovcntur.

2101 609 2243 663 Deus
2273 619 2450 663 autem
2485 626 2735 679 pauperes
2763 624 2868 662 non
2904 609 2954 661 in
2989 607 3238 673 humana,
3271 610 3365 663 sed
3402 614 3451 662 in
3479 626 3573 663 sua
3592 613 3686 683 ju-

2100 703 2240 753 stifia
2264 702 2525 771 judicabit
2551 741 2568 765 ,
2601 703 2721 767 quia
2753 702 2898 768 ipsos
2921 702 3087 768 magis
3116 701 3297 766 elegit,
3323 716 3455 769 quos
3488 711 3689 756 morta-

2103 795 2227 846 litas
2258 793 2485 860 superba
2510 792 2778 860 despexit.
2827 791 3040 845 Addidit
3068 807 3307 862 quoque,
3355 793 3554 859 populi,
3599 793 3689 846 ubi

2103 885 2528 939 subaudiendum
2587 894 2666 940 est
2721 885 2918 938 ﬁdelis.
2983 883 3096 938 Non
3143 887 3285 939 enim
3340 900 3690 953 qun-cunque

2105 990 2364 1042 pauperes
2419 976 2674 1030 Dominus
2727 976 2774 1029 el
2813 977 2907 1044 git,
2964 976 3056 1030 sed
3111 976 3293 1045 quales
3351 976 3463 1042 ipse
3514 975 3688 1028 dicit:

2107 1067 2252 1122 Beati
2294 1085 2538 1137 pauperes
2565 1070 2769 1140 spiritu,
2819 1070 3058 1139 quoniam
3107 1072 3335 1138 ipsorum
3379 1079 3452 1122 est
3480 1087 3694 1138 regnum

2105 1161 2344 1215 caelorum
2372 1160 2589 1232 (Matth.
2614 1177 2669 1226 ν,
2695 1161 2773 1230 ὖ).
2807 1162 3080 1230 Sequitur,
3109 1175 3156 1214 et
3181 1165 3347 1215 salvos
3379 1163 3526 1230 faciet
3557 1163 3695 1229 ﬁlios

2108 1269 2408 1320 pauperum.
2467 1252 2726 1319 Pauperes
2777 1253 2977 1306 Christi
3025 1264 3144 1308 sunt
3191 1255 3418 1320 apostoli
3454 1257 3530 1307 vi-l
3567 1271 3694 1320 pro-

2109 1344 2302 1414 phetat,
2340 1345 2428 1413 qui
2484 1345 2666 1398 mundi
2721 1345 2871 1399 istius
2907 1347 3234 1414 opulentiam
3281 1347 3446 1400 electa
3484 1345 3696 1399 Do.i.ini

2110 1444 2420 1502 paupertate
2473 1444 2937 1503 contempserunt.
3002 1436 3071 1490 de
3108 1451 3213 1504 quo
3258 1442 3516 1505 scrip'nm
3571 1446 3695 1490 cst:

2111 1525 2212 1588 Qui
2239 1542 2354 1578 cum
2381 1526 2521 1578 dives
2547 1534 2700 1591 esset,
2729 1542 2923 1597 pauper
2949 1528 3116 1596 factus
3140 1537 3212 1580 cst
3243 1544 3374 1598 prop
3397 1545 3451 1580 er
3485 1545 3575 1580 nos
3604 1525 3695 1597 (II

2110 1617 2230 1672 Cor.
2262 1634 2373 1682 vin,
2402 1619 2481 1684 9).
2529 1619 2766 1685 Quorum
2817 1619 2909 1674 ﬁlii
2960 1635 3082 1674 sum
3127 1623 3306 1690 populi
3355 1621 3698 1688 Christiani;

2110 1726 2296 1766 eorum
2324 1713 2465 1767 enim
2501 1715 2878 1781 praedicatione
2908 1717 3147 1785 generati
3182 1726 3325 1781 sunt,
3375 1717 3568 1785 quibus
3599 1718 3700 1769 do-

409 1839 657 1891 panpurcs
687 1833 798 1874 tuos
827 1821 879 1873 in
913 1820 1015 1891 jud
1040 1821 1138 1872 cio.
1183 1815 1420 1885 Exponit
1455 1830 1671 1870 causam
1701 1828 1868 1881 quare
1902 1827 1993 1881 pe-

2110 1802 2340 1858 tentibus
2367 1803 2589 1858 credere
2619 1813 2932 1858 meruerunt
2960 1845 2975 1869 ,
3033 1804 3175 1858 sicut
3205 1807 3492 1873 Aposmtus
3519 1806 3654 1859 dicit
3687 1826 3699 1858 :

411 1915 594 1966 tivcrit
625 1913 759 1967 Filio
780 1913 871 1980 jud
897 1913 1037 1965 cium
1065 1910 1206 1971 dari,
1250 1908 1478 1972 scilicet,
1511 1915 1568 1960 ut
1586 1906 1782 1976 judicet
1813 1904 1910 1958 orb
1931 1919 1996 1955 'm

409 2021 672 2059 terrarum
715 2020 809 2072 per
856 2002 1115 2070 justitiam
1156 1999 1350 2063 Patris,
1391 2015 1550 2068 quam
1587 2008 1763 2051 tamen
1791 2007 1845 2050 et
1878 1994 1998 2048 Filii

410 2112 528 2152 css-
561 2112 663 2150 non
695 2095 915 2148 dubium
961 2103 1064 2146 cst.
1119 2090 1249 2144 Nam
1293 2091 1414 2145 ideo
1444 2089 1577 2143 dicit
1609 2088 1774 2152 Patri,
1826 2089 1879 2140 in
1908 2097 1998 2140 tua

411 2191 628 2257 iustitia,
673 2205 738 2241 ne
769 2189 889 2257 quis
915 2201 1050 2239 ausu
1079 2185 1251 2240 sacrili
1272 2201 1340 2255 go
1370 2185 1678 2252 discrepare
1701 2183 1915 2236 sibimet
1947 2181 2000 2235 in

411 2283 589 2348 aliquo
617 2287 857 2332 sanctam
882 2279 1114 2330 instituet
1139 2276 1211 2330 Tr
1235 2277 1476 2328 nitatem.
1505 2274 1779 2342 Sequitur,
1804 2283 1850 2326 et
1871 2291 2001 2344 pau-

411 2388 550 2440 peres
580 2382 691 2422 tuos
737 2370 789 2422 in
825 2369 1050 2439 judicio.
1110 2367 1249 2420 Dicit
1291 2365 1451 2420 etiam
1495 2381 1745 2432 pauperes
1799 2365 2000 2429 Patris,

411 2465 536 2517 dum
569 2472 621 2514 ct
661 2460 860 2514 Christi
901 2459 1112 2512 Domini
1160 2457 1690 2521 esse.dcc|areutnr;
1753 2464 1810 2509 ut
1860 2455 1999 2511 idem

337 2586 347 2597 -
412 2554 741 2623 intelligatur
772 2553 826 2606 in
855 2551 940 2605 illi
972 2553 1252 2618 majestate
1281 2548 1410 2602 nihil
1457 2547 1734 2616 potestatis
1764 2563 1886 2601 esse
1915 2546 2000 2601 di-

413 2651 578 2702 visum
606 2686 622 2711 ,
663 2648 803 2698 sicut
850 2644 964 2714 ipse
1012 2645 1062 2697 in
1112 2642 1400 2712 Evangelio
1449 2641 1617 2696 dicit:
1654 2641 1842 2695 Omnia
1889 2657 2001 2708 qua:

412 2739 557 2792 habet
591 2737 746 2790 Pater
775 2753 887 2791 mea
913 2747 1030 2791 sunt
1062 2733 1241 2806 (Joan.
1277 2751 1386 2800 xvi,
1428 2735 1537 2802 l5).
1584 2733 1844 2802 Paupercs
1871 2748 2000 2803 ergo

414 2830 505 2883 Dei
537 2839 661 2884 sunt
685 2829 796 2899 qui,
829 2828 1095 2882 mundana
1119 2828 1368 2894 superbia
1399 2827 1681 2891 derelicta,
1717 2827 1999 2880 humilitati

413 2937 473 2973 sc
504 2936 598 2988 pcr
623 2921 805 2973 omnia
840 2918 1191 2973 tradiderunt.
1243 2918 1372 2970 Nam
1415 2928 1469 2970 et
1511 2919 1556 2970 si
1590 2933 1789 2985 pauper
1813 2934 2003 2986 snper-

415 3011 543 3076 ltiat,
578 3027 684 3065 non
711 3020 794 3065 est
827 3011 918 3066 Dei
949 3026 1181 3081 pauper;
1211 3019 1264 3064 et
1299 3011 1341 3062 si
1375 3011 1613 3078 locuples
1644 3009 1998 3063 humilitatem

409 3103 617 3171 diligat,
650 3117 754 3156 non
783 3111 866 3156 est
893 3104 1072 3156 seculi
1095 3101 1266 3154 divus.
1304 3099 1613 3154 Voluntates
1636 3101 1778 3154 enim
1812 3099 1999 3152 talium

411 3202 540 3249 sunt
561 3193 927 3262 inspiciendac,
959 3208 1062 3246 non
1096 3194 1332 3246 nomina.

481 3284 639 3340 νει-ε.
682 3285 736 3339 5.
789 3285 1085 3353 Suscipiunt
1132 3293 1325 3335 montes
1368 3297 1543 3348 pacem
1587 3279 1780 3347 populo
1807 3288 1926 3342 tuo,
1956 3291 2003 3334 et

412 3375 854 3445 rollesjustitiam.
878 3376 977 3430 Per
994 3385 1188 3428 montes
1210 3373 1497 3443 signiﬁcari
1531 3373 1836 3441 frequenter
1867 3371 2002 3425 dixi-

414 3483 535 3522 mus
559 3467 830 3534 apostolos
861 3477 914 3520 ει
943 3467 1252 3536 prophetas,
1285 3466 1376 3535 qui
1417 3465 1481 3520 ad
1513 3479 1745 3533 superna
1773 3463 2000 3517 ﬁrmiter

411 3557 604 3612 elevati
631 3557 836 3610 ecetein
855 3558 1041 3626 gratia:
1071 3556 1458 3625 proiimantnr.
1489 3554 1576 3609 Isti
1601 3569 1727 3623 ergo
1755 3553 1888 3608 tales
1909 3571 2004 3623 p.1-

413 3665 543 3710 cem,
563 3649 612 3702 id
635 3657 718 3702 est
737 3649 1010 3703 Christum
1027 3649 1310 3716 suscipiant
1328 3649 1465 3702 lidcli
1487 3647 1680 3716 populo
1709 3646 2006 3713 praedican-

415 3740 560 3794 dum.
584 3743 697 3808 Ipse
723 3749 806 3794 cst
830 3741 972 3793 enim
995 3741 1202 3794 Domini
1230 3742 1451 3810 populus
1481 3739 1572 3813 qui
1596 3740 1642 3792 ei
1672 3737 1920 3802 cred.d‘.t,
1950 3747 2004 3791 et

415 3830 676 3899 spirituali
697 3847 755 3884 se
781 3833 1187 3886 cenversationc
1205 3835 1465 3886 tractavit.
1486 3831 1761 3899 Sequitur,
1781 3841 1826 3884 et
1844 3829 2005 3885 colles

416 3923 686 3985 iustitiam.
737 3922 904 3977 Colles
950 3924 1078 3978 dicit
1128 3925 1364 3978 inferiori
1395 3924 1560 3993 gradu
1605 3933 1830 3978 caeteros
1876 3923 2004 3978 bea-

417 4023 518 4081 tos,
553 4016 641 4082 qui
675 4026 821 4070 recte
869 4017 1077 4071 Domini
1122 4018 1369 4071 videntur
1400 4017 1696 4083 praedicare
1727 4017 1918 4071 manda
1946 4033 1997 4071 a.

415 4107 547 4162 Nam
575 4117 628 4163 et
652 4127 828 4176 pacem
860 4111 1025 4181 (quod
1058 4113 1303 4181 superius
1333 4111 1577 4180 dixit).Ds
1602 4111 1808 4166 minum
1839 4113 2004 4180 signi-

416 4202 542 4252 ﬁcat
569 4199 904 4255 Salvatorem
935 4219 948 4268 ;
975 4213 1025 4256 ει
1045 4204 1325 4273 justitiam,
1352 4219 1472 4256 cum
1505 4204 1677 4270 ipsum
1705 4203 1820 4256 εἰη·
1851 4202 2005 4256 dubi-

415 4291 616 4344 tatione
654 4292 939 4361 designat;
992 4295 1127 4347 sicut
1179 4303 1233 4347 et
1268 4294 1391 4348 alibi
1426 4293 1661 4362 legitur:
1715 4291 1933 4345 Iustitia
1957 4304 2003 4345 et

418 4398 518 4452 pax
546 4383 790 4436 osculata:
814 4394 929 4436 sunt
957 4383 1129 4451 (Psal.
1160 4400 1374 4449 Lxxxw,
1403 4384 1515 4454 Η).
1550 4382 1668 4436 Pax
1701 4382 1844 4436 enim
1877 4398 2004 4435 vere

417 4473 636 4536 dicitur,
666 4474 787 4540 quia
819 4488 912 4541 per
946 4474 1118 4542 ipsum
1143 4475 1304 4528 homo
1336 4475 1716 4528 reconciliatus
1747 4483 1829 4527 εει
1858 4471 2000 4536 Deo;

2104 1891 2287 1946 Filioli
2315 1895 2432 1958 mei,
2477 1910 2605 1963 quos
2632 1895 2816 1948 iterum
2841 1896 3094 1966 parturit),
3130 1897 3290 1949 donec
3315 1895 3548 1951 Christus
3580 1898 3702 1966 for-

2104 1995 2269 2040 metur
2291 1988 2345 2040 in
2368 1988 2507 2041 vobis
2535 1987 2680 2059 (Gal.
2711 2003 2782 2052 Iv.
2816 1987 2940 2057 ill);
2986 1998 3041 2042 et.
3092 1989 3282 2043 iterum
3311 2007 3323 2043 :
3381 1987 3445 2042 In
3492 1987 3703 2042 Christo

2102 2075 2228 2130 Jesu
2271 2094 2361 2148 per
2392 2078 2728 2149 Evangelia»:
2769 2096 2860 2150 ego
2912 2097 2998 2134 vos
3027 2082 3180 2150 genui
3235 2080 3288 2152 (Ι
3316 2078 3437 2134 Cor.
3471 2097 3543 2142 Iv,
3585 2081 3699 2151 l3).

2112 2168 2218 2221 llos
2247 2183 2377 2238 ergo
2406 2171 2584 2225 salvos
2612 2171 2792 2241 faciet,
2840 2185 2974 2241 quos
3007 2171 3143 2226 ﬁlios
3185 2173 3547 2241 apostolorum
3575 2188 3704 2227 esse

2105 2261 2436 2328 cognoverit.
2509 2260 2756 2330 Adjecit,
2813 2271 2859 2315 et
2909 2261 3200 2314 ltumitiabit
3249 2264 3704 2316 catumniatorem.

2108 2353 2264 2425 24],
2298 2353 2742 2408 Caluumiatorem
2767 2353 3035 2409 diabolum
3067 2355 3353 2424 signiﬁcat,
3380 2357 3704 2424 superbum,

2107 2446 2406 2508 crudelem,
2429 2447 2810 2510 insatiabilem,
2831 2447 3089 2500 malorum
3115 2449 3350 2501 omnium
3378 2448 3705 2518 principem.

2111 2537 2466 2592 Discutiamus
2533 2539 2674 2593 enim
2740 2554 2908 2607 quare
2973 2538 3146 2592 dictus
3192 2550 3277 2594 est
3330 2539 3703 2593 calumniator.

2106 2628 2149 2683 Κ
2175 2629 2404 2683 litteram
2430 2631 2638 2701 jndices
2670 2631 2871 2699 antiqui
2906 2631 3340 2685 damnationibus
3366 2630 3662 2701 afﬁgebant
3691 2649 3705 2695 ;

2108 2729 2162 2776 et
2201 2721 2458 2791 quoniam
2503 2722 2737 2776 crudelis
2785 2722 3123 2791 inipngnatnr
3162 2721 3706 2776 i-ondcmnationibns

2109 2816 2246 2870 favet
2270 2816 2481 2879 alienis,
2507 2815 2549 2869 Κ
2601 2816 2794 2870 littera:
2821 2816 3043 2871 militem
3074 2815 3489 2869 calunmintorrm
3519 2820 3710 2887 appel-

2111 2909 2226 2963 lare
2255 2909 2559 2963 voluerunt.
2607 2907 2970 2962 Calumniator
2999 2909 3175 2977 itaque
3203 2920 3281 2962 est
3325 2910 3415 2980 qui
3447 2911 3709 2967 innocen-

2109 3001 2236 3055 tiam
2266 3003 2492 3055 alicnam
2540 3002 2590 3054 in
2635 3011 2844 3078 rentum
2897 3001 3082 3055 nititur
3123 3003 3383 3069 exquisita
3420 3004 3707 3058 machina-

2115 3097 2260 3150 tione
2291 3096 2623 3165 pcrducere;
2668 3094 2808 3164 quod
2855 3093 3074 3148 diabolo
3105 3109 3339 3163 congrue
3372 3095 3583 3149 videtur
3609 3111 3709 3164 ap-

2033 3185 2079 3249 C
2113 3197 2302 3251 tatum,
2332 3188 2421 3255 qui
2447 3188 2731 3241 humanum
2762 3201 2932 3256 genus
2956 3187 3068 3241 suis
3095 3186 3367 3241 fraudibus
3393 3197 3468 3241 tot
3490 3191 3709 3244 szrcnlis

2116 3282 2370 3349 probatur
2419 3281 2678 3349 impetere
2722 3279 2841 3349 [πη.
2878 3279 2967 3340 Α..
3016 3278 3316 3350 impedire].
3361 3280 3500 3347 Quid
3549 3281 3699 3334 enim

2117 3374 2234 3442 plus
2261 3373 2651 3427 calumniosum
2673 3388 2832 3442 quam
2865 3383 3137 3426 auctorem
3163 3387 3281 3426 esse
3305 3371 3620 3435 criminum,
3648 3384 3706 3426 et

2110 3465 2374 3518 Culturam
2400 3464 2500 3518 sibi
2537 3466 2674 3518 velle
2704 3465 2982 3519 vindicare
3023 3462 3329 3518 terrarum?
3361 3463 3509 3517 Hunc
3543 3463 3693 3517 enim

2111 3559 2440 3626 s-piritualem
2489 3569 2772 3629 tyrannum
2822 3558 3124 3612 humiliabit
3181 3557 3466 3621 Dominus,
3521 3573 3708 3627 quan-

2111 3651 2181 3703 do
2210 3650 2303 3703 illo
2325 3665 2446 3703 cum
2479 3649 2698 3717 perﬁdis
2718 3649 2994 3716 damnato,
3027 3647 3211 3703 ﬁdeles
3251 3663 3311 3702 se
3342 3649 3575 3702 viderint
3618 3665 3710 3702 rc-

2110 3756 2276 3811 gnare
2304 3757 2422 3794 cum
2448 3741 2682 3795 Christo.

2186 3830 2337 3886 Vers.
2369 3813 2422 3886 δ’.
2457 3831 2522 3884 Et
2559 3832 2868 3901 permanebit
2891 3847 3007 3884 cum
3037 3832 3170 3894 sole,
3204 3841 3251 3883 et
3277 3841 3391 3882 ante
3416 3831 3616 3892 lunam,
3649 3831 3705 3882 in

2109 3924 2348 3976 mentum
2379 3924 2576 3976 sa'culi.
2612 3921 2708 3977 llic
2740 3921 2913 3976 honor
2952 3931 3155 3976 sancta:
3201 3921 3587 3974 incarnationis
3616 3937 3716 3974 ex-

2113 4014 2347 4082 ponitur,
2379 4029 2498 4082 quae
2522 4022 2798 4079 permanet
2821 4013 2967 4065 unita
2994 4027 3115 4064 cum
3150 4011 3354 4078 Verbo;
3391 4011 3542 4064 sedet
3561 4012 3715 4065 enim

2109 4110 2174 4162 ad
2206 4108 2482 4163 dexteram
2535 4107 2740 4172 Patris,
2793 4123 3027 4176 regna-ns
3058 4109 3108 4162 in
3138 4109 3305 4178 gloria
3351 4109 3712 4178 sempiterna.

2109 4200 2204 4252 Sol
2233 4199 2428 4268 quippe
2461 4199 2654 4267 legitur
2706 4198 2935 4253 Verbum
2981 4200 3180 4263 Patris,
3235 4199 3401 4254 Filius
3449 4199 3575 4265 De,
3619 4202 3715 4268 qui

2111 4290 2250 4344 Dens
2295 4291 2492 4356 homo,
2539 4306 2676 4343 unus
2707 4307 2769 4344 ex
2801 4291 3010 4345 duabus
3052 4301 3101 4346 et
3154 4292 3210 4345 in
3249 4292 3457 4346 du.-bns
3501 4296 3716 4346 naturis

2107 4380 2375 4436 distinctis
2402 4392 2564 4450 atque
2593 4381 2846 4450 perlectis
2879 4393 3155 4448 [ιεινιιοειιιει
3184 4381 3460 4446 Christus;
3494 4383 3560 4437 de
3591 4384 3714 4452 ipso

2108 4471 2250 4524 enim
2279 4470 2471 4523 dict-uri
2503 4482 2625 4525 sunt
2657 4471 2804 4536 impii
2832 4489 2845 4524 :
2877 4473 2974 4526 Sol
3018 4489 3117 4525 nou
3145 4488 3286 4527 ortus
3333 4484 3406 4526 est
3447 4475 3592 4526 nobis
3617 4517 3631 4538 ,
3663 4487 3716 4527 et

419 4565 656 4630 Iustitia,
701 4567 952 4634 quoniam
983 4567 1171 4620 oibem
1208 4573 1468 4620 terrarum
1502 4567 1602 4620 sub
1631 4565 1887 4634 mquitate
1912 4563 1999 4632 ju-
2038 4567 2084 4627 ι)
2100 4563 2319 4634 justitia:
2360 4563 2530 4616 lumen
2559 4579 2661 4616 non
2689 4564 2816 4617 luait
2846 4565 2990 4617 nobis
3033 4564 3195 4634 (Sap.
3227 4580 3278 4632 ν,
3312 4565 3401 4634 6).
3433 4565 3716 4632 Sequitur,

417 4656 651 4719 dicabit,
700 4659 789 4726 qui
837 4658 996 4711 etiam
1051 4658 1323 4712 diabolum
1373 4674 1467 4728 per
1510 4657 1776 4726 justitiam
1831 4655 2006 4725 magis

418 4762 572 4817 quam
598 4749 850 4815 potentia!
879 4749 1074 4803 virtute
1102 4749 1392 4817 superavit.

491 4838 643 4893 Vers.
680 4846 731 4892 4.
763 4840 828 4892 In
861 4857 955 4893 sua
995 4841 1201 4909 justitia
1240 4840 1495 4912 juiticabit
1525 4850 1776 4910 pauperes
1804 4837 2005 4908 populi,

417 4939 462 4981 et
487 4928 653 4980 salvos
681 4929 834 4999 faciet
860 4930 996 4996 ﬁlios
1023 4948 1306 5002 pauperum
1349 4945 1367 4984 :
1421 4939 1468 4984 et
1495 4930 1782 4984 humiliabit
1811 4931 2008 4983 calum-

417 5021 683 5072 niatorem.
737 5019 1004 5074 Hactenus
1036 5022 1271 5088 optando
1303 5022 1509 5075 locutus
1539 5029 1623 5075 est
1650 5061 1664 5084 ,
1715 5035 1859 5074 nunc
1909 5035 2004 5074 ve-

417 5112 570 5164 niens
596 5111 662 5164 ad
707 5113 998 5166 secundam
1031 5122 1233 5181 partem
1286 5113 1583 5182 prOpbetiaa
1629 5113 1847 5175 virtute,
1879 5127 2000 5181 quae

417 5211 523 5256 sint
555 5206 788 5258 adventu
817 5204 1030 5260 Domini
1061 5207 1382 5274 praestanda,
1417 5205 1752 5260 diversarum
1786 5205 2010 5272 parabo-

418 5296 587 5348 larum
620 5295 980 5365 pulcherrima
1012 5299 1266 5352 varietate
1296 5305 1700 5352 commemorat.
1729 5296 1861 5349 Nam
1885 5313 2005 5350 cum

419 5386 666 5454 superius
691 5387 886 5442 dixerit
918 5389 1080 5452 Patri,
1125 5392 1178 5441 in
1221 5397 1310 5441 tua
1329 5389 1563 5460 justitia,
1613 5402 1756 5442 nunc
1779 5387 1909 5441 dicit
1938 5390 2004 5442 de

420 5477 578 5546 Filio,
607 5482 656 5534 in
683 5499 778 5536 sua
796 5483 1034 5553 justitiu;
1067 5492 1121 5535 ut
1155 5482 1380 5536 ﬁrmiter
1409 5491 1592 5537 teneas
1627 5481 1757 5535 nihil
1788 5480 1860 5535 ibi
1887 5495 2006 5536 esse

419 5582 512 5626 aut
549 5572 862 5644 discrepans
910 5586 1000 5629 aut
1048 5574 1322 5638 divisum;
1373 5573 1467 5630 sed
1516 5589 1638 5643 quae
1683 5581 1767 5629 cst
1812 5574 2006 5638 Patris,

421 5663 534 5731 ipsa
562 5673 646 5720 est
671 5675 723 5720 et
753 5665 874 5720 Filii
902 5667 1018 5720 sine
1040 5666 1375 5722 dubitatione
1400 5666 1632 5737 justitia.
1668 5664 1799 5719 Nam
1831 5673 1885 5720 et
1911 5665 2003 5718 ali~

425 5766 507 5811 Icr
533 5765 702 5826 potest
727 5757 970 5830 intelligi.
1005 5757 1269 5829 Pauperes
1295 5757 1498 5814 Christi
1529 5756 1713 5814 saeculi
1744 5754 1900 5812 istius
1928 5755 2008 5825 ju-

2109 4661 2153 4705 ct
2174 4662 2289 4705 ante
2318 4654 2492 4706 lunam
2519 4654 2572 4707 in
2594 4653 2844 4707 saxulum
2875 4654 3085 4718 saeculi;
3118 4655 3544 4708 subaudiendum
3566 4659 3716 4725 quod

2110 4748 2358 4814 superius
2399 4747 2572 4813 dixit,
2618 4750 2952 4817 permanebit.
2990 4748 3263 4802 Permanet
3305 4766 3433 4803 vero
3461 4750 3718 4805 Christus

2111 4848 2228 4892 ante
2251 4840 2451 4902 lunam,
2477 4841 2606 4894 sciti.
2627 4850 2682 4894 et
2722 4854 2849 4896 ante
2867 4851 3216 4911 ειοηειιεειιιιιι
3249 4843 3523 4908 Ecclesiae,
3548 4860 3718 4915 quem

2111 4930 2290 4983 cordis
2317 4945 2532 4996 semper
2571 4931 2862 4984 luminibus
2902 4944 3207 4986 contuimur.
3244 4933 3390 4986 Luna
3430 4936 3576 4988 enim
3611 4935 3718 4989 Ec-

2111 5023 2288 5077 clesia:
2326 5024 2521 5077 Inerito
2546 5036 2926 5093 comparatur,
2959 5041 3079 5096 qua:
3120 5030 3357 5080 nativum
3401 5044 3506 5081 non
3553 5031 3717 5088 habet

2113 5116 2475 5183 splendorem,
2511 5117 2602 5168 sed
2635 5132 2663 5168 a
2695 5117 2810 5170 sole
2835 5120 3002 5171 certis
3035 5120 3207 5173 modis
3246 5121 3471 5189 suscipit
3510 5122 3719 5188 limen;

2113 5206 2254 5274 quod
2277 5208 2569 5258 aall‘ttnttllli
2605 5205 2741 5260 inter
2763 5209 2863 5260 alia
2893 5208 3176 5276 diligenter
3198 5220 3496 5278 exponunt.
3524 5211 3718 5266 Mirum

2116 5313 2334 5365 prorsus
2364 5305 2418 5351 et
2443 5297 2600 5351 altius
2631 5300 2948 5366 stupendum
2980 5311 3055 5354 tot
3085 5302 3319 5355 siderum
3350 5317 3575 5366 cursus,
3610 5314 3719 5358 tam

2111 5391 2401 5458 ingentium
2425 5406 2599 5445 rerum
2626 5392 2823 5447 arduas
2843 5394 3170 5464 siibtllesque
3189 5410 3470 5449 mensuras
3491 5411 3722 5451 munere

2109 5481 2380 5536 Creatoris
2416 5498 2584 5552 usque
2614 5485 2678 5536 ad
2715 5484 3000 5539 humanam
3032 5489 3268 5554 potuisse
3303 5489 3594 5554 pervenire
3623 5505 3721 5542 no-

2113 5573 2307 5626 titiam.
2339 5573 2430 5626 δίε
2459 5589 2592 5640 ergo
2622 5575 2858 5629 Ecclesia
2892 5591 2921 5629 a
2951 5591 3080 5631 vero
3107 5577 3197 5631 illo
3226 5577 3481 5632 Creatorc
3512 5595 3722 5632 Incusu-

2115 5674 2232 5719 rate
2261 5665 2499 5733 suscepit
2532 5665 2712 5722 lumen
2739 5708 2755 5733 ,
2793 5684 2914 5736 qua:
2945 5667 3104 5724 modo
3137 5671 3610 5738 persecutionibus
3641 5672 3722 5726 vi-

2115 5757 2272 5812 detur
2296 5757 2576 5825 imminui,
2605 5760 2909 5830 iterumque
2941 5763 3324 5833 tranquillitate
3349 5774 3588 5834 recepta,
3615 5764 3722 5822 cla.
