3956 6178
213 335 297 392 509
1128 332 1489 391 EXl'OSITlO
1530 334 1596 388 IN
1641 332 2091 389 l'SALTERlUM.
2141 334 2310 388 l‘SAL
2372 332 2555 388 LXXI.

3375 336 3480 392 5H)

211 449 399 506 tissimi
428 450 645 504 luminis
670 448 934 503 hilaritate
957 448 1275 517 completur.
1302 447 1429 501 Nam
1462 448 1601 517 quod
1625 447 1780 510 dixit,
1814 452 1857 509 Α
1889 449 1992 511 s'a,
2016 458 2104 501 aut
2134 446 2457 502 constitutus
2502 443 3003 516 prazdestinatorum
3044 462 3304 503 numerus
3330 463 3483 505 com-

210 545 253 597 ιη
273 540 519 596 iaculum
546 539 737 599 swculi,
768 551 975 608 tempus
995 540 1184 593 indicat
1209 540 1425 592 omnino
1450 549 1787 606 perpetuum,

209 636 337 687 sicut
365 634 563 702 legitur
591 650 603 683 :
642 630 703 684 Et
733 633 875 701 regni
895 633 1002 700 eJ'ut
1030 647 1131 684 non
1155 633 1249 683 erit
1281 631 1399 697 finis
1421 629 1577 700 (lsai.
1603 646 1676 695 ιιι,
1710 631 1784 697 7).

278 727 431 778 Vers.
460 725 513 778 6.
546 723 612 776 Et
646 723 910 777 descendet
937 740 961 776 ε
984 733 1063 775 cut
1096 724 1266 790 pluria
1294 724 1347 775 in
1379 723 1556 789 vellus,
1589 734 1635 776 et
1658 724 1789 776 sicut

208 818 464 870 tlillicidia
485 816 733 869 stillantia
761 832 910 886 super
932 825 1136 867 terram.
1165 815 1257 868 llic
1284 815 1453 876 ipsum
1479 816 1786 885 mysterium

206 910 450 976 gloriosa:
478 906 769 961 nativi'atis
792 907 1096 974 exponitur.
1132 905 1259 958 Nam
1293 905 1546 959 Dominus
1573 906 1656 958 ille
1688 905 1789 958 vir-

208 1010 371 1052 tutunt
401 1008 529 1051 ante
570 998 721 1066 cujus
769 1006 1115 1063 conspectum
1150 1006 1290 1050 leraa
1323 996 1629 1049 tremefacta
1663 1012 1790 1050 con-

204 1090 432 1153 cutitur,
476 1089 652 1140 omnis
700 1097 941 1141 creatura
991 1086 1266 1150 turbatur,
1309 1101 1429 1139 ctnn
1464 1102 1566 1138 non
1617 1094 1791 1153 potest

206 1183 471 1235 ullatenus
498 1182 775 1245 sustineri,
820 1180 1034 1248 quando
1066 1196 1124 1233 se
1158 1181 1355 1232 mavult
1390 1180 1666 1234 manifesta
1699 1194 1789 1247 po-

206 1282 396 1327 testate
426 1272 700 1340 cognosci,
736 1273 900 1326 voluit
933 1271 1124 1325 leniter
1152 1274 1204 1323 in
1229 1283 1381 1325 utero
1411 1272 1651 1340 virginali
1674 1270 1790 1326 sine

206 1364 384 1431 aliquo
431 1364 692 1427 strepitu,
742 1372 991 1427 tanqu-tn
1038 1362 1209 1429 pluvia
1249 1363 1297 1413 in
1334 1362 1489 1413 vellus
1518 1375 1666 1429 agna:
1698 1363 1787 1413 de-

204 1453 467 1513 scendere;
496 1460 555 1502 ut
582 1451 827 1504 virtutem
859 1467 1009 1504 suam
1046 1451 1166 1504 hinc
1196 1452 1361 1519 magis
1389 1452 1712 1511 ostenderet,
1745 1455 1787 1505 si

206 1545 343 1597 illam
376 1543 705 1599 ineliabiletn
748 1554 929 1610 potent
952 1559 1034 1597 atn
1069 1553 1452 1611 temperasset;
1487 1546 1626 1599 sicut
1664 1544 1811 1631 dicit.

204 1635 494 1700 Apostolus
528 1654 541 1687 :
577 1634 679 1699 Qui
710 1651 824 1686 cum
850 1635 903 1686 in
935 1636 1097 1702 forma
1132 1634 1223 1688 Dei
1250 1646 1396 1698 esset,
1430 1652 1531 1689 non
1556 1636 1791 1701 rapinam

202 1727 479 1778 arbitratus
525 1736 599 1777 est
644 1741 748 1778 esse
786 1742 841 1777 se
877 1726 1123 1793 (aqualem
1159 1725 1300 1787 Deo;
1342 1727 1430 1778 sed
1469 1729 1791 1795 rentetipsum

1897 539 2123 605 plrnlttl‘.

1965 628 2115 682 γυνθ.
2147 629 2199 684 8.
2232 627 2296 682 Et
2328 629 2672 682 dominabitur
2699 646 2731 682 α
2759 631 2888 682 mari
2918 646 3076 700 usque
3105 631 3174 684 ad
3198 649 3356 698 mare,
3382 644 3428 687 et
3450 651 3480 687 a

1890 722 2104 788 [tantine
2154 737 2310 789 usque
2342 721 2407 773 ad
2451 721 2692 773 terminos
2738 722 2874 774 orbis
2902 732 3068 775 terrte.
3104 720 3479 789 Dominabitur,

1891 810 2043 876 dixit,
2078 812 2223 864 cultu
2268 810 2537 881 religionis
2568 811 2726 865 latins
2757 814 3036 867 innotescit
3070 814 3253 882 utique
3296 816 3480 870 Domi-

1895 915 1992 953 nus
2024 901 2269 954 Christus
2290 942 2304 964 ,
2336 902 2401 955 de
2430 918 2533 970 quo
2567 902 2840 970 superinta
2872 913 3099 967 canunt,
3132 913 3188 957 et
3225 905 3478 960 inferiora

1893 993 2093 1047 dictura
2119 1004 2263 1047 sunt.
2293 992 2436 1046 Istud
2460 1003 2636 1047 autem
2663 993 2725 1045 ad
2752 994 3092 1047 Salomonem
3122 995 3285 1048 lilium
3315 998 3475 1050 David

1893 1082 2213 1136 omnimodis
2242 1098 2345 1135 non
2374 1091 2547 1149 putest
2572 1085 2864 1150 pertinere,
2886 1086 2973 1152 qui
3009 1096 3211 1138 tantum
3245 1090 3295 1140 in
3324 1100 3479 1156 gente

1892 1172 2075 1228 Jnda-a
2111 1188 2201 1226 rex
2238 1172 2400 1227 fuisse
2431 1176 2789 1243 cognoscitur.
2829 1174 2973 1227 Mare
3018 1178 3157 1229 enim
3205 1179 3473 1231 Oct-auum

1892 1264 2148 1317 debemus
2175 1264 2491 1328 advertere,
2532 1271 2619 1330 qui
2670 1280 2848 1319 aream
2885 1269 3045 1320 totius
3101 1276 3257 1322 terra?
3298 1270 3479 1339 (sicut

1893 1357 2106 1425 quidam
2134 1356 2341 1424 dicunt)
2368 1357 2530 1411 limbo
2554 1373 2651 1409 suo
2682 1358 3040 1411 circumactus
3072 1360 3316 1417 includit.
3348 1362 3475 1414 Nam

1893 1448 1933 1501 si
1972 1450 2132 1499 maria
2162 1448 2258 1500 ista
2294 1448 2549 1500 ttnstratia
2584 1448 2713 1502 velis
2737 1450 3055 1517 intelligere,
3087 1453 3255 1505 totius
3287 1453 3468 1511 mundi

1893 1538 2172 1601 ambitum,
2196 1554 2349 1606 quem
2379 1552 2564 1591 versus
2591 1538 2691 1592 iste
2717 1537 3005 1606 signiﬁcat,
3032 1557 3135 1594 non
3163 1543 3478 1610 prmvalebis

1892 1629 2192 1682 advertere.
2227 1629 2496 1698 SeQuitur,
2531 1640 2576 1682 et
2614 1647 2645 1681 α
2684 1633 2895 1699 ﬂumine
2938 1649 3094 1702 usque
3138 1634 3207 1685 ad
3238 1636 3479 1688 terminos

1895 1717 2031 1771 orbis
2065 1729 2230 1771 terrae.
2269 1718 2489 1771 l’ttlcltra
2536 1719 2747 1786 quidem
2798 1721 3029 1773 breiitas
3053 1761 3067 1785 ,
3114 1722 3207 1775 St'd
3238 1723 3471 1792 ingentia

202 1818 482 1870 exinaniri!
506 1818 727 1886 formam
750 1818 879 1870 servi
894 1818 1167 1884 accipiens,
1190 1820 1238 1870 in
1264 1817 1599 1871 similitudine
1621 1818 1788 1872 Itomi-
1821 1821 1867 1880 Β
1896 1809 2049 1862 ιιοὺὶδ
2081 1821 2414 1862 sacramenta
2451 1810 2704 1877 profudit.
2738 1811 2781 1862 Α
2807 1812 3039 1880 ﬂumine,
3070 1826 3099 1863 a
3132 1813 3366 1868 Iordane
3395 1816 3475 1867 di-

203 1924 321 1958 uum
351 1908 546 1976 factus,
591 1919 636 1960 et
661 1906 831 1960 habitu
858 1910 1087 1961 int'entus
1116 1917 1169 1960 ut
1200 1909 1350 1960 homo
1383 1908 1606 1979 (Philip.
1638 1925 1691 1970 tt,
1729 1910 1779 1973 6,

203 1998 276 2066 7).
318 1998 423 2053 Sed
456 1999 860 2050 etinsitleretnus
903 2006 1063 2050 tantm
1096 1998 1172 2051 rei
1199 2001 1373 2066 qualis
1402 2000 1696 2053 similitudo
1724 2001 1792 2053 sit

204 2094 391 2162 posita.
441 2091 643 2145 Vrllera
673 2093 807 2145 Ianxe
835 2102 957 2145 sint
984 2098 1190 2157 ovium,
1220 2108 1337 2161 qum
1380 2094 1454 2146 sic
1486 2110 1673 2162 aquam
1708 2110 1791 2149 re-

208 2183 434 2245 cipiunt,
470 2193 528 2234 ttt
559 2182 700 2234 nulla
733 2183 994 2236 divisione
1038 2196 1381 2251 rumpantur,
1414 2193 1467 2236 ct
1497 2185 1686 2237 iterum
1717 2198 1741 2237 s
1763 2199 1793 2238 c

206 2274 456 2332 reddunt,
485 2284 542 2326 ut
566 2274 616 2325 in
641 2275 750 2327 sitis
774 2273 1169 2341 integritatibtts
1190 2283 1552 2341 pi'rseverent.
1574 2274 1789 2342 Audite,

204 2368 237 2417 si
260 2366 353 2432 qui
387 2365 570 2418 adhuc
602 2365 731 2417 estis
756 2363 1033 2427 increduli,
1064 2375 1113 2417 et
1140 2364 1334 2431 pudeat
1366 2362 1467 2417 hoc
1494 2364 1562 2418 de
1587 2379 1791 2417 summa

207 2455 488 2509 Divinitate
513 2470 616 2507 non
636 2453 878 2517 credere,
896 2454 1036 2523 quod
1052 2454 1240 2509 videtis
1259 2454 1506 2508 minimas
1524 2466 1794 2509 creaturas

207 2547 462 2601 iudicare.
484 2548 824 2615 Sequitur,“
840 2548 968 2599 sicut
991 2548 1254 2601 stillicidia
1278 2547 1527 2600 uitiauit:
1542 2563 1693 2616 super
1704 2557 1795 2601 ter-

206 2656 341 2701 rain;
368 2639 579 2694 scilicet
599 2653 717 2705 qua:
741 2639 791 2692 in
817 2639 1030 2691 modum
1058 2639 1195 2692 roris
1225 2652 1432 2691 summa
1457 2638 1677 2692 lenitate
1702 2639 1795 2691 de-

200 2729 486 2783 scendunt.
505 2729 629 2782 Ηωρ
648 2731 689 2782 si
711 2744 837 2797 pura
858 2738 1034 2783 mcnle
1056 2730 1386 2794 consideres,
1409 2729 1790 2783 hmsitationem

202 2822 258 2871 de
290 2832 456 2889 partu
479 2819 715 2889 Virginis
744 2835 849 2874 non
883 2820 1121 2875 habebis.
1149 2820 1281 2876 lllud
1310 2822 1455 2876 enim
1486 2824 1672 2892 ingens
1697 2823 1789 2876 nti-

201 2916 489 2979 raculum,
534 2923 591 2969 ut
625 2917 740 2970 sine
788 2918 963 2985 aliqua
1010 2916 1341 2971 dubitatione
1388 2917 1536 2972 credi
1584 2918 1789 2986 possit,

200 3008 452 3074 exemplo
497 3007 693 3074 duplici
748 3008 1140 3076 comprobavit.
1199 3009 1293 3063 llic
1340 3008 1653 3063 Ambrosius
1703 3009 1793 3062 ille

198 3100 447 3167 quaedam
478 3099 728 3154 Ecclesiae
758 3098 979 3153 candela
1012 3098 1241 3154 mirabili
1272 3099 1476 3170 fulgore
1512 3103 1784 3171 lampavit,

198 3192 381 3248 dicens
410 3190 588 3258 (Tom.
611 3189 678 3255 V,
703 3191 839 3256 hym.
871 3190 965 3256 Ἡ)
994 3206 1009 3244 :

454 3323 605 3387 Veni,
632 3323 933 3387 Redemptor
948 3326 1190 3387 gentium,

448 3386 667 3434 0~tende
693 3392 879 3447 partum
900 3386 1132 3447 Virginis,

450 3447 655 3495 Miretur
685 3461 830 3495 omne
855 3447 1106 3505 Sterulum,

447 3507 581 3558 Talis
601 3508 748 3558 decet
772 3516 939 3568 partus
963 3508 1144 3558 Deum.

199 3630 343 3687 Unde
389 3630 560 3685 etiam
590 3631 881 3685 beatissimi
929 3646 1079 3701 papae
1107 3632 1302 3687 Leonis
1341 3646 1565 3687 corusco
1592 3632 1781 3688 similis

196 3738 367 3778 sermo
401 3723 757 3792 resplenduit.
791 3724 879 3777 Ait
902 3725 1042 3780 enim
1075 3724 1268 3793 (Epist.
1308 3726 1391 3789 10,
1422 3727 1490 3778 ad
1519 3725 1780 3792 Flauiam,

197 3830 301 3877 cap.
326 3816 387 3883 Ξ)
419 3831 436 3867 :
464 3813 768 3881 Conceptus
791 3821 875 3869 est
895 3813 1089 3883 quippe
1116 3816 1183 3869 de
1204 3817 1403 3884 Spiritu
1434 3826 1620 3871 saneto
1646 3817 1780 3872 intra

196 3916 404 3959 uterum
443 3905 676 3974 Virginis
707 3906 917 3971 matris,
950 3922 1066 3973 quae
1096 3906 1243 3959 illttm
1286 3907 1354 3959 ita
1393 3908 1536 3960 salva
1569 3909 1785 3976 virg'ni-

195 4005 293 4050 tate
322 3996 520 4061 edidit,
564 3997 1016 4065 quemadmodum
1061 3997 1207 4051 salva
1244 3998 1550 4067 virginitate
1579 4014 1778 4054 conce-

194 4090 279 4151 pit.
314 4088 479 4157 Digni
507 4088 715 4156 Patres,
740 4099 791 4143 et
818 4088 1158 4155 pontiﬁcatus
1184 4104 1308 4144 arce
1336 4090 1617 4159 pollentes,
1645 4108 1777 4161 quo-

192 4192 299 4230 runt
342 4180 667 4231 suavissima
704 4178 949 4233 doctrina
998 4193 1307 4234 sermonum
1356 4190 1557 4235 tantum
1613 4183 1783 4238 vnluit

188 4267 467 4322 declarare
496 4268 812 4324 miraculum
842 4267 957 4341 [ms.
985 4270 1075 4334 Δ..
1103 4271 1458 4343 mystetium].

259 4361 414 4414 Vers.
452 4360 505 4412 7.
546 4359 750 4412 Orietur
771 4360 824 4413 in
844 4361 1019 4413 diebus
1038 4362 1150 4427 eius
1165 4362 1375 4431 justitia
1395 4373 1441 4415 et
1463 4362 1779 4418 abundantia

188 4455 361 4517 paris,
407 4452 575 4506 donec
615 4454 891 4506 extollatur
925 4454 1069 4507 luna.
1105 4452 1253 4507 Nunc
1296 4454 1437 4509 venit
1469 4455 1534 4509 ad
1569 4459 1777 4511 tertiam

1894 1901 1986 1963 cit,
2014 1902 2153 1954 unde
2185 1917 2279 1968 per
2308 1912 2475 1955 totum
2498 1904 2682 1956 orbem
2720 1913 2977 1957 terrarum
3008 1906 3358 1959 Saluberrima
3393 1923 3478 1962 re-

1893 1992 2010 2062 gula
2042 1994 2179 2046 sacri
2209 1994 2541 2060 baptismatis
2562 1997 2847 2049 emanavit.
2878 1995 2989 2048 Hoc
3018 2006 3196 2049 atttcm
3225 2014 3320 2065 per
3348 1999 3476 2067 ligu-

1896 2099 2008 2137 rum
2053 2086 2372 2153 per'pltrasis
2423 2084 2621 2138 dictum
2664 2096 2766 2149 est,
2818 2088 2866 2139 id
2906 2097 2991 2140 est
3035 2105 3128 2153 per
3172 2092 3474 2152 circuitum,

1896 2175 2058 2228 totius
2101 2175 2281 2229 mundi
2335 2177 2592 2230 ambitum
2643 2194 2736 2246 per
2774 2179 2937 2231 maria
2970 2180 3294 2249 ﬂuviumque
3324 2182 3475 2251 signi-

1894 2264 2082 2319 licans.

1971 2356 2122 2409 Vcrs.
2154 2357 2206 2411 9.
2242 2356 2428 2410 Coram
2455 2357 2548 2410 illo
2580 2358 2841 2426 procident
2864 2358 3172 2431 .Et/tiopes;
3199 2370 3245 2415 et
3277 2362 3475 2415 inimici

1894 2449 2005 2517 ejus
2033 2457 2220 2499 terram
2251 2448 2464 2517 litigent.
2495 2448 2768 2517 ﬁtltiopes
2799 2460 3104 2517 peccaturus
3126 2453 3348 2520 populos
3377 2454 3474 2507 de-

1897 2536 2084 2591 bemus
2120 2538 2434 2601 advertere;
2470 2554 2588 2592 nam
2622 2541 2759 2593 sicut
2788 2541 2871 2611 illi
2904 2544 3183 2595 teterrituo
3212 2545 3361 2596 corio
3390 2560 3474 2598 vc-

1900 2632 2152 2694 stiuntur,
2178 2631 2246 2682 ita
2276 2631 2469 2685 animae
2487 2632 2910 2699 delinquentium
2941 2634 3206 2687 scelerum
3237 2636 3474 2687 o'scuri-

1895 2729 2005 2773 tate
2068 2722 2436 2776 tenebrantur.
2500 2722 2639 2790 Ergo
2696 2722 2781 2776 isti
2841 2720 3159 2790 /Etltiopes,
3210 2726 3299 2794 qtti
3352 2734 3473 2780 sunt

1895 2822 2235 2880 peccatores,
2268 2822 2394 2865 ante
2445 2813 2590 2865 illum
2624 2816 2897 2883 procidunt
2918 2855 2931 2877 ,
2963 2817 3177 2884 quando
3207 2832 3265 2870 se
3310 2819 3473 2883 pmni~

1897 2905 2075 2955 tentia:
2126 2901 2425 2955 humilitate
2480 2912 2850 2971 prosternunt.
2908 2906 3143 2973 Adjeclt,
3192 2918 3239 2959 et
3284 2908 3474 2959 inimici

1894 2999 2002 3067 ejus
2030 3006 2217 3048 terram
2257 2997 2467 3066 litigent.
2510 2999 2632 3051 Illos
2669 3001 2861 3068 quibus
2891 3012 2971 3054 est
3004 3003 3205 3055 Domini
3249 3003 3471 3058 misera-

1896 3088 2038 3141 tione
2068 3090 2412 3157 parct-ndum,
2445 3106 2616 3142 coram
2647 3092 2757 3159 ipso
2783 3092 2911 3144 dixit
2946 3095 3228 3163 procidere.
3263 3096 3350 3149 Isti
3380 3111 3473 3148 att-

1816 3176 1862 3239 C
1898 3189 1998 3229 tem
2028 3176 2195 3231 Judaei
2226 3180 2522 3247 pertinaces
2549 3181 2742 3234 inimici
2772 3186 3145 3249 nominantur,
3174 3188 3261 3254 qui
3296 3186 3345 3239 in
3377 3202 3469 3241 sua

1887 3271 2246 3327 obstinatione
2277 3275 2513 3327 mansuri
2544 3284 2687 3327 sttnt.
2717 3276 2845 3342 ρων
2872 3292 2998 3345 ergo
3030 3278 3134 3331 ίΙΙιε
3162 3291 3243 3332 cSt
3275 3281 3473 3347 pinna?

1888 3365 2098 3421 Terram
2120 3370 2338 3439 lingunt,
2365 3370 2415 3423 id
2439 3382 2516 3424 est
2543 3381 2738 3426 terram
2766 3373 3009 3441 sapiunt;
3042 3376 3141 3428 hoc
3162 3376 3466 3445 eniutsapit

1888 3463 2169 3530 unicuique
2213 3465 2351 3533 quod
2392 3465 2538 3535 lingit
2566 3483 2586 3522 :
2629 3466 2817 3535 quibus
2852 3468 2903 3520 iu
2947 3468 3163 3521 modum
3210 3472 3477 3538 serpentis

1887 3553 2045 3623 232
2087 3553 2279 3609 humus
2308 3567 2389 3611 est
2419 3571 2539 3611 esca
2578 3558 2824 3626 pinnatis.
2861 3558 2973 3614 Hoc
3008 3560 3073 3613 ad
3117 3561 3475 3614 humilitatem

1886 3645 2051 3711 ipsius
2080 3646 2224 3715 juste
2251 3648 2477 3702 dicimus
2499 3664 2622 3704 esse
2648 3648 2985 3704 referendum
3021 3694 3034 3715 ,
3086 3667 3155 3721 qu
3196 3656 3336 3706 niam
3380 3655 3468 3721 qui

1889 3738 2157 3792 Chiistum
2189 3740 2353 3793 Deum
2381 3740 2601 3795 credere
2631 3742 2934 3808 noluerunt,
2969 3742 3061 3795 tali
3093 3742 3293 3796 ultione
3318 3743 3473 3797 datu-

1888 3829 2047 3883 nandi
2073 3840 2217 3884 sunt.

1962 3919 2110 3974 Vers.
2137 3920 2215 3973 10.
2247 3921 2292 3975 R
2312 3938 2409 3992 'ges
2440 3921 2651 3976 Tharsis
2675 3933 2721 3976 et
2752 3926 2933 3977 insula:
2963 3941 3174 3977 munera
3209 3926 3421 3992 oﬂ'rrent
3446 3943 3466 3987 ς

1884 4026 2025 4079 reges
2068 4013 2288 4063 Arabum
2318 4024 2365 4065 et
2397 4012 2535 4067 Saba
2572 4016 2709 4066 dona
2738 4015 3011 4067 adducent.
3045 4014 3291 4080 Tharsis,
3321 4016 3458 4070 refe-

1887 4112 2036 4155 rente
2060 4103 2217 4157 Patre
2235 4104 2555 4173 Hieronymo
2576 4105 2664 4174 (In
2679 4104 2806 4158 lsai.
2822 4123 2936 4171 cap.
2956 4123 2983 4158 ιι
2998 4123 3088 4159 nx
3102 4147 3116 4171 ,
3135 4124 3262 4161 νει-ε.
3293 4109 3364 4175 1),
3388 4110 3469 4163 in-

1886 4202 2205 4262 tet-prt-tatur
2225 4194 2631 4261 contemplatio;
2658 4195 2797 4263 quod
2824 4197 2888 4247 ad
2911 4195 3094 4250 ﬁdeles
3119 4196 3463 4250 referendum

1882 4299 2001 4337 esse
2043 4299 2143 4337 non
2190 4285 2407 4338 dubium
2437 4295 2549 4351 est,
2596 4288 2681 4355 qui
2722 4288 2772 4339 in
2806 4287 2984 4340 divina
3014 4284 3469 4358 contemplatione

1882 4376 2039 4431 delixi
2068 4388 2208 4431 sunt.
2247 4380 2402 4449 Reges
2429 4395 2555 4449 ergo
2582 4378 2822 4444 Tharsis,
2870 4382 2921 4434 id
2976 4394 3053 4435 eSt
3101 4383 3469 4438 dominatores

1884 4469 2152 4531 vitiorum,
2180 4468 2317 4521 dona
2345 4469 2567 4523 oll‘erttnt
2597 4470 2841 4536 Domino,
2869 4472 3079 4540 quando
3102 4474 3147 4527 ei
3173 4474 3467 4541 probantur

188 4553 415 4607 pirtetn,
443 4542 495 4595 in
520 4558 622 4610 qua
648 4558 742 4610 per
770 4542 1011 4596 ordinem
1041 4542 1439 4611 describuntur,
1468 4547 1517 4598 in
1540 4559 1657 4599 ortu
1681 4562 1778 4600 suo

1892 4560 2063 4611 animo
2091 4561 2293 4613 servire
2322 4560 2537 4617 dvvoto.
2570 4559 2766 4615 Insula:
2796 4578 2921 4617 vero
2951 4573 3093 4629 sunt,
3120 4567 3205 4631 qui
3235 4567 3463 4619 circum-

188 4635 314 4688 llom
343 4650 445 4689 nus
476 4635 654 4703 qualia
687 4645 992 4705 quantaque
1044 4636 1375 4705 praestiterit.
1411 4638 1775 4707 Intelligautus

188 4742 306 4794 rrgn
338 4726 487 4796 quod
508 4725 645 4779 dixit
674 4742 690 4779 τ
721 4726 926 4781 Orietur
940 4728 1169 4798 justitia,
1194 4728 1343 4794 quasi
1375 4739 1498 4783 ante
1529 4745 1631 4782 non
1665 4733 1776 4784 lue-

182 4820 264 4878 rit,
289 4834 415 4886 qua:
448 4833 663 4876 semper
688 4818 956 4870 adoranda
989 4827 1107 4890 (ius.
1141 4821 1227 4882 Α.,
1266 4818 1316 4873 ἰιι
1342 4822 1633 4893 adoranda]
1664 4837 1776 4878 ma-

180 4917 375 4972 iestate
406 4910 671 4977 regnavit.
705 4908 809 4963 Sed
837 4912 1030 4962 orietur
1051 4910 1179 4964 dicit
1202 4926 1267 4963 ex
1314 4923 1550 4980 tempore
1578 4924 1777 4970 sanctas

180 4998 592 5063 incarnationis,
623 5000 834 5067 quando
876 5010 993 5053 erat
1035 5012 1187 5069 partu
1224 5002 1454 5071 Virginis
1486 5007 1777 5060 nascitura.

180 5093 401 5146 lautitia
434 5094 577 5145 enim
606 5092 839 5146 Verbum
875 5093 1045 5148 Patris
1077 5104 1180 5158 est,
1204 5094 1344 5161 quod
1377 5110 1587 5150 attinent
1618 5113 1773 5151 crea-

179 5190 360 5236 turam
405 5194 460 5236 et
504 5194 745 5250 tempora
792 5185 917 5239 fecit
959 5184 1236 5250 universa;
1277 5186 1345 5240 de
1389 5203 1495 5254 quo
1542 5189 1772 5258 legitur:

186 5272 393 5325 Veritas
421 5274 487 5326 de
516 5284 651 5327 terra
677 5283 791 5327 orta
816 5285 889 5329 est
911 5316 924 5339 ,
965 5288 1009 5329 et
1038 5278 1235 5342 iustitia
1263 5277 1325 5330 de
1349 5278 1473 5332 caelo
1512 5283 1774 5349 prospexit

179 5362 359 5423 (ρωι.
390 5380 613 5424 una,
648 5363 760 5433 1‘2).
794 5365 1031 5432 Addidit,
1067 5377 1113 5419 et
1142 5366 1455 5420 abundantia
1482 5369 1641 5438 pacis,
1670 5369 1767 5424 do-

177 5470 267 5505 nec
289 5456 577 5509 extollatur
595 5456 753 5522 luna;
780 5466 831 5511 et
851 5458 937 5511 ltic
972 5472 1186 5527 quoque
1210 5460 1633 5515 subaudiendum
1662 5471 1767 5527 est,

177 5551 400 5603 orietur.
424 5550 756 5605 Abundantia
785 5568 913 5621 ergo
962 5555 1100 5619 pacis
1130 5564 1232 5619 est,
1258 5554 1382 5610 dum
1408 5558 1597 5626 religio
1616 5556 1770 5613 Chri-

174 5643 485 5699 stianorum
516 5654 630 5701 toto
649 5646 780 5701 orbe
814 5647 1087 5703 dilatatur.
1124 5646 1295 5703 Donec
1320 5652 1594 5705 extollatur
1615 5653 1765 5719 (una,

175 5734 347 5800 dixit,
377 5734 425 5791 id
453 5744 539 5793 est
565 5737 799 5808 quandiu
830 5739 1174 5808 protendatur
1202 5752 1253 5796 et
1295 5751 1553 5813 augeatur
1586 5743 1765 5799 Eccle-

1880 4649 2094 4704 ﬂuentia
2144 4652 2323 4713 mundi
2362 4653 2483 4705 vitia
2517 4670 2544 4707 a
2576 4654 2687 4707 suis
2732 4658 3054 4722 corporibus
3095 4659 3462 4719 excluserunt,

1883 4757 1979 4794 nec
2010 4742 2314 4796 dominatur
2336 4744 2385 4796 in
2411 4744 2490 4797 eis
2514 4760 2656 4798 mare
2689 4747 3034 4809 mundanum,
3062 4749 3199 4815 quod
3228 4752 3462 4815 perlido—

1880 4849 1996 4887 l'thlt
2025 4835 2272 4887 cordibus
2300 4846 2507 4889 constat
2540 4838 2789 4890 infusum.
2815 4835 2998 4889 Insula
3021 4838 3158 4890 enim
3184 4839 3326 4891 dicta
3354 4850 3457 4901 cst,

1886 4937 1951 4976 eo
1974 4925 2109 4991 quod
2143 4923 2192 4975 in
2219 4924 2329 4977 salo
2352 4927 2421 4977 sit
2443 4927 2630 4993 po~ita.
2659 4926 2759 4993 Ipsi
2786 4938 2906 4981 sunt
2927 4943 3055 4995 ergo
3080 4928 3195 4995 puri
3226 4931 3462 4997 pet-toris

1882 5028 2122 5074 munera,
2154 5029 2275 5081 qute
2306 5012 2498 5067 divinis
2524 5016 2781 5069 altaribus
2816 5016 3102 5085 o/fcrtmtur
3124 5058 3137 5079 ,
3170 5017 3339 5085 ip~um
3372 5032 3459 5070 sa-

1880 5105 2136 5157 crilicintn
2184 5103 2324 5173 quod
2367 5103 2624 5159 Dominus
2659 5109 2895 5160 suaviter
2933 5108 3159 5162 assumit
3196 5110 3453 5163 oblatum.

1882 5196 2151 5267 Sequitur,
2182 5215 2319 5269 reges
2347 5199 2572 5252 Arabum
2597 5211 2643 5253 ct
2676 5201 2814 5257 Saba
2841 5201 2975 5255 dona
3008 5203 3281 5255 adducent.
3314 5203 3449 5255 Ara-

1876 5286 1958 5338 bia
1994 5290 2203 5355 ponitur
2234 5304 2326 5355 pro
2373 5288 2672 5344 hominibus
2703 5292 2850 5343 s-iavi
2882 5300 2936 5344 et
2979 5301 3193 5346 terrena
3227 5307 3287 5344 se
3313 5292 3464 5344 deie-

1873 5382 2109 5433 ctatiune
2152 5381 2524 5435 tractantibus.
2558 5382 2689 5436 Nam
2724 5385 2861 5438 sicut
2904 5385 2993 5438 illa
3035 5387 3200 5452 patria
3234 5384 3464 5439 diversis

1872 5470 2202 5523 oromatibus
2218 5485 2431 5524 sensum
2456 5474 2663 5526 narium
2694 5475 2905 5539 mulcet,
2930 5475 2998 5527 ita
3022 5475 3106 5528 ἱειί
3130 5474 3193 5527 ad
3221 5474 3457 5529 delecta-

1872 5558 2045 5613 tiones
2072 5560 2416 5614 mollissimas
2459 5562 2730 5617 illecebris
2766 5564 3111 5619 sat-’ttlaribus
3142 5567 3452 5621 invitantur.

1874 5647 2038 5719 Reges
2067 5664 2196 5719 ergo
2228 5651 2435 5706 Arabica
2466 5663 2623 5719 sunt,
2652 5658 2740 5725 qui
2775 5656 3139 5712 blandimenta
3168 5672 3457 5728 corporum

1875 5745 2055 5816 rigidre
2098 5745 2382 5817 subjiciunt
2433 5748 2747 5819 disciplima.
2803 5748 3066 5808 Similiter
3104 5753 3279 5819 Saba,
3315 5756 3461 5810 unde
