3956 6178
533 309 628 365 fil

1739 328 1805 384 Μ.
1849 329 2122 387 AURELH
2163 331 2567 389 cassmuom

3643 352 3740 409 Et?

528 424 698 479 Saturi
722 427 846 482 dicti
869 438 1012 494 sunt,
1041 432 1284 500 quamvis
1308 437 1570 503 corporali
1594 436 1949 494 delectatione
1978 458 2109 507 prte-
2142 447 2184 502 Α
2213 446 2619 501 conversatione
2648 445 2985 516 delinquunt,
3012 449 3061 501 in
3090 458 3286 504 aeterna
3316 453 3590 514 calamitate
3615 479 3730 520 reci.

527 515 714 582 valeat,
749 529 802 570 et
830 517 1077 587 jucuntlis
1105 521 1358 578 odoribus
1390 526 1458 580 sit
1488 527 1683 581 referta
1717 569 1732 591 ,
1767 530 2010 583 suaviora
2040 547 2112 585 'a-

527 620 646 660 men
692 610 932 662 conversi
982 609 1101 678 ejus
1148 614 1324 680 populi
1372 615 1602 671 offerunt
1651 618 1789 672 dona
1823 621 2108 677 viztntum.

525 697 672 762 Quod
706 707 879 752 autem
919 701 1068 764 dicit,
1109 705 1396 774 adducent,
1443 708 1508 763 ad
1559 709 1702 778 ipsos
1730 712 1948 778 respicit
1976 715 2108 766 ott'e-

523 786 719 840 rendos
748 804 764 851 ;
798 791 922 857 quia
953 801 1070 859 post
1097 794 1384 849 adventum
1415 797 1622 852 Domini
1654 799 1914 869 pecudum
1943 801 2106 855 sacri-

524 879 638 934 ficia
665 893 1034 939 cessaverunt.

601 969 749 1025 Vers.
783 973 870 1028 ﬂ.
914 972 982 1026 Et
1023 977 1310 1031 adorabunt
1355 996 1469 1034 eum
1517 999 1690 1036 omnes
1730 1001 1874 1056 reges
1921 996 2105 1050 terrm;

521 1072 694 1111 omnes
712 1071 880 1128 gentes
899 1065 1114 1118 servient
1139 1069 1200 1120 ei.
1225 1067 1380 1122 Venit
1401 1071 1466 1124 ad
1495 1077 1740 1141 quartum
1767 1076 2101 1143 membrum,

524 1148 609 1199 ubi
639 1149 964 1206 adorandum
997 1155 1281 1212 Dominum
1310 1177 1337 1215 a
1366 1166 1576 1218 cunctis
1603 1169 1847 1235 grttlibus
1872 1169 2019 1233 dicit,
2050 1179 2104 1222 et

522 1235 777 1292 beneficia
831 1242 996 1309 ipsius
1040 1248 1225 1304 sutuer
1265 1254 1502 1319 exponit.
1555 1257 1654 1310 l‘cr
1698 1275 1869 1311 onmes
1915 1275 2055 1329 reges
2085 1302 2099 1323 ,

519 1342 740 1385 cunetas
783 1351 878 1388 nos
910 1338 1075 1392 voluit
1111 1340 1409 1412 intelligere
1453 1351 1740 1415 nationes;
1798 1352 1917 1420 quia
1960 1353 2100 1405 nulla

519 1434 646 1488 gens
671 1435 750 1476 est
773 1440 897 1493 qum
919 1427 969 1481 in
995 1441 1145 1496 parte
1169 1435 1346 1502 populi
1377 1438 1460 1490 sui
1489 1442 1759 1507 proprium
1784 1457 1888 1494 non
1913 1442 2099 1495 adoret

518 1525 808 1570 auctorem.
843 1521 906 1572 Et
937 1522 1056 1576 ideo
1102 1541 1168 1578 ne
1198 1535 1398 1582 tantum
1439 1531 1506 1584 de
1549 1532 1761 1600 regibus
1793 1536 2101 1588 advertercs

518 1604 736 1669 dictum,
762 1611 980 1678 addidit,
1011 1631 1176 1668 omnes
1203 1629 1373 1686 gentes
1403 1623 1615 1675 servient
1639 1625 1717 1686 ei;
1749 1625 1952 1679 scilicet
1980 1641 2099 1694 qum

519 1711 612 1764 per
644 1701 946 1757 universum
979 1710 1231 1762 annulum
1264 1722 1316 1765 et
1349 1712 1537 1781 liugu’s
1563 1716 1874 1770 dividuntur
1903 1728 1959 1774 et
1993 1738 2094 1791 pa-

2216 533 2383 602 piunt.
2429 537 2508 588 Ab
2544 537 2659 590 istis
2697 553 2824 607 ergo
2868 540 3065 601 usuris,
3094 540 3175 594 vel
3208 541 3273 594 ab
3301 543 3404 610 ipsa
3447 546 3734 618 obligatione

2214 625 2412 692 peccati
2444 625 2724 682 liberantur
2771 628 2950 683 ﬁdeles
2993 633 3179 687 animo?
3199 671 3212 695 ,
3246 634 3443 700 quando
3475 652 3560 704 per
3586 643 3726 706 peni.

2212 716 2429 770 tentiam
2472 719 2766 772 redduntur
2796 720 2988 776 divinis
3027 723 3332 776 muneribus
3375 723 3626 784 absolutae.
3651 732 3732 788 Sc-

2208 806 2405 874 quitur,
2427 817 2471 860 et
2499 809 2802 874 praeclarum
2829 825 3009 863 nomen
3033 827 3205 864 eorum
3229 828 3393 866 coram
3420 816 3541 882 ipso.
3559 819 3730 877 Revera

2207 896 2515 964 price/arum
2545 915 2753 963 nomen,
2785 909 2840 952 ut
2866 899 3155 954 Christiani
3184 902 3452 969 dicantur,
3480 917 3534 961 ut
3559 911 3620 965 de
3657 930 3737 968 suo

2211 984 2353 1054 llege
2401 987 2814 1055 resplendeant,
2866 997 2916 1042 et
2962 999 3178 1059 accepta
3230 992 3462 1047 vocabuli
3511 996 3739 1065 dignitate

2207 1076 2519 1146 glorientur.
2545 1078 2693 1142 Quod
2723 1087 2897 1131 tamen
2924 1078 3083 1134 Isaias
3113 1081 3606 1150 increpansludaeos
3631 1105 3740 1156 pra:-

2205 1165 2438 1221 cinuisse
2461 1167 2811 1235 dignoscitur,
2847 1168 3071 1222 dicens:
3104 1167 3382 1238 Inter/icio:
3417 1188 3496 1226 vos
3527 1172 3742 1231 Dominus

2208 1253 2344 1309 Deus
2364 1298 2378 1321 ,
2419 1267 2464 1309 et
2493 1274 2662 1310 servos
2709 1275 2828 1311 suos
2859 1261 3051 1312 vacabit
3084 1262 3287 1313 nomine
3319 1261 3420 1314 alio
3443 1262 3592 1331 (1εαί.
3634 1282 3741 1332 va,

2209 1344 2335 1414 l5),
2376 1347 2556 1414 utique
2581 1347 2934 1402 Christianos.
2969 1348 3183 1402 Addidit
3221 1350 3414 1414 etiam,
3447 1368 3604 1406 eiram
3631 1355 3744 1422 ἱρευ,

2203 1441 2456 1504 quoniam
2490 1451 2614 1493 ante
2645 1441 2695 1506 ip
2729 1457 2814 1492 um
2847 1449 2902 1494 et
2931 1443 2980 1494 in
3033 1442 3199 1511 ipsius
3229 1459 3394 1512 regno
3417 1445 3588 1499 victuri
3623 1459 3742 1500 sunt.

2207 1529 2349 1582 Felix
2383 1532 2667 1596 prrcsentia
2711 1543 2834 1586 ante
2869 1533 3034 1587 Deum
3080 1549 3297 1604 semper
3326 1549 3464 1601 esse,
3493 1553 3638 1606 quem
3655 1540 3746 1607 jam

2203 1636 2308 1672 non
2341 1621 2598 1674 lormides
2645 1622 2937 1678 «itit-tulere.
2990 1623 3140 1679 Adde
3179 1625 3321 1694 quod
3355 1627 3458 1680 tale
3503 1631 3745 1694 prannimu

2200 1722 2282 1765 cst
2321 1713 2467 1766 illum
2500 1729 2526 1763 v
2551 1713 2709 1775 dere.
2742 1715 2807 1767 ad
2849 1731 3005 1783 quem
3059 1716 3205 1769 nullo
3237 1716 3399 1768 modo
3439 1719 3597 1785 possit
3635 1735 3750 1772 nimc

518 1789 651 1842 tuis.
695 1790 781 1844 Sic
811 1793 995 1847 Donati
1029 1800 1249 1864 pertidia
1282 1805 1517 1857 noscitur
1547 1820 1666 1860 esse
1695 1812 1936 1863 convicta
1960 1852 1974 1874 ,
2005 1813 2092 1880 qui

2203 1803 2279 1855 vel
2321 1803 2434 1870 ipsa
2464 1805 2716 1870 cogitatio
2749 1805 3046 1867 pervenire.
3081 1805 3172 1861 Sic
3219 1807 3274 1859 in
3306 1806 3422 1861 iSIis
3455 1809 3751 1876 paucissimis

517 1878 736 1933 localem
790 1895 935 1950 putat
983 1887 1298 1956 Eiclesizim,
1341 1910 1502 1962 quam
1554 1912 1647 1961 per
1695 1909 1860 1952 totum
1912 1904 2095 1957 orbem

517 1984 727 2028 constat
763 1992 882 2032 esse
914 1979 1178 2035 diffusam.
1233 1987 1295 2038 Et
1342 1988 1547 2043 intuere
1591 1991 1712 2059 quia
1753 1993 1909 2058 dixit,
1959 2013 2097 2066 reges

517 2065 822 2128 adorabunt,
855 2084 885 2136 q
928 2069 944 2122 i
974 2083 1222 2136 putantur
1262 2077 1546 2144 adorandi;
1579 2094 1750 2150 genus
1776 2098 1950 2140 autem
1992 2106 2096 2141 ser.

516 2157 638 2218 vire,
671 2174 787 2224 qme
822 2169 1063 2214 terrenos
1088 2164 1332 2220 dominos
1361 2169 1554 2225 habere
1585 2189 1898 2230 noscuntur.

587 2246 739 2300 Vers.
779 2249 859 2302 l2.
894 2251 1022 2314 Quia
1053 2254 1281 2308 liberant
1307 2275 1584 2329 pauperem
1612 2280 1639 2314 a
1665 2275 1889 2330 poten‘e,
1913 2278 1960 2321 et
1986 2270 2096 2324 ino—

515 2352 627 2404 pem
658 2339 739 2390 cui
769 2356 866 2392 not
898 2353 1004 2395 erat
1035 2346 1261 2413 adjutor.
1309 2347 1535 2404 Causam
1568 2355 1742 2408 reddit
1786 2373 1950 2425 quare
1997 2362 2098 2412 lto-

516 2428 660 2480 tnino
705 2429 918 2482 Christo
961 2435 1028 2486 ab
1066 2437 1325 2492 universis
1358 2444 1602 2510 gentibus
1632 2450 1899 2503 serviatur
1927 2468 1942 2503 :
1975 2455 2094 2520 qttia

516 2535 824 2585 pauperem,
865 2522 914 2576 id
952 2536 1032 2577 est
1073 2527 1282 2582 fidelem
1317 2533 1565 2599 populum
1595 2551 1625 2586 a
1655 2547 1856 2603 potente
1885 2541 2095 2596 diabnlo

515 2609 763 2675 liberavit,
794 2630 950 2682 quem
983 2633 1140 2684 supra
1171 2621 1588 2679 calumniatorem
1618 2628 1786 2693 dixit;
1823 2632 1960 2687 hunc
1991 2636 2096 2687 alio

515 2702 632 2756 loco
661 2703 850 2759 fortem
873 2711 1132 2776 nominat,
1159 2715 1294 2767 sicut
1316 2725 1397 2770 est
1426 2719 1562 2772 istud
1594 2721 1861 2792 Evangelii
1886 2745 1898 2779 :
1931 2727 2097 2780 Nemo

515 2793 670 2845 intrat
698 2797 749 2848 in
777 2796 983 2850 domum
1012 2801 1178 2868 fortis.
1211 2813 1262 2856 ut
1287 2823 1404 2860 vasa
1434 2813 1542 2876 ejus
1569 2812 1796 2882 diripiat,
1831 2817 1929 2868 nisi
1956 2819 2097 2886 prius

515 2884 798 2953 alligat-erit
827 2894 1008 2958 fortem
1035 2893 1248 2964 (ΜαίΙι.
1277 2915 1368 2965 χει,
1393 2901 1507 2971 29).
1535 2905 1666 2968 Qua:
1696 2884 1964 2963 vocabula
1983 2928 2093 2966 ma-

515 2972 681 3028 litiam
710 2979 828 3047 ejus
851 2981 1177 3050 significant.
1205 3004 1308 3043 non
1340 2991 1618 3059 honorem,
1641 2999 1921 3054 nefandam
1951 3015 2092 3058 astu-

516 3065 670 3132 tiam,
705 3083 808 3123 non
837 3071 1156 3130 laudabilem
1190 3082 1568 3150 principatum.
1600 3089 1870 3156 Sequirur,
1903 3103 1949 3146 et
1978 3097 2090 3150 ino-

2203 1911 2244 1946 vi
2269 1895 2375 1948 rbis
2418 1894 2680 1949 felicitatis
2718 1898 2877 1962 illius,
2924 1901 3165 1967 quamvis
3207 1911 3432 1967 tectum,
3465 1903 3662 1968 aliiuod
3691 1916 3753 1958 ta-

2201 2001 2320 2037 men
2355 1987 2508 2040 nobis
2537 1987 2851 2055 designatur
2885 1988 3156 2042 indicium.

2270 2073 2420 2129 Vers.
2454 2075 2538 2129 15.
2575 2076 2638 2128 Et
2663 2077 2810 2142 rit-et,
2839 2087 2885 2131 et
2910 2079 3114 2132 dabitur
3157 2082 3201 2133 ei
3241 2085 3302 2135 de
3329 2101 3455 2137 auro
3488 2085 3688 2148 Arabite,
3718 2097 3753 2137 ct

2198 2167 2278 2217 ad-
2299 2168 2482 2218 rabunt
2526 2167 2589 2219 de
2635 2168 2747 2234 ipso
2792 2185 2930 2238 semp
2961 2187 3029 2223 r:
3061 2180 3166 2224 tota
3199 2173 3290 2226 die
3317 2174 3601 2227 be::edicettt
3633 2191 3748 2227 sum.

2203 2257 2338 2309 Ecce
2370 2258 2476 2324 jam
2524 2259 2791 2325 prmdietce
2823 2260 3038 2314 visionis
3068 2262 3293 2330 quintus
3323 2274 3406 2318 est
3434 2263 3614 2317 modus
3639 2304 3653 2329 ,
3681 2265 3754 2317 nhi

2201 2348 2530 2413 lirtBSCllliiHll
2583 2349 2788 2402 Domini
2830 2352 3118 2406 ciittttt’isse
3168 2354 3309 2408 dicit
3341 2356 3462 2409 tidci
3493 2368 3685 2421 votum,
3713 2366 3756 2408 et

2201 2440 2534 2493 [irritamenta
2568 2451 2848 2496 terrarum.
2883 2445 3011 2496 Nam
3038 2459 3157 2499 cum
3187 2448 3281 2501 die
3308 2457 3347 2511 ι,
3379 2461 3423 2502 et
3454 2451 3594 2512 vivet,
3625 2459 3758 2502 atter-

2202 2532 2420 2582 nitasem
2446 2530 2561 2597 ejus
2591 2531 2886 2599 maiestatis
2909 2537 3173 2600 ostendit;
3207 2539 3353 2592 sicut
3400 2542 3449 2592 in
3487 2540 3649 2594 Veteri
3673 2539 3752 2592 Tc-

2199 2631 2464 2674 Stamento
2493 2626 2684 2677 crebro
2728 2625 2919 2693 legitur
2953 2644 2964 2678 :
3005 2627 3137 2680 l’irit
3182 2628 3463 2683 Dominus.
3497 2631 3627 2683 \‘ivit
3651 2645 3757 2698 ergo

2200 2732 2304 2768 non
2329 2727 2586 2771 creatura:
2617 2719 2926 2788 cujusquam
2955 2721 3082 2785 vita,
3114 2738 3221 2790 qua
3258 2727 3336 2777 vel
3372 2726 3544 2794 angeli
3577 2725 3758 2794 potiun-

2202 2818 2304 2872 tur,
2327 2809 2417 2862 sed
2439 2810 2766 2866 beatitudine
2788 2813 3178 2884 siugulari.qua
3211 2819 3327 2870 sola
3355 2817 3759 2871 Triuitassantta
3836 2852 3838 2854 -

2201 2901 2506 2969 perfruitur.
2543 2904 2830 2971 Sequitur,
2874 2915 2919 2957 et
2957 2905 3165 2958 dabitur
3221 2909 3268 2960 ei
3318 2910 3381 2960 de
3409 2925 3536 2961 auro
3567 2909 3758 2961 Ara'iir.

2200 2995 2394 3044 Auram
2419 2992 2620 3045 Arabia:
2645 3007 2753 3060 pra:
2779 2995 2988 3046 caeteris
3015 2996 3171 3048 terris
3213 2997 3389 3050 fertur
3415 3013 3536 3051 esse
3565 2997 3759 3068 purissio

2201 3098 2364 3146 mum,
2399 3092 2454 3137 et
2476 3097 2685 3138 summo
2712 3083 2998 3152 Splendure
3032 3086 3357 3150 pretiosum.
3386 3088 3688 3155 Quodbr-ne
3709 3087 3764 3138 ad

515 3170 627 3222 pem
655 3158 737 3210 cui
762 3175 865 3212 non
891 3174 997 3215 erat
1025 3165 1259 3233 adjutor.
1291 3169 1354 3223 Et
1385 3173 1468 3227 hic
1495 3176 1918 3237 sobaudiendum
1952 3197 2034 3239 est
2063 3205 2090 3239 a

2201 3174 2513 3242 sapientiam
2546 3176 2794 3239 refertur,
2821 3178 3072 3244 quoniam
3103 3179 3386 3246 lrgimns:
3422 3183 3638 3251 Accipite
3660 3196 3764 3247 pru-

514 3249 780 3302 eommuni
829 3251 1075 3309 liberavit.
1127 3255 1341 3326 Inopem
1389 3279 1519 3318 vero
1549 3267 1778 3324 diximus
1816 3273 1932 3339 plus
1973 3291 2092 3331 esse

515 3352 671 3402 quam
719 3356 1028 3409 pauperem.
1059 3349 1147 3416 qui
1177 3366 1332 3418 opem
1367 3370 1470 3408 non
1504 3359 1660 3414 habet
1690 3363 1831 3426 vitae,
1867 3380 1966 3420 nec
1994 3381 2091 3423 sua

515 3432 765 3494 praevalet
791 3432 1044 3494 facultate
1072 3441 1384 3500 subsistere.
1423 3445 1528 3502 Hos
1568 3465 1694 3520 ergo
1724 3453 1952 3509 liberavit
1983 3459 2090 3512 Do-

516 3521 690 3576 minus
719 3523 994 3591 Christus,
1028 3531 1151 3583 duut
1195 3535 1412 3591 veniens
1440 3537 1492 3590 in
1528 3539 1666 3594 hunc
1694 3545 1947 3600 mundum
1979 3549 2093 3602 dia-

518 3611 619 3665 lioli
640 3613 932 3680 juSIissimc
960 3622 1152 3687 pressit
1177 3627 1447 3693 astutiam,
1471 3640 1525 3684 et
1545 3631 1736 3702 inopia:
1764 3637 1976 3692 humani
1999 3656 2093 3710 ge-

518 3705 658 3757 mris
704 3709 930 3774 spiiitua
955 3712 1000 3764 is
1057 3712 1344 3770 afﬂuentia:
1399 3722 1564 3787 gratis
1612 3724 1749 3777 d-ua
1801 3705 2087 3785 concessit.

519 3793 702 3848 Merit»
728 3813 855 3867 ergo
882 3800 1174 3870 subjunxit,
1207 3808 1289 3858 cui
1317 3824 1420 3860 non
1447 3822 1557 3864 erat
1586 3813 1816 3882 adjutor,
1849 3821 1972 3887 quia
1998 3820 2094 3874 ltu-

517 3899 726 3940 manum
755 3905 922 3956 genus
962 3894 1026 3947 ad
1068 3893 1333 3950 idolorum
1381 3901 1644 3957 culturam
1678 3910 2002 3964 exsecranda
2034 3927 2092 3966 se

514 3981 891 4046 superstitione
922 3991 1237 4043 contulerat.
1273 3991 1340 4045 Et
1367 3993 1492 4062 quid
1525 3996 1592 4049 ab
1620 3999 1698 4051 eis
1730 3999 1967 4068 adjuvari
1998 4017 2093 4071 po-

513 4073 674 4132 terat,
701 4087 817 4140 qua:
851 4074 928 4127 vel
959 4091 1172 4131 sensum
1199 4082 1458 4148 pecudum
1487 4100 1591 4139 non
1625 4086 1924 4144 habebant?

588 4161 737 4216 Vers.
771 4166 851 4218 15.
884 4164 1070 4222 Parcet
1094 4175 1309 4238 pauperi
1331 4184 1374 4226 et
1399 4176 1563 4245 inopi,
1597 4187 1645 4230 et
1667 4181 1866 4234 animas
1897 4198 2088 4252 paupe-

513 4267 626 4305 rum
650 4257 813 4308 satvas
845 4261 1015 4325 faciet.
1048 4261 1180 4314 Cum
1209 4263 1368 4330 dicit,
1402 4277 1607 4334 parcet,
1638 4273 1964 4338 generaliter
1985 4289 2093 4327 om-

515 4357 610 4396 nes
651 4355 956 4411 peccatores
997 4354 1250 4404 ostendit.
1305 4354 1410 4407 illis
1461 4372 1589 4425 ergo
1636 4364 1873 4428 parcitur
1914 4365 2004 4432 qui
2037 4368 2087 4418 in

513 4433 692 4497 aliquo
721 4446 867 4488 reatu
906 4436 1234 4494 detinentur.
1269 4442 1450 4498 Parcet
1480 4462 1608 4515 ergo
1645 4459 1697 4502 et
1728 4451 1918 4506 electis
1957 4456 2087 4519 suis,

2194 3265 2414 3316 dentiam
2438 3265 2566 3316 sicut
2594 3281 2741 3334 urge.
2757 3275 2882 3331 tum,
2903 3278 2948 3319 et
2973 3269 3288 3337 sapientiam
3313 3272 3448 3324 sicut
3469 3289 3648 3324 aurum
3670 3287 3768 3336 pro-

2193 3355 2365 3406 batum
2397 3353 2574 3424 (Prov.
2601 3371 2712 3420 vut,
2742 3357 2853 3414 10).
2888 3357 2958 3412 lle
2987 3359 3082 3411 ista
3107 3375 3246 3429 ergo
3267 3362 3536 3428 sapientia
3560 3377 3668 3427 qua:
3689 3375 3767 3427 per

2193 3464 2373 3498 aurum
2408 3449 2608 3501 Arabia:
2647 3449 2996 3518 siguitiratur,
3037 3453 3252 3506 dabitur
3296 3456 3532 3510 Domino
3573 3471 3768 3514 munus,

2195 3555 2314 3592 cum
2343 3541 2406 3592 ad
2443 3556 2564 3595 eum
2595 3541 2768 3594 devoti
2815 3546 3196 3612 purgatissima
3225 3549 3400 3603 corde
3431 3548 3768 3615 pervenerint.

2193 3631 2315 3684 Sive
2338 3647 2608 3698 magorum
2635 3649 2852 3687 munera
2878 3635 2981 3688 fort
3015 3652 3103 3690 sse
3128 3637 3434 3705 significat,
3463 3655 3580 3708 qum
3605 3636 3774 3692 merito

2195 3737 2318 3772 auro
2349 3723 2551 3774 Arabia:
2577 3736 2954 3791 comparantur
2978 3767 2990 3790 ,
3045 3729 3311 3795 quoniam
3349 3731 3584 3797 puritate
3617 3726 3772 3781 cordis

2193 3812 2370 3864 oblata
2399 3823 2540 3866 sunt.
2574 3814 2789 3882 Antiqui
2828 3831 3048 3870 aureum
3079 3817 3334 3873 colorem
3377 3819 3772 3887 p:.lcherrimurn

2195 3916 2544 3969 vocaverunt;
2565 3916 2618 3958 et
2643 3907 2762 3960 ideo
2787 3924 2974 3961 aurum
2997 3911 3064 3962 ab
3088 3926 3224 3965 aura
3251 3913 3464 3967 dictum
3494 3929 3613 3968 esse
3638 3910 3776 3980 2&3

2195 3998 2500 4061 voluerunt,
2526 3997 2668 4066 quod
2695 4000 2857 4054 nimis
2881 4005 3192 4068 gratissimo
3217 4007 3411 4060 colore
3436 4003 3772 4075 resplendeat.

2195 4087 2322 4141 Nam
2354 4088 2619 4159 hodieque
2649 4106 2868 4145 aureum
2902 4093 3149 4161 dicimus,
3191 4101 3347 4166 quod
3390 4098 3669 4166 pulchrum
3700 4109 3774 4144 νο⁸

2193 4180 2364 4234 lumus
2395 4182 2680 4235 aestimare.
2705 4182 2976 4250 Sequitur,
3008 4194 3052 4235 et
3079 4185 3394 4240 adorabunt
3425 4189 3490 4242 de
3521 4188 3630 4253 ipso
3654 4198 3768 4238 srm-

2195 4290 2302 4339 per.
2351 4273 2462 4328 tloc
2507 4274 2572 4328 ad
2621 4275 3008 4333 humanitatem
3059 4277 3239 4346 ipsius
3297 4292 3522 4336 constat
3568 4275 3780 4337 referri,

2193 4366 2403 4434 quando
2445 4381 2538 4422 ore
2583 4370 2800 4438 proprio
2842 4372 3304 4438 quemadmodum
3358 4387 3612 4429 oraretur
3639 4369 3778 4425 insti-

2195 4455 2310 4510 tuit.
2344 4457 2534 4512 Notum
2558 4469 2640 4513 est
2665 4460 2808 4513 enim
2833 4459 3116 4516 dominica:
3143 4465 3428 4519 orationis
3457 4463 3779 4522 beneﬁcium.

515 4525 600 4590 qui
642 4524 762 4578 licet
807 4540 990 4582 sancta
1022 4537 1429 4589 conversatione
1474 4539 1878 4606 resplendeant,
1911 4544 2085 4613 aliqua
2121 4551 2169 4607 D
2192 4562 2299 4615 quo
2332 4547 2495 4601 utitur
2521 4563 2737 4618 semper
2771 4550 3006 4605 Ecclesia
3027 4592 3042 4616 ,
3077 4568 3247 4620 quam
3283 4555 3666 4609 sanctissimus
3693 4548 3782 4602 Pa-

515 4613 611 4664 sihi
646 4622 820 4667 tamen
861 4625 1017 4679 egent
1047 4618 1257 4674 dimitti.
1292 4623 1395 4676 Sed
1429 4642 1494 4679 ne
1524 4638 1796 4692 putaretur
1832 4647 1996 4700 usque
2020 4634 2085 4687 ad

515 4703 615 4758 hoc
649 4715 848 4759 tantum
883 4707 1160 4763 Dominum
1187 4728 1424 4782 parcere,
1455 4729 1508 4768 ut
1535 4728 1562 4769 a
1588 4723 1866 4776 tormentis
1895 4724 2088 4778 debitis

515 4806 774 4864 pauperes
816 4799 1088 4865 liberaret,
1122 4804 1354 4870 addidit,
1386 4808 1586 4861 animas
1619 4827 1894 4880 pauperum
1924 4816 2090 4870 salvas

513 4888 703 4958 [acict,'
735 4899 793 4943 ut
833 4893 1026 4960 quibus
1056 4895 1271 4950 dimittit
1305 4910 1539 4965 peccata,
1573 4902 1654 4955 eis
1679 4911 1731 4955 et
1761 4905 1974 4970 prteniia
2009 4905 2090 4959 lu-

515 4989 629 5035 tura
663 4985 939 5038 concedat.
986 4987 1084 5054 Ipsi
1115 4989 1256 5042 e-iim
1286 4991 1413 5043 satui
1445 4993 1587 5060 ﬁent,
1613 4994 1703 5062 qui
1745 5010 1962 5064 regnum
1994 4996 2090 5050 Dei

516 5072 882 5139 possidebunt.
921 5074 1069 5130 Unde
1099 5095 1196 5132 nec
1233 5080 1371 5134 istud
1406 5090 1584 5151 potest
1610 5097 1905 5152 congruere
1933 5086 2088 5141 Salo-

519 5167 688 5229 moni,
715 5177 772 5220 ut
817 5171 1014 5222 animas
1053 5172 1221 5224 salvas
1269 5175 1478 5243 faceret,
1505 5176 1645 5242 quod
1675 5177 1776 5231 soli
1813 5177 2088 5233 Divinitati

511 5267 717 5309 eertum
749 5266 830 5310 est
857 5261 1166 5314 convenire.

585 5346 736 5402 Vers.
767 5346 854 5402 14,
887 5348 968 5401 Ea:
1013 5353 1177 5404 usuris
1223 5360 1269 5404 et
1305 5354 1571 5418 iniquitate
1617 5355 1848 5409 liberavit
1885 5360 2086 5414 animus

511 5453 706 5505 eorum,
732 5449 777 5492 et
808 5442 1112 5508 pra'clarum
1143 5459 1323 5495 nomen
1351 5460 1523 5496 eorum
1549 5461 1722 5497 eorum
1745 5447 1875 5515 ipso.
1905 5448 2088 5504 Usum:

511 5530 580 5582 ab
608 5546 704 5586 usu
735 5533 1016 5600 appellata:
1043 5544 1188 5597 sunt,
1219 5551 1337 5600 «pta:
1363 5537 1578 5589 credita:
1603 5541 1839 5604 pecuniae
1871 5557 2086 5609 semper

511 5632 800 5690 pmcurant
841 5635 1202 5693 augmentum.
1253 5626 1340 5680 Sic
1381 5627 1433 5681 in
1482 5639 1698 5696 peccato
1745 5635 2082 5688 versantibus

511 5727 665 5766 usura
695 5714 886 5768 crescit
917 5716 1212 5782 malorum,
1263 5720 1474 5786 quando
1512 5720 1652 5789 quod
1699 5722 1752 5775 in
1803 5727 2083 5794 temporali

2194 4648 2273 4690 ter
2292 4638 2589 4708 Cyprianus
2605 4639 3060 4710 Carthaginiensis
3081 4644 3322 4700 antistes
3348 4657 3407 4701 et
3431 4657 3656 4715 martyr,
3686 4642 3783 4708 pli-

2192 4744 2308 4781 mus
2336 4745 2627 4797 exponens,
2657 4731 2969 4785 brevitatem
2999 4733 3140 4786 illam
3178 4736 3668 4803 profundissimam
3699 4733 3784 4784 nii-

2193 4821 2347 4873 raliili
2375 4821 2695 4890 eloquentia:
2740 4823 2934 4879 dei-ore
2982 4816 3256 4880 dilatavit.
3293 4829 3544 4899 Adjecit,
3587 4838 3689 4880 tota
3717 4826 3788 4876 die

2195 4911 2483 4964 benedicent
2513 4928 2646 4965 eum.
2679 4913 2808 4966 Tota
2837 4915 2950 4978 d-‘e,
2976 4915 3138 4970 totius
3170 4917 3312 4972 vita:
3356 4932 3562 4973 nostra:
3595 4928 3788 4984 tempus

2193 5002 2459 5063 ostendit,
2514 5017 2634 5070 qua:
2680 5003 2871 5057 nterito
2911 5005 3025 5057 dies
3081 5005 3295 5062 dicitur
3323 5048 3338 5073 ,
3393 5012 3523 5078 quia
3571 5007 3788 5061 fidelium

2193 5092 2352 5142 corda
2383 5092 2541 5144 nullis
2574 5093 2807 5146 tenebris
2834 5093 3197 5148 obrmcantur.

2269 5180 2417 5236 Vers.
2456 5182 2538 5237 16.
2576 5183 2640 5234 Et
2669 5185 2760 5236 erit
2799 5184 3182 5250 ﬁrmamentth
3227 5187 3285 5238 in
3326 5195 3472 5241 terra
3517 5190 3570 5241 in
3596 5185 3791 5240 summi!

2193 5274 2468 5337 montium;
2497 5275 2923 5340 superextolletur
2951 5292 3106 5346 super
3130 5275 3413 5332 Libanum
3438 5285 3643 5345 fructus
3667 5279 3786 5346 ejus.

2193 5365 2408 5419 Summa
2454 5369 2700 5420 montium
2744 5370 3113 5424 excellentiam
3149 5373 3482 5442 significant
3517 5375 3792 5444 propheta-

2192 5472 2345 5520 rum,
2393 5472 2528 5526 quos
2580 5457 2891 5528 frequenter
2938 5461 3170 5516 dicimus
3225 5467 3410 5533 accipi
3461 5467 3664 5520 debere
3707 5477 3792 5530 pr"

2191 5546 2464 5600 montibus.
2500 5547 2902 5604 Firmamentum
2929 5562 3105 5606 autem
3140 5553 3389 5611 istorum
3440 5559 3690 5612 montium
3719 5563 3794 5609 est

2193 5639 2374 5707 utique
2403 5639 2661 5695 Dominus
2684 5642 2952 5709 Christus,
3003 5649 3266 5714 quoniam
3296 5651 3448 5717 quod
3477 5669 3574 5720 per
3596 5654 3710 5705 illos
3734 5650 3793 5698 de

2190 5729 2310 5798 ipso
2344 5731 2654 5798 praedictum
2686 5744 2799 5800 e-t,
2842 5736 3027 5791 eodem
3062 5741 3326 5797 veniente
3354 5755 3569 5800 coiistat
3617 5739 3789 5812 impie-
