3956 6178
209 321 302 375 iii;

1126 313 1489 371 EX'P‘JSITIO
1530 311 1593 367 lN
1635 310 2090 367 PS.\LTERlU.\l.
2134 312 2334 369 PSAL.
2379 313 2568 371 LXXl.

3366 314 3470 370 5H

209 439 328 486 tum.
361 425 641 498 Sequitur,
666 427 1095 500 superextollctnr
1123 443 1278 495 super
1308 430 1556 479 Libanum
1582 425 1780 495 fructu;
1813 430 1858 485 A
1889 440 2018 492 χιιι,
2057 424 2165 495 18).
2203 427 2270 482 Ει
2295 429 2418 496 quia
2451 429 2610 481 tribus
2642 429 2958 494 nominavit,
2988 444 3053 482 ne
3080 430 3181 485 hoc
3201 429 3270 487 de
3290 434 3478 502 paucis

207 523 323 594 ejus.
352 518 489 588 Quia
511 522 762 590 superius
784 531 1003 576 sanctos
1030 521 1119 575 Dei
1150 521 1406 573 montibus
1429 518 1788 587 comparavit,

212 626 252 666 et
273 614 385 679 ipse
429 623 514 666 est
561 628 718 667 llttlﬂS
765 615 1060 678 montium;
1110 613 1196 668 hic
1237 613 1442 666 electus
1473 620 1556 664 est
1602 625 1789 673 mons,

209 704 348 774 cujus
377 703 587 758 fructus
609 713 956 770 comparetur
990 704 1220 758 Domino
1241 703 1483 755 Clll'leltl.
1511 702 1565 753 ln
1592 699 1790 753 Libano

207 797 462 864 siquidem
505 797 682 864 (sicut
711 811 856 865 saepe
881 796 1153 865 diximus)
1182 795 1331 850 cedri
1363 803 1654 849 nascuntur
1682 791 1793 848 esi-

207 889 339 954 mia‘,
368 903 692 958 summaque
721 889 1047 957 proceritate
1077 888 1360 958 pollentes.
1393 887 1500 941 Sed
1532 886 1662 956 quid
1698 901 1792 954 po-

208 990 300 1034 test
343 983 608 1035 tractibus
659 982 868 1035 Domini
918 982 1093 1036 simile
1126 981 1384 1049 reperiri,
1417 995 1447 1034 a
1487 995 1593 1048 quo
1621 978 1790 1032 sant-ti

211 1072 571 1141 producuntur
607 1074 850 1128 excelsi?
880 1072 1066 1143 Neque
1096 1073 1242 1128 enim
1277 1073 1380 1126 tale
1411 1082 1513 1136 est,
1546 1070 1794 1139 quamvis

211 1178 456 1233 proceras
484 1163 707 1218 arbores
741 1165 791 1217 in
824 1165 1117 1226 quamlibet
1144 1164 1480 1217 altitudinem
1523 1177 1789 1224 crescere,

207 1256 278 1308 vel
305 1256 490 1307 nubi’a
523 1265 775 1323 tangere,
811 1257 971 1326 quale
1023 1256 1207 1310 beatos
1257 1255 1322 1307 ad
1379 1253 1615 1308 cmlestis
1645 1253 1792 1322 regni

205 1346 385 1417 gaudia
422 1348 727 1415 pervenire.

272 1435 430 1491 νει-ε.
463 1439 547 1491 l7.
574 1436 641 1490 Et
660 1437 917 1507 florebunt
938 1438 1001 1491 de
1026 1437 1225 1490 civitate
1245 1437 1374 1490 sicut
1399 1437 1572 1504 fenum
1601 1444 1749 1487 terra'
1774 1450 1790 1486 :

205 1529 262 1582 sit
289 1544 480 1581 nomen
508 1530 623 1600 ejus
666 1529 991 1582 benedictum
1030 1530 1082 1582 in
1113 1529 1322 1581 sa’culo.
1365 1527 1682 1580 Nonnullam
1719 1526 1796 1576 vi-

205 1621 355 1674 detur
407 1621 586 1674 facere
627 1621 978 1688 quastionem
1006 1660 1022 1684 ,
1080 1619 1203 1688 quia
1249 1619 1422 1685 fenum
1465 1629 1612 1671 terra:
1652 1631 1794 1670 nunc

204 1722 421 1764 :eternaa
450 1710 500 1762 vi
530 1727 575 1762 ιιι
606 1709 784 1764 simile
817 1710 961 1772 facit,
996 1709 1136 1776 quod
1171 1709 1477 1776 frequenter
1506 1707 1683 1774 impiis
1717 1707 1794 1759 le-

1897 516 2146 583 gentibus
2187 519 2485 588 intelligere
2515 519 2809 587 potuisses,
2842 536 2960 589 qute
2988 521 3087 575 sub
3119 524 3220 576 hoc
3263 525 3480 579 nomine

1899 605 2148 674 populum
2180 607 2486 662 habuerunt
2520 609 2778 674 divisum,
2814 610 3046 675 addidit,
3086 629 3258 668 omnes
3306 623 3482 686 gentes

1899 697 2458 767 magniﬁcabunteum.
2495 699 2900 769 Magniﬁcbunt
2942 720 3056 755 cum
3102 704 3253 773 dicit,
3299 707 3483 761 lautla-
3518 739 3520 742 ν

1897 789 2028 843 bunt
2063 791 2246 860 utique
2279 792 2564 860 signiﬁcat.
2591 793 2721 846 Nam
2759 795 2905 848 illum
2937 795 3054 863 quis
3088 807 3264 865 potest
3306 798 3482 854 facere

1896 882 2268 951 grandiorem,
2303 884 2386 938 cui
2418 901 2602 939 omnes
2646 886 2874 939 virtutes
2911 888 3355 957 summitatesque
3383 891 3480 944 de-

1895 976 2171 1028 serviunt?
2203 977 2306 1030 Sed
2350 976 2498 1028 illum
2547 977 2886 1046 przedicando
2937 994 3033 1031 nos
3066 982 3478 1051 magniﬁcamur,

1899 1064 2019 1130 quia
2061 1066 2228 1132 ipsius
2277 1066 2431 1119 laude
2470 1067 2801 1136 proﬁcimus.
2838 1068 2948 1122 Hoc
2995 1072 3138 1124 enim
3179 1074 3241 1124 a.l
3277 1088 3480 1140 prteco-

1896 1156 2045 1208 nium
2093 1156 2317 1211 Deitatis
2359 1157 2475 1228 ejus
2511 1159 2615 1214 dici
2651 1160 2792 1213 nul'a
2827 1170 3002 1228 potest
3033 1164 3353 1230 perversitas
3380 1165 3484 1222 dif-

1899 1248 2057 1300 literi.

1970 1337 2124 1392 Vers.
2147 1337 2231 1391 l9.
2260 1338 2567 1394 Benedictus
2595 1343 2842 1398 Dominus
2872 1344 3006 1398 Deus
3030 1343 3220 1415 Israel,
3252 1352 3339 1420 qui
3363 1352 3486 1423 facit

1896 1431 2152 1484 mirabilia
2183 1448 2367 1502 magna
2397 1434 2558 1486 solus.
2592 1435 2830 1501 Septima
2877 1454 3004 1492 vero
3047 1455 3197 1507 pars,
3246 1460 3366 1509 qua:
3393 1462 3485 1500 su-

1899 1531 2119 1588 perest,
2171 1523 2452 1589 introitur,
2509 1526 2598 1578 ubi
2639 1525 2883 1580 decursis
2931 1531 3179 1586 omnibus
3227 1533 3486 1592 Dominus

1895 1613 2142 1668 Christus
2183 1630 2372 1684 magna
2412 1618 2771 1673 exsultatione
2814 1620 3081 1676 laudatur.
3112 1623 3341 1690 Quando
3383 1627 3486 1681 Da-

1899 1707 2102 1760 minum
2135 1707 2519 1775 prmdicamus,
2569 1709 2891 1765 benedicere
2922 1714 3135 1780 quidem
3171 1716 3316 1771 illum
3348 1719 3486 1774 diei-

203 1802 341 1867 gitur
369 1812 772 1867 comparatum;
799 1799 940 1868 quod
975 1801 1197 1853 omnino
1230 1815 1333 1852 non
1378 1797 1535 1852 debet
1580 1812 1794 1866 permo-
1828 1798 1866 1852 ll
1902 1814 2045 1863 mur,
2075 1814 2179 1850 non
2226 1799 2367 1867 quod
2414 1814 2506 1866 per
2537 1815 2633 1854 nos
2681 1811 2772 1854 aut
2803 1803 3189 1870 sanctiﬁcetur,
3237 1817 3328 1862 aut
3367 1826 3486 1864 cre-

201 1906 346 1946 vere.
391 1891 544 1945 Sicut
575 1892 718 1947 enim
760 1891 956 1946 dicitur
1006 1891 1254 1945 Christus
1290 1892 1397 1954 leo,
1429 1892 1550 1960 quia
1605 1901 1794 1958 potens

203 1999 286 2036 rex
315 1982 561 2036 ferarum
598 1993 714 2049 est;
748 1997 812 2037 ett
843 1983 946 2036 alia
976 1998 1105 2038 vero
1140 1993 1290 2049 parte
1319 1981 1564 2035 diabolus
1599 1982 1795 2036 intelli-

200 2075 340 2143 gitur
369 2074 480 2142 leo,
509 2074 634 2144 quia
661 2075 810 2129 ferox
835 2085 890 2127 et
922 2078 1252 2128 truculentus
1278 2089 1396 2128 esse
1424 2074 1752 2143 dignoscitur
1777 2089 1792 2138 ;

202 2169 266 2221 ita
289 2179 347 2222 et
374 2169 582 2239 fenum.
608 2170 731 2236 quia
759 2167 1059 2238 prit‘nitivus
1079 2177 1235 2221 terra:
1266 2167 1467 2221 fructus
1486 2176 1586 2229 est,
1617 2166 1795 2219 virens

201 2268 351 2329 atque
392 2260 777 2329 gratissimus,
825 2260 1024 2314 sanctis
1073 2259 1285 2312 Domini
1317 2274 1446 2322 ,non
1500 2260 1794 2326 incongrue

203 2361 586 2422 comparatur:
631 2368 695 2406 ea
730 2352 817 2406 illa
854 2367 984 2406 vero
1029 2361 1179 2420 parte
1229 2366 1330 2419 qna
1363 2351 1470 2404 cito
1501 2349 1697 2404 arescit
1743 2359 1796 2404 et

204 2443 530 2508 succiditur,
566 2444 938 2511 peccatoribus
965 2442 1088 2511 jure
1117 2442 1403 2495 similatur.
1439 2443 1510 2494 lla
1545 2442 1601 2495 lit
1630 2451 1685 2494 ut
1715 2442 1793 2494 di-

202 2536 364 2588 versis
391 2534 754 2604 qualitatibus
786 2534 1074 2604 inspectis,
1120 2549 1220 2586 una
1261 2534 1556 2601 eademque
1590 2547 1674 2586 res
1703 2548 1798 2600 ap-

204 2627 402 2681 tissime
460 2626 612 2697 [ed.,
644 2625 1041 2696 diversimode]
1089 2637 1454 2696 comparetur.
1511 2624 1796 2679 Florebant

201 2733 319 2788 ergo
346 2721 419 2772 de
445 2720 652 2772 civitate
677 2719 828 2786 justi,
863 2720 912 2772 id
943 2730 1023 2773 est
1053 2719 1120 2772 de
1146 2720 1384 2773 Ecclesia
1412 2719 1531 2782 Dei,
1565 2720 1698 2778 sicut
1724 2720 1796 2785 {e-

202 2827 312 2863 tiam
340 2823 524 2878 terra,
555 2811 712 2880 cujus
743 2827 848 2865 non
879 2810 1243 2870 mtassancds
1263 2851 1278 2872 ,
1326 2810 1419 2864 sed
1447 2809 1640 2863 decora
1674 2809 1797 2860 viri-

201 2908 328 2958 ditas
377 2915 762 2972 comparatur.
804 2905 867 2956 Et
915 2902 1308 2970 inspic'endum
1350 2901 1493 2970 quod
1539 2900 1692 2961 dicit,
1735 2900 1798 2952 de

198 2998 398 3050 civitate
429 2996 713 3064 ﬂorebunt,
746 3009 850 3049 non
883 2994 934 3048 in
979 2995 1217 3057 civitate,
1273 2993 1392 3059 quia
1438 2993 1501 3044 de
1541 2991 1637 3044 ista
1677 2990 1800 3041 clvi-

199 3099 297 3144 tate
335 3089 511 3158 hujus
540 3087 746 3153 ειεςιιίἰ,
776 3089 834 3141 in
873 3087 958 3140 illa
1001 3087 1254 3156 ﬂorebunt
1289 3083 1619 3139 beatitudine
1657 3097 1799 3136 sem-

1896 1901 2041 1954 scat;
2072 1890 2166 1944 sed
2197 1905 2316 1945 cum
2364 1907 2460 1945 nos
2490 1892 2580 1947 ille
2612 1907 2707 1946 sua
2756 1894 3124 1951 benedictione
3168 1899 3485 1965 sanctiﬁcat,

1899 1993 2022 2037 tunc
2049 1997 2096 2035 et
2131 1985 2285 2038 tuitio
2320 1985 2594 2052 provenit,
2637 1997 2686 2041 et
2718 1999 3002 2054 augmenta
3053 1992 3368 2050 procedunt.
3421 1993 3485 2046 Et

1896 2077 1984 2140 qui
2033 2075 2105 2130 sit
2150 2076 2251 2131 iste
2293 2076 2541 2131 dominus
2576 2092 2670 2146 per
2723 2082 2960 2142 quintam
3013 2080 3246 2141 speciem
3295 2083 3488 2136 delini.

1898 2167 2057 2220 tionis
2086 2169 2362 2223 evidenter
2403 2170 2643 2224 insinuat
2675 2187 2687 2222 :
2725 2169 2864 2223 Deus
2897 2169 3088 2236 Israel,
3123 2173 3171 2225 id
3220 2185 3304 2227 est
3343 2174 3485 2228 DCIH

1898 2259 2162 2313 universa:
2188 2271 2377 2324 terrze;
2412 2263 2550 2314 sicut
2578 2261 2716 2314 alios
2750 2263 3007 2331 propheta
3032 2263 3196 2318 dicit:
3233 2266 3485 2330 Quiernit

1897 2359 1971 2410 te,
2013 2349 2149 2403 Deus
2192 2349 2388 2416 Isvarl,
2431 2353 2536 2420 ipse
2581 2351 2715 2404 Dens
2763 2353 3008 2405 unive'sre
3051 2363 3200 2408 terrae
3230 2357 3495 2408 vocabitur

1898 2440 2053 2508 (lsai.
2083 2457 2187 2505 Ltv,
2213 2441 2290 2511 5).
2309 2442 2546 2507 Addidit,
2575 2444 2663 2511 qui
2688 2445 2810 2512 facit
2833 2444 3086 2496 mirabilia
3117 2461 3302 2515 magna
3323 2448 3488 2513 soluo,

1897 2535 2020 2602 quia
2057 2533 2204 2586 nullo
2250 2533 2453 2603 indiget
2487 2532 2757 2601 adjutore.
2801 2533 2932 2587 Nam
2978 2536 3100 2589 licet
3137 2546 3190 2590 et
3229 2537 3404 2606 angeli
3431 2548 3486 2592 et

1900 2624 2049 2677 multi
2079 2624 2206 2692 justi
2241 2628 2499 2678 miracula
2531 2625 2763 2692 faciant,
2798 2641 2905 2685 non
2935 2626 3072 2692 soli,
3118 2628 3211 2682 sed
3261 2628 3490 2683 Domino

1895 2719 2148 2788 juvante,
2185 2720 2486 2787 perliciunt.

1974 2812 2103 2865 Vers
2146 2812 2234 2864 20.
2287 2811 2350 2864 Et
2391 2811 2708 2864 benedictum
2740 2829 2921 2865 nomen
2967 2813 3250 2881 majestatis
3295 2815 3405 2884 ejus
3436 2815 3491 2866 in

1899 2913 2165 2966 wternum,
2199 2913 2243 2955 et
2273 2903 2324 2955 in
2346 2903 2592 2956 sa'culnm
2621 2905 2831 2967 staculi;
2854 2914 2902 2958 et
2924 2905 3203 2975 replebitur
3230 2907 3495 2975 majestate

1901 2997 2015 3064 eius
2038 2997 2202 3047 omnis
2225 3004 2391 3047 terra:
2407 2995 2520 3062 ﬁat,
2548 2995 2659 3062 ﬁat.
2688 2995 2980 3062 Snperiore
3003 3011 3158 3052 versu
3181 2995 3339 3049 Deum
3364 2996 3492 3051 dicit

1901 3101 1970 3140 es-
1993 3101 2023 3139 e
2056 3085 2408 3150 benedictum;
2438 3084 2676 3140 secundo
2700 3103 2883 3140 nomen
2907 3088 3190 3158 majestatfs
3218 3091 3330 3160 ejus
3349 3131 3363 3154 ,
3389 3089 3490 3142 sci-

203 3183 431 3248 piterna.
471 3181 570 3235 llic
600 3182 743 3235 enim
787 3180 1220 3234 tribulationibus
1253 3177 1588 3239 afﬁciuntur,
1634 3184 1690 3228 ut
1718 3175 1790 3230 ibi
1822 3171 1865 3233 C
1900 3178 2024 3232 licet
2055 3179 2176 3245 quia
2212 3178 2278 3230 de
2311 3176 2527 3231 Christo
2562 3177 2689 3231 dicti
2721 3185 2845 3231 sunt
2875 3178 3195 3240 Christiani,
3228 3180 3368 3248 quod
3399 3196 3491 3232 vo-

203 3285 463 3343 perpetua
486 3272 848 3342 gratulatione
865 3280 1212 3326 coronentur.
1233 3271 1504 3337 Sequitur,
1525 3268 1587 3321 sit
1613 3280 1798 3320 nomen

203 3368 306 3435 ejus
339 3365 680 3418 benedictum
707 3363 759 3416 in
787 3363 998 3416 sa'cula.
1033 3361 1321 3431 Postquam
1359 3359 1645 3428 descripsit
1677 3360 1798 3413 bea-

206 3456 492 3508 titudinem
520 3463 858 3514 sanctorum.
893 3455 1182 3507 rth‘l'llltlt'
1222 3451 1288 3505 ad
1320 3451 1531 3504 laudem
1568 3449 1798 3513 Domini,

204 3561 304 3604 quo
334 3547 414 3600 illi
450 3545 596 3598 beati
629 3552 788 3607 sunt;
818 3558 881 3597 ac
910 3544 954 3596 si
983 3543 1226 3597 diceret:
1259 3541 1316 3596 ln
1347 3549 1609 3596 aeternum
1641 3539 1802 3611 glori-

207 3637 391 3691 ﬁcctur
431 3637 602 3700 Deus,
643 3637 732 3704 qui
771 3646 1029 3688 aeternam
1059 3635 1285 3704 gloriam
1329 3641 1676 3702 praestaturus
1713 3646 1804 3702 ag-

206 3732 474 3783 noscitur.

275 3819 437 3874 Vera.
469 3819 491 3871 l
517 3822 562 3871 ξ.
589 3818 720 3871 Ante
744 3818 900 3871 solem
931 3827 1195 3887 permanet
1219 3832 1401 3870 nomen
1424 3819 1568 3888 ejus;
1591 3826 1636 3870 et
1663 3816 1805 3870 bene-

208 3910 448 3961 dicentur
493 3909 549 3960 in
598 3908 709 3977 ipso
755 3923 928 3960 omnes
970 3908 1128 3959 tribus
1177 3916 1324 3958 terrm
1355 3921 1373 3958 :
1421 3923 1592 3958 (mines
1636 3917 1805 3973 gentes

208 4002 618 4070 nmgniﬁcabunt
650 4015 788 4052 eum.
816 4000 988 4054 Janua
1016 4006 1182 4051 suum
1212 3997 1375 4066 partis
1404 3999 1640 4064 aperitur
1665 4039 1680 4062 ,
1716 3996 1803 4048 ubi

206 4103 260 4146 ει
299 4094 595 4148 cterttitas
645 4091 852 4145 Domini
891 4091 1244 4158 signiﬁcatur,
1294 4101 1343 4143 et
1389 4099 1650 4141 terrarum
1693 4102 1807 4140 om-

210 4186 354 4238 nium
382 4183 649 4253 generale
675 4182 975 4236 servitium.
1008 4182 1072 4234 Et
1102 4196 1168 4235 ne
1198 4189 1440 4233 sanctum
1475 4179 1565 4232 Dei
1613 4178 1805 4232 Filium

208 4278 575 4343 temporalem
616 4273 808 4341 aliquis
846 4274 1155 4341 blasphetna
1195 4273 1516 4342 Cogitatione
1552 4270 1807 4335 sentiret,

208 4381 329 4420 ante
341 4382 572 4422 omnem
587 4378 729 4420 crca'
741 4380 888 4418 uram
906 4381 1086 4417 nomen
1099 4367 1209 4433 ejus
1224 4379 1516 4432 permanere
1539 4379 1586 4430 p:
1603 4362 1811 4416 OfCSSitS

206 4469 286 4512 est
301 4499 318 4524 ,
337 4459 483 4513 sicut
508 4457 862 4527 Evangelium
883 4457 1046 4510 dicit:
1071 4454 1134 4509 In
1153 4456 1407 4525 principio
1437 4467 1543 4508 erat
1563 4453 1808 4516 Verbum,

206 4566 249 4600 si
274 4549 505 4602 Verbum
526 4560 635 4602 erat
657 4550 798 4614 apud
822 4547 982 4602 Deum
1007 4588 1021 4611 ,
1055 4558 1100 4601 et
1132 4548 1266 4600 Deus
1292 4558 1400 4599 crat
1435 4546 1668 4599 Verbum.
1699 4547 1810 4600 Hoc
1845 4551 1892 4608 D

207 4659 317 4701 (ml
333 4650 391 4701 in
411 4647 673 4718 principio
693 4647 830 4715 apud
857 4645 1017 4699 Deum
1041 4643 1096 4712 (1
1106 4659 1222 4697 oon.
1248 4659 1287 4705 I.
1314 4645 1359 4706 Ι,
1375 4642 1452 4710 ‘1).
1477 4641 1615 4697 Ecce
1633 4659 1812 4695 nomen

209 4742 322 4809 ejus
345 4739 495 4807 quod
521 4749 785 4808 p..rmanct
809 4737 860 4790 in
883 4750 1166 4790 aeternum.
1192 4735 1324 4789 Nam
1352 4734 1552 4788 ntillud
1583 4734 1810 4788 Verbum

209 4830 518 4897 intelligas,
559 4828 702 4895 quod
741 4837 823 4882 est
863 4829 1092 4896 positum
1133 4836 1251 4879 ante
1298 4826 1490 4888 solem,
1537 4827 1808 4894 sequitur,

207 4924 388 4976 otuuia
421 4938 512 4988 per
553 4923 722 4974 issam
769 4925 907 4986 facta
932 4928 1083 4980 sunt,
1129 4927 1179 4971 et
1223 4919 1333 4970 sine
1364 4918 1474 4987 ipso
1503 4918 1695 4986 factum
1740 4927 1814 4970 est

209 5017 340 5068 aitait
366 5014 622 5084 (Ibidem,
645 5015 720 5083 ὅ).
746 5013 904 5068 Vides
919 5029 1047 5082 ergo
1067 5027 1251 5066 nomen
1271 5015 1385 5082 ejus
1401 5011 1671 5064 BXhlillSSC
1690 5020 1817 5064 ante

206 5119 500 5162 aeaturas
523 5107 838 5169 universas;
862 5105 1066 5174 quippe
1089 5105 1178 5172 qui
1207 5111 1420 5156 creator
1441 5112 1524 5156 est
1549 5103 1815 5156 onmium.

213 5197 435 5252 Nam
463 5198 608 5252 enim
637 5198 838 5250 dictum
859 5206 962 5263 est,
992 5195 1133 5266 quod
1163 5204 1343 5248 notam
1375 5209 1486 5248 rem
1515 5194 1692 5247 iaciat.
1724 5193 1818 5246 llic

208 5292 381 5344 notent
411 5305 508 5356 pro
534 5289 790 5341 omnibus
809 5299 1075 5340 creaturis
1098 5284 1270 5352 ponit,
1291 5283 1413 5350 quia
1438 5281 1818 5350 conspectibus

211 5385 432 5436 nostris
459 5384 664 5451 gratior
691 5379 965 5432 clarescit.
1001 5377 1123 5430 llaec
1145 5384 1228 5430 est
1247 5377 1387 5429 enim
1417 5374 1624 5442 species
1653 5375 1814 5427 sche-

209 5477 383 5528 matis
420 5471 789 5539 synecdoche,
815 5486 935 5538 qua:
966 5467 1234 5540 signiﬁcat
1261 5483 1289 5520 a
1319 5477 1466 5536 parte
1495 5474 1684 5520 totum.
1720 5464 1818 5520 Se-

209 5569 396 5634 quitm
415 5606 433 5628 .
454 5565 809 5618 benedicentur
832 5566 883 5616 in
906 5563 1013 5632 ipso
1038 5577 1205 5614 omnes
1229 5559 1390 5612 tribus
1405 5569 1571 5614 ιιι-ναν.
1597 5557 1661 5610 lu
1684 5560 1816 5627 ipso,

212 5660 463 5714 Omnino
490 5656 706 5711 Christo
738 5655 896 5719 dicit;
931 5657 1068 5708 sicut
1108 5663 1162 5708 et
1206 5652 1430 5707 Abrahae
1459 5651 1662 5705 dictum
1693 5660 1815 5704 est:

215 5751 279 5802 lu
307 5751 517 5806 semine
547 5762 634 5803 tuo
665 5749 1016 5802 benedicentur
1055 5763 1227 5802 omnes
1275 5747 1434 5800 tribus
1481 5754 1632 5798 terra:
1655 5741 1811 5814 (Cen.

1902 3269 2150 3323 cahulnm
2200 3269 2363 3322 totius
2416 3269 2566 3322 orbis
2617 3269 2904 3322 terminum
2952 3283 3101 3322 sacra
3153 3271 3494 3326 veneratimiu

1903 3360 2208 3428 complevit.
2245 3358 2376 3412 Nam
2411 3359 2549 3412 sicut
2579 3359 2694 3428 ipse
2725 3369 2960 3412 alternus
2991 3370 3104 3427 est,
3141 3361 3208 3413 ita
3237 3371 3290 3414 et
3323 3363 3494 3414 nomi-

1906 3452 1987 3504 nis
2028 3451 2146 3519 ejus
2175 3451 2437 3519 pra-conia
2468 3459 2843 3519 perseverant.
2886 3451 3014 3505 Nam
3057 3452 3199 3519 quod
3227 3454 3489 3522 sequitur,

1906 3549 1952 3595 ct
1985 3542 2263 3612 replebitur
2290 3544 2556 3614 majestate
2586 3546 2698 3608 eius
2731 3545 2894 3596 omnis
2919 3553 3076 3608 terra,
3101 3555 3315 3598 sanctos
3343 3546 3493 3609 dzeit,

1906 3635 1991 3702 qui
2041 3634 2210 3700 ipsius
2253 3633 2638 3688 clarilicatione
2681 3634 2872 3702 repleti
2903 3645 3049 3688 sunt.
3094 3633 3308 3688 Terram
3346 3636 3491 3690 enim

1907 3723 1991 3777 hic
2013 3740 2226 3780 omnem
2252 3725 2462 3780 ﬁdelem
2489 3725 2745 3780 debemus
2772 3726 3037 3794 accipere,
3066 3727 3278 3795 qualem
3306 3742 3492 3782 revera

1912 3821 2166 3873 Dominus
2193 3820 2390 3884 replere
2414 3819 2682 3888 dignatur.
2717 3820 2944 3889 Adjecit,
2972 3821 3085 3890 ﬁat,
3117 3821 3498 3890 ﬁzzt.0ptantis

1909 3921 1991 3963 est
2019 3908 2233 3978 quidem
2268 3909 2451 3963 dieere
2488 3910 2610 3974 ﬁat,
2643 3910 2739 3961 sed
2771 3910 2992 3961 nimium
3025 3910 3382 3963 desiderantis
3413 3913 3495 3976 ip-

1909 4015 2025 4053 sum
2057 4009 2324 4067 repetere.
2368 3998 2519 4065 Quod
2554 4003 2720 4066 magis
2750 3998 2812 4050 ad
2846 4000 3158 4068 mysterium
3191 4000 3493 4068 aliquorum

1913 4090 2238 4156 psalmorum
2281 4090 2511 4156 positqu
2552 4087 2809 4141 debemus
2842 4087 3154 4152 advertere,
3190 4106 3294 4141 non
3329 4092 3498 4158 (SlCtt'.

1913 4180 2172 4247 aliquibus
2198 4179 2366 4231 visum
2391 4177 2491 4246 est)
2528 4178 2644 4228 libri
2677 4178 2930 4230 unitatem
2965 4179 3027 4230 ad
3066 4179 3260 4231 multas
3293 4181 3488 4244 perdu—

1913 4283 2036 4322 cere
2065 4271 2353 4322 sectiones.
2399 4268 2705 4336 Magnilicns
2749 4268 3009 4336 psalmus,
3040 4284 3199 4338 quem
3228 4270 3406 4336 gemin
3428 4283 3497 4324 ita

1914 4374 2034 4415 vota
2063 4373 2240 4416 secnta
2266 4371 2420 4425 sunt;
2449 4361 2708 4414 adventus
2736 4362 2876 4415 enim
2910 4361 3126 4415 Domini
3158 4362 3379 4418 omnino
3405 4365 3500 4419 dc-

1918 4455 2034 4510 buit
2061 4455 2434 4510 desideranter
2464 4456 2659 4523 optari.

2357 4596 2518 4668 244.
2556 4597 2825 4652 Conclusio
2853 4597 3060 4666 psalmi.

1992 4737 2418 4802 Perpendamus,
2449 4739 2719 4792 auditores
2759 4735 2940 4792 eximii
2967 4779 2979 4799 .
3007 4745 3196 4792 contra
3245 4738 3502 4806 Eutychis

1918 4842 1971 4884 et
1999 4829 2224 4883 Nestorii
2261 4829 2391 4882 bella
2428 4829 2625 4882 nefaria
2657 4831 2784 4882 olim
2818 4828 2972 4880 nobis
3007 4843 3151 4880 arma
3184 4839 3348 4881 recta:
3381 4828 3503 4883 ﬁdei

1921 4921 2086 4974 fuisse
2109 4921 2351 4986 provisa;
2386 4934 2446 4972 ut
2475 4919 2528 4973 in
2561 4919 2765 4973 duabus
2802 4917 3004 4971 naturis
3027 4919 3322 4972 verissimis
3349 4929 3510 4986 atque

1921 5009 2176 5078 perlectis
2201 5010 2253 5062 in
2279 5025 2378 5062 una
2413 5025 2638 5078 ρετεηιιε
2663 5010 2892 5063 existere
2914 5018 2968 5063 et
2995 5023 3308 5076 permanere
3329 5008 3509 5061 eri-da.

1923 5113 2010 5156 tur
2039 5103 2198 5164 Deus,
2232 5102 2320 5154 Dei
2357 5101 2538 5165 Filius,
2565 5101 2821 5156 Dominus
2851 5101 3006 5156 Jesus
3036 5102 3282 5156 Christus
3309 5119 3319 5152 :
3352 5118 3419 5154 nc
3441 5103 3506 5154 ad

1927 5209 2025 5249 eos
2057 5195 2488 5263 comprimendos
2516 5195 2758 5249 laborare
2789 5196 3071 5260 possimus,
3105 5195 3192 5264 qui
3235 5206 3393 5248 tanta:
3415 5210 3512 5246 au-

1927 5287 2188 5340 eloritatis
2229 5285 2422 5339 robore
2453 5301 2876 5340 commouemur.
2907 5285 3041 5339 Nam
3072 5301 3190 5340 cum
3238 5295 3514 5353 utramque

1928 5390 2169 5432 naturam
2196 5377 2247 5430 in
2278 5376 2375 5428 hoc
2401 5377 2603 5444 psalmo
2627 5376 2956 5439 reperiamus
2986 5389 3318 5443 expressam,
3352 5375 3514 5444 E-uy-

1925 5468 2041 5520 chis
2089 5482 2307 5534 pravum
2340 5465 2526 5534 dogma
2572 5482 2729 5519 unam
2777 5478 3017 5518 naturam
3051 5465 3386 5518 defendentis
3416 5483 3515 5518 ex-

1928 5558 2160 5626 pellitur.
2193 5556 2325 5611 Cutn
2361 5572 2485 5610 vero
2516 5573 2615 5610 una
2647 5573 2870 5626 person
2901 5555 3100 5609 Christi
3137 5555 3345 5609 Domini
3381 5574 3512 5622 prai-

1920 5654 2156 5711 dicatur,
2187 5647 2418 5703 Nestorii
2458 5664 2660 5702 ven-'na
2699 5649 3042 5715 damnantur,
3103 5647 3224 5718 quia
3267 5662 3388 5701 cum
3429 5647 3516 5701 hic

1923 5742 2156 5802 psalmus
2182 5740 2314 5795 duas
2344 5741 2681 5807 Operationes
2702 5739 2863 5805 dicat,
2899 5754 3058 5794 unam
3089 5748 3266 5796 tamen
3299 5739 3516 5796 Domini
