3956 6178
453 348 554 402 {illi

1664 324 1732 379 M.
1777 317 2051 377 AURELII
2091 309 2488 370 CASSIODORI

3614 290 3722 346 516

454 465 650 524 Christi
695 457 1036 532 cognosci?!"
1066 449 1359 522 praedicare
1401 453 1704 514 personam.
1749 436 1861 491 Non
1893 435 2035 491 enim
2073 437 2114 494 Α
2144 428 2373 498 loquitur
2419 423 2702 494 psalmum.
2752 417 2805 471 In
2851 416 3017 486 prima
3059 421 3208 482 parte
3249 410 3454 465 zelasse
3491 422 3550 462 se
3592 409 3728 461 dicit

1846 523 1945 532 ._...
2151 521 2170 532 .
2201 520 2234 532 ..
2274 519 2306 532 ι-
2351 527 2361 532 -
2424 531 2427 532 ,
2489 513 2667 532 γηηηιε
2721 524 2901 532 ----...
2937 517 3191 532 ...η-...ιιηι-
3228 511 3565 532 ..Δηηειιιιοιιιηι
3593 515 3606 528 ο
3632 499 3728 532 mL.

456 523 970 629 quidquamvplurali
1017 554 1240 598 numero
1286 536 1450 598 dixit,
1480 532 1600 601 quia
1649 542 1811 583 unum
1846 523 2040 580 Filium

460 617 817 706 credi-voluit.
850 641 966 710 Ipse
997 645 1080 692 est
1106 633 1246 690 enim
1279 629 1368 701 qui
1399 644 1462 683 ex
1497 626 1653 681 Patre
1684 628 1810 676 ante
1845 617 2045 672 smcula

465 751 618 794 natus
644 743 744 800 est,
773 733 858 802 qui
885 731 938 784 in
967 736 1120 782 utero
1147 723 1372 792 Virginis
1394 732 1606 773 carnem
1633 724 1830 767 nostra:
1852 717 2048 763 morta-

465 830 632 888 litatis
662 823 971 888 assumpsit,
1001 816 1318 873 homousion
1350 811 1494 866 Patri
1529 805 1821 862 secundum
1854 799 2050 855 divini-

468 932 668 984 tatem,
717 915 1031 970 homousion
1077 923 1285 979 quoque
1321 904 1473 959 nobis
1519 897 1809 956 secundum
1861 894 2050 946 huma-

473 1020 723 1076 nitatem,
775 1003 1056 1061 invisibilis
1112 1003 1339 1061 deitate,
1384 996 1554 1050 factus
1598 1001 1680 1045 est
1726 987 2054 1042 humanitate

479 1101 723 1156 visibilis.
759 1098 870 1152 Pati
902 1097 1060 1148 homo
1089 1099 1306 1161 propter
1338 1099 1434 1139 nos
1463 1083 1710 1152 dignatus
1742 1087 1843 1142 est,
1879 1091 1972 1144 per
1997 1089 2055 1129 so

477 1192 822 1264 impassibilis
847 1190 1009 1253 Deus,
1036 1199 1140 1239 non
1173 1171 1850 1236 summitatemdivinitatis
1877 1166 2055 1222 immi-

480 1301 680 1349 tittens,
717 1283 807 1337 sed
838 1279 1188 1334 humilitatem
1227 1272 1398 1327 carnis
1428 1269 1687 1323 exaltans.
1727 1265 1835 1316 Hoc
1875 1268 2060 1316 sancta

391 1396 398 1404 '
484 1379 763 1451 prophetia
785 1373 948 1440 dicit,
975 1370 1076 1423 hoc
1109 1365 1516 1428 Evangeliorum
1545 1358 1854 1426 frequenter
1881 1359 2062 1406 textus

487 1471 739 1532 insinuat,
763 1465 862 1518 hoc
883 1477 979 1533 per
1001 1469 1165 1515 totum
1192 1452 1442 1508 mundum
1468 1449 1618 1502 beata
1642 1445 1784 1500 canit
1806 1442 2060 1508 Ecclesia,

488 1575 602 1616 uta
633 1557 892 1612 catholica
931 1553 1032 1605 lidc
1073 1549 1161 1603 ille
1209 1549 1562 1612 COgnoscattir
1602 1547 1888 1592 extraneas
1917 1575 1931 1597 ,
1975 1533 2064 1601 qui

491 1653 580 1706 tali
605 1667 709 1704 non
738 1645 893 1701 fuerit
916 1643 1205 1697 stabilitate
1231 1637 1495 1690 fundatus.
1517 1633 1779 1685 Memento
1811 1636 2067 1696 praeterea

492 1744 630 1813 quod
657 1742 688 1792 lt
713 1755 742 1794 c
771 1748 990 1807 quartus
1021 1744 1103 1786 est
1139 1732 1376 1800 psalmus
1407 1742 1467 1779 ex
1501 1724 1582 1777 his
1609 1738 1745 1793 quos
1772 1722 1836 1774 de
1863 1718 2004 1773 duab
2044 1731 2070 1771 s

497 1836 700 1889 naturis
737 1835 1004 1883 locuturos
1030 1839 1146 1877 esse
1179 1819 1541 1891 praediximus.

750 1940 1108 1998 EXPUSITIO
1152 1937 1212 1992 IN
1257 1932 1582 1992 I‘SALMUM
1622 1928 1831 1984 LXXII.

502 2041 805 2107 Defecerunt
844 2035 1021 2087 laudes
1065 2029 1229 2084 David
1270 2029 1364 2094 ﬁlii
1401 2025 1542 2079 Jesse
1569 2065 1582 2088 ,
1622 2021 1848 2093 psalmus
1880 2017 2074 2086 Asaph.

573 2157 706 2207 Dum
737 2151 788 2204 in
823 2150 990 2203 titulis
1017 2143 1380 2212 superioribus
1416 2140 1579 2192 David
1609 2146 1814 2190 tantum
1837 2131 2079 2186 videatur

497 2265 528 2300 a
563 2249 793 2312 t-riptns,
838 2239 922 2293 hic
958 2236 1192 2294 addidit.
1235 2234 1331 2303 ﬁlii
1371 2231 1547 2294 .Icsse;
1592 2227 1796 2282 scilicet
1834 2232 1893 2278 ut
1931 2222 2078 2275 illum

507 2339 672 2391 David
703 2346 902 2403 patrem
934 2328 1237 2386 Salomonis
1264 2325 1559 2392 intelligere
1589 2320 1906 2379 debeamus;
1937 2312 2079 2382 quod

501 2429 569 2482 ad
617 2438 898 2497 personam
944 2417 1344 2487 exprimendam
1397 2413 1668 2482 prophetas
1716 2414 2083 2473 competenter

507 2519 769 2589 adjectum
792 2525 891 2567 est.
916 2513 1039 2565 llzec
1063 2525 1199 2563 nona
1223 2516 1304 2562 est
1328 2509 1534 2572 species
1555 2498 1902 2560 definitionis,
1925 2510 2081 2564 quam

506 2607 677 2664 Cra-ci
705 2607 810 2660 καθ’
833 2604 1190 2658 ὑποτύπωσιν,
1218 2597 1384 2652 Latini
1410 2610 1503 2664 per
1524 2592 1804 2662 quamdam
1829 2586 2086 2653 imagina-

512 2701 710 2754 tionem
736 2695 865 2770 [ed.,
884 2687 1191 2761 imaginem}
1219 2688 1427 2744 dicunt.
1461 2683 1670 2752 quando
1694 2676 1960 2732 nominata
1977 2690 2089 2728 ma-

511 2802 592 2843 tre
628 2786 708 2840 vel
739 2769 933 2854 patre,
978 2781 1042 2832 ad
1072 2776 1470 2844 intelligentiam
1513 2769 1798 2824 individua:
1841 2777 2088 2836 persona!

510 2894 703 2937 sensus
732 2887 911 2932 noster
937 2872 1236 2928 adducitur.
1281 2869 1686 2935 Congregautur
1722 2863 1880 2916 etiam
1910 2858 2088 2913 multa:

514 2987 599 3027 res
624 2970 690 3024 ad
716 2980 969 3038 persnnas
982 2960 1336 3018 communiter
1365 2956 1448 3028 [ed
1458 2995 1492 3021 .,
1513 2950 1759 3021 comiter]
1781 2949 2088 3020 exprimen-

511 3064 639 3126 das;
669 3071 728 3114 ut
767 3068 849 3114 est
875 3055 1001 3110 illud
1028 3071 1040 3107 :
1075 3054 1324 3108 Socrates
1368 3048 1504 3100 filius
1531 3041 1907 3113 SOPiII‘OIIi:Cl,
1939 3038 2091 3106 cujus

515 3163 685 3208 mater
715 3160 795 3203 est
826 3148 1157 3204 Plin-parete,
1189 3139 1396 3202 calvus,
1423 3143 1724 3195 ventrosus,
1756 3131 1940 3183 simus.
1967 3126 2091 3179 llasc

517 3244 658 3299 enim
703 3258 735 3292 o
763 3262 768 3290 :
798 3242 882 3292 nia
931 3237 1100 3289 solum
1151 3235 1422 3288 Socratem
1474 3225 1708 3280 indicare
1761 3238 1823 3276 ac
1868 3219 2091 3275 definire

516 3351 626 3388 nos-
651 3342 829 3385 untur.
858 3327 961 3382 Sed
990 3327 1040 3378 in
1071 3326 1171 3376 hac
1191 3337 1248 3376 re
1272 3331 1412 3373 tanta
1446 3315 1686 3386 ponenda
1717 3321 1861 3379 sunt,
1894 3320 2094 3379 quanta

517 3431 743 3494 possitnt
775 3418 1027 3471 individui
1051 3415 1117 3467 de
1142 3428 1246 3481 quo
1277 3409 1552 3479 quaeritur,
1579 3406 1646 3459 ab
1665 3403 1912 3458 omnibus
1939 3410 2096 3456 caste-

522 3517 593 3567 ris
620 3522 960 3578 seqnestrare
991 3517 1295 3574 personam.
1328 3497 1532 3552 Laudes
1577 3509 1704 3563 ergo
1743 3493 1896 3547 istius
1933 3489 2095 3544 David

521 3601 766 3670 defecisse
821 3595 981 3660 dicit;
1039 3592 1175 3662 quod
1226 3589 1324 3643 nisi
1384 3594 1821 3656 perscrutemur,
1879 3581 2096 3635 omnino

522 3690 847 3747 contrarium
875 3698 975 3751 est,
1008 3685 1137 3738 utin
1161 3681 1332 3735 medio
1367 3693 1499 3748 pene
1529 3690 1686 3744 opere
1715 3671 1986 3742 proiilteta:
2018 3670 2097 3724 di-

523 3796 604 3839 cat
645 3781 904 3848 prasconia
934 3776 1214 3830 defecisse.
1263 3771 1365 3826 Sed
1412 3783 1623 3822 causam
1672 3765 1826 3834 hujus
1864 3761 1990 3817 dicti
2032 3761 2100 3815 ab

524 3877 731 3943 origine
780 3870 1164 3940 perquiramus.
1210 3863 1340 3918 Cum
1391 3859 1709 3915 Israeliticus
1760 3855 1982 3925 populus
2034 3853 2102 3906 de

527 3976 666 4019 terra
699 3962 910 4031 Aigypti
943 3973 1038 4028 per
1069 3953 1317 4009 miracula
1352 3948 1599 4005 humanis
1636 3947 1804 4001 Oculis
1848 3957 2103 4012 apparen-

527 4059 600 4111 tia
634 4056 967 4114 liberaretur,
998 4063 1094 4118 pro
1123 4045 1333 4100 collatis
1357 4040 1630 4096 beneficiis
1653 4039 1762 4092 Deo
1793 4038 1978 4090 laudes
2011 4048 2102 4101 per

530 4149 788 4204 sacrificia
835 4142 1123 4213 pecudum,
1171 4149 1224 4193 et
1265 4139 1734 4190 instrumentorum
1781 4128 2100 4182 musicorum

531 4237 914 4295 consultatione
962 4231 1248 4293 reddebat;
1291 4242 1408 4296 qua:
1449 4225 1499 4277 in
1545 4222 1764 4291 figuram
1806 4220 1941 4271 facta
1982 4225 2103 4269 sunt

532 4345 701 4401 usque
722 4329 786 4381 ad
821 4323 1203 4393 plenitudinem
1237 4318 1491 4386 temporis
1517 4330 1622 4384 quo
1650 4313 1896 4368 Cltr'stus
1925 4309 2108 4363 Domi-

535 4442 632 4477 nus
663 4422 956 4475 adveniret.
985 4418 1100 4469 Isne
1123 4427 1249 4482 ergo
1280 4409 1462 4465 laudes
1490 4407 1832 4475 temporales,
1861 4419 1978 4472 qua:
2011 4417 2106 4471 pro

2150 519 2454 574 felicitatem
2487 513 2692 574 mundi,
2721 524 2904 580 pacem
2935 517 3194 561 contuens
3228 511 3567 570 peccatorum
3593 515 3606 551 :
3632 499 3728 550 ad-

2150 611 2350 664 mirans
2379 623 2474 663 cur
2506 603 2735 660 inimicis
2768 603 2855 655 Dei
2885 608 2938 653 et
2967 595 3185 666 paganis
3227 591 3550 662 prosperitas
3583 597 3726 642 tanta

2152 699 2490 770 provenerit,
2527 705 2584 749 t.t
2621 709 2683 748 os
2728 708 2881 747 suurn
2923 703 3088 756 usque
3126 685 3191 738 ad
3236 685 3430 738 collum
3472 679 3733 734 extollere

2153 792 2478 844 viderentur.
2511 784 2754 840 Secunda
2787 790 2936 849 parte
2961 788 3296 832 reversurum
3319 773 3449 826 dicit
3474 769 3729 839 populum

2153 896 2306 936 suum
2354 879 2419 932 ad
2459 875 2672 930 salubre
2707 871 3018 930 coosilimn,
3048 876 3100 920 et
3130 866 3368 934 pristitt'e
3397 858 3736 929 cogitationis

2155 970 2478 1026 erubescere
2509 965 2819 1030 pravitatem
2840 1002 2854 1027 ,
2900 959 3076 1010 donec
3107 955 3290 1008 ultima
3323 950 3604 1018 impiorum
3654 949 3738 999 ἤδη

2159 1061 2400 1129 telligere
2439 1066 2595 1124 atque
2632 1051 2944 1120 conspicere
2994 1054 3280 1099 mereatur.
3328 1039 3505 1094 Tertia
3553 1047 3738 1105 parte,

2165 1162 2385 1226 propter
2407 1149 2559 1204 dolos
2589 1160 2716 1199 suos
2755 1145 2894 1197 mala
2936 1138 3112 1208 impiis
3141 1135 3428 1204 provenire
3473 1141 3697 1185 testatur
3725 1167 3741 1194 ,

2164 1245 2285 1316 quia
2318 1255 2530 1296 sanctos
2575 1239 2718 1291 viros
2765 1232 3015 1288 felicitate
3063 1244 3160 1282 sua
3203 1225 3566 1282 scandalizare
3594 1222 3748 1275 vitle-

2165 1335 2376 1395 bantur,
2399 1348 2455 1385 se
2479 1338 2655 1383 tamen
2681 1323 2938 1379 beneficio
2959 1319 3162 1373 Domini
3185 1318 3250 1370 de
3277 1316 3358 1368 his
3376 1313 3528 1366 malis
3550 1310 3750 1364 asserit

2167 1441 2288 1480 esse
2315 1424 2616 1477 liberatum.
2646 1418 2842 1482 Quarta
2867 1411 3014 1472 dicit,
3054 1406 3320 1476 quomodo
3358 1403 3422 1455 ad
3453 1402 3746 1470 perfectum

2172 1516 2526 1579 intellectum,
2555 1510 2774 1564 Domino
2803 1505 3110 1565 miserante,
3140 1500 3457 1567 pervenerit.

2709 1597 2972 1665 Expositio
3005 1593 3210 1661 psalmi.

2248 1695 2402 1749 Vers.
2439 1695 2488 1747 1.
2525 1691 2690 1758 Quam
2719 1691 2877 1743 bonus
2911 1685 3073 1740 Israel
3102 1683 3238 1735 Deus
3264 1683 3341 1734 his
3368 1681 3453 1748 qui
3481 1690 3613 1733 recto
3635 1689 3758 1732 sant

2106 1811 2150 1868 Β
2181 1791 2332 1842 corde
2354 1790 2388 1861 lt
2409 1787 2486 1849 d.,
2510 1786 2656 1837 rectis
2686 1782 2877 1849 ωιλαμ
2905 1781 3062 1832 “('COI
3077 1777 3230 1829 datus
3263 1773 3429 1841 Asaplt
3450 1813 3463 1836 ,
3501 1774 3758 1838 quoniam

2177 1884 2331 1937 istius
2354 1881 2533 1935 swcul't
2559 1878 2800 1932 felicibus
2831 1873 3127 1935 invidisset,
3158 1881 3211 1923 et
3241 1883 3406 1937 usque
3434 1868 3498 1920 ad
3532 1865 3756 1918 nimiam

2182 1972 2449 2028 tristitiam
2480 1969 2601 2023 inde
2633 1965 2940 2037 pervenerit
2966 2008 2980 2030 ,
3012 1962 3132 2031 quia
3164 1961 3420 2015 Dominus
3448 1968 3762 2026 peccatores

2183 2068 2233 2122 in
2262 2067 2362 2120 hoc
2389 2064 2588 2120 sacculo
2613 2061 2810 2116 ﬂorere
2835 2065 3126 2126 pateretur,
3161 2069 3218 2108 se
3246 2055 3358 2121 ip.e
3394 2051 3710 2106 condemnat
3738 2063 3764 2100 s

2181 2156 2440 2212 eructavit
2503 2166 2680 2207 veram
2745 2162 3072 2216 suavemque
3121 2144 3472 2207 sententiam,
3522 2141 3764 2195 ditcns:

2183 2252 2382 2306 Bonum
2415 2264 2534 2304 esse
2562 2245 2748 2311 Deum,
2771 2244 2863 2299 sed
2885 2243 2964 2296 his
2985 2242 3071 2313 qui
3095 2252 3234 2294 recto
3261 2247 3376 2291 sunt
3403 2238 3574 2297 cordr,
3603 2235 3655 2288 id
3678 2243 3767 2289 est

2185 2349 2271 2418 qui
2301 2361 2462 2417 opera
2509 2345 2625 2413 ejus
2654 2342 2830 2396 studio
2871 2339 3084 2406 p'etatis
3114 2336 3438 2404 intelligunt.
3480 2331 3634 2386 Unde
3670 2331 3768 2384 ad-

2187 2439 2412 2493 vertitur
2440 2435 2616 2504 pravis
2639 2432 2988 2498 distortisqne
3017 2427 3328 2481 mortalibus
3350 2423 3765 2492 dispositionem

2192 2530 2310 2601 ejus
2357 2526 2632 2594 sacrilegis
2680 2521 3090 2592 cogitationibus
3139 2517 3436 2584 displicere.
3490 2514 3578 2568 Sic
3622 2515 3767 2565 sanis

2189 2620 2359 2674 oculis
2406 2615 2782 2672 serenissimus
2830 2615 2907 2665 sol
2941 2610 3193 2678 refulget,
3245 2615 3462 2662 econtra
3505 2604 3769 2657 obscurus

2193 2709 2407 2763 videtur
2438 2707 2542 2760 illis
2575 2718 2803 2773 quorum
2836 2699 3033 2755 lumina
3074 2697 3388 2752 infirmitate
3431 2693 3768 2746 detinentur.

2268 2800 2418 2852 Vers.
2449 2797 2504 2849 2.
2536 2795 2640 2848 Mei
2665 2806 2836 2847 autem
2881 2806 3004 2858 pene
3030 2790 3153 2842 moti
3185 2796 3300 2840 sunt
3329 2785 3501 2856 pedes,
3534 2798 3663 2850 pene
3690 2785 3770 2850 ef-

2191 2887 2290 2957 fusi
2320 2897 2438 2939 sunt
2467 2899 2664 2955 gressus
2699 2883 2814 2935 mei.
2851 2881 2916 2935 Ut
2945 2879 3036 2932 int:
3060 2877 3272 2946 lligeres
3306 2884 3552 2928 sanctum
3595 2871 3771 2924 virum

2189 2988 2374 3034 contra
2401 2993 2458 3031 se
2478 2976 2809 3043 superiorem
2841 2971 3034 3040 proutli
3068 2984 3126 3024 se
3154 2965 3496 3029 sententiam,
3529 2963 3674 3033 quod
3698 2963 3772 3016 fa-

2193 3074 2401 3129 miliare
2429 3076 2745 3138 semperest
2765 3067 2945 3135 justis,
2987 3079 3149 3118 suum
3183 3060 3462 3130 profitetur
3487 3071 3769 3120 errorem;

2121 3175 2164 3237 (ζ
2198 3171 2254 3217 ut
2285 3178 2417 3233 pene
2443 3163 2646 3230 lapsum
2679 3176 2736 3213 se
2765 3159 2992 3224 diceret,
3021 3159 3104 3209 cui
3137 3150 3526 3208 administratio
3559 3149 3773 3204 Domini

2192 3245 2633 3312 irrationabiliter
2658 3249 2994 3318 displicebat.
3035 3246 3305 3313 Scriptura
3339 3245 3644 3312 frequenter
3678 3255 3775 3308 pt-r

2199 3345 2548 3418 tropologiam
2588 3342 2823 3412 appellat
2853 3339 3040 3408 pedem
3073 3337 3356 3390 arbitrium
3391 3335 3585 3387 mentis
3609 3371 3627 3396 ,
3667 3345 3778 3399 quo

2201 3441 2300 3494 lixa
2332 3439 2601 3492 voluntate
2629 3432 2891 3488 consistit.
2925 3429 3076 3484 Hunc
3113 3428 3246 3482 dicit
3266 3439 3402 3495 pene
3430 3423 3594 3476 fuisse
3627 3437 3781 3474 com-

2201 3539 2425 3590 motum,
2452 3525 2665 3595 quando
2690 3537 2717 3575 a
2747 3536 2874 3576 vero
2901 3518 3170 3574 intellectu
3195 3516 3310 3587 ejus
3336 3514 3548 3567 animus
3565 3512 3782 3565 discre—

2200 3623 2377 3686 pabat.
2402 3618 2532 3673 Nam
2563 3631 2683 3671 cum
2713 3614 2860 3677 dzcit,
2891 3628 3035 3684 pene,
3055 3610 3162 3664 cito
3195 3624 3254 3663 se
3277 3608 3340 3662 ad
3369 3607 3506 3660 viam
3532 3602 3785 3657 veritatis

2202 3712 2427 3767 rediisse
2447 3715 2859 3772 commemorat;
2888 3713 2945 3758 ut
2965 3707 3241 3757 damnaret
3274 3714 3510 3755 errorem
3535 3698 3629 3766 qui
3655 3713 3788 3748 sur-

2203 3807 2379 3873 ripere
2411 3801 2716 3857 festinabat.
2750 3799 3023 3867 Sequitur,
3067 3811 3191 3863 pene
3227 3792 3378 3859 eﬂ'usi
3415 3799 3532 3843 sunt
3575 3805 3792 3858 gressus

2205 3900 2323 3952 mei.
2349 3896 2567 3951 Gressus
2596 3895 2897 3964 significate
2926 3890 3160 3942 diximus
3181 3895 3332 3939 actus
3356 3883 3636 3941 humanos,
3661 3879 3795 3946 qui-

2206 3989 2306 4043 bus
2324 4003 2415 4057 per
2432 3991 2554 4040 vitae
2579 3994 2773 4038 nostra:
2801 3983 3022 4036 semitas
3045 3978 3401 4032 ambulamus.
3421 3975 3557 4042 Ergo
3581 3987 3799 4043 gressus

2205 4080 2294 4134 isti
2319 4082 2470 4132 bonas
2489 4072 2914 4130 conversatioois
2935 4086 3070 4140 pene
3091 4071 3141 4122 in
3162 4068 3320 4121 aliam
3344 4073 3543 4132 partem
3568 4065 3803 4116 fuerunt

2207 4168 2426 4236 dilapsi,
2458 4170 2673 4234 quando
2709 4163 2812 4216 sub
2847 4159 3156 4229 ingratitndi
3196 4172 3230 4211 e
3260 4155 3421 4209 animi
3463 4152 3805 4205 vdebantur

2207 4259 2366 4331 255
2399 4258 2574 4325 impiis
2607 4263 2752 4308 tanta
2782 4251 3022 4306 concedi.
3061 4251 3124 4304 Et
3155 4249 3362 4317 respice
3395 4246 3516 4313 quia
3557 4261 3692 4314 pene
3722 4247 3809 4313 ef.

2211 4355 2350 4411 fusos
2387 4349 2518 4401 diCil
2563 4360 2764 4416 gressus
2805 4357 2965 4405 suos,
3015 4356 3119 4394 non
3163 4341 3371 4407 lapsos;
3417 4347 3476 4389 ut
3516 4335 3812 4402 intelligas

2211 4444 2447 4510 vigorem
2482 4439 2677 4490 mentis
2719 4441 2915 4488 nostra:
2957 4446 3206 4500 tanquam
3256 4428 3509 4496 liquidum
3541 4426 3813 4479 elemen-

537 4514 725 4569 divinis
753 4509 1026 4566 beneficiis
1057 4505 1443 4568 reddebantur,
1472 4502 1761 4572 defecerunt
1789 4507 1945 4566 atque
1983 4510 2102 4548 mu-
2139 4540 2188 4598 υ
2213 4502 2326 4588 w'm
2350 4531 2582 4599 dispergi
2619 4545 2775 4599 posse
2838 4543 2960 4581 cum
2990 4541 3019 4580 a
3053 4541 3174 4578 ven
3205 4539 3302 4593 cog
3329 4523 3526 4575 mione
3561 4534 3692 4586 cum
3739 4521 3817 4572 ru

1244 4598 1248 4599 ν
1325 4593 1335 4599 .
1407 4593 1416 4599 .
1577 4590 1588 4599 ι
1647 4590 1680 4599 ..
1784 4589 1795 4599 .
1952 4587 1963 4599 ι
2008 4585 2039 4599 -ο
2721 4571 2724 4574 ’
2791 4569 2805 4591 ν
3148 4561 3158 4575 ¹

2721 4561 2805 4591 νῦν
2838 4561 2960 4581 lI'lllI
2990 4561 3019 4580 sl
3057 4561 3158 4578 vcs-

536 4617 660 4661 tatze
689 4612 844 4667 sunt,
893 4600 1016 4670 quia
1047 4611 1186 4651 nunc
1221 4593 1452 4648 licclesia
1489 4590 1743 4645 catholica
1783 4585 2108 4641 immolatio-

536 4714 658 4752 nem
684 4693 927 4763 corporis
955 4699 1010 4744 et
1037 4685 1310 4756 sanguinis
1331 4681 1549 4743 Christi,
1571 4689 1625 4734 et
1644 4685 1880 4732 sanctam
1905 4674 2111 4744 peragit

535 4786 907 4859 psalmodiam.
941 4782 1210 4850 Sequitur,
1243 4776 1468 4845 psalmus
1499 4773 1693 4841 Asaph.
1740 4769 1910 4838 Asaplt
1939 4768 2108 4835 signi-

539 4857 702 4932 lit'are
739 4876 1072 4946 Synagogam
1110 4868 1331 4922 Hebraea
1376 4864 1551 4933 lingua
1587 4871 1828 4920 testatur,
1855 4874 1973 4925 qua:
2005 4857 2109 4909 Do-

538 4971 742 5025 minum
771 4965 982 5035 quidem
1023 4960 1266 5024 colebat;
1300 4957 1391 5012 sed
1434 4955 1659 5008 videndo
1696 4953 1730 5006 ll
1756 4966 1887 5005 vrere
1921 4949 2110 5012 malos,

537 5062 592 5115 in
626 5057 882 5127 pessimos
909 5051 1256 5121 cogitationes
1289 5047 1582 5108 inciderat;
1608 5060 1672 5098 ex
1701 5043 1854 5108 cujus
1889 5055 2113 5108 persona

538 5153 594 5206 in
624 5152 723 5203 hoc
744 5148 949 5217 psalmo
977 5145 1089 5212 ipse
1117 5140 1289 5206 Asaph
1319 5138 1572 5204 loquitur,
1597 5135 1683 5205 qtti
1709 5135 1758 5186 in
1782 5147 1878 5185 suo
1899 5131 2116 5183 noinine

545 5242 838 5312 Synagog-e
851 5235 1088 5287 continet
1108 5229 1572 5299 significationem.
1592 5225 1661 5276 De
1675 5222 1958 5291 gentilibus
1971 5219 2113 5273 enim

543 5331 777 5403 populis.
826 5325 972 5380 etde
1017 5323 1101 5376 his
1147 5321 1233 5389 qni
1283 5322 1448 5387 legem
1493 5315 1698 5370 Domini
1741 5321 2114 5378 susceperunt,

543 5424 704 5478 tnnlta
737 5418 973 5472 dicturus
1002 5420 1113 5473 est,
1146 5424 1265 5478 quas
1305 5408 1369 5460 ad
1411 5406 1688 5459 emendati
1716 5419 1836 5457 nem
1878 5411 2115 5455 nostram

545 5513 744 5570 utiliter
759 5510 1029 5570 dicuntur,
1050 5518 1116 5557 ne
1135 5502 1330 5554 talibus
1353 5496 1526 5568 cogita
1554 5494 1762 5550 ionibus
1795 5493 2116 5563 polluamur.

1131 5611 1320 5665 Divisio
1351 5610 1555 5676 psalmi.

613 5733 767 5794 Sicut
785 5734 1035 5788 diximus.
1066 5722 1232 5790 Λεαρὴ
1263 5737 1329 5776 ex
1355 5732 1478 5791 typo
1505 5721 1798 5790 Synagogte
1823 5732 1919 5788 per
1953 5725 2116 5774 totum

2215 4627 2544 4693 discrepare.
2571 4621 2721 4676 Unde
2751 4619 3098 4687 intelligimus
3128 4625 3179 4669 et
3203 4614 3403 4668 sanctis
3433 4613 3562 4664 viris
3591 4634 3603 4658 ι
3623 4613 3817 4678 cgita-

2217 4717 2386 4771 tiones
2410 4726 2602 4783 pravas
2631 4709 2936 4779 frequenter
2960 4706 3264 4774 surripere;
3290 4704 3382 4758 sed
3410 4703 3603 4755 iterum
3636 4701 3691 4752 in
3721 4715 3819 4751 sa-

2217 4809 2438 4862 nitatem
2483 4804 2760 4874 pristinam
2801 4815 2896 4854 eos
2925 4799 3156 4866 reverti,
3186 4795 3400 4866 quando
3428 4808 3457 4846 a
3488 4791 3819 4860 semetipsis

2218 4900 2415 4956 fuerint
2439 4897 2706 4960 celeriter,
2741 4893 2969 4948 Domino
3000 4907 3032 4961 p
3063 4900 3306 4954 testante,
3337 4885 3586 4942 correcti.

2291 4991 2443 5045 Vers.
2473 4992 2528 5044 5.
2577 4987 2710 5052 Quia
2736 4985 2897 5038 πριιιιοὶ
2927 4984 2978 5036 iu
3010 4980 3374 5052 peccatoribus,
3416 4993 3590 5046 pacem
3622 4993 3689 5046 pe
3713 4993 3818 5029 τη·

2216 5092 2388 5136 torum
2410 5079 2603 5133 videns.
2635 5078 2827 5132 Secuta
2855 5084 2940 5130 est
2967 5087 3125 5128 causa
3153 5087 3248 5125 cur
3269 5083 3483 5141 gressus
3505 5067 3623 5136 ejus
3653 5068 3818 5120 vitle-

2219 5184 2404 5228 rentur
2433 5170 2630 5228 effundi
2658 5209 2673 5234 ,
2706 5170 2826 5238 quia
2881 5166 3247 5236 peccatoribus
3290 5165 3369 5217 sic
3417 5160 3513 5214 fuit
3562 5161 3816 5228 invidus,

2221 5275 2280 5318 ut
2305 5279 2397 5318 eos
2424 5262 2660 5332 graviter
2689 5260 2853 5314 ferret
2891 5259 3124 5329 quietos.
3173 5258 3217 5312 Ο
3245 5256 3596 5323 incongruum
3627 5254 3818 5305 zelum

2224 5354 2461 5408 invidere
2492 5351 2758 5421 perituris,
2788 5360 2840 5403 et
2869 5363 2960 5402 eos
2988 5359 3175 5417 putare
3206 5347 3410 5410 felices,
3433 5360 3569 5413 quos
3600 5353 3814 5397 a-terna

2223 5454 2424 5498 certum
2478 5453 2560 5495 est
2609 5441 2950 5493 damnatione
2999 5439 3240 5507 percelli.
3299 5436 3574 5504 Sequitur,
3630 5449 3810 5500 pacem

2227 5543 2546 5600 peccatorum
2573 5530 2767 5583 videns.
2819 5527 3020 5582 Retera
3049 5530 3169 5596 quia
3207 5542 3311 5596 pas:
3340 5527 3438 5580 iata
3471 5539 3579 5578 non
3611 5524 3803 5578 intelli-

2222 5626 2381 5692 gitur,
2415 5621 2508 5676 sed
2541 5621 2766 5683 videtur,
2797 5628 3046 5686 aspectus
3086 5632 3296 5672 nostros
3323 5616 3568 5680 eludens,
3619 5618 3716 5670 sed
3757 5617 3805 5668 in

2225 5730 2318 5770 sua
2347 5728 2475 5769 nece
2500 5712 2880 5778 grandesceus.
2918 5709 3050 5765 Nam
3070 5723 3192 5766 cum
3218 5717 3530 5775 peccatores
3557 5709 3809 5764 videntur
