  <div class='ocr_page' id='page_1' title='image "/cluster/home/n/w/nwhite01/storage/ocr_20150623/70/hvd.32044054758735/264.png"; bbox 0 0 3956 6178; ppageno 0'>
   <div class='ocr_carea' id='block_1_1' title="bbox 225 301 303 356">
    <p class='ocr_par' dir='ltr' id='par_1_1' title="bbox 225 301 303 356">
     <span class='ocr_line' id='line_1_1' title="bbox 225 301 303 356; baseline -0.064 1"><span class='ocrx_word' id='word_1_1' title='bbox 225 301 303 356; x_wconf 76' lang='lat' dir='ltr'><strong>L-li</strong></span> 
     </span>
    </p>
   </div>
   <div class='ocr_carea' id='block_1_2' title="bbox 1125 296 2567 354">
    <p class='ocr_par' dir='ltr' id='par_1_2' title="bbox 1125 296 2567 354">
     <span class='ocr_line' id='line_1_2' title="bbox 1125 296 2567 354; baseline 0 -3"><span class='ocrx_word' id='word_1_2' title='bbox 1125 296 1485 353; x_wconf 78' lang='lat' dir='ltr'><strong>EXPOSITIO</strong></span> <span class='ocrx_word' id='word_1_3' title='bbox 1524 298 1586 351; x_wconf 81' lang='grc' dir='ltr'><strong>ΙΝ</strong></span> <span class='ocrx_word' id='word_1_4' title='bbox 1632 297 2080 354; x_wconf 62' lang='lat' dir='ltr'><strong>[&#39;SALTI&#39;IRlUll.</strong></span> <span class='ocrx_word' id='word_1_5' title='bbox 2128 297 2318 352; x_wconf 59' lang='lat' dir='ltr'><strong>PSAL.</strong></span> <span class='ocrx_word' id='word_1_6' title='bbox 2362 296 2567 351; x_wconf 72' lang='lat' dir='ltr'><strong>LXXII.</strong></span> 
     </span>
    </p>
   </div>
   <div class='ocr_carea' id='block_1_3' title="bbox 3395 294 3495 351">
    <p class='ocr_par' dir='ltr' id='par_1_3' title="bbox 3395 294 3495 351">
     <span class='ocr_line' id='line_1_3' title="bbox 3395 294 3495 351; baseline 0.02 -2"><span class='ocrx_word' id='word_1_7' title='bbox 3395 294 3495 351; x_wconf 78' lang='lat' dir='ltr'><strong>5i3</strong></span> 
     </span>
    </p>
   </div>
   <div class='ocr_carea' id='block_1_4' title="bbox 220 411 3495 483">
    <p class='ocr_par' dir='ltr' id='par_1_4' title="bbox 220 411 3495 483">
     <span class='ocr_line' id='line_1_4' title="bbox 220 411 3495 483; baseline -0 -15"><span class='ocrx_word' id='word_1_8' title='bbox 220 414 521 483; x_wconf 65' lang='lat' dir='ltr'><strong>locupletes,</strong></span> <span class='ocrx_word' id='word_1_9' title='bbox 558 412 845 481; x_wconf 72' lang='lat' dir='ltr'><strong>multisque</strong></span> <span class='ocrx_word' id='word_1_10' title='bbox 875 412 1134 467; x_wconf 82' lang='lat' dir='ltr'><strong>dominari</strong></span> <span class='ocrx_word' id='word_1_11' title='bbox 1167 428 1304 483; x_wconf 89' lang='lat' dir='ltr'><strong>popn</strong></span> <span class='ocrx_word' id='word_1_12' title='bbox 1331 414 1399 480; x_wconf 86' lang='lat' dir='ltr'><strong>is,</strong></span> <span class='ocrx_word' id='word_1_13' title='bbox 1432 424 1479 466; x_wconf 87' lang='lat' dir='ltr'><strong>et</strong></span> <span class='ocrx_word' id='word_1_14' title='bbox 1521 412 1574 466; x_wconf 92' lang='lat' dir='ltr'><strong>in</strong></span> <span class='ocrx_word' id='word_1_15' title='bbox 1601 414 1798 466; x_wconf 66' lang='lat' dir='ltr'><strong>mutulo</strong></span> <span class='ocrx_word' id='word_1_16' title='bbox 1831 421 1874 473; x_wconf 80' lang='grc' dir='ltr'><strong>Α</strong></span> <span class='ocrx_word' id='word_1_17' title='bbox 1903 430 2003 482; x_wconf 77' lang='lat' dir='ltr'><strong>gue</strong></span> <span class='ocrx_word' id='word_1_18' title='bbox 2044 423 2124 467; x_wconf 87' lang='lat' dir='ltr'><strong>est</strong></span> <span class='ocrx_word' id='word_1_19' title='bbox 2167 414 2310 467; x_wconf 87' lang='lat' dir='ltr'><strong>enim</strong></span> <span class='ocrx_word' id='word_1_20' title='bbox 2346 414 2688 482; x_wconf 85' lang='lat' dir='ltr'><strong>validumque</strong></span> <span class='ocrx_word' id='word_1_21' title='bbox 2725 421 2999 480; x_wconf 89' lang='lat' dir='ltr'><strong>peccatum</strong></span> <span class='ocrx_word' id='word_1_22' title='bbox 3023 454 3037 477; x_wconf 91' lang='lat'><strong>,</strong></span> <span class='ocrx_word' id='word_1_23' title='bbox 3084 415 3228 482; x_wconf 88' lang='lat' dir='ltr'><strong>quod</strong></span> <span class='ocrx_word' id='word_1_24' title='bbox 3271 411 3495 468; x_wconf 88' lang='lat' dir='ltr'><strong>arbitrio</strong></span> 
     </span>
    </p>
   </div>
   <div class='ocr_carea' id='block_1_5' title="bbox 219 504 1795 574">
    <p class='ocr_par' dir='ltr' id='par_1_5' title="bbox 219 504 1795 574">
     <span class='ocr_line' id='line_1_5' title="bbox 219 504 1795 574; baseline -0.004 -12"><span class='ocrx_word' id='word_1_25' title='bbox 219 524 315 563; x_wconf 86' lang='lat' dir='ltr'><strong>non</strong></span> <span class='ocrx_word' id='word_1_26' title='bbox 356 520 478 560; x_wconf 88' lang='lat' dir='ltr'><strong>esse</strong></span> <span class='ocrx_word' id='word_1_27' title='bbox 523 505 663 574; x_wconf 85' lang='lat' dir='ltr'><strong>quod</strong></span> <span class='ocrx_word' id='word_1_28' title='bbox 711 506 965 570; x_wconf 75' lang='lat' dir='ltr'><strong>limi-ant,</strong></span> <span class='ocrx_word' id='word_1_29' title='bbox 1026 514 1279 573; x_wconf 88' lang='lat' dir='ltr'><strong>putantur</strong></span> <span class='ocrx_word' id='word_1_30' title='bbox 1325 504 1523 558; x_wconf 86' lang='lat' dir='ltr'><strong>habere</strong></span> <span class='ocrx_word' id='word_1_31' title='bbox 1573 520 1795 572; x_wconf 83' lang='lat' dir='ltr'><strong>pacem;</strong></span> 
     </span>
    </p>
   </div>
   <div class='ocr_carea' id='block_1_6' title="bbox 218 595 1801 665">
    <p class='ocr_par' dir='ltr' id='par_1_6' title="bbox 218 595 1801 665">
     <span class='ocr_line' id='line_1_6' title="bbox 218 595 1801 665; baseline -0.004 -12"><span class='ocrx_word' id='word_1_32' title='bbox 218 598 303 653; x_wconf 77' lang='lat' dir='ltr'><strong>sed</strong></span> <span class='ocrx_word' id='word_1_33' title='bbox 337 612 438 665; x_wconf 79' lang='lat' dir='ltr'><strong>pax</strong></span> <span class='ocrx_word' id='word_1_34' title='bbox 471 596 572 651; x_wconf 88' lang='lat' dir='ltr'><strong>ista</strong></span> <span class='ocrx_word' id='word_1_35' title='bbox 600 612 721 650; x_wconf 87' lang='lat' dir='ltr'><strong>cum</strong></span> <span class='ocrx_word' id='word_1_36' title='bbox 753 595 1077 650; x_wconf 74' lang='lat' dir='ltr'><strong>conscientia</strong></span> <span class='ocrx_word' id='word_1_37' title='bbox 1109 611 1323 663; x_wconf 84' lang='lat' dir='ltr'><strong>semper</strong></span> <span class='ocrx_word' id='word_1_38' title='bbox 1352 596 1549 664; x_wconf 79' lang='lat' dir='ltr'><strong>litigat,</strong></span> <span class='ocrx_word' id='word_1_39' title='bbox 1601 596 1801 648; x_wconf 85' lang='lat' dir='ltr'><strong>rixatur</strong></span> 
     </span>
    </p>
   </div>
   <div class='ocr_carea' id='block_1_7' title="bbox 218 688 1802 754">
    <p class='ocr_par' dir='ltr' id='par_1_7' title="bbox 218 688 1802 754">
     <span class='ocr_line' id='line_1_7' title="bbox 218 688 1802 754; baseline -0.001 -13"><span class='ocrx_word' id='word_1_40' title='bbox 218 690 564 753; x_wconf 73' lang='lat' dir='ltr'><strong>intrinsecus;</strong></span> <span class='ocrx_word' id='word_1_41' title='bbox 608 698 664 743; x_wconf 91' lang='lat' dir='ltr'><strong>et</strong></span> <span class='ocrx_word' id='word_1_42' title='bbox 691 705 812 742; x_wconf 88' lang='lat' dir='ltr'><strong>eum</strong></span> <span class='ocrx_word' id='word_1_43' title='bbox 847 690 1052 742; x_wconf 79' lang='lat' dir='ltr'><strong>hostem</strong></span> <span class='ocrx_word' id='word_1_44' title='bbox 1085 704 1188 742; x_wconf 92' lang='lat' dir='ltr'><strong>non</strong></span> <span class='ocrx_word' id='word_1_45' title='bbox 1220 688 1441 751; x_wconf 86' lang='lat' dir='ltr'><strong>habeat,</strong></span> <span class='ocrx_word' id='word_1_46' title='bbox 1477 702 1658 741; x_wconf 89' lang='lat' dir='ltr'><strong>secum</strong></span> <span class='ocrx_word' id='word_1_47' title='bbox 1690 688 1802 754; x_wconf 77' lang='lat' dir='ltr'><strong>ipsa</strong></span> 
     </span>
    </p>
   </div>
   <div class='ocr_carea' id='block_1_8' title="bbox 217 783 469 835">
    <p class='ocr_par' dir='ltr' id='par_1_8' title="bbox 217 783 469 835">
     <span class='ocr_line' id='line_1_8' title="bbox 217 783 469 835; baseline -0.008 0"><span class='ocrx_word' id='word_1_48' title='bbox 217 783 469 835; x_wconf 75' lang='lat' dir='ltr'><strong>decertat.</strong></span> 
     </span>
    </p>
   </div>
   <div class='ocr_carea' id='block_1_9' title="bbox 289 869 1807 937">
    <p class='ocr_par' dir='ltr' id='par_1_9' title="bbox 289 869 1807 937">
     <span class='ocr_line' id='line_1_9' title="bbox 289 869 1807 937; baseline 0.001 -14"><span class='ocrx_word' id='word_1_49' title='bbox 289 871 441 924; x_wconf 86' lang='lat' dir='ltr'><strong>Vers.</strong></span> <span class='ocrx_word' id='word_1_50' title='bbox 470 872 526 924; x_wconf 67' lang='grc'><strong>4.</strong></span> <span class='ocrx_word' id='word_1_51' title='bbox 570 872 704 937; x_wconf 84' lang='lat' dir='ltr'><strong>Quia</strong></span> <span class='ocrx_word' id='word_1_52' title='bbox 748 886 850 924; x_wconf 86' lang='lat' dir='ltr'><strong>non</strong></span> <span class='ocrx_word' id='word_1_53' title='bbox 895 880 967 925; x_wconf 83' lang='lat' dir='ltr'><strong>est</strong></span> <span class='ocrx_word' id='word_1_54' title='bbox 1011 869 1288 925; x_wconf 73' lang='lat' dir='ltr'><strong>declinatio</strong></span> <span class='ocrx_word' id='word_1_55' title='bbox 1329 872 1477 924; x_wconf 80' lang='lat' dir='ltr'><strong>morti</strong></span> <span class='ocrx_word' id='word_1_56' title='bbox 1516 888 1720 937; x_wconf 88' lang='lat' dir='ltr'><strong>eorum,</strong></span> <span class='ocrx_word' id='word_1_57' title='bbox 1761 882 1807 924; x_wconf 87' lang='lat' dir='ltr'><strong>et</strong></span> 
     </span>
    </p>
   </div>
   <div class='ocr_carea' id='block_1_10' title="bbox 224 963 1807 1032">
    <p class='ocr_par' dir='ltr' id='par_1_10' title="bbox 224 963 1807 1032">
     <span class='ocr_line' id='line_1_10' title="bbox 224 963 1807 1032; baseline 0.003 -20"><span class='ocrx_word' id='word_1_58' title='bbox 224 964 595 1031; x_wconf 45' lang='lat' dir='ltr'><strong>ﬁrmamentum</strong></span> <span class='ocrx_word' id='word_1_59' title='bbox 623 964 675 1015; x_wconf 83' lang='lat' dir='ltr'><strong>in</strong></span> <span class='ocrx_word' id='word_1_60' title='bbox 707 967 860 1032; x_wconf 86' lang='lat' dir='ltr'><strong>plaga</strong></span> <span class='ocrx_word' id='word_1_61' title='bbox 890 979 1085 1016; x_wconf 76' lang='lat' dir='ltr'><strong>eorum.</strong></span> <span class='ocrx_word' id='word_1_62' title='bbox 1120 964 1305 1016; x_wconf 81' lang='lat' dir='ltr'><strong>Adhuc</strong></span> <span class='ocrx_word' id='word_1_63' title='bbox 1333 963 1463 1018; x_wconf 84' lang='lat' dir='ltr'><strong>dicit</strong></span> <span class='ocrx_word' id='word_1_64' title='bbox 1491 963 1558 1017; x_wconf 89' lang='lat' dir='ltr'><strong>de</strong></span> <span class='ocrx_word' id='word_1_65' title='bbox 1590 978 1807 1032; x_wconf 86' lang='lat' dir='ltr'><strong>prospe-</strong></span> 
     </span>
    </p>
   </div>
   <div class='ocr_carea' id='block_1_11' title="bbox 222 1052 1811 1120">
    <p class='ocr_par' dir='ltr' id='par_1_11' title="bbox 222 1052 1811 1120">
     <span class='ocr_line' id='line_1_11' title="bbox 222 1052 1811 1120; baseline 0 -14"><span class='ocrx_word' id='word_1_66' title='bbox 222 1052 463 1106; x_wconf 80' lang='lat' dir='ltr'><strong>ritatibus</strong></span> <span class='ocrx_word' id='word_1_67' title='bbox 516 1052 825 1120; x_wconf 54' lang='lat' dir='ltr'><strong>impforum.</strong></span> <span class='ocrx_word' id='word_1_68' title='bbox 877 1053 965 1105; x_wconf 85' lang='lat' dir='ltr'><strong>Ait</strong></span> <span class='ocrx_word' id='word_1_69' title='bbox 1006 1054 1188 1106; x_wconf 88' lang='lat' dir='ltr'><strong>enim:</strong></span> <span class='ocrx_word' id='word_1_70' title='bbox 1228 1054 1361 1119; x_wconf 83' lang='lat' dir='ltr'><strong>Quia</strong></span> <span class='ocrx_word' id='word_1_71' title='bbox 1400 1070 1501 1107; x_wconf 88' lang='lat' dir='ltr'><strong>non</strong></span> <span class='ocrx_word' id='word_1_72' title='bbox 1543 1066 1610 1107; x_wconf 86' lang='lat' dir='ltr'><strong>est</strong></span> <span class='ocrx_word' id='word_1_73' title='bbox 1652 1054 1811 1107; x_wconf 82' lang='lat' dir='ltr'><strong>decli-</strong></span> 
     </span>
    </p>
   </div>
   <div class='ocr_carea' id='block_1_12' title="bbox 221 1144 1807 1213">
    <p class='ocr_par' dir='ltr' id='par_1_12' title="bbox 221 1144 1807 1213">
     <span class='ocr_line' id='line_1_12' title="bbox 221 1144 1807 1213; baseline 0.003 -20"><span class='ocrx_word' id='word_1_74' title='bbox 221 1145 352 1194; x_wconf 84' lang='lat' dir='ltr'><strong>natio</strong></span> <span class='ocrx_word' id='word_1_75' title='bbox 382 1144 537 1194; x_wconf 81' lang='lat' dir='ltr'><strong>morti</strong></span> <span class='ocrx_word' id='word_1_76' title='bbox 562 1159 758 1205; x_wconf 87' lang='lat' dir='ltr'><strong>eorum,</strong></span> <span class='ocrx_word' id='word_1_77' title='bbox 794 1144 842 1196; x_wconf 93' lang='lat' dir='ltr'><strong>id</strong></span> <span class='ocrx_word' id='word_1_78' title='bbox 874 1153 985 1209; x_wconf 88' lang='lat' dir='ltr'><strong>est,</strong></span> <span class='ocrx_word' id='word_1_79' title='bbox 1020 1144 1139 1213; x_wconf 83' lang='lat' dir='ltr'><strong>quia</strong></span> <span class='ocrx_word' id='word_1_80' title='bbox 1177 1146 1227 1196; x_wconf 90' lang='lat' dir='ltr'><strong>in</strong></span> <span class='ocrx_word' id='word_1_81' title='bbox 1262 1156 1483 1197; x_wconf 90' lang='lat' dir='ltr'><strong>mortem</strong></span> <span class='ocrx_word' id='word_1_82' title='bbox 1513 1144 1671 1198; x_wconf 89' lang='lat' dir='ltr'><strong>citius</strong></span> <span class='ocrx_word' id='word_1_83' title='bbox 1704 1160 1807 1197; x_wconf 88' lang='lat' dir='ltr'><strong>non</strong></span> 
     </span>
    </p>
   </div>
   <div class='ocr_carea' id='block_1_13' title="bbox 222 1235 1806 1304">
    <p class='ocr_par' dir='ltr' id='par_1_13' title="bbox 222 1235 1806 1304">
     <span class='ocr_line' id='line_1_13' title="bbox 222 1235 1806 1304; baseline 0 -17"><span class='ocrx_word' id='word_1_84' title='bbox 222 1235 512 1301; x_wconf 80' lang='lat' dir='ltr'><strong>declinant,</strong></span> <span class='ocrx_word' id='word_1_85' title='bbox 550 1252 647 1288; x_wconf 89' lang='lat' dir='ltr'><strong>nec</strong></span> <span class='ocrx_word' id='word_1_86' title='bbox 685 1236 770 1287; x_wconf 89' lang='lat' dir='ltr'><strong>die</strong></span> <span class='ocrx_word' id='word_1_87' title='bbox 812 1240 1054 1303; x_wconf 76' lang='lat' dir='ltr'><strong>protinus</strong></span> <span class='ocrx_word' id='word_1_88' title='bbox 1088 1248 1342 1304; x_wconf 69' lang='lat' dir='ltr'><strong>urgentur</strong></span> <span class='ocrx_word' id='word_1_89' title='bbox 1377 1248 1617 1289; x_wconf 89' lang='lat' dir='ltr'><strong>extremo</strong></span> <span class='ocrx_word' id='word_1_90' title='bbox 1648 1254 1659 1287; x_wconf 91' lang='lat'>:</span> <span class='ocrx_word' id='word_1_91' title='bbox 1710 1237 1806 1290; x_wconf 87' lang='lat' dir='ltr'><strong>sed</strong></span> 
     </span>
    </p>
   </div>
   <div class='ocr_carea' id='block_1_14' title="bbox 222 1328 1808 1396">
    <p class='ocr_par' dir='ltr' id='par_1_14' title="bbox 222 1328 1808 1396">
     <span class='ocr_line' id='line_1_14' title="bbox 222 1328 1808 1396; baseline 0.002 -17"><span class='ocrx_word' id='word_1_92' title='bbox 222 1342 336 1380; x_wconf 82' lang='lat' dir='ltr'><strong>eum</strong></span> <span class='ocrx_word' id='word_1_93' title='bbox 388 1328 471 1379; x_wconf 88' lang='lat' dir='ltr'><strong>eis</strong></span> <span class='ocrx_word' id='word_1_94' title='bbox 518 1328 584 1380; x_wconf 88' lang='lat' dir='ltr'><strong>ad</strong></span> <span class='ocrx_word' id='word_1_95' title='bbox 637 1328 1002 1396; x_wconf 75' lang='lat' dir='ltr'><strong>pmnitcndum</strong></span> <span class='ocrx_word' id='word_1_96' title='bbox 1052 1329 1208 1381; x_wconf 83' lang='lat' dir='ltr'><strong>detur</strong></span> <span class='ocrx_word' id='word_1_97' title='bbox 1261 1330 1488 1395; x_wconf 86' lang='lat' dir='ltr'><strong>spatium</strong></span> <span class='ocrx_word' id='word_1_98' title='bbox 1544 1330 1684 1394; x_wconf 72' lang='lat' dir='ltr'><strong>\ittr,</strong></span> <span class='ocrx_word' id='word_1_99' title='bbox 1738 1330 1808 1382; x_wconf 93' lang='lat' dir='ltr'><strong>illi</strong></span> 
     </span>
    </p>
   </div>
   <div class='ocr_carea' id='block_1_15' title="bbox 223 1418 1811 1493">
    <p class='ocr_par' dir='ltr' id='par_1_15' title="bbox 223 1418 1811 1493">
     <span class='ocr_line' id='line_1_15' title="bbox 223 1418 1811 1493; baseline 0.001 -20"><span class='ocrx_word' id='word_1_100' title='bbox 223 1418 388 1485; x_wconf 48' lang='lat' dir='ltr'><strong>magis</strong></span> <span class='ocrx_word' id='word_1_101' title='bbox 435 1420 641 1475; x_wconf 86' lang='lat' dir='ltr'><strong>scelera</strong></span> <span class='ocrx_word' id='word_1_102' title='bbox 689 1421 981 1487; x_wconf 82' lang='lat' dir='ltr'><strong>probantur</strong></span> <span class='ocrx_word' id='word_1_103' title='bbox 1017 1437 1233 1491; x_wconf 79' lang='lat' dir='ltr'><strong>augere.</strong></span> <span class='ocrx_word' id='word_1_104' title='bbox 1294 1422 1569 1491; x_wconf 85' lang='lat' dir='ltr'><strong>Sequitur,</strong></span> <span class='ocrx_word' id='word_1_105' title='bbox 1619 1432 1669 1475; x_wconf 88' lang='lat' dir='ltr'><strong>et</strong></span> <span class='ocrx_word' id='word_1_106' title='bbox 1718 1422 1811 1493; x_wconf 74' lang='lat' dir='ltr'><strong>[ir-</strong></span> 
     </span>
    </p>
   </div>
   <div class='ocr_carea' id='block_1_16' title="bbox 224 1511 1813 1581">
    <p class='ocr_par' dir='ltr' id='par_1_16' title="bbox 224 1511 1813 1581">
     <span class='ocr_line' id='line_1_16' title="bbox 224 1511 1813 1581; baseline 0.004 -20"><span class='ocrx_word' id='word_1_107' title='bbox 224 1519 535 1561; x_wconf 76' lang='lat' dir='ltr'><strong>tuanrentum</strong></span> <span class='ocrx_word' id='word_1_108' title='bbox 562 1513 614 1562; x_wconf 91' lang='lat' dir='ltr'><strong>in</strong></span> <span class='ocrx_word' id='word_1_109' title='bbox 646 1511 800 1581; x_wconf 84' lang='lat' dir='ltr'><strong><em>plaga</em></strong></span> <span class='ocrx_word' id='word_1_110' title='bbox 830 1525 1041 1578; x_wconf 88' lang='lat' dir='ltr'><strong>eorum,</strong></span> <span class='ocrx_word' id='word_1_111' title='bbox 1085 1512 1514 1567; x_wconf 74' lang='lat' dir='ltr'><strong>subaudiendum</strong></span> <span class='ocrx_word' id='word_1_112' title='bbox 1556 1530 1659 1567; x_wconf 88' lang='lat' dir='ltr'><strong>non</strong></span> <span class='ocrx_word' id='word_1_113' title='bbox 1697 1522 1767 1566; x_wconf 86' lang='lat' dir='ltr'><strong>est</strong></span> <span class='ocrx_word' id='word_1_114' title='bbox 1795 1530 1813 1567; x_wconf 89' lang='lat'><strong><em>:</em></strong></span> 
     </span>
    </p>
   </div>
   <div class='ocr_carea' id='block_1_17' title="bbox 224 1602 1814 1673">
    <p class='ocr_par' dir='ltr' id='par_1_17' title="bbox 224 1602 1814 1673">
     <span class='ocr_line' id='line_1_17' title="bbox 224 1602 1814 1673; baseline 0 -18"><span class='ocrx_word' id='word_1_115' title='bbox 224 1604 473 1669; x_wconf 84' lang='lat' dir='ltr'><strong>quoniam</strong></span> <span class='ocrx_word' id='word_1_116' title='bbox 504 1602 589 1655; x_wconf 85' lang='lat' dir='ltr'><strong>vel</strong></span> <span class='ocrx_word' id='word_1_117' title='bbox 632 1603 677 1655; x_wconf 89' lang='lat' dir='ltr'><strong>si</strong></span> <span class='ocrx_word' id='word_1_118' title='bbox 720 1618 811 1657; x_wconf 69' lang='grc' dir='ltr'><strong>θος</strong></span> <span class='ocrx_word' id='word_1_119' title='bbox 854 1602 939 1655; x_wconf 86' lang='lat' dir='ltr'><strong>hic</strong></span> <span class='ocrx_word' id='word_1_120' title='bbox 980 1604 1251 1673; x_wconf 79' lang='lat' dir='ltr'><strong>contingat</strong></span> <span class='ocrx_word' id='word_1_121' title='bbox 1279 1604 1452 1673; x_wconf 82' lang='lat' dir='ltr'><strong>aliqua</strong></span> <span class='ocrx_word' id='word_1_122' title='bbox 1493 1605 1814 1659; x_wconf 83' lang='lat' dir='ltr'><strong>adversitate</strong></span> 
     </span>
    </p>
   </div>
   <div class='ocr_carea' id='block_1_18' title="bbox 226 1694 1815 1764">
    <p class='ocr_par' dir='ltr' id='par_1_18' title="bbox 226 1694 1815 1764">
     <span class='ocr_line' id='line_1_18' title="bbox 226 1694 1815 1764; baseline 0 -17"><span class='ocrx_word' id='word_1_123' title='bbox 226 1694 532 1764; x_wconf 71' lang='lat' dir='ltr'><strong>perstringi,</strong></span> <span class='ocrx_word' id='word_1_124' title='bbox 561 1694 765 1747; x_wconf 90' lang='lat' dir='ltr'><strong>diutina</strong></span> <span class='ocrx_word' id='word_1_125' title='bbox 797 1694 905 1748; x_wconf 87' lang='lat' dir='ltr'><strong>illis</strong></span> <span class='ocrx_word' id='word_1_126' title='bbox 938 1711 1040 1749; x_wconf 93' lang='lat' dir='ltr'><strong>non</strong></span> <span class='ocrx_word' id='word_1_127' title='bbox 1072 1695 1280 1751; x_wconf 89' lang='lat' dir='ltr'><strong>videtur</strong></span> <span class='ocrx_word' id='word_1_128' title='bbox 1307 1710 1624 1764; x_wconf 77' lang='lat' dir='ltr'><strong>permanere</strong></span> <span class='ocrx_word' id='word_1_129' title='bbox 1651 1706 1698 1749; x_wconf 91' lang='lat' dir='ltr'><strong>tr</strong></span> <span class='ocrx_word' id='word_1_130' title='bbox 1721 1695 1815 1749; x_wconf 92' lang='lat' dir='ltr'><strong>sti-</strong></span> 
     </span>
    </p>
   </div>
   <div class='ocr_carea' id='block_1_19' title="bbox 1907 503 3496 574">
    <p class='ocr_par' dir='ltr' id='par_1_19' title="bbox 1907 503 3496 574">
     <span class='ocr_line' id='line_1_19' title="bbox 1907 503 3496 574; baseline 0.001 -18"><span class='ocrx_word' id='word_1_131' title='bbox 1907 504 2074 572; x_wconf 80' lang='lat' dir='ltr'><strong>tnagis</strong></span> <span class='ocrx_word' id='word_1_132' title='bbox 2106 520 2262 573; x_wconf 81' lang='lat' dir='ltr'><strong>quam</strong></span> <span class='ocrx_word' id='word_1_133' title='bbox 2298 503 2616 557; x_wconf 86' lang='lat' dir='ltr'><strong>necessitate</strong></span> <span class='ocrx_word' id='word_1_134' title='bbox 2658 504 3030 558; x_wconf 82' lang='lat' dir='ltr'><strong>committitur.</strong></span> <span class='ocrx_word' id='word_1_135' title='bbox 3085 503 3217 557; x_wconf 84' lang='lat' dir='ltr'><strong>Nam</strong></span> <span class='ocrx_word' id='word_1_136' title='bbox 3248 514 3304 558; x_wconf 89' lang='lat' dir='ltr'><strong>ut</strong></span> <span class='ocrx_word' id='word_1_137' title='bbox 3332 518 3496 574; x_wconf 79' lang='lat' dir='ltr'><strong>exag-</strong></span> 
     </span>
    </p>
   </div>
   <div class='ocr_carea' id='block_1_20' title="bbox 1903 597 3498 669">
    <p class='ocr_par' dir='ltr' id='par_1_20' title="bbox 1903 597 3498 669">
     <span class='ocr_line' id='line_1_20' title="bbox 1903 597 3498 669; baseline 0.003 -21"><span class='ocrx_word' id='word_1_138' title='bbox 1903 608 2175 665; x_wconf 77' lang='lat' dir='ltr'><strong>geraretur</strong></span> <span class='ocrx_word' id='word_1_139' title='bbox 2206 598 2378 664; x_wconf 82' lang='lat' dir='ltr'><strong>culpa.</strong></span> <span class='ocrx_word' id='word_1_140' title='bbox 2409 597 2459 650; x_wconf 93' lang='lat' dir='ltr'><strong>in</strong></span> <span class='ocrx_word' id='word_1_141' title='bbox 2489 597 2813 651; x_wconf 87' lang='lat' dir='ltr'><strong>abundantia</strong></span> <span class='ocrx_word' id='word_1_142' title='bbox 2844 613 3022 652; x_wconf 89' lang='lat' dir='ltr'><strong>rerum</strong></span> <span class='ocrx_word' id='word_1_143' title='bbox 3051 613 3144 653; x_wconf 80' lang='lat' dir='ltr'><strong>eos</strong></span> <span class='ocrx_word' id='word_1_144' title='bbox 3173 599 3343 669; x_wconf 81' lang='lat' dir='ltr'><strong>magis</strong></span> <span class='ocrx_word' id='word_1_145' title='bbox 3368 598 3498 656; x_wconf 84' lang='lat' dir='ltr'><strong>dicit</strong></span> 
     </span>
    </p>
   </div>
   <div class='ocr_carea' id='block_1_21' title="bbox 1907 691 3495 761">
    <p class='ocr_par' dir='ltr' id='par_1_21' title="bbox 1907 691 3495 761">
     <span class='ocr_line' id='line_1_21' title="bbox 1907 691 3495 761; baseline 0.001 -17"><span class='ocrx_word' id='word_1_146' title='bbox 1907 691 2101 759; x_wconf 83' lang='lat' dir='ltr'><strong>deliqui</strong></span> <span class='ocrx_word' id='word_1_147' title='bbox 2137 706 2223 753; x_wconf 85' lang='lat' dir='ltr'><strong>se,</strong></span> <span class='ocrx_word' id='word_1_148' title='bbox 2276 706 2435 758; x_wconf 85' lang='lat' dir='ltr'><strong>quam</strong></span> <span class='ocrx_word' id='word_1_149' title='bbox 2473 691 2686 759; x_wconf 88' lang='lat' dir='ltr'><strong>aliquod</strong></span> <span class='ocrx_word' id='word_1_150' title='bbox 2719 693 2893 745; x_wconf 90' lang='lat' dir='ltr'><strong>scelus</strong></span> <span class='ocrx_word' id='word_1_151' title='bbox 2925 693 3117 761; x_wconf 73' lang='lat' dir='ltr'><strong>inopiae</strong></span> <span class='ocrx_word' id='word_1_152' title='bbox 3147 695 3495 748; x_wconf 78' lang='lat' dir='ltr'><strong>excusatione</strong></span> 
     </span>
    </p>
   </div>
   <div class='ocr_carea' id='block_1_22' title="bbox 1907 784 3493 856">
    <p class='ocr_par' dir='ltr' id='par_1_22' title="bbox 1907 784 3493 856">
     <span class='ocr_line' id='line_1_22' title="bbox 1907 784 3493 856; baseline 0.003 -21"><span class='ocrx_word' id='word_1_153' title='bbox 1907 785 2188 851; x_wconf 80' lang='lat' dir='ltr'><strong>Cogitasse.</strong></span> <span class='ocrx_word' id='word_1_154' title='bbox 2225 784 2461 849; x_wconf 79' lang='lat' dir='ltr'><strong>Addidit,</strong></span> <span class='ocrx_word' id='word_1_155' title='bbox 2483 786 2797 837; x_wconf 82' lang='lat' dir='ltr'><strong>transierunt</strong></span> <span class='ocrx_word' id='word_1_156' title='bbox 2822 786 2871 837; x_wconf 87' lang='lat' dir='ltr'><strong>in</strong></span> <span class='ocrx_word' id='word_1_157' title='bbox 2896 786 3279 856; x_wconf 83' lang='lat' dir='ltr'><strong>dispositionem</strong></span> <span class='ocrx_word' id='word_1_158' title='bbox 3300 790 3493 842; x_wconf 85' lang='lat' dir='ltr'><strong>cordis.</strong></span> 
     </span>
    </p>
   </div>
   <div class='ocr_carea' id='block_1_23' title="bbox 1911 877 3499 945">
    <p class='ocr_par' dir='ltr' id='par_1_23' title="bbox 1911 877 3499 945">
     <span class='ocr_line' id='line_1_23' title="bbox 1911 877 3499 945; baseline 0.003 -15"><span class='ocrx_word' id='word_1_159' title='bbox 1911 877 2267 943; x_wconf 73' lang='lat' dir='ltr'><strong>Transierunt,</strong></span> <span class='ocrx_word' id='word_1_160' title='bbox 2300 877 2448 945; x_wconf 85' lang='lat' dir='ltr'><strong>quasi</strong></span> <span class='ocrx_word' id='word_1_161' title='bbox 2483 892 2510 929; x_wconf 88' lang='lat' dir='ltr'><strong>a</strong></span> <span class='ocrx_word' id='word_1_162' title='bbox 2544 879 2707 930; x_wconf 87' lang='lat' dir='ltr'><strong>rectis</strong></span> <span class='ocrx_word' id='word_1_163' title='bbox 2745 878 2954 931; x_wconf 90' lang='lat' dir='ltr'><strong>semitis</strong></span> <span class='ocrx_word' id='word_1_164' title='bbox 2985 889 3323 933; x_wconf 86' lang='lat' dir='ltr'><strong>erraverunt.</strong></span> <span class='ocrx_word' id='word_1_165' title='bbox 3367 879 3499 934; x_wconf 86' lang='lat' dir='ltr'><strong>Nam</strong></span> 
     </span>
    </p>
   </div>
   <div class='ocr_carea' id='block_1_24' title="bbox 1912 969 3503 1040">
    <p class='ocr_par' dir='ltr' id='par_1_24' title="bbox 1912 969 3503 1040">
     <span class='ocr_line' id='line_1_24' title="bbox 1912 969 3503 1040; baseline 0.003 -18"><span class='ocrx_word' id='word_1_166' title='bbox 1912 970 2183 1037; x_wconf 77' lang='lat' dir='ltr'><strong>hodieque</strong></span> <span class='ocrx_word' id='word_1_167' title='bbox 2212 970 2289 1022; x_wconf 89' lang='lat' dir='ltr'><strong>sic</strong></span> <span class='ocrx_word' id='word_1_168' title='bbox 2319 970 2582 1022; x_wconf 90' lang='lat' dir='ltr'><strong>dicimus:</strong></span> <span class='ocrx_word' id='word_1_169' title='bbox 2617 969 2886 1023; x_wconf 81' lang='lat' dir='ltr'><strong>Transivit</strong></span> <span class='ocrx_word' id='word_1_170' title='bbox 2919 986 3038 1032; x_wconf 91' lang='lat' dir='ltr'><strong>nos,</strong></span> <span class='ocrx_word' id='word_1_171' title='bbox 3073 973 3287 1040; x_wconf 81' lang='lat' dir='ltr'><strong>quando</strong></span> <span class='ocrx_word' id='word_1_172' title='bbox 3316 972 3384 1025; x_wconf 89' lang='lat' dir='ltr'><strong>ab</strong></span> <span class='ocrx_word' id='word_1_173' title='bbox 3406 974 3503 1027; x_wconf 90' lang='lat' dir='ltr'><strong>ali-</strong></span> 
     </span>
    </p>
   </div>
   <div class='ocr_carea' id='block_1_25' title="bbox 1908 1062 3499 1131">
    <p class='ocr_par' dir='ltr' id='par_1_25' title="bbox 1908 1062 3499 1131">
     <span class='ocr_line' id='line_1_25' title="bbox 1908 1062 3499 1131; baseline 0.001 -18"><span class='ocrx_word' id='word_1_174' title='bbox 1908 1078 2010 1130; x_wconf 87' lang='lat' dir='ltr'><strong>qua</strong></span> <span class='ocrx_word' id='word_1_175' title='bbox 2030 1062 2252 1115; x_wconf 82' lang='lat' dir='ltr'><strong>veritate</strong></span> <span class='ocrx_word' id='word_1_176' title='bbox 2273 1076 2465 1115; x_wconf 83' lang='lat' dir='ltr'><strong>sensus</strong></span> <span class='ocrx_word' id='word_1_177' title='bbox 2491 1071 2673 1115; x_wconf 88' lang='lat' dir='ltr'><strong>noster</strong></span> <span class='ocrx_word' id='word_1_178' title='bbox 2693 1078 2770 1116; x_wconf 79' lang='lat' dir='ltr'><strong>ert</strong></span> <span class='ocrx_word' id='word_1_179' title='bbox 2786 1064 2975 1116; x_wconf 87' lang='lat' dir='ltr'><strong>averit.</strong></span> <span class='ocrx_word' id='word_1_180' title='bbox 2998 1064 3312 1119; x_wconf 86' lang='lat' dir='ltr'><strong>Peccatores</strong></span> <span class='ocrx_word' id='word_1_181' title='bbox 3336 1068 3499 1131; x_wconf 81' lang='lat' dir='ltr'><strong>enim,</strong></span> 
     </span>
    </p>
   </div>
   <div class='ocr_carea' id='block_1_26' title="bbox 1910 1154 3502 1223">
    <p class='ocr_par' dir='ltr' id='par_1_26' title="bbox 1910 1154 3502 1223">
     <span class='ocr_line' id='line_1_26' title="bbox 1910 1154 3502 1223; baseline -0.001 -16"><span class='ocrx_word' id='word_1_182' title='bbox 1910 1155 1961 1207; x_wconf 88' lang='lat' dir='ltr'><strong>in</strong></span> <span class='ocrx_word' id='word_1_183' title='bbox 1991 1155 2376 1220; x_wconf 85' lang='lat' dir='ltr'><strong>dispositionem</strong></span> <span class='ocrx_word' id='word_1_184' title='bbox 2408 1154 2575 1206; x_wconf 85' lang='lat' dir='ltr'><strong>cordis</strong></span> <span class='ocrx_word' id='word_1_185' title='bbox 2602 1154 2937 1217; x_wconf 87' lang='lat' dir='ltr'><strong>transierunt,</strong></span> <span class='ocrx_word' id='word_1_186' title='bbox 2974 1155 3022 1207; x_wconf 87' lang='lat' dir='ltr'><strong>id</strong></span> <span class='ocrx_word' id='word_1_187' title='bbox 3058 1166 3140 1209; x_wconf 90' lang='lat' dir='ltr'><strong>est</strong></span> <span class='ocrx_word' id='word_1_188' title='bbox 3168 1171 3502 1223; x_wconf 66' lang='lat' dir='ltr'><strong>erraverunt,</strong></span> 
     </span>
    </p>
   </div>
   <div class='ocr_carea' id='block_1_27' title="bbox 1911 1244 3505 1314">
    <p class='ocr_par' dir='ltr' id='par_1_27' title="bbox 1911 1244 3505 1314">
     <span class='ocr_line' id='line_1_27' title="bbox 1911 1244 3505 1314; baseline 0.003 -16"><span class='ocrx_word' id='word_1_189' title='bbox 1911 1245 2123 1314; x_wconf 87' lang='lat' dir='ltr'><strong>quando</strong></span> <span class='ocrx_word' id='word_1_190' title='bbox 2154 1255 2299 1298; x_wconf 84' lang='lat' dir='ltr'><strong>sorte</strong></span> <span class='ocrx_word' id='word_1_191' title='bbox 2333 1244 2609 1298; x_wconf 84' lang='lat' dir='ltr'><strong>teterrima</strong></span> <span class='ocrx_word' id='word_1_192' title='bbox 2648 1246 2997 1301; x_wconf 85' lang='lat' dir='ltr'><strong>rationabiles</strong></span> <span class='ocrx_word' id='word_1_193' title='bbox 3029 1246 3274 1302; x_wconf 82' lang='lat' dir='ltr'><strong>homines</strong></span> <span class='ocrx_word' id='word_1_194' title='bbox 3322 1248 3505 1302; x_wconf 87' lang='lat' dir='ltr'><strong>insen-</strong></span> 
     </span>
    </p>
   </div>
   <div class='ocr_carea' id='block_1_28' title="bbox 1912 1336 2590 1390">
    <p class='ocr_par' dir='ltr' id='par_1_28' title="bbox 1912 1336 2590 1390">
     <span class='ocr_line' id='line_1_28' title="bbox 1912 1336 2590 1390; baseline -0.001 0"><span class='ocrx_word' id='word_1_195' title='bbox 1912 1337 2043 1390; x_wconf 88' lang='lat' dir='ltr'><strong>satis</strong></span> <span class='ocrx_word' id='word_1_196' title='bbox 2076 1336 2231 1389; x_wconf 86' lang='lat' dir='ltr'><strong>idolis</strong></span> <span class='ocrx_word' id='word_1_197' title='bbox 2264 1336 2590 1389; x_wconf 78' lang='lat' dir='ltr'><strong>serviebant.</strong></span> 
     </span>
    </p>
   </div>
   <div class='ocr_carea' id='block_1_29' title="bbox 1986 1426 3507 1501">
    <p class='ocr_par' dir='ltr' id='par_1_29' title="bbox 1986 1426 3507 1501">
     <span class='ocr_line' id='line_1_29' title="bbox 1986 1426 3507 1501; baseline 0.002 -20"><span class='ocrx_word' id='word_1_198' title='bbox 1986 1428 2138 1482; x_wconf 73' lang='lat' dir='ltr'><strong>Vers.</strong></span> <span class='ocrx_word' id='word_1_199' title='bbox 2170 1430 2221 1483; x_wconf 89' lang='lat'><strong>8.</strong></span> <span class='ocrx_word' id='word_1_200' title='bbox 2260 1426 2620 1497; x_wconf 71' lang='lat' dir='ltr'><strong>Cogitatterunt</strong></span> <span class='ocrx_word' id='word_1_201' title='bbox 2647 1438 2693 1482; x_wconf 90' lang='lat' dir='ltr'><strong>et</strong></span> <span class='ocrx_word' id='word_1_202' title='bbox 2724 1430 2881 1483; x_wconf 80' lang='lat' dir='ltr'><strong>locuti</strong></span> <span class='ocrx_word' id='word_1_203' title='bbox 2909 1440 3026 1483; x_wconf 87' lang='lat' dir='ltr'><strong>sunt</strong></span> <span class='ocrx_word' id='word_1_204' title='bbox 3056 1431 3333 1501; x_wconf 82' lang='lat' dir='ltr'><strong>nequitiam</strong></span> <span class='ocrx_word' id='word_1_205' title='bbox 3358 1448 3376 1497; x_wconf 87' lang='lat'><strong><em>;</em></strong></span> <span class='ocrx_word' id='word_1_206' title='bbox 3403 1432 3507 1484; x_wconf 88' lang='lat' dir='ltr'><strong>ini—</strong></span> 
     </span>
    </p>
   </div>
   <div class='ocr_carea' id='block_1_30' title="bbox 1914 1518 3508 1590">
    <p class='ocr_par' dir='ltr' id='par_1_30' title="bbox 1914 1518 3508 1590">
     <span class='ocr_line' id='line_1_30' title="bbox 1914 1518 3508 1590; baseline 0.004 -19"><span class='ocrx_word' id='word_1_207' title='bbox 1914 1521 2156 1588; x_wconf 77' lang='lat' dir='ltr'><strong>quitatem</strong></span> <span class='ocrx_word' id='word_1_208' title='bbox 2199 1521 2248 1572; x_wconf 91' lang='lat' dir='ltr'><strong>in</strong></span> <span class='ocrx_word' id='word_1_209' title='bbox 2290 1518 2507 1573; x_wconf 72' lang='lat' dir='ltr'><strong>Excelsa</strong></span> <span class='ocrx_word' id='word_1_210' title='bbox 2550 1521 2707 1573; x_wconf 81' lang='lat' dir='ltr'><strong>locuti</strong></span> <span class='ocrx_word' id='word_1_211' title='bbox 2752 1531 2892 1574; x_wconf 88' lang='lat' dir='ltr'><strong>sunt.</strong></span> <span class='ocrx_word' id='word_1_212' title='bbox 2948 1522 3153 1590; x_wconf 81' lang='lat' dir='ltr'><strong>Duplex</strong></span> <span class='ocrx_word' id='word_1_213' title='bbox 3195 1524 3391 1576; x_wconf 88' lang='lat' dir='ltr'><strong>malum</strong></span> <span class='ocrx_word' id='word_1_214' title='bbox 3424 1534 3508 1577; x_wconf 83' lang='lat' dir='ltr'><strong>est</strong></span> 
     </span>
    </p>
   </div>
   <div class='ocr_carea' id='block_1_31' title="bbox 1917 1611 3506 1681">
    <p class='ocr_par' dir='ltr' id='par_1_31' title="bbox 1917 1611 3506 1681">
     <span class='ocr_line' id='line_1_31' title="bbox 1917 1611 3506 1681; baseline 0.001 -18"><span class='ocrx_word' id='word_1_215' title='bbox 1917 1612 2193 1681; x_wconf 80' lang='lat' dir='ltr'><strong>nequitiam</strong></span> <span class='ocrx_word' id='word_1_216' title='bbox 2227 1611 2483 1681; x_wconf 86' lang='lat' dir='ltr'><strong>cogitare,</strong></span> <span class='ocrx_word' id='word_1_217' title='bbox 2518 1626 2742 1678; x_wconf 87' lang='lat' dir='ltr'><strong>eamque</strong></span> <span class='ocrx_word' id='word_1_218' title='bbox 2775 1621 3024 1679; x_wconf 88' lang='lat' dir='ltr'><strong>tanquam</strong></span> <span class='ocrx_word' id='word_1_219' title='bbox 3060 1612 3256 1665; x_wconf 90' lang='lat' dir='ltr'><strong>bonum</strong></span> <span class='ocrx_word' id='word_1_220' title='bbox 3292 1613 3506 1681; x_wconf 78' lang='lat' dir='ltr'><strong>aliquod</strong></span> 
     </span>
    </p>
   </div>
   <div class='ocr_carea' id='block_1_32' title="bbox 1920 1702 3511 1773">
    <p class='ocr_par' dir='ltr' id='par_1_32' title="bbox 1920 1702 3511 1773">
     <span class='ocr_line' id='line_1_32' title="bbox 1920 1702 3511 1773; baseline 0.003 -20"><span class='ocrx_word' id='word_1_221' title='bbox 1920 1705 2091 1770; x_wconf 72' lang='lat' dir='ltr'><strong>palam</strong></span> <span class='ocrx_word' id='word_1_222' title='bbox 2126 1702 2393 1772; x_wconf 81' lang='lat' dir='ltr'><strong>proferre;</strong></span> <span class='ocrx_word' id='word_1_223' title='bbox 2429 1718 2550 1755; x_wconf 86' lang='lat' dir='ltr'><strong>nam</strong></span> <span class='ocrx_word' id='word_1_224' title='bbox 2580 1718 2734 1769; x_wconf 87' lang='lat' dir='ltr'><strong>quem</strong></span> <span class='ocrx_word' id='word_1_225' title='bbox 2766 1703 3020 1757; x_wconf 81' lang='lat' dir='ltr'><strong>decuerat</strong></span> <span class='ocrx_word' id='word_1_226' title='bbox 3056 1714 3275 1773; x_wconf 83' lang='lat' dir='ltr'><strong>propter</strong></span> <span class='ocrx_word' id='word_1_227' title='bbox 3306 1706 3511 1770; x_wconf 74' lang='lat' dir='ltr'><strong>cogita-</strong></span> 
     </span>
    </p>
   </div>
   <div class='ocr_carea' id='block_1_33' title="bbox 225 1785 3515 1871">
    <p class='ocr_par' dir='ltr' id='par_1_33' title="bbox 225 1785 3515 1871">
     <span class='ocr_line' id='line_1_33' title="bbox 225 1785 3515 1871; baseline 0.001 -22"><span class='ocrx_word' id='word_1_228' title='bbox 225 1789 327 1849; x_wconf 74' lang='lat' dir='ltr'><strong>tia;</strong></span> <span class='ocrx_word' id='word_1_229' title='bbox 381 1802 435 1841; x_wconf 47' lang='lat' dir='ltr'><strong>et</strong></span> <span class='ocrx_word' id='word_1_230' title='bbox 477 1787 599 1840; x_wconf 81' lang='lat' dir='ltr'><strong>ideo</strong></span> <span class='ocrx_word' id='word_1_231' title='bbox 642 1786 706 1841; x_wconf 77' lang='lat' dir='ltr'><strong>ad</strong></span> <span class='ocrx_word' id='word_1_232' title='bbox 753 1787 1018 1841; x_wconf 80' lang='lat' dir='ltr'><strong>medicum</strong></span> <span class='ocrx_word' id='word_1_233' title='bbox 1066 1803 1169 1841; x_wconf 85' lang='lat' dir='ltr'><strong>non</strong></span> <span class='ocrx_word' id='word_1_234' title='bbox 1216 1797 1517 1851; x_wconf 75' lang='lat' dir='ltr'><strong>recurrunt.</strong></span> <span class='ocrx_word' id='word_1_235' title='bbox 1559 1787 1679 1855; x_wconf 75' lang='lat' dir='ltr'><strong>auia</strong></span> <span class='ocrx_word' id='word_1_236' title='bbox 1723 1804 1815 1840; x_wconf 74' lang='grc' dir='ltr'><strong>ηρ·</strong></span> <span class='ocrx_word' id='word_1_237' title='bbox 1850 1785 1895 1842; x_wconf 87' lang='grc' dir='ltr'><strong>Β</strong></span> <span class='ocrx_word' id='word_1_238' title='bbox 1928 1798 2121 1871; x_wconf 78' lang='lat' dir='ltr'><strong>tionem</strong></span> <span class='ocrx_word' id='word_1_239' title='bbox 2176 1797 2396 1851; x_wconf 84' lang='lat' dir='ltr'><strong>sceleris</strong></span> <span class='ocrx_word' id='word_1_240' title='bbox 2450 1797 2747 1863; x_wconf 70' lang='lat' dir='ltr'><strong>poeiinere,</strong></span> <span class='ocrx_word' id='word_1_241' title='bbox 2798 1795 3009 1863; x_wconf 85' lang='lat' dir='ltr'><strong>culpant</strong></span> <span class='ocrx_word' id='word_1_242' title='bbox 3059 1798 3337 1864; x_wconf 81' lang='lat' dir='ltr'><strong>geminat,</strong></span> <span class='ocrx_word' id='word_1_243' title='bbox 3386 1799 3515 1851; x_wconf 80' lang='lat' dir='ltr'><strong>dum</strong></span> 
     </span>
    </p>
   </div>
   <div class='ocr_carea' id='block_1_34' title="bbox 226 1877 1817 1949">
    <p class='ocr_par' dir='ltr' id='par_1_34' title="bbox 226 1877 1817 1949">
     <span class='ocr_line' id='line_1_34' title="bbox 226 1877 1817 1949; baseline 0.003 -21"><span class='ocrx_word' id='word_1_244' title='bbox 226 1893 492 1947; x_wconf 83' lang='lat' dir='ltr'><strong>quaquam</strong></span> <span class='ocrx_word' id='word_1_245' title='bbox 550 1878 601 1930; x_wconf 92' lang='lat' dir='ltr'><strong>iu</strong></span> <span class='ocrx_word' id='word_1_246' title='bbox 652 1877 938 1935; x_wconf 86' lang='lat' dir='ltr'><strong>mundanis</strong></span> <span class='ocrx_word' id='word_1_247' title='bbox 983 1880 1329 1948; x_wconf 79' lang='lat' dir='ltr'><strong>languoribus</strong></span> <span class='ocrx_word' id='word_1_248' title='bbox 1376 1880 1533 1949; x_wconf 80' lang='lat' dir='ltr'><strong>longo</strong></span> <span class='ocrx_word' id='word_1_249' title='bbox 1578 1888 1817 1949; x_wconf 88' lang='lat' dir='ltr'><strong>tempore</strong></span> 
     </span>
    </p>
   </div>
   <div class='ocr_carea' id='block_1_35' title="bbox 226 1970 528 2037">
    <p class='ocr_par' dir='ltr' id='par_1_35' title="bbox 226 1970 528 2037">
     <span class='ocr_line' id='line_1_35' title="bbox 226 1970 528 2037; baseline 0.007 -16"><span class='ocrx_word' id='word_1_250' title='bbox 226 1970 528 2037; x_wconf 76' lang='lat' dir='ltr'><strong>iacuerunt.</strong></span> 
     </span>
    </p>
   </div>
   <div class='ocr_carea' id='block_1_36' title="bbox 294 2061 1821 2127">
    <p class='ocr_par' dir='ltr' id='par_1_36' title="bbox 294 2061 1821 2127">
     <span class='ocr_line' id='line_1_36' title="bbox 294 2061 1821 2127; baseline -0.001 -13"><span class='ocrx_word' id='word_1_251' title='bbox 294 2062 453 2115; x_wconf 68' lang='lat' dir='ltr'><strong>Vers.</strong></span> <span class='ocrx_word' id='word_1_252' title='bbox 483 2062 538 2115; x_wconf 79' lang='grc'><strong>5.</strong></span> <span class='ocrx_word' id='word_1_253' title='bbox 592 2061 659 2115; x_wconf 84' lang='grc' dir='ltr'><strong>1η</strong></span> <span class='ocrx_word' id='word_1_254' title='bbox 705 2062 962 2117; x_wconf 62' lang='lat' dir='ltr'><strong>laboribus</strong></span> <span class='ocrx_word' id='word_1_255' title='bbox 991 2063 1255 2116; x_wconf 83' lang='lat' dir='ltr'><strong>hominum</strong></span> <span class='ocrx_word' id='word_1_256' title='bbox 1296 2080 1396 2117; x_wconf 86' lang='lat' dir='ltr'><strong>non</strong></span> <span class='ocrx_word' id='word_1_257' title='bbox 1434 2070 1573 2127; x_wconf 84' lang='lat' dir='ltr'><strong>sunt,</strong></span> <span class='ocrx_word' id='word_1_258' title='bbox 1618 2076 1665 2117; x_wconf 88' lang='lat' dir='ltr'><strong>et</strong></span> <span class='ocrx_word' id='word_1_259' title='bbox 1707 2079 1821 2114; x_wconf 87' lang='lat' dir='ltr'><strong>cum</strong></span> 
     </span>
    </p>
   </div>
   <div class='ocr_carea' id='block_1_37' title="bbox 228 2154 1822 2227">
    <p class='ocr_par' dir='ltr' id='par_1_37' title="bbox 228 2154 1822 2227">
     <span class='ocr_line' id='line_1_37' title="bbox 228 2154 1822 2227; baseline 0.003 -22"><span class='ocrx_word' id='word_1_260' title='bbox 228 2154 518 2208; x_wconf 70' lang='lat' dir='ltr'><strong>honrinibus</strong></span> <span class='ocrx_word' id='word_1_261' title='bbox 563 2173 663 2209; x_wconf 89' lang='lat' dir='ltr'><strong>non</strong></span> <span class='ocrx_word' id='word_1_262' title='bbox 702 2157 1122 2227; x_wconf 78' lang='lat' dir='ltr'><strong>ﬂagellabttntur.</strong></span> <span class='ocrx_word' id='word_1_263' title='bbox 1181 2155 1424 2210; x_wconf 84' lang='lat' dir='ltr'><strong>Homines</strong></span> <span class='ocrx_word' id='word_1_264' title='bbox 1478 2156 1563 2210; x_wconf 87' lang='lat' dir='ltr'><strong>hic</strong></span> <span class='ocrx_word' id='word_1_265' title='bbox 1610 2168 1770 2211; x_wconf 61' lang='grc' dir='ltr'><strong>εεηιυιΔ</strong></span> <span class='ocrx_word' id='word_1_266' title='bbox 1798 2172 1822 2209; x_wconf 94' lang='lat' dir='ltr'><strong>s</strong></span> 
     </span>
    </p>
   </div>
   <div class='ocr_carea' id='block_1_38' title="bbox 230 2248 1825 2318">
    <p class='ocr_par' dir='ltr' id='par_1_38' title="bbox 230 2248 1825 2318">
     <span class='ocr_line' id='line_1_38' title="bbox 230 2248 1825 2318; baseline 0.001 -20"><span class='ocrx_word' id='word_1_267' title='bbox 230 2249 366 2301; x_wconf 69' lang='lat' dir='ltr'><strong>viros</strong></span> <span class='ocrx_word' id='word_1_268' title='bbox 423 2248 821 2317; x_wconf 77' lang='lat' dir='ltr'><strong>intelligamus,</strong></span> <span class='ocrx_word' id='word_1_269' title='bbox 877 2248 967 2318; x_wconf 93' lang='lat' dir='ltr'><strong>qui</strong></span> <span class='ocrx_word' id='word_1_270' title='bbox 1013 2258 1068 2302; x_wconf 85' lang='lat' dir='ltr'><strong>et</strong></span> <span class='ocrx_word' id='word_1_271' title='bbox 1116 2248 1327 2303; x_wconf 81' lang='lat' dir='ltr'><strong>labores</strong></span> <span class='ocrx_word' id='word_1_272' title='bbox 1378 2248 1429 2302; x_wconf 91' lang='lat' dir='ltr'><strong>in</strong></span> <span class='ocrx_word' id='word_1_273' title='bbox 1482 2248 1581 2303; x_wconf 90' lang='lat' dir='ltr'><strong>hoc</strong></span> <span class='ocrx_word' id='word_1_274' title='bbox 1629 2248 1825 2302; x_wconf 74' lang='lat' dir='ltr'><strong>smeulo</strong></span> 
     </span>
    </p>
   </div>
   <div class='ocr_carea' id='block_1_39' title="bbox 230 2342 1824 2411">
    <p class='ocr_par' dir='ltr' id='par_1_39' title="bbox 230 2342 1824 2411">
     <span class='ocr_line' id='line_1_39' title="bbox 230 2342 1824 2411; baseline 0.001 -19"><span class='ocrx_word' id='word_1_275' title='bbox 230 2343 541 2409; x_wconf 87' lang='lat' dir='ltr'><strong>sustinent,</strong></span> <span class='ocrx_word' id='word_1_276' title='bbox 592 2351 647 2396; x_wconf 92' lang='lat' dir='ltr'><strong>et</strong></span> <span class='ocrx_word' id='word_1_277' title='bbox 691 2342 1023 2395; x_wconf 70' lang='lat' dir='ltr'><strong>diversirum</strong></span> <span class='ocrx_word' id='word_1_278' title='bbox 1070 2342 1421 2396; x_wconf 81' lang='lat' dir='ltr'><strong>afflictionum</strong></span> <span class='ocrx_word' id='word_1_279' title='bbox 1470 2342 1675 2411; x_wconf 57' lang='lat' dir='ltr'><strong>ﬂagella</strong></span> <span class='ocrx_word' id='word_1_280' title='bbox 1734 2358 1824 2406; x_wconf 86' lang='lat' dir='ltr'><strong>pa—</strong></span> 
     </span>
    </p>
   </div>
   <div class='ocr_carea' id='block_1_40' title="bbox 236 2434 1823 2497">
    <p class='ocr_par' dir='ltr' id='par_1_40' title="bbox 236 2434 1823 2497">
     <span class='ocr_line' id='line_1_40' title="bbox 236 2434 1823 2497; baseline -0.001 -12"><span class='ocrx_word' id='word_1_281' title='bbox 236 2434 474 2497; x_wconf 88' lang='lat' dir='ltr'><strong>tiuntur,</strong></span> <span class='ocrx_word' id='word_1_282' title='bbox 513 2445 571 2487; x_wconf 92' lang='lat' dir='ltr'><strong>ut</strong></span> <span class='ocrx_word' id='word_1_283' title='bbox 600 2436 827 2489; x_wconf 87' lang='lat' dir='ltr'><strong>correcti</strong></span> <span class='ocrx_word' id='word_1_284' title='bbox 861 2435 925 2487; x_wconf 88' lang='lat' dir='ltr'><strong>ad</strong></span> <span class='ocrx_word' id='word_1_285' title='bbox 960 2435 1238 2488; x_wconf 84' lang='lat' dir='ltr'><strong>Dominum</strong></span> <span class='ocrx_word' id='word_1_286' title='bbox 1282 2435 1457 2489; x_wconf 91' lang='lat' dir='ltr'><strong>redire</strong></span> <span class='ocrx_word' id='word_1_287' title='bbox 1494 2446 1823 2488; x_wconf 87' lang='lat' dir='ltr'><strong>mereantur.</strong></span> 
     </span>
    </p>
   </div>
   <div class='ocr_carea' id='block_1_41' title="bbox 234 2526 1823 2595">
    <p class='ocr_par' dir='ltr' id='par_1_41' title="bbox 234 2526 1823 2595">
     <span class='ocr_line' id='line_1_41' title="bbox 234 2526 1823 2595; baseline 0.001 -19"><span class='ocrx_word' id='word_1_288' title='bbox 234 2526 368 2580; x_wconf 77' lang='lat' dir='ltr'><strong>Istud</strong></span> <span class='ocrx_word' id='word_1_289' title='bbox 408 2527 785 2595; x_wconf 64' lang='lat' dir='ltr'><strong>peccatoribus</strong></span> <span class='ocrx_word' id='word_1_290' title='bbox 814 2526 1095 2580; x_wconf 79' lang='lat' dir='ltr'><strong>obstinatis</strong></span> <span class='ocrx_word' id='word_1_291' title='bbox 1126 2543 1229 2579; x_wconf 88' lang='lat' dir='ltr'><strong>non</strong></span> <span class='ocrx_word' id='word_1_292' title='bbox 1264 2529 1532 2595; x_wconf 85' lang='lat' dir='ltr'><strong>provenit,</strong></span> <span class='ocrx_word' id='word_1_293' title='bbox 1579 2526 1717 2595; x_wconf 89' lang='lat' dir='ltr'><strong>quod</strong></span> <span class='ocrx_word' id='word_1_294' title='bbox 1761 2528 1823 2577; x_wconf 89' lang='lat' dir='ltr'><strong>ad</strong></span> 
     </span>
    </p>
   </div>
   <div class='ocr_carea' id='block_1_42' title="bbox 235 2618 1823 2683">
    <p class='ocr_par' dir='ltr' id='par_1_42' title="bbox 235 2618 1823 2683">
     <span class='ocr_line' id='line_1_42' title="bbox 235 2618 1823 2683; baseline -0.001 -11"><span class='ocrx_word' id='word_1_295' title='bbox 235 2623 462 2674; x_wconf 75' lang='lat' dir='ltr'><strong>salutem</strong></span> <span class='ocrx_word' id='word_1_296' title='bbox 496 2620 658 2673; x_wconf 76' lang='lat' dir='ltr'><strong>datu:</strong></span> <span class='ocrx_word' id='word_1_297' title='bbox 686 2620 912 2674; x_wconf 85' lang='lat' dir='ltr'><strong>devotis.</strong></span> <span class='ocrx_word' id='word_1_298' title='bbox 964 2618 1018 2673; x_wconf 97' lang='lat' dir='ltr'><strong>Si</strong></span> <span class='ocrx_word' id='word_1_299' title='bbox 1062 2635 1185 2673; x_wconf 71' lang='lat' dir='ltr'><strong>vero</strong></span> <span class='ocrx_word' id='word_1_300' title='bbox 1226 2620 1423 2673; x_wconf 86' lang='lat' dir='ltr'><strong>dictum</strong></span> <span class='ocrx_word' id='word_1_301' title='bbox 1457 2627 1636 2672; x_wconf 74' lang='lat' dir='ltr'><strong>contra</strong></span> <span class='ocrx_word' id='word_1_302' title='bbox 1670 2634 1712 2683; x_wconf 80' lang='lat' dir='ltr'><strong>s,</strong></span> <span class='ocrx_word' id='word_1_303' title='bbox 1736 2618 1823 2670; x_wconf 87' lang='lat' dir='ltr'><strong>iri-</strong></span> 
     </span>
    </p>
   </div>
   <div class='ocr_carea' id='block_1_43' title="bbox 235 2711 1830 2780">
    <p class='ocr_par' dir='ltr' id='par_1_43' title="bbox 235 2711 1830 2780">
     <span class='ocr_line' id='line_1_43' title="bbox 235 2711 1830 2780; baseline -0.002 -15"><span class='ocrx_word' id='word_1_304' title='bbox 235 2715 401 2767; x_wconf 77' lang='lat' dir='ltr'><strong>tuales</strong></span> <span class='ocrx_word' id='word_1_305' title='bbox 436 2713 621 2780; x_wconf 85' lang='lat' dir='ltr'><strong>nequit</strong></span> <span class='ocrx_word' id='word_1_306' title='bbox 648 2729 704 2765; x_wconf 89' lang='lat' dir='ltr'><strong>as</strong></span> <span class='ocrx_word' id='word_1_307' title='bbox 731 2715 1079 2776; x_wconf 57' lang='lat' dir='ltr'><strong>aestimamus,</strong></span> <span class='ocrx_word' id='word_1_308' title='bbox 1128 2722 1299 2780; x_wconf 77' lang='lat' dir='ltr'><strong>potest</strong></span> <span class='ocrx_word' id='word_1_309' title='bbox 1344 2711 1411 2766; x_wconf 91' lang='lat' dir='ltr'><strong>de</strong></span> <span class='ocrx_word' id='word_1_310' title='bbox 1456 2712 1603 2780; x_wconf 48' lang='lat' dir='ltr'><strong>ipsis.</strong></span> <span class='ocrx_word' id='word_1_311' title='bbox 1635 2726 1830 2764; x_wconf 65' lang='lat' dir='ltr'><strong>conxe-</strong></span> 
     </span>
    </p>
   </div>
   <div class='ocr_carea' id='block_1_44' title="bbox 232 2801 1831 2871">
    <p class='ocr_par' dir='ltr' id='par_1_44' title="bbox 232 2801 1831 2871">
     <span class='ocr_line' id='line_1_44' title="bbox 232 2801 1831 2871; baseline -0.003 -14"><span class='ocrx_word' id='word_1_312' title='bbox 232 2804 446 2857; x_wconf 79' lang='lat' dir='ltr'><strong>nicntcr</strong></span> <span class='ocrx_word' id='word_1_313' title='bbox 474 2805 715 2865; x_wconf 82' lang='lat' dir='ltr'><strong>adverti,</strong></span> <span class='ocrx_word' id='word_1_314' title='bbox 765 2804 851 2871; x_wconf 89' lang='lat' dir='ltr'><strong>qui</strong></span> <span class='ocrx_word' id='word_1_315' title='bbox 901 2802 953 2855; x_wconf 92' lang='lat' dir='ltr'><strong>in</strong></span> <span class='ocrx_word' id='word_1_316' title='bbox 1002 2804 1102 2857; x_wconf 88' lang='lat' dir='ltr'><strong>hoc</strong></span> <span class='ocrx_word' id='word_1_317' title='bbox 1147 2803 1347 2856; x_wconf 88' lang='lat' dir='ltr'><strong>mumlo</strong></span> <span class='ocrx_word' id='word_1_318' title='bbox 1387 2801 1680 2855; x_wconf 86' lang='lat' dir='ltr'><strong>sceleribus</strong></span> <span class='ocrx_word' id='word_1_319' title='bbox 1722 2801 1831 2853; x_wconf 88' lang='lat' dir='ltr'><strong>suis</strong></span> 
     </span>
    </p>
   </div>
   <div class='ocr_carea' id='block_1_45' title="bbox 232 2892 1831 2965">
    <p class='ocr_par' dir='ltr' id='par_1_45' title="bbox 232 2892 1831 2965">
     <span class='ocr_line' id='line_1_45' title="bbox 232 2892 1831 2965; baseline -0.004 -16"><span class='ocrx_word' id='word_1_320' title='bbox 232 2912 503 2965; x_wconf 81' lang='lat' dir='ltr'><strong>congruas</strong></span> <span class='ocrx_word' id='word_1_321' title='bbox 540 2912 644 2948; x_wconf 92' lang='lat' dir='ltr'><strong>non</strong></span> <span class='ocrx_word' id='word_1_322' title='bbox 674 2896 940 2964; x_wconf 88' lang='lat' dir='ltr'><strong>recipiunt</strong></span> <span class='ocrx_word' id='word_1_323' title='bbox 971 2894 1216 2948; x_wconf 84' lang='lat' dir='ltr'><strong>ultiones.</strong></span> <span class='ocrx_word' id='word_1_324' title='bbox 1261 2893 1371 2948; x_wconf 76' lang='lat' dir='ltr'><strong>Nec</strong></span> <span class='ocrx_word' id='word_1_325' title='bbox 1399 2909 1516 2945; x_wconf 85' lang='lat' dir='ltr'><strong>cum</strong></span> <span class='ocrx_word' id='word_1_326' title='bbox 1542 2892 1831 2945; x_wconf 67' lang='lat' dir='ltr'><strong>horninibus</strong></span> 
     </span>
    </p>
   </div>
   <div class='ocr_carea' id='block_1_46' title="bbox 236 2983 1833 3056">
    <p class='ocr_par' dir='ltr' id='par_1_46' title="bbox 236 2983 1833 3056">
     <span class='ocr_line' id='line_1_46' title="bbox 236 2983 1833 3056; baseline -0.001 -17"><span class='ocrx_word' id='word_1_327' title='bbox 236 2987 594 3056; x_wconf 79' lang='lat' dir='ltr'><strong>ﬂagelluntnr,</strong></span> <span class='ocrx_word' id='word_1_328' title='bbox 626 2988 715 3055; x_wconf 91' lang='lat' dir='ltr'><strong>qui</strong></span> <span class='ocrx_word' id='word_1_329' title='bbox 745 3001 863 3039; x_wconf 88' lang='lat' dir='ltr'><strong>eum</strong></span> <span class='ocrx_word' id='word_1_330' title='bbox 897 2986 1214 3056; x_wconf 83' lang='lat' dir='ltr'><strong>sequacibus</strong></span> <span class='ocrx_word' id='word_1_331' title='bbox 1245 2985 1355 3039; x_wconf 79' lang='lat' dir='ltr'><strong>suis</strong></span> <span class='ocrx_word' id='word_1_332' title='bbox 1386 2985 1561 3039; x_wconf 89' lang='lat' dir='ltr'><strong>divina</strong></span> <span class='ocrx_word' id='word_1_333' title='bbox 1586 2983 1833 3054; x_wconf 87' lang='lat' dir='ltr'><strong>jussiune</strong></span> 
     </span>
    </p>
   </div>
   <div class='ocr_carea' id='block_1_47' title="bbox 236 3077 1835 3146">
    <p class='ocr_par' dir='ltr' id='par_1_47' title="bbox 236 3077 1835 3146">
     <span class='ocr_line' id='line_1_47' title="bbox 236 3077 1835 3146; baseline -0.001 -16"><span class='ocrx_word' id='word_1_334' title='bbox 236 3078 533 3131; x_wconf 80' lang='lat' dir='ltr'><strong>damnandi</strong></span> <span class='ocrx_word' id='word_1_335' title='bbox 557 3088 701 3132; x_wconf 79' lang='lat' dir='ltr'><strong>Sunt.</strong></span> <span class='ocrx_word' id='word_1_336' title='bbox 724 3078 1019 3133; x_wconf 83' lang='lat' dir='ltr'><strong>Tribulatio</strong></span> <span class='ocrx_word' id='word_1_337' title='bbox 1040 3079 1301 3146; x_wconf 89' lang='lat' dir='ltr'><strong>siquidem</strong></span> <span class='ocrx_word' id='word_1_338' title='bbox 1329 3078 1478 3130; x_wconf 84' lang='lat' dir='ltr'><strong>istius</strong></span> <span class='ocrx_word' id='word_1_339' title='bbox 1500 3078 1677 3130; x_wconf 73' lang='lat' dir='ltr'><strong>Saculi</strong></span> <span class='ocrx_word' id='word_1_340' title='bbox 1709 3077 1835 3129; x_wconf 38' lang='lat' dir='ltr'><strong>fille-</strong></span> 
     </span>
    </p>
   </div>
   <div class='ocr_carea' id='block_1_48' title="bbox 1924 1886 3516 1959">
    <p class='ocr_par' dir='ltr' id='par_1_48' title="bbox 1924 1886 3516 1959">
     <span class='ocr_line' id='line_1_48' title="bbox 1924 1886 3516 1959; baseline 0.001 -20"><span class='ocrx_word' id='word_1_341' title='bbox 1924 1886 2157 1941; x_wconf 84' lang='lat' dir='ltr'><strong>facinora</strong></span> <span class='ocrx_word' id='word_1_342' title='bbox 2198 1889 2422 1955; x_wconf 70' lang='lat' dir='ltr'><strong>rogitato</strong></span> <span class='ocrx_word' id='word_1_343' title='bbox 2465 1888 2723 1956; x_wconf 81' lang='lat' dir='ltr'><strong>divulgat.</strong></span> <span class='ocrx_word' id='word_1_344' title='bbox 2777 1886 2907 1941; x_wconf 89' lang='lat' dir='ltr'><strong>Illud</strong></span> <span class='ocrx_word' id='word_1_345' title='bbox 2950 1893 3182 1942; x_wconf 76' lang='lat' dir='ltr'><strong>maxime</strong></span> <span class='ocrx_word' id='word_1_346' title='bbox 3222 1891 3360 1959; x_wconf 82' lang='lat' dir='ltr'><strong>quod</strong></span> <span class='ocrx_word' id='word_1_347' title='bbox 3393 1906 3516 1943; x_wconf 79' lang='lat' dir='ltr'><strong>sen-</strong></span> 
     </span>
    </p>
   </div>
   <div class='ocr_carea' id='block_1_49' title="bbox 1922 1980 3511 2051">
    <p class='ocr_par' dir='ltr' id='par_1_49' title="bbox 1922 1980 3511 2051">
     <span class='ocr_line' id='line_1_49' title="bbox 1922 1980 3511 2051; baseline 0 -18"><span class='ocrx_word' id='word_1_348' title='bbox 1922 1980 2057 2033; x_wconf 84' lang='lat' dir='ltr'><strong>sisse</strong></span> <span class='ocrx_word' id='word_1_349' title='bbox 2102 1980 2365 2033; x_wconf 84' lang='lat' dir='ltr'><strong>nefarium</strong></span> <span class='ocrx_word' id='word_1_350' title='bbox 2410 1990 2530 2044; x_wconf 84' lang='lat' dir='ltr'><strong>est,</strong></span> <span class='ocrx_word' id='word_1_351' title='bbox 2577 1981 2776 2035; x_wconf 84' lang='lat' dir='ltr'><strong>dixisse</strong></span> <span class='ocrx_word' id='word_1_352' title='bbox 2816 1981 3177 2050; x_wconf 81' lang='lat' dir='ltr'><strong>sacrilegium.</strong></span> <span class='ocrx_word' id='word_1_353' title='bbox 3235 1982 3511 2051; x_wconf 84' lang='lat' dir='ltr'><strong>Sequitur,</strong></span> 
     </span>
    </p>
   </div>
   <div class='ocr_carea' id='block_1_50' title="bbox 1924 2070 3511 2141">
    <p class='ocr_par' dir='ltr' id='par_1_50' title="bbox 1924 2070 3511 2141">
     <span class='ocr_line' id='line_1_50' title="bbox 1924 2070 3511 2141; baseline -0.001 -17"><span class='ocrx_word' id='word_1_354' title='bbox 1924 2072 2239 2140; x_wconf 74' lang='lat' dir='ltr'><strong>iniquitatem</strong></span> <span class='ocrx_word' id='word_1_355' title='bbox 2294 2073 2345 2124; x_wconf 89' lang='lat' dir='ltr'><strong>in</strong></span> <span class='ocrx_word' id='word_1_356' title='bbox 2401 2070 2619 2125; x_wconf 77' lang='lat' dir='ltr'><strong>Excelso</strong></span> <span class='ocrx_word' id='word_1_357' title='bbox 2671 2071 2827 2124; x_wconf 85' lang='lat' dir='ltr'><strong>locuti</strong></span> <span class='ocrx_word' id='word_1_358' title='bbox 2877 2082 3015 2127; x_wconf 83' lang='lat' dir='ltr'><strong>sunt.</strong></span> <span class='ocrx_word' id='word_1_359' title='bbox 3078 2073 3189 2126; x_wconf 84' lang='lat' dir='ltr'><strong>Hoc</strong></span> <span class='ocrx_word' id='word_1_360' title='bbox 3240 2082 3322 2127; x_wconf 88' lang='lat' dir='ltr'><strong>est</strong></span> <span class='ocrx_word' id='word_1_361' title='bbox 3373 2090 3440 2141; x_wconf 90' lang='lat' dir='ltr'><strong>qu</strong></span> <span class='ocrx_word' id='word_1_362' title='bbox 3483 2076 3511 2123; x_wconf 71' lang='grc' dir='ltr'><strong>«Ι</strong></span> 
     </span>
    </p>
   </div>
   <div class='ocr_carea' id='block_1_51' title="bbox 1928 2162 3510 2231">
    <p class='ocr_par' dir='ltr' id='par_1_51' title="bbox 1928 2162 3510 2231">
     <span class='ocr_line' id='line_1_51' title="bbox 1928 2162 3510 2231; baseline 0 -16"><span class='ocrx_word' id='word_1_363' title='bbox 1928 2179 2077 2215; x_wconf 83' lang='lat' dir='ltr'><strong>nn-ns</strong></span> <span class='ocrx_word' id='word_1_364' title='bbox 2112 2162 2310 2228; x_wconf 84' lang='lat' dir='ltr'><strong>perfida</strong></span> <span class='ocrx_word' id='word_1_365' title='bbox 2350 2164 2673 2231; x_wconf 86' lang='lat' dir='ltr'><strong>parturiebat</strong></span> <span class='ocrx_word' id='word_1_366' title='bbox 2695 2207 2709 2225; x_wconf 87' lang='lat'><strong>,</strong></span> <span class='ocrx_word' id='word_1_367' title='bbox 2744 2174 2799 2216; x_wconf 91' lang='lat' dir='ltr'><strong>ut</strong></span> <span class='ocrx_word' id='word_1_368' title='bbox 2828 2172 3015 2217; x_wconf 90' lang='lat' dir='ltr'><strong>contra</strong></span> <span class='ocrx_word' id='word_1_369' title='bbox 3047 2178 3201 2216; x_wconf 90' lang='lat' dir='ltr'><strong>suum</strong></span> <span class='ocrx_word' id='word_1_370' title='bbox 3232 2174 3510 2217; x_wconf 83' lang='lat' dir='ltr'><strong>auctorem</strong></span> 
     </span>
    </p>
   </div>
   <div class='ocr_carea' id='block_1_52' title="bbox 1929 2254 3516 2323">
    <p class='ocr_par' dir='ltr' id='par_1_52' title="bbox 1929 2254 3516 2323">
     <span class='ocr_line' id='line_1_52' title="bbox 1929 2254 3516 2323; baseline -0.001 -16"><span class='ocrx_word' id='word_1_371' title='bbox 1929 2254 2236 2323; x_wconf 84' lang='lat' dir='ltr'><strong>blasphema</strong></span> <span class='ocrx_word' id='word_1_372' title='bbox 2281 2254 2442 2307; x_wconf 84' lang='lat' dir='ltr'><strong>verba</strong></span> <span class='ocrx_word' id='word_1_373' title='bbox 2498 2254 2837 2320; x_wconf 85' lang='lat' dir='ltr'><strong>loqueretur;</strong></span> <span class='ocrx_word' id='word_1_374' title='bbox 2892 2264 2947 2308; x_wconf 88' lang='lat' dir='ltr'><strong>ut</strong></span> <span class='ocrx_word' id='word_1_375' title='bbox 2996 2254 3144 2309; x_wconf 89' lang='lat' dir='ltr'><strong>illum</strong></span> <span class='ocrx_word' id='word_1_376' title='bbox 3196 2271 3354 2323; x_wconf 87' lang='lat' dir='ltr'><strong>quem</strong></span> <span class='ocrx_word' id='word_1_377' title='bbox 3407 2256 3516 2307; x_wconf 84' lang='lat' dir='ltr'><strong>lan-</strong></span> 
     </span>
    </p>
   </div>
   <div class='ocr_carea' id='block_1_53' title="bbox 1928 2347 3517 2418">
    <p class='ocr_par' dir='ltr' id='par_1_53' title="bbox 1928 2347 3517 2418">
     <span class='ocr_line' id='line_1_53' title="bbox 1928 2347 3517 2418; baseline 0.003 -19"><span class='ocrx_word' id='word_1_378' title='bbox 1928 2347 2057 2401; x_wconf 89' lang='lat' dir='ltr'><strong>dare</strong></span> <span class='ocrx_word' id='word_1_379' title='bbox 2088 2363 2244 2401; x_wconf 91' lang='lat' dir='ltr'><strong>nemo</strong></span> <span class='ocrx_word' id='word_1_380' title='bbox 2275 2347 2434 2417; x_wconf 81' lang='lat' dir='ltr'><strong>digne</strong></span> <span class='ocrx_word' id='word_1_381' title='bbox 2463 2348 2684 2413; x_wconf 73' lang='lat' dir='ltr'><strong>sufficit,</strong></span> <span class='ocrx_word' id='word_1_382' title='bbox 2712 2348 2777 2402; x_wconf 91' lang='lat' dir='ltr'><strong>ad</strong></span> <span class='ocrx_word' id='word_1_383' title='bbox 2811 2349 2856 2402; x_wconf 93' lang='lat' dir='ltr'><strong>ir</strong></span> <span class='ocrx_word' id='word_1_384' title='bbox 2894 2365 2943 2403; x_wconf 93' lang='lat' dir='ltr'><strong>m</strong></span> <span class='ocrx_word' id='word_1_385' title='bbox 2975 2361 3227 2418; x_wconf 82' lang='lat' dir='ltr'><strong>provocet</strong></span> <span class='ocrx_word' id='word_1_386' title='bbox 3262 2350 3517 2418; x_wconf 76' lang='lat' dir='ltr'><strong>injurio~a</strong></span> 
     </span>
    </p>
   </div>
   <div class='ocr_carea' id='block_1_54' title="bbox 1930 2438 2241 2507">
    <p class='ocr_par' dir='ltr' id='par_1_54' title="bbox 1930 2438 2241 2507">
     <span class='ocr_line' id='line_1_54' title="bbox 1930 2438 2241 2507; baseline 0 -16"><span class='ocrx_word' id='word_1_387' title='bbox 1930 2438 2241 2507; x_wconf 84' lang='lat' dir='ltr'><strong>loquacitas.</strong></span> 
     </span>
    </p>
   </div>
   <div class='ocr_carea' id='block_1_55' title="bbox 2007 2525 3522 2605">
    <p class='ocr_par' dir='ltr' id='par_1_55' title="bbox 2007 2525 3522 2605">
     <span class='ocr_line' id='line_1_55' title="bbox 2007 2525 3522 2605; baseline 0.001 -23"><span class='ocrx_word' id='word_1_388' title='bbox 2007 2530 2155 2584; x_wconf 75' lang='lat' dir='ltr'><strong>V&#39;ers.</strong></span> <span class='ocrx_word' id='word_1_389' title='bbox 2182 2531 2234 2585; x_wconf 92' lang='lat'><strong>9.</strong></span> <span class='ocrx_word' id='word_1_390' title='bbox 2269 2528 2437 2585; x_wconf 85' lang='lat' dir='ltr'><strong>Posue</strong></span> <span class='ocrx_word' id='word_1_391' title='bbox 2458 2544 2558 2584; x_wconf 85' lang='lat' dir='ltr'><strong>unt</strong></span> <span class='ocrx_word' id='word_1_392' title='bbox 2584 2532 2635 2584; x_wconf 87' lang='lat' dir='ltr'><strong>in</strong></span> <span class='ocrx_word' id='word_1_393' title='bbox 2668 2535 2790 2586; x_wconf 71' lang='lat' dir='ltr'><strong>(celo</strong></span> <span class='ocrx_word' id='word_1_394' title='bbox 2816 2525 2949 2605; x_wconf 65' lang='lat' dir='ltr'><strong>[ed.&#39;,</strong></span> <span class='ocrx_word' id='word_1_395' title='bbox 2978 2535 3026 2586; x_wconf 91' lang='lat' dir='ltr'><strong>in</strong></span> <span class='ocrx_word' id='word_1_396' title='bbox 3050 2534 3251 2605; x_wconf 70' lang='lat' dir='ltr'><strong>civium]</strong></span> <span class='ocrx_word' id='word_1_397' title='bbox 3275 2554 3328 2587; x_wconf 82' lang='lat' dir='ltr'><strong>os</strong></span> <span class='ocrx_word' id='word_1_398' title='bbox 3350 2553 3522 2597; x_wconf 84' lang='lat' dir='ltr'><strong>suum,</strong></span> 
     </span>
    </p>
   </div>
   <div class='ocr_carea' id='block_1_56' title="bbox 1932 2621 3521 2693">
    <p class='ocr_par' dir='ltr' id='par_1_56' title="bbox 1932 2621 3521 2693">
     <span class='ocr_line' id='line_1_56' title="bbox 1932 2621 3521 2693; baseline 0.004 -20"><span class='ocrx_word' id='word_1_399' title='bbox 1932 2631 1977 2674; x_wconf 84' lang='lat' dir='ltr'><strong>et</strong></span> <span class='ocrx_word' id='word_1_400' title='bbox 2006 2621 2185 2690; x_wconf 80' lang='lat' dir='ltr'><strong>lingua</strong></span> <span class='ocrx_word' id='word_1_401' title='bbox 2214 2637 2387 2673; x_wconf 83' lang='lat' dir='ltr'><strong>eorum</strong></span> <span class='ocrx_word' id='word_1_402' title='bbox 2426 2624 2653 2675; x_wconf 79' lang='lat' dir='ltr'><strong>transivit</strong></span> <span class='ocrx_word' id='word_1_403' title='bbox 2684 2641 2834 2693; x_wconf 80' lang='lat' dir='ltr'><strong>super</strong></span> <span class='ocrx_word' id='word_1_404' title='bbox 2860 2633 3069 2677; x_wconf 68' lang='lat' dir='ltr'><strong>teriam.</strong></span> <span class='ocrx_word' id='word_1_405' title='bbox 3130 2625 3282 2678; x_wconf 86' lang='lat' dir='ltr'><strong>Ponit</strong></span> <span class='ocrx_word' id='word_1_406' title='bbox 3313 2627 3365 2679; x_wconf 89' lang='lat' dir='ltr'><strong>in</strong></span> <span class='ocrx_word' id='word_1_407' title='bbox 3397 2631 3521 2679; x_wconf 63' lang='lat' dir='ltr'><strong>ra‘l-</strong></span> 
     </span>
    </p>
   </div>
   <div class='ocr_carea' id='block_1_57' title="bbox 1933 2714 3523 2786">
    <p class='ocr_par' dir='ltr' id='par_1_57' title="bbox 1933 2714 3523 2786">
     <span class='ocr_line' id='line_1_57' title="bbox 1933 2714 3523 2786; baseline 0.001 -19"><span class='ocrx_word' id='word_1_408' title='bbox 1933 2732 1988 2767; x_wconf 87' lang='lat' dir='ltr'><strong>os</strong></span> <span class='ocrx_word' id='word_1_409' title='bbox 2012 2732 2157 2767; x_wconf 87' lang='lat' dir='ltr'><strong>suum</strong></span> <span class='ocrx_word' id='word_1_410' title='bbox 2189 2716 2276 2780; x_wconf 84' lang='lat' dir='ltr'><strong>qui</strong></span> <span class='ocrx_word' id='word_1_411' title='bbox 2309 2715 2527 2778; x_wconf 85' lang='lat' dir='ltr'><strong>Jovem,</strong></span> <span class='ocrx_word' id='word_1_412' title='bbox 2561 2714 2911 2783; x_wconf 70' lang='lat' dir='ltr'><strong>Mercurium,</strong></span> <span class='ocrx_word' id='word_1_413' title='bbox 2942 2729 3243 2786; x_wconf 66' lang='lat' dir='ltr'><strong>ceteraque</strong></span> <span class='ocrx_word' id='word_1_414' title='bbox 3278 2731 3523 2786; x_wconf 54' lang='lat' dir='ltr'><strong>portenta</strong></span> 
     </span>
    </p>
   </div>
   <div class='ocr_carea' id='block_1_58' title="bbox 1934 2806 3518 2875">
    <p class='ocr_par' dir='ltr' id='par_1_58' title="bbox 1934 2806 3518 2875">
     <span class='ocr_line' id='line_1_58' title="bbox 1934 2806 3518 2875; baseline 0.002 -17"><span class='ocrx_word' id='word_1_415' title='bbox 1934 2822 2051 2874; x_wconf 68' lang='lat' dir='ltr'><strong>qua:</strong></span> <span class='ocrx_word' id='word_1_416' title='bbox 2100 2807 2314 2859; x_wconf 89' lang='lat' dir='ltr'><strong>numina</strong></span> <span class='ocrx_word' id='word_1_417' title='bbox 2368 2806 2475 2860; x_wconf 90' lang='lat' dir='ltr'><strong>Deo</strong></span> <span class='ocrx_word' id='word_1_418' title='bbox 2516 2815 2662 2875; x_wconf 77' lang='lat' dir='ltr'><strong>putat</strong></span> <span class='ocrx_word' id='word_1_419' title='bbox 2710 2823 2831 2863; x_wconf 90' lang='lat' dir='ltr'><strong>csse</strong></span> <span class='ocrx_word' id='word_1_420' title='bbox 2876 2809 3094 2862; x_wconf 79' lang='lat' dir='ltr'><strong>similia.</strong></span> <span class='ocrx_word' id='word_1_421' title='bbox 3148 2810 3297 2863; x_wconf 86' lang='lat' dir='ltr'><strong>Ponit</strong></span> <span class='ocrx_word' id='word_1_422' title='bbox 3357 2813 3518 2865; x_wconf 87' lang='lat' dir='ltr'><strong>etiam</strong></span> 
     </span>
    </p>
   </div>
   <div class='ocr_carea' id='block_1_59' title="bbox 1936 2895 3525 2969">
    <p class='ocr_par' dir='ltr' id='par_1_59' title="bbox 1936 2895 3525 2969">
     <span class='ocr_line' id='line_1_59' title="bbox 1936 2895 3525 2969; baseline 0.001 -21"><span class='ocrx_word' id='word_1_423' title='bbox 1936 2899 1986 2948; x_wconf 88' lang='lat' dir='ltr'><strong>in</strong></span> <span class='ocrx_word' id='word_1_424' title='bbox 2012 2895 2135 2949; x_wconf 77' lang='lat' dir='ltr'><strong>caelo</strong></span> <span class='ocrx_word' id='word_1_425' title='bbox 2164 2913 2217 2948; x_wconf 89' lang='lat' dir='ltr'><strong>os</strong></span> <span class='ocrx_word' id='word_1_426' title='bbox 2247 2914 2395 2949; x_wconf 86' lang='lat' dir='ltr'><strong>suum</strong></span> <span class='ocrx_word' id='word_1_427' title='bbox 2426 2897 2513 2962; x_wconf 91' lang='lat' dir='ltr'><strong>qni</strong></span> <span class='ocrx_word' id='word_1_428' title='bbox 2544 2914 2626 2951; x_wconf 61' lang='lat' dir='ltr'><strong>res</strong></span> <span class='ocrx_word' id='word_1_429' title='bbox 2660 2898 2921 2953; x_wconf 86' lang='lat' dir='ltr'><strong>humanas</strong></span> <span class='ocrx_word' id='word_1_430' title='bbox 2951 2903 3223 2969; x_wconf 75' lang='lat' dir='ltr'><strong>tyrannica</strong></span> <span class='ocrx_word' id='word_1_431' title='bbox 3252 2901 3466 2955; x_wconf 81' lang='lat' dir='ltr'><strong>volunta</strong></span> <span class='ocrx_word' id='word_1_432' title='bbox 3498 2923 3525 2952; x_wconf 70' lang='grc' dir='ltr'><strong><em>υ</em></strong></span> 
     </span>
    </p>
   </div>
   <div class='ocr_carea' id='block_1_60' title="bbox 1940 2988 3525 3061">
    <p class='ocr_par' dir='ltr' id='par_1_60' title="bbox 1940 2988 3525 3061">
     <span class='ocr_line' id='line_1_60' title="bbox 1940 2988 3525 3061; baseline 0.003 -21"><span class='ocrx_word' id='word_1_433' title='bbox 1940 2996 2336 3055; x_wconf 60' lang='lat' dir='ltr'><strong>transgressus,</strong></span> <span class='ocrx_word' id='word_1_434' title='bbox 2388 2988 2647 3040; x_wconf 86' lang='lat' dir='ltr'><strong>malorum</strong></span> <span class='ocrx_word' id='word_1_435' title='bbox 2699 3004 2915 3042; x_wconf 84' lang='lat' dir='ltr'><strong>suorum</strong></span> <span class='ocrx_word' id='word_1_436' title='bbox 2966 2992 3170 3044; x_wconf 90' lang='lat' dir='ltr'><strong>nullum</strong></span> <span class='ocrx_word' id='word_1_437' title='bbox 3221 2991 3333 3045; x_wconf 87' lang='lat' dir='ltr'><strong>fore</strong></span> <span class='ocrx_word' id='word_1_438' title='bbox 3379 3005 3525 3061; x_wconf 78' lang='lat' dir='ltr'><strong>putat</strong></span> 
     </span>
    </p>
   </div>
   <div class='ocr_carea' id='block_1_61' title="bbox 1947 3078 3523 3149">
    <p class='ocr_par' dir='ltr' id='par_1_61' title="bbox 1947 3078 3523 3149">
     <span class='ocr_line' id='line_1_61' title="bbox 1947 3078 3523 3149; baseline 0.003 -22"><span class='ocrx_word' id='word_1_439' title='bbox 1947 3080 2211 3143; x_wconf 86' lang='lat' dir='ltr'><strong>ultorem;</strong></span> <span class='ocrx_word' id='word_1_440' title='bbox 2264 3078 2357 3131; x_wconf 90' lang='lat' dir='ltr'><strong>sed</strong></span> <span class='ocrx_word' id='word_1_441' title='bbox 2402 3079 2577 3146; x_wconf 88' lang='lat' dir='ltr'><strong>potius</strong></span> <span class='ocrx_word' id='word_1_442' title='bbox 2621 3080 2852 3146; x_wconf 87' lang='lat' dir='ltr'><strong>superba</strong></span> <span class='ocrx_word' id='word_1_443' title='bbox 2898 3078 3176 3149; x_wconf 90' lang='lat' dir='ltr'><strong>iniquitate</strong></span> <span class='ocrx_word' id='word_1_444' title='bbox 3222 3081 3523 3149; x_wconf 77' lang='lat' dir='ltr'><strong>subjectus,</strong></span> 
     </span>
    </p>
   </div>
   <div class='ocr_carea' id='block_1_62' title="bbox 239 3159 3526 3239">
    <p class='ocr_par' dir='ltr' id='par_1_62' title="bbox 239 3159 3526 3239">
     <span class='ocr_line' id='line_1_62' title="bbox 239 3159 3526 3239; baseline 0.001 -18"><span class='ocrx_word' id='word_1_445' title='bbox 239 3169 376 3222; x_wconf 86' lang='lat' dir='ltr'><strong>libus</strong></span> <span class='ocrx_word' id='word_1_446' title='bbox 406 3171 592 3222; x_wconf 83' lang='lat' dir='ltr'><strong>votiva</strong></span> <span class='ocrx_word' id='word_1_447' title='bbox 618 3172 882 3221; x_wconf 72' lang='lat' dir='ltr'><strong>correctio</strong></span> <span class='ocrx_word' id='word_1_448' title='bbox 909 3179 1011 3230; x_wconf 90' lang='lat' dir='ltr'><strong>est,</strong></span> <span class='ocrx_word' id='word_1_449' title='bbox 1036 3184 1192 3238; x_wconf 90' lang='lat' dir='ltr'><strong>quam</strong></span> <span class='ocrx_word' id='word_1_450' title='bbox 1226 3168 1373 3237; x_wconf 88' lang='lat' dir='ltr'><strong>impii</strong></span> <span class='ocrx_word' id='word_1_451' title='bbox 1401 3184 1501 3220; x_wconf 82' lang='lat' dir='ltr'><strong>non</strong></span> <span class='ocrx_word' id='word_1_452' title='bbox 1527 3167 1831 3235; x_wconf 71' lang='lat' dir='ltr'><strong>accipiunt,</strong></span> <span class='ocrx_word' id='word_1_453' title='bbox 1867 3159 1912 3222; x_wconf 92' lang='lat' dir='ltr'><strong>C</strong></span> <span class='ocrx_word' id='word_1_454' title='bbox 1947 3168 2109 3221; x_wconf 84' lang='lat' dir='ltr'><strong>Deum</strong></span> <span class='ocrx_word' id='word_1_455' title='bbox 2144 3169 2315 3222; x_wconf 86' lang='lat' dir='ltr'><strong>credit</strong></span> <span class='ocrx_word' id='word_1_456' title='bbox 2368 3185 2471 3223; x_wconf 87' lang='lat' dir='ltr'><strong>non</strong></span> <span class='ocrx_word' id='word_1_457' title='bbox 2505 3185 2833 3238; x_wconf 74' lang='lat' dir='ltr'><strong>cogitascere</strong></span> <span class='ocrx_word' id='word_1_458' title='bbox 2878 3173 3016 3239; x_wconf 89' lang='lat' dir='ltr'><strong>quod</strong></span> <span class='ocrx_word' id='word_1_459' title='bbox 3074 3174 3253 3226; x_wconf 69' lang='lat' dir='ltr'><strong>differt</strong></span> <span class='ocrx_word' id='word_1_460' title='bbox 3296 3174 3346 3224; x_wconf 86' lang='lat' dir='ltr'><strong>iu</strong></span> <span class='ocrx_word' id='word_1_461' title='bbox 3398 3184 3526 3225; x_wconf 83' lang='lat' dir='ltr'><strong>tem-</strong></span> 
     </span>
    </p>
   </div>
   <div class='ocr_carea' id='block_1_63' title="bbox 240 3258 1487 3327">
    <p class='ocr_par' dir='ltr' id='par_1_63' title="bbox 240 3258 1487 3327">
     <span class='ocr_line' id='line_1_63' title="bbox 240 3258 1487 3327; baseline -0.002 -14"><span class='ocrx_word' id='word_1_462' title='bbox 240 3264 498 3327; x_wconf 85' lang='lat' dir='ltr'><strong>quoniam</strong></span> <span class='ocrx_word' id='word_1_463' title='bbox 531 3276 561 3313; x_wconf 91' lang='lat' dir='ltr'><strong>a</strong></span> <span class='ocrx_word' id='word_1_464' title='bbox 592 3258 779 3313; x_wconf 84' lang='lat' dir='ltr'><strong>futuris</strong></span> <span class='ocrx_word' id='word_1_465' title='bbox 808 3260 1119 3314; x_wconf 76' lang='lat' dir='ltr'><strong>tui-.neribus</strong></span> <span class='ocrx_word' id='word_1_466' title='bbox 1143 3260 1487 3314; x_wconf 79' lang='lat' dir='ltr'><strong>arcebantur.</strong></span> 
     </span>
    </p>
   </div>
   <div class='ocr_carea' id='block_1_64' title="bbox 309 3352 1840 3421">
    <p class='ocr_par' dir='ltr' id='par_1_64' title="bbox 309 3352 1840 3421">
     <span class='ocr_line' id='line_1_64' title="bbox 309 3352 1840 3421; baseline -0.001 -15"><span class='ocrx_word' id='word_1_467' title='bbox 309 3354 476 3407; x_wconf 63' lang='lat' dir='ltr'><strong>\‘ers.</strong></span> <span class='ocrx_word' id='word_1_468' title='bbox 503 3356 560 3406; x_wconf 87' lang='grc'><strong>6.</strong></span> <span class='ocrx_word' id='word_1_469' title='bbox 597 3352 671 3405; x_wconf 48' lang='lat' dir='ltr'><strong>Id.</strong></span> <span class='ocrx_word' id='word_1_470' title='bbox 691 3370 720 3405; x_wconf 89' lang='grc' dir='ltr'><em>ο</em></span> <span class='ocrx_word' id='word_1_471' title='bbox 747 3354 907 3406; x_wconf 80' lang='lat' dir='ltr'><strong>tenuit</strong></span> <span class='ocrx_word' id='word_1_472' title='bbox 930 3369 1015 3407; x_wconf 84' lang='lat' dir='ltr'><strong>eos</strong></span> <span class='ocrx_word' id='word_1_473' title='bbox 1042 3353 1281 3421; x_wconf 86' lang='lat' dir='ltr'><strong>superbia</strong></span> <span class='ocrx_word' id='word_1_474' title='bbox 1306 3367 1507 3415; x_wconf 75' lang='lat' dir='ltr'><strong>eorum;</strong></span> <span class='ocrx_word' id='word_1_475' title='bbox 1540 3353 1701 3421; x_wconf 86' lang='lat' dir='ltr'><strong>operti</strong></span> <span class='ocrx_word' id='word_1_476' title='bbox 1726 3360 1840 3406; x_wconf 87' lang='lat' dir='ltr'><strong>sunt</strong></span> 
     </span>
    </p>
   </div>
   <div class='ocr_carea' id='block_1_65' title="bbox 242 3444 1843 3515">
    <p class='ocr_par' dir='ltr' id='par_1_65' title="bbox 242 3444 1843 3515">
     <span class='ocr_line' id='line_1_65' title="bbox 242 3444 1843 3515; baseline 0.001 -18"><span class='ocrx_word' id='word_1_477' title='bbox 242 3447 522 3515; x_wconf 70' lang='lat' dir='ltr'><strong>iniquitate</strong></span> <span class='ocrx_word' id='word_1_478' title='bbox 549 3455 595 3498; x_wconf 86' lang='lat' dir='ltr'><strong>et</strong></span> <span class='ocrx_word' id='word_1_479' title='bbox 618 3447 871 3510; x_wconf 82' lang='lat' dir='ltr'><strong>impietate</strong></span> <span class='ocrx_word' id='word_1_480' title='bbox 896 3462 1009 3498; x_wconf 82' lang='lat' dir='ltr'><strong>sua.</strong></span> <span class='ocrx_word' id='word_1_481' title='bbox 1041 3445 1382 3499; x_wconf 89' lang='lat' dir='ltr'><strong>lntendamus</strong></span> <span class='ocrx_word' id='word_1_482' title='bbox 1404 3462 1506 3512; x_wconf 88' lang='lat' dir='ltr'><strong>quo</strong></span> <span class='ocrx_word' id='word_1_483' title='bbox 1530 3444 1843 3514; x_wconf 47' lang='lat' dir='ltr'><strong>pervenerit</strong></span> 
     </span>
    </p>
   </div>
   <div class='ocr_carea' id='block_1_66' title="bbox 242 3537 1840 3604">
    <p class='ocr_par' dir='ltr' id='par_1_66' title="bbox 242 3537 1840 3604">
     <span class='ocr_line' id='line_1_66' title="bbox 242 3537 1840 3604; baseline 0.001 -15"><span class='ocrx_word' id='word_1_484' title='bbox 242 3550 599 3604; x_wconf 75' lang='lat' dir='ltr'><strong>peccatorum</strong></span> <span class='ocrx_word' id='word_1_485' title='bbox 630 3540 867 3591; x_wconf 88' lang='lat' dir='ltr'><strong>reso!uta</strong></span> <span class='ocrx_word' id='word_1_486' title='bbox 899 3539 1177 3599; x_wconf 76' lang='lat' dir='ltr'><strong>securitas,</strong></span> <span class='ocrx_word' id='word_1_487' title='bbox 1212 3546 1264 3590; x_wconf 90' lang='lat' dir='ltr'><strong>et</strong></span> <span class='ocrx_word' id='word_1_488' title='bbox 1291 3537 1599 3589; x_wconf 85' lang='lat' dir='ltr'><strong>desinamus</strong></span> <span class='ocrx_word' id='word_1_489' title='bbox 1630 3538 1840 3590; x_wconf 88' lang='lat' dir='ltr'><strong>illorum</strong></span> 
     </span>
    </p>
   </div>
   <div class='ocr_carea' id='block_1_67' title="bbox 244 3629 1846 3698">
    <p class='ocr_par' dir='ltr' id='par_1_67' title="bbox 244 3629 1846 3698">
     <span class='ocr_line' id='line_1_67' title="bbox 244 3629 1846 3698; baseline 0.001 -18"><span class='ocrx_word' id='word_1_490' title='bbox 244 3630 459 3698; x_wconf 80' lang='lat' dir='ltr'><strong>gaudiis</strong></span> <span class='ocrx_word' id='word_1_491' title='bbox 492 3629 761 3691; x_wconf 82' lang='lat' dir='ltr'><strong>invidere,</strong></span> <span class='ocrx_word' id='word_1_492' title='bbox 808 3644 942 3695; x_wconf 89' lang='lat' dir='ltr'><strong>quos</strong></span> <span class='ocrx_word' id='word_1_493' title='bbox 992 3630 1042 3683; x_wconf 92' lang='lat' dir='ltr'><strong>in</strong></span> <span class='ocrx_word' id='word_1_494' title='bbox 1095 3629 1299 3682; x_wconf 81' lang='lat' dir='ltr'><strong>foveam</strong></span> <span class='ocrx_word' id='word_1_495' title='bbox 1348 3630 1727 3696; x_wconf 80' lang='lat' dir='ltr'><strong>cognoscimus</strong></span> <span class='ocrx_word' id='word_1_496' title='bbox 1775 3630 1846 3682; x_wconf 86' lang='lat' dir='ltr'><strong>ir—</strong></span> 
     </span>
    </p>
   </div>
   <div class='ocr_carea' id='block_1_68' title="bbox 244 3717 1847 3787">
    <p class='ocr_par' dir='ltr' id='par_1_68' title="bbox 244 3717 1847 3787">
     <span class='ocr_line' id='line_1_68' title="bbox 244 3717 1847 3787; baseline 0.001 -16"><span class='ocrx_word' id='word_1_497' title='bbox 244 3722 447 3773; x_wconf 87' lang='lat' dir='ltr'><strong>ruisse.</strong></span> <span class='ocrx_word' id='word_1_498' title='bbox 509 3719 771 3772; x_wconf 76' lang='lat' dir='ltr'><strong>Malorum</strong></span> <span class='ocrx_word' id='word_1_499' title='bbox 823 3720 1019 3787; x_wconf 88' lang='lat' dir='ltr'><strong>quippe</strong></span> <span class='ocrx_word' id='word_1_500' title='bbox 1070 3718 1290 3771; x_wconf 90' lang='lat' dir='ltr'><strong>libertas</strong></span> <span class='ocrx_word' id='word_1_501' title='bbox 1342 3717 1552 3771; x_wconf 81' lang='lat' dir='ltr'><strong>confert</strong></span> <span class='ocrx_word' id='word_1_502' title='bbox 1601 3717 1847 3772; x_wconf 85' lang='lat' dir='ltr'><strong>absolute</strong></span> 
     </span>
    </p>
   </div>
   <div class='ocr_carea' id='block_1_69' title="bbox 244 3809 1847 3879">
    <p class='ocr_par' dir='ltr' id='par_1_69' title="bbox 244 3809 1847 3879">
     <span class='ocr_line' id='line_1_69' title="bbox 244 3809 1847 3879; baseline -0.001 -16"><span class='ocrx_word' id='word_1_503' title='bbox 244 3810 585 3879; x_wconf 72' lang='lat' dir='ltr'><strong>Superbiam,</strong></span> <span class='ocrx_word' id='word_1_504' title='bbox 614 3810 738 3863; x_wconf 92' lang='lat' dir='ltr'><strong>dum</strong></span> <span class='ocrx_word' id='word_1_505' title='bbox 764 3818 1128 3878; x_wconf 89' lang='lat' dir='ltr'><strong>contemptum</strong></span> <span class='ocrx_word' id='word_1_506' title='bbox 1157 3824 1370 3878; x_wconf 88' lang='lat' dir='ltr'><strong>semper</strong></span> <span class='ocrx_word' id='word_1_507' title='bbox 1394 3809 1553 3863; x_wconf 87' lang='lat' dir='ltr'><strong>nutrit</strong></span> <span class='ocrx_word' id='word_1_508' title='bbox 1586 3810 1847 3878; x_wconf 88' lang='lat' dir='ltr'><strong>impunita</strong></span> 
     </span>
    </p>
   </div>
   <div class='ocr_carea' id='block_1_70' title="bbox 247 3902 1847 3972">
    <p class='ocr_par' dir='ltr' id='par_1_70' title="bbox 247 3902 1847 3972">
     <span class='ocr_line' id='line_1_70' title="bbox 247 3902 1847 3972; baseline -0.001 -17"><span class='ocrx_word' id='word_1_509' title='bbox 247 3905 605 3971; x_wconf 88' lang='lat' dir='ltr'><strong>protervitas,</strong></span> <span class='ocrx_word' id='word_1_510' title='bbox 640 3912 694 3957; x_wconf 88' lang='lat' dir='ltr'><strong>et</strong></span> <span class='ocrx_word' id='word_1_511' title='bbox 724 3902 1023 3972; x_wconf 83' lang='lat' dir='ltr'><strong>subjectum</strong></span> <span class='ocrx_word' id='word_1_512' title='bbox 1057 3917 1117 3957; x_wconf 89' lang='lat' dir='ltr'><strong>se</strong></span> <span class='ocrx_word' id='word_1_513' title='bbox 1146 3902 1301 3956; x_wconf 89' lang='lat' dir='ltr'><strong>malis</strong></span> <span class='ocrx_word' id='word_1_514' title='bbox 1349 3917 1469 3957; x_wconf 86' lang='lat' dir='ltr'><strong>esse</strong></span> <span class='ocrx_word' id='word_1_515' title='bbox 1520 3918 1623 3955; x_wconf 91' lang='lat' dir='ltr'><strong>non</strong></span> <span class='ocrx_word' id='word_1_516' title='bbox 1657 3904 1847 3965; x_wconf 88' lang='lat' dir='ltr'><strong>credit,</strong></span> 
     </span>
    </p>
   </div>
   <div class='ocr_carea' id='block_1_71' title="bbox 246 3994 1850 4064">
    <p class='ocr_par' dir='ltr' id='par_1_71' title="bbox 246 3994 1850 4064">
     <span class='ocr_line' id='line_1_71' title="bbox 246 3994 1850 4064; baseline -0.001 -15"><span class='ocrx_word' id='word_1_517' title='bbox 246 4000 333 4063; x_wconf 88' lang='lat' dir='ltr'><strong>qui</strong></span> <span class='ocrx_word' id='word_1_518' title='bbox 369 3998 508 4051; x_wconf 81' lang='lat' dir='ltr'><strong>nihil</strong></span> <span class='ocrx_word' id='word_1_519' title='bbox 537 3996 677 4064; x_wconf 89' lang='lat' dir='ltr'><strong>quod</strong></span> <span class='ocrx_word' id='word_1_520' title='bbox 708 3995 924 4049; x_wconf 84' lang='lat' dir='ltr'><strong>obviare</strong></span> <span class='ocrx_word' id='word_1_521' title='bbox 950 3994 1114 4064; x_wconf 91' lang='lat' dir='ltr'><strong>possit</strong></span> <span class='ocrx_word' id='word_1_522' title='bbox 1137 3995 1432 4063; x_wconf 70' lang='lat' dir='ltr'><strong>expaverit.</strong></span> <span class='ocrx_word' id='word_1_523' title='bbox 1464 3994 1648 4047; x_wconf 85' lang='lat' dir='ltr'><strong>Tenuit</strong></span> <span class='ocrx_word' id='word_1_524' title='bbox 1672 4003 1850 4047; x_wconf 90' lang='lat' dir='ltr'><strong>autem</strong></span> 
     </span>
    </p>
   </div>
   <div class='ocr_carea' id='block_1_72' title="bbox 245 4080 1923 4157">
    <p class='ocr_par' dir='ltr' id='par_1_72' title="bbox 245 4080 1923 4157">
     <span class='ocr_line' id='line_1_72' title="bbox 245 4080 1923 4157; baseline 0 -18"><span class='ocrx_word' id='word_1_525' title='bbox 245 4087 406 4147; x_wconf 70' lang='lat' dir='ltr'><strong>dixit,</strong></span> <span class='ocrx_word' id='word_1_526' title='bbox 444 4086 495 4139; x_wconf 88' lang='lat' dir='ltr'><strong>id</strong></span> <span class='ocrx_word' id='word_1_527' title='bbox 523 4098 627 4152; x_wconf 86' lang='lat' dir='ltr'><strong>est,</strong></span> <span class='ocrx_word' id='word_1_528' title='bbox 657 4088 806 4157; x_wconf 58' lang='lat' dir='ltr'><strong>quasi</strong></span> <span class='ocrx_word' id='word_1_529' title='bbox 835 4085 1150 4156; x_wconf 65' lang='lat' dir='ltr'><strong>quihusdam</strong></span> <span class='ocrx_word' id='word_1_530' title='bbox 1180 4085 1426 4139; x_wconf 88' lang='lat' dir='ltr'><strong>manibus</strong></span> <span class='ocrx_word' id='word_1_531' title='bbox 1458 4085 1846 4153; x_wconf 78' lang='lat' dir='ltr'><strong>apprehendit,</strong></span> <span class='ocrx_word' id='word_1_532' title='bbox 1922 4080 1923 4083; x_wconf 41' lang='grc'><em>“</em></span> 
     </span>
    </p>
   </div>
   <div class='ocr_carea' id='block_1_73' title="bbox 248 4178 1854 4249">
    <p class='ocr_par' dir='ltr' id='par_1_73' title="bbox 248 4178 1854 4249">
     <span class='ocr_line' id='line_1_73' title="bbox 248 4178 1854 4249; baseline -0.001 -18"><span class='ocrx_word' id='word_1_533' title='bbox 248 4189 305 4231; x_wconf 90' lang='lat' dir='ltr'><strong>ut</strong></span> <span class='ocrx_word' id='word_1_534' title='bbox 333 4179 481 4233; x_wconf 85' lang='lat' dir='ltr'><strong>elabi</strong></span> <span class='ocrx_word' id='word_1_535' title='bbox 517 4193 808 4249; x_wconf 85' lang='lat' dir='ltr'><strong>nequeant,</strong></span> <span class='ocrx_word' id='word_1_536' title='bbox 859 4194 981 4233; x_wconf 91' lang='lat' dir='ltr'><strong>cum</strong></span> <span class='ocrx_word' id='word_1_537' title='bbox 1027 4180 1136 4247; x_wconf 86' lang='lat' dir='ltr'><strong>jam</strong></span> <span class='ocrx_word' id='word_1_538' title='bbox 1185 4186 1436 4231; x_wconf 77' lang='lat' dir='ltr'><strong>tenentur</strong></span> <span class='ocrx_word' id='word_1_539' title='bbox 1461 4178 1693 4231; x_wconf 88' lang='lat' dir='ltr'><strong>astricti.</strong></span> <span class='ocrx_word' id='word_1_540' title='bbox 1749 4178 1854 4233; x_wconf 86' lang='lat' dir='ltr'><strong>Su-</strong></span> 
     </span>
    </p>
   </div>
   <div class='ocr_carea' id='block_1_74' title="bbox 247 4271 1852 4340">
    <p class='ocr_par' dir='ltr' id='par_1_74' title="bbox 247 4271 1852 4340">
     <span class='ocr_line' id='line_1_74' title="bbox 247 4271 1852 4340; baseline -0.001 -15"><span class='ocrx_word' id='word_1_541' title='bbox 247 4274 434 4339; x_wconf 84' lang='lat' dir='ltr'><strong>perbia</strong></span> <span class='ocrx_word' id='word_1_542' title='bbox 456 4290 635 4326; x_wconf 84' lang='lat' dir='ltr'><strong>eorum</strong></span> <span class='ocrx_word' id='word_1_543' title='bbox 660 4272 811 4330; x_wconf 82' lang='lat' dir='ltr'><strong>dixit.</strong></span> <span class='ocrx_word' id='word_1_544' title='bbox 840 4287 959 4340; x_wconf 79' lang='lat' dir='ltr'><strong>qu.e</strong></span> <span class='ocrx_word' id='word_1_545' title='bbox 989 4287 1173 4325; x_wconf 86' lang='lat' dir='ltr'><strong>revera</strong></span> <span class='ocrx_word' id='word_1_546' title='bbox 1201 4271 1394 4324; x_wconf 76' lang='lat' dir='ltr'><strong>diaboli</strong></span> <span class='ocrx_word' id='word_1_547' title='bbox 1421 4283 1537 4337; x_wconf 89' lang='lat' dir='ltr'><strong>est;</strong></span> <span class='ocrx_word' id='word_1_548' title='bbox 1574 4272 1687 4339; x_wconf 90' lang='lat' dir='ltr'><strong>ipso</strong></span> <span class='ocrx_word' id='word_1_549' title='bbox 1712 4274 1852 4324; x_wconf 82' lang='lat' dir='ltr'><strong>etum</strong></span> 
     </span>
    </p>
   </div>
   <div class='ocr_carea' id='block_1_75' title="bbox 248 4364 1853 4431">
    <p class='ocr_par' dir='ltr' id='par_1_75' title="bbox 248 4364 1853 4431">
     <span class='ocr_line' id='line_1_75' title="bbox 248 4364 1853 4431; baseline -0.003 -13"><span class='ocrx_word' id='word_1_550' title='bbox 248 4377 483 4420; x_wconf 84' lang='lat' dir='ltr'><strong>auctore</strong></span> <span class='ocrx_word' id='word_1_551' title='bbox 515 4366 617 4419; x_wconf 84' lang='lat' dir='ltr'><strong>hoc</strong></span> <span class='ocrx_word' id='word_1_552' title='bbox 650 4365 852 4419; x_wconf 64' lang='lat' dir='ltr'><strong>fucinus</strong></span> <span class='ocrx_word' id='word_1_553' title='bbox 886 4364 1130 4429; x_wconf 77' lang='lat' dir='ltr'><strong>exstitit,</strong></span> <span class='ocrx_word' id='word_1_554' title='bbox 1176 4366 1315 4431; x_wconf 90' lang='lat' dir='ltr'><strong>quod</strong></span> <span class='ocrx_word' id='word_1_555' title='bbox 1346 4376 1466 4415; x_wconf 89' lang='lat' dir='ltr'><strong>eum</strong></span> <span class='ocrx_word' id='word_1_556' title='bbox 1507 4372 1704 4414; x_wconf 64' lang='lat' dir='ltr'><strong>:t‘terna</strong></span> <span class='ocrx_word' id='word_1_557' title='bbox 1735 4378 1853 4415; x_wconf 85' lang='lat' dir='ltr'><strong>cru-</strong></span> 
     </span>
    </p>
   </div>
   <div class='ocr_carea' id='block_1_76' title="bbox 248 4453 1856 4524">
    <p class='ocr_par' dir='ltr' id='par_1_76' title="bbox 248 4453 1856 4524">
     <span class='ocr_line' id='line_1_76' title="bbox 248 4453 1856 4524; baseline -0.006 -12"><span class='ocrx_word' id='word_1_558' title='bbox 248 4460 495 4512; x_wconf 83' lang='lat' dir='ltr'><strong>ciatioue</strong></span> <span class='ocrx_word' id='word_1_559' title='bbox 526 4456 816 4509; x_wconf 82' lang='lat' dir='ltr'><strong>damnavit.</strong></span> <span class='ocrx_word' id='word_1_560' title='bbox 862 4455 1135 4524; x_wconf 76' lang='lat' dir='ltr'><strong>Sequitur,</strong></span> <span class='ocrx_word' id='word_1_561' title='bbox 1168 4455 1331 4521; x_wconf 90' lang='lat' dir='ltr'><strong>operti</strong></span> <span class='ocrx_word' id='word_1_562' title='bbox 1359 4462 1475 4507; x_wconf 85' lang='lat' dir='ltr'><strong>sunt</strong></span> <span class='ocrx_word' id='word_1_563' title='bbox 1508 4453 1775 4523; x_wconf 87' lang='lat' dir='ltr'><strong>iniquitate</strong></span> <span class='ocrx_word' id='word_1_564' title='bbox 1808 4462 1856 4505; x_wconf 74' lang='lat' dir='ltr'><strong>et</strong></span> 
     </span>
    </p>
   </div>
   <div class='ocr_carea' id='block_1_77' title="bbox 1944 3257 3529 3329">
    <p class='ocr_par' dir='ltr' id='par_1_77' title="bbox 1944 3257 3529 3329">
     <span class='ocr_line' id='line_1_77' title="bbox 1944 3257 3529 3329; baseline 0.003 -22"><span class='ocrx_word' id='word_1_565' title='bbox 1944 3273 2075 3327; x_wconf 84' lang='lat' dir='ltr'><strong>pure</strong></span> <span class='ocrx_word' id='word_1_566' title='bbox 2110 3258 2399 3313; x_wconf 86' lang='lat' dir='ltr'><strong>vindicare.</strong></span> <span class='ocrx_word' id='word_1_567' title='bbox 2456 3257 2728 3326; x_wconf 74' lang='lat' dir='ltr'><strong>Sequitur,</strong></span> <span class='ocrx_word' id='word_1_568' title='bbox 2771 3271 2820 3312; x_wconf 78' lang='lat' dir='ltr'><strong>ct</strong></span> <span class='ocrx_word' id='word_1_569' title='bbox 2854 3260 3029 3329; x_wconf 85' lang='lat' dir='ltr'><strong>lingua</strong></span> <span class='ocrx_word' id='word_1_570' title='bbox 3076 3278 3249 3313; x_wconf 79' lang='lat' dir='ltr'><strong>eorum</strong></span> <span class='ocrx_word' id='word_1_571' title='bbox 3298 3263 3529 3314; x_wconf 66' lang='lat' dir='ltr'><strong>transicit</strong></span> 
     </span>
    </p>
   </div>
   <div class='ocr_carea' id='block_1_78' title="bbox 1944 3349 3529 3421">
    <p class='ocr_par' dir='ltr' id='par_1_78' title="bbox 1944 3349 3529 3421">
     <span class='ocr_line' id='line_1_78' title="bbox 1944 3349 3529 3421; baseline -0.001 -18"><span class='ocrx_word' id='word_1_572' title='bbox 1944 3367 2094 3421; x_wconf 87' lang='lat' dir='ltr'><strong>super</strong></span> <span class='ocrx_word' id='word_1_573' title='bbox 2117 3360 2320 3403; x_wconf 81' lang='lat' dir='ltr'><strong>terram.</strong></span> <span class='ocrx_word' id='word_1_574' title='bbox 2356 3349 2525 3418; x_wconf 81' lang='lat' dir='ltr'><strong>Super</strong></span> <span class='ocrx_word' id='word_1_575' title='bbox 2549 3362 2731 3403; x_wconf 80' lang='lat' dir='ltr'><strong>terram</strong></span> <span class='ocrx_word' id='word_1_576' title='bbox 2764 3350 2945 3419; x_wconf 82' lang='lat' dir='ltr'><strong>illique</strong></span> <span class='ocrx_word' id='word_1_577' title='bbox 2974 3360 3257 3417; x_wconf 69' lang='lat' dir='ltr'><strong>transtulit,</strong></span> <span class='ocrx_word' id='word_1_578' title='bbox 3281 3351 3367 3419; x_wconf 88' lang='lat' dir='ltr'><strong>qui</strong></span> <span class='ocrx_word' id='word_1_579' title='bbox 3395 3352 3485 3403; x_wconf 82' lang='lat' dir='ltr'><strong>ulti</strong></span> <span class='ocrx_word' id='word_1_580' title='bbox 3503 3370 3529 3401; x_wconf 86' lang='lat' dir='ltr'><strong>:t</strong></span> 
     </span>
    </p>
   </div>
   <div class='ocr_carea' id='block_1_79' title="bbox 1948 3443 3532 3512">
    <p class='ocr_par' dir='ltr' id='par_1_79' title="bbox 1948 3443 3532 3512">
     <span class='ocr_line' id='line_1_79' title="bbox 1948 3443 3532 3512; baseline -0.002 -16"><span class='ocrx_word' id='word_1_581' title='bbox 1948 3459 2249 3497; x_wconf 86' lang='lat' dir='ltr'><strong>mensuram</strong></span> <span class='ocrx_word' id='word_1_582' title='bbox 2284 3445 2478 3496; x_wconf 78' lang='lat' dir='ltr'><strong>human</strong></span> <span class='ocrx_word' id='word_1_583' title='bbox 2508 3444 2629 3495; x_wconf 88' lang='lat' dir='ltr'><strong>tatis</strong></span> <span class='ocrx_word' id='word_1_584' title='bbox 2662 3443 2985 3512; x_wconf 85' lang='lat' dir='ltr'><strong>loquuntur;</strong></span> <span class='ocrx_word' id='word_1_585' title='bbox 3033 3453 3087 3498; x_wconf 89' lang='lat' dir='ltr'><strong>et</strong></span> <span class='ocrx_word' id='word_1_586' title='bbox 3113 3444 3237 3495; x_wconf 89' lang='lat' dir='ltr'><strong>dtnn</strong></span> <span class='ocrx_word' id='word_1_587' title='bbox 3278 3444 3386 3496; x_wconf 90' lang='lat' dir='ltr'><strong>sint</strong></span> <span class='ocrx_word' id='word_1_588' title='bbox 3431 3446 3532 3511; x_wconf 82' lang='lat' dir='ltr'><strong>ipsi</strong></span> 
     </span>
    </p>
   </div>
   <div class='ocr_carea' id='block_1_80' title="bbox 1950 3532 3534 3602">
    <p class='ocr_par' dir='ltr' id='par_1_80' title="bbox 1950 3532 3534 3602">
     <span class='ocr_line' id='line_1_80' title="bbox 1950 3532 3534 3602; baseline 0.001 -16"><span class='ocrx_word' id='word_1_589' title='bbox 1950 3534 2313 3587; x_wconf 85' lang='lat' dir='ltr'><strong>imbecillitate</strong></span> <span class='ocrx_word' id='word_1_590' title='bbox 2342 3532 2578 3602; x_wconf 76' lang='lat' dir='ltr'><strong>fragiles,</strong></span> <span class='ocrx_word' id='word_1_591' title='bbox 2611 3542 2795 3589; x_wconf 75' lang='lat' dir='ltr'><strong>tenere</strong></span> <span class='ocrx_word' id='word_1_592' title='bbox 2825 3549 2882 3588; x_wconf 88' lang='lat' dir='ltr'><strong>se</strong></span> <span class='ocrx_word' id='word_1_593' title='bbox 2912 3536 3241 3589; x_wconf 85' lang='lat' dir='ltr'><strong>immortales</strong></span> <span class='ocrx_word' id='word_1_594' title='bbox 3269 3550 3339 3589; x_wconf 69' lang='lat' dir='ltr'><strong>tes</strong></span> <span class='ocrx_word' id='word_1_595' title='bbox 3368 3536 3534 3588; x_wconf 89' lang='lat' dir='ltr'><strong>imant</strong></span> 
     </span>
    </p>
   </div>
   <div class='ocr_carea' id='block_1_81' title="bbox 1949 3625 2252 3693">
    <p class='ocr_par' dir='ltr' id='par_1_81' title="bbox 1949 3625 2252 3693">
     <span class='ocr_line' id='line_1_81' title="bbox 1949 3625 2252 3693; baseline 0 -16"><span class='ocrx_word' id='word_1_596' title='bbox 1949 3625 2252 3693; x_wconf 63' lang='lat' dir='ltr'><strong>dignitates.</strong></span> 
     </span>
    </p>
   </div>
   <div class='ocr_carea' id='block_1_82' title="bbox 2025 3715 3537 3787">
    <p class='ocr_par' dir='ltr' id='par_1_82' title="bbox 2025 3715 3537 3787">
     <span class='ocr_line' id='line_1_82' title="bbox 2025 3715 3537 3787; baseline 0 -18"><span class='ocrx_word' id='word_1_597' title='bbox 2025 3716 2176 3771; x_wconf 70' lang='lat' dir='ltr'><strong>Veis.</strong></span> <span class='ocrx_word' id='word_1_598' title='bbox 2212 3718 2298 3771; x_wconf 78' lang='grc'><strong>10.</strong></span> <span class='ocrx_word' id='word_1_599' title='bbox 2332 3715 2457 3769; x_wconf 81' lang='lat' dir='ltr'><strong>Ideo</strong></span> <span class='ocrx_word' id='word_1_600' title='bbox 2487 3727 2761 3770; x_wconf 84' lang='lat' dir='ltr'><strong>revertetur</strong></span> <span class='ocrx_word' id='word_1_601' title='bbox 2790 3718 2887 3769; x_wconf 82' lang='lat' dir='ltr'><strong>huc</strong></span> <span class='ocrx_word' id='word_1_602' title='bbox 2918 3717 3137 3787; x_wconf 89' lang='lat' dir='ltr'><strong>populus</strong></span> <span class='ocrx_word' id='word_1_603' title='bbox 3166 3733 3325 3780; x_wconf 84' lang='lat' dir='ltr'><strong>me..s,</strong></span> <span class='ocrx_word' id='word_1_604' title='bbox 3355 3729 3400 3769; x_wconf 86' lang='lat' dir='ltr'><strong>et</strong></span> <span class='ocrx_word' id='word_1_605' title='bbox 3428 3719 3537 3769; x_wconf 64' lang='lat' dir='ltr'><strong>dws</strong></span> 
     </span>
    </p>
   </div>
   <div class='ocr_carea' id='block_1_83' title="bbox 1953 3809 3537 3878">
    <p class='ocr_par' dir='ltr' id='par_1_83' title="bbox 1953 3809 3537 3878">
     <span class='ocr_line' id='line_1_83' title="bbox 1953 3809 3537 3878; baseline 0.001 -16"><span class='ocrx_word' id='word_1_606' title='bbox 1953 3811 2089 3877; x_wconf 84' lang='lat' dir='ltr'><strong>pleni</strong></span> <span class='ocrx_word' id='word_1_607' title='bbox 2113 3810 2429 3863; x_wconf 83' lang='lat' dir='ltr'><strong>invenientur</strong></span> <span class='ocrx_word' id='word_1_608' title='bbox 2454 3812 2506 3863; x_wconf 88' lang='lat' dir='ltr'><strong>in</strong></span> <span class='ocrx_word' id='word_1_609' title='bbox 2532 3810 2625 3863; x_wconf 84' lang='lat' dir='ltr'><strong>eis.</strong></span> <span class='ocrx_word' id='word_1_610' title='bbox 2658 3809 2944 3878; x_wconf 82' lang='lat' dir='ltr'><strong>Postquam</strong></span> <span class='ocrx_word' id='word_1_611' title='bbox 2976 3810 3235 3864; x_wconf 89' lang='lat' dir='ltr'><strong>malorum</strong></span> <span class='ocrx_word' id='word_1_612' title='bbox 3268 3811 3537 3865; x_wconf 75' lang='lat' dir='ltr'><strong>licentiam</strong></span> 
     </span>
    </p>
   </div>
   <div class='ocr_carea' id='block_1_84' title="bbox 1953 3902 3540 3972">
    <p class='ocr_par' dir='ltr' id='par_1_84' title="bbox 1953 3902 3540 3972">
     <span class='ocr_line' id='line_1_84' title="bbox 1953 3902 3540 3972; baseline 0.001 -17"><span class='ocrx_word' id='word_1_613' title='bbox 1953 3902 2239 3971; x_wconf 86' lang='lat' dir='ltr'><strong>descripsit</strong></span> <span class='ocrx_word' id='word_1_614' title='bbox 2277 3912 2331 3955; x_wconf 93' lang='lat' dir='ltr'><strong>ct</strong></span> <span class='ocrx_word' id='word_1_615' title='bbox 2368 3902 2788 3957; x_wconf 81' lang='lat' dir='ltr'><strong>consuetudines</strong></span> <span class='ocrx_word' id='word_1_616' title='bbox 2832 3904 3213 3972; x_wconf 86' lang='lat' dir='ltr'><strong>pessimorum,</strong></span> <span class='ocrx_word' id='word_1_617' title='bbox 3264 3920 3404 3959; x_wconf 89' lang='lat' dir='ltr'><strong>nunc</strong></span> <span class='ocrx_word' id='word_1_618' title='bbox 3447 3922 3540 3958; x_wconf 84' lang='lat' dir='ltr'><strong>ve-</strong></span> 
     </span>
    </p>
   </div>
   <div class='ocr_carea' id='block_1_85' title="bbox 1956 3994 3539 4063">
    <p class='ocr_par' dir='ltr' id='par_1_85' title="bbox 1956 3994 3539 4063">
     <span class='ocr_line' id='line_1_85' title="bbox 1956 3994 3539 4063; baseline 0 -16"><span class='ocrx_word' id='word_1_619' title='bbox 1956 3994 2111 4047; x_wconf 87' lang='lat' dir='ltr'><strong>niens</strong></span> <span class='ocrx_word' id='word_1_620' title='bbox 2154 3994 2219 4046; x_wconf 91' lang='lat' dir='ltr'><strong>ad</strong></span> <span class='ocrx_word' id='word_1_621' title='bbox 2267 3994 2555 4047; x_wconf 88' lang='lat' dir='ltr'><strong>secundam</strong></span> <span class='ocrx_word' id='word_1_622' title='bbox 2588 4005 2816 4063; x_wconf 88' lang='lat' dir='ltr'><strong>partem,</strong></span> <span class='ocrx_word' id='word_1_623' title='bbox 2869 3996 2932 4047; x_wconf 87' lang='lat' dir='ltr'><strong>ad</strong></span> <span class='ocrx_word' id='word_1_624' title='bbox 2968 3996 3105 4048; x_wconf 86' lang='lat' dir='ltr'><strong>viam</strong></span> <span class='ocrx_word' id='word_1_625' title='bbox 3138 3994 3381 4050; x_wconf 85' lang='lat' dir='ltr'><strong>veritatis</strong></span> <span class='ocrx_word' id='word_1_626' title='bbox 3415 3996 3539 4049; x_wconf 70' lang='grc' dir='ltr'><strong>ἱόνο</strong></span> 
     </span>
    </p>
   </div>
   <div class='ocr_carea' id='block_1_86' title="bbox 1954 4085 3541 4155">
    <p class='ocr_par' dir='ltr' id='par_1_86' title="bbox 1954 4085 3541 4155">
     <span class='ocr_line' id='line_1_86' title="bbox 1954 4085 3541 4155; baseline 0.001 -18"><span class='ocrx_word' id='word_1_627' title='bbox 1954 4101 2270 4139; x_wconf 80' lang='lat' dir='ltr'><strong>reversurum</strong></span> <span class='ocrx_word' id='word_1_628' title='bbox 2299 4086 2546 4155; x_wconf 83' lang='lat' dir='ltr'><strong>populum</strong></span> <span class='ocrx_word' id='word_1_629' title='bbox 2570 4086 2720 4150; x_wconf 90' lang='lat' dir='ltr'><strong>dicit,</strong></span> <span class='ocrx_word' id='word_1_630' title='bbox 2744 4086 2996 4153; x_wconf 88' lang='lat' dir='ltr'><strong>quoniam</strong></span> <span class='ocrx_word' id='word_1_631' title='bbox 3032 4085 3237 4139; x_wconf 90' lang='lat' dir='ltr'><strong>Domini</strong></span> <span class='ocrx_word' id='word_1_632' title='bbox 3272 4086 3541 4139; x_wconf 40' lang='lat' dir='ltr'><strong>illuminas</strong></span> 
     </span>
    </p>
   </div>
   <div class='ocr_carea' id='block_1_87' title="bbox 1959 4176 3543 4245">
    <p class='ocr_par' dir='ltr' id='par_1_87' title="bbox 1959 4176 3543 4245">
     <span class='ocr_line' id='line_1_87' title="bbox 1959 4176 3543 4245; baseline 0.001 -16"><span class='ocrx_word' id='word_1_633' title='bbox 1959 4177 2101 4230; x_wconf 84' lang='lat' dir='ltr'><strong>tione</strong></span> <span class='ocrx_word' id='word_1_634' title='bbox 2121 4176 2468 4245; x_wconf 84' lang='lat' dir='ltr'><strong>complendus</strong></span> <span class='ocrx_word' id='word_1_635' title='bbox 2490 4186 2593 4230; x_wconf 90' lang='lat' dir='ltr'><strong>est.</strong></span> <span class='ocrx_word' id='word_1_636' title='bbox 2624 4177 2733 4230; x_wconf 69' lang='lat' dir='ltr'><strong>Sed</strong></span> <span class='ocrx_word' id='word_1_637' title='bbox 2762 4176 2886 4245; x_wconf 86' lang='lat' dir='ltr'><strong>quia</strong></span> <span class='ocrx_word' id='word_1_638' title='bbox 2919 4177 3036 4230; x_wconf 87' lang='lat' dir='ltr'><strong>illos</strong></span> <span class='ocrx_word' id='word_1_639' title='bbox 3065 4192 3286 4231; x_wconf 60' lang='lat' dir='ltr'><strong>riversos</strong></span> <span class='ocrx_word' id='word_1_640' title='bbox 3318 4178 3543 4231; x_wconf 77' lang='lat' dir='ltr'><strong>dicimus</strong></span> 
     </span>
    </p>
   </div>
   <div class='ocr_carea' id='block_1_88' title="bbox 1959 4266 3543 4337">
    <p class='ocr_par' dir='ltr' id='par_1_88' title="bbox 1959 4266 3543 4337">
     <span class='ocr_line' id='line_1_88' title="bbox 1959 4266 3543 4337; baseline 0.004 -20"><span class='ocrx_word' id='word_1_641' title='bbox 1959 4266 2048 4337; x_wconf 91' lang='lat' dir='ltr'><strong>qui</strong></span> <span class='ocrx_word' id='word_1_642' title='bbox 2076 4267 2142 4321; x_wconf 90' lang='lat' dir='ltr'><strong>de</strong></span> <span class='ocrx_word' id='word_1_643' title='bbox 2172 4266 2301 4321; x_wconf 67' lang='lat' dir='ltr'><strong>locis</strong></span> <span class='ocrx_word' id='word_1_644' title='bbox 2330 4267 2528 4336; x_wconf 88' lang='lat' dir='ltr'><strong>patriot</strong></span> <span class='ocrx_word' id='word_1_645' title='bbox 2550 4267 2626 4320; x_wconf 72' lang='lat' dir='ltr'><strong>eis</strong></span> <span class='ocrx_word' id='word_1_646' title='bbox 2665 4268 2945 4331; x_wconf 84' lang='lat' dir='ltr'><strong>exierunt,</strong></span> <span class='ocrx_word' id='word_1_647' title='bbox 2988 4282 3279 4335; x_wconf 67' lang='lat' dir='ltr'><strong>congruum</strong></span> <span class='ocrx_word' id='word_1_648' title='bbox 3312 4278 3394 4323; x_wconf 75' lang='lat' dir='ltr'><strong>est</strong></span> <span class='ocrx_word' id='word_1_649' title='bbox 3424 4269 3543 4323; x_wconf 84' lang='lat' dir='ltr'><strong>illos</strong></span> 
     </span>
    </p>
   </div>
   <div class='ocr_carea' id='block_1_89' title="bbox 1963 4360 3543 4431">
    <p class='ocr_par' dir='ltr' id='par_1_89' title="bbox 1963 4360 3543 4431">
     <span class='ocr_line' id='line_1_89' title="bbox 1963 4360 3543 4431; baseline 0.001 -19"><span class='ocrx_word' id='word_1_650' title='bbox 1963 4360 2188 4429; x_wconf 32' lang='lat' dir='ltr'><strong>poi‘ulos</strong></span> <span class='ocrx_word' id='word_1_651' title='bbox 2221 4360 2251 4413; x_wconf 85' lang='lat' dir='ltr'><strong>It</strong></span> <span class='ocrx_word' id='word_1_652' title='bbox 2277 4376 2305 4413; x_wconf 92' lang='lat' dir='ltr'><strong>c</strong></span> <span class='ocrx_word' id='word_1_653' title='bbox 2333 4362 2636 4428; x_wconf 68' lang='lat' dir='ltr'><strong>advertere,</strong></span> <span class='ocrx_word' id='word_1_654' title='bbox 2665 4362 2752 4429; x_wconf 90' lang='lat' dir='ltr'><strong>qui</strong></span> <span class='ocrx_word' id='word_1_655' title='bbox 2783 4360 3072 4429; x_wconf 85' lang='lat' dir='ltr'><strong>aliquando</strong></span> <span class='ocrx_word' id='word_1_656' title='bbox 3105 4362 3154 4413; x_wconf 92' lang='lat' dir='ltr'><strong>in</strong></span> <span class='ocrx_word' id='word_1_657' title='bbox 3189 4374 3404 4431; x_wconf 78' lang='lat' dir='ltr'><strong>accepta</strong></span> <span class='ocrx_word' id='word_1_658' title='bbox 3439 4365 3543 4416; x_wconf 82' lang='lat' dir='ltr'><strong>Dn—</strong></span> 
     </span>
    </p>
   </div>
   <div class='ocr_carea' id='block_1_90' title="bbox 1964 4453 3541 4521">
    <p class='ocr_par' dir='ltr' id='par_1_90' title="bbox 1964 4453 3541 4521">
     <span class='ocr_line' id='line_1_90' title="bbox 1964 4453 3541 4521; baseline 0.003 -17"><span class='ocrx_word' id='word_1_659' title='bbox 1964 4453 2091 4506; x_wconf 92' lang='lat' dir='ltr'><strong>mini</strong></span> <span class='ocrx_word' id='word_1_660' title='bbox 2125 4455 2240 4521; x_wconf 69' lang='lat' dir='ltr'><strong>lege</strong></span> <span class='ocrx_word' id='word_1_661' title='bbox 2272 4462 2607 4514; x_wconf 57' lang='lat' dir='ltr'><strong>manserunt,</strong></span> <span class='ocrx_word' id='word_1_662' title='bbox 2634 4453 2729 4507; x_wconf 89' lang='lat' dir='ltr'><strong>sed</strong></span> <span class='ocrx_word' id='word_1_663' title='bbox 2780 4469 2876 4521; x_wconf 88' lang='lat' dir='ltr'><strong>per</strong></span> <span class='ocrx_word' id='word_1_664' title='bbox 2911 4454 3057 4507; x_wconf 87' lang='lat' dir='ltr'><strong>varia</strong></span> <span class='ocrx_word' id='word_1_665' title='bbox 3087 4454 3355 4509; x_wconf 86' lang='lat' dir='ltr'><strong>desideria</strong></span> <span class='ocrx_word' id='word_1_666' title='bbox 3390 4473 3541 4508; x_wconf 82' lang='lat' dir='ltr'><strong>lttlltl-</strong></span> 
     </span>
    </p>
   </div>
   <div class='ocr_carea' id='block_1_91' title="bbox 250 4543 3544 4617">
    <p class='ocr_par' dir='ltr' id='par_1_91' title="bbox 250 4543 3544 4617">
     <span class='ocr_line' id='line_1_91' title="bbox 250 4543 3544 4617; baseline 0.001 -19"><span class='ocrx_word' id='word_1_667' title='bbox 250 4552 523 4617; x_wconf 79' lang='lat' dir='ltr'><strong>impietate</strong></span> <span class='ocrx_word' id='word_1_668' title='bbox 549 4564 663 4599; x_wconf 81' lang='lat' dir='ltr'><strong>sua.</strong></span> <span class='ocrx_word' id='word_1_669' title='bbox 718 4546 772 4601; x_wconf 86' lang='lat' dir='ltr'><strong>Si</strong></span> <span class='ocrx_word' id='word_1_670' title='bbox 802 4546 1023 4599; x_wconf 78' lang='lat' dir='ltr'><strong>dixisset</strong></span> <span class='ocrx_word' id='word_1_671' title='bbox 1054 4544 1269 4607; x_wconf 87' lang='lat' dir='ltr'><strong>amicti,</strong></span> <span class='ocrx_word' id='word_1_672' title='bbox 1318 4554 1466 4597; x_wconf 87' lang='lat' dir='ltr'><strong>esset</strong></span> <span class='ocrx_word' id='word_1_673' title='bbox 1497 4546 1598 4597; x_wconf 90' lang='lat' dir='ltr'><strong>illis</strong></span> <span class='ocrx_word' id='word_1_674' title='bbox 1631 4543 1851 4598; x_wconf 63' lang='lat' dir='ltr'><strong>forsitan</strong></span> <span class='ocrx_word' id='word_1_675' title='bbox 1886 4544 1933 4602; x_wconf 91' lang='lat' dir='ltr'><strong>D</strong></span> <span class='ocrx_word' id='word_1_676' title='bbox 1960 4544 2095 4597; x_wconf 87' lang='lat' dir='ltr'><strong>dana</strong></span> <span class='ocrx_word' id='word_1_677' title='bbox 2125 4543 2354 4611; x_wconf 83' lang='lat' dir='ltr'><strong>dispersi</strong></span> <span class='ocrx_word' id='word_1_678' title='bbox 2388 4552 2549 4607; x_wconf 87' lang='lat' dir='ltr'><strong>sunt,</strong></span> <span class='ocrx_word' id='word_1_679' title='bbox 2599 4555 2651 4597; x_wconf 90' lang='lat' dir='ltr'><strong>et</strong></span> <span class='ocrx_word' id='word_1_680' title='bbox 2704 4543 2897 4597; x_wconf 89' lang='lat' dir='ltr'><strong>iterum</strong></span> <span class='ocrx_word' id='word_1_681' title='bbox 2948 4546 3179 4599; x_wconf 75' lang='lat' dir='ltr'><strong>conecti</strong></span> <span class='ocrx_word' id='word_1_682' title='bbox 3226 4546 3290 4599; x_wconf 85' lang='lat' dir='ltr'><strong>ad</strong></span> <span class='ocrx_word' id='word_1_683' title='bbox 3338 4548 3544 4601; x_wconf 75' lang='lat' dir='ltr'><strong>Domini</strong></span> 
     </span>
    </p>
   </div>
   <div class='ocr_carea' id='block_1_92' title="bbox 253 4636 1854 4706">
    <p class='ocr_par' dir='ltr' id='par_1_92' title="bbox 253 4636 1854 4706">
     <span class='ocr_line' id='line_1_92' title="bbox 253 4636 1854 4706; baseline -0.003 -15"><span class='ocrx_word' id='word_1_684' title='bbox 253 4644 337 4695; x_wconf 73' lang='lat' dir='ltr'><strong>vel</strong></span> <span class='ocrx_word' id='word_1_685' title='bbox 381 4641 615 4692; x_wconf 85' lang='lat' dir='ltr'><strong>liberum</strong></span> <span class='ocrx_word' id='word_1_686' title='bbox 645 4647 843 4706; x_wconf 88' lang='lat' dir='ltr'><strong>caput;</strong></span> <span class='ocrx_word' id='word_1_687' title='bbox 876 4637 969 4691; x_wconf 86' lang='lat' dir='ltr'><strong>sed</strong></span> <span class='ocrx_word' id='word_1_688' title='bbox 1002 4653 1121 4690; x_wconf 91' lang='lat' dir='ltr'><strong>cum</strong></span> <span class='ocrx_word' id='word_1_689' title='bbox 1152 4636 1285 4690; x_wconf 75' lang='lat' dir='ltr'><strong>dicit</strong></span> <span class='ocrx_word' id='word_1_690' title='bbox 1311 4646 1535 4700; x_wconf 86' lang='lat' dir='ltr'><strong>opertos,</strong></span> <span class='ocrx_word' id='word_1_691' title='bbox 1581 4645 1719 4688; x_wconf 87' lang='lat' dir='ltr'><strong>totos</strong></span> <span class='ocrx_word' id='word_1_692' title='bbox 1760 4649 1854 4688; x_wconf 76' lang='lat' dir='ltr'><strong>eos</strong></span> 
     </span>
    </p>
   </div>
   <div class='ocr_carea' id='block_1_93' title="bbox 254 4724 1856 4799">
    <p class='ocr_par' dir='ltr' id='par_1_93' title="bbox 254 4724 1856 4799">
     <span class='ocr_line' id='line_1_93' title="bbox 254 4724 1856 4799; baseline -0.002 -18"><span class='ocrx_word' id='word_1_693' title='bbox 254 4732 629 4799; x_wconf 72' lang='lat' dir='ltr'><strong>intelligamus</strong></span> <span class='ocrx_word' id='word_1_694' title='bbox 674 4742 793 4782; x_wconf 89' lang='lat' dir='ltr'><strong>esse</strong></span> <span class='ocrx_word' id='word_1_695' title='bbox 836 4728 1135 4782; x_wconf 87' lang='lat' dir='ltr'><strong>demersos.</strong></span> <span class='ocrx_word' id='word_1_696' title='bbox 1189 4724 1448 4795; x_wconf 87' lang='lat' dir='ltr'><strong>Iniquitas</strong></span> <span class='ocrx_word' id='word_1_697' title='bbox 1488 4725 1632 4780; x_wconf 90' lang='lat' dir='ltr'><strong>enim</strong></span> <span class='ocrx_word' id='word_1_698' title='bbox 1681 4734 1856 4793; x_wconf 87' lang='lat' dir='ltr'><strong>potest</strong></span> 
     </span>
    </p>
   </div>
   <div class='ocr_carea' id='block_1_94' title="bbox 252 4822 1855 4889">
    <p class='ocr_par' dir='ltr' id='par_1_94' title="bbox 252 4822 1855 4889">
     <span class='ocr_line' id='line_1_94' title="bbox 252 4822 1855 4889; baseline -0.006 -9"><span class='ocrx_word' id='word_1_699' title='bbox 252 4844 382 4881; x_wconf 46' lang='grc' dir='ltr'><strong>εχει·</strong></span> <span class='ocrx_word' id='word_1_700' title='bbox 408 4824 700 4878; x_wconf 86' lang='lat' dir='ltr'><strong>mediocris</strong></span> <span class='ocrx_word' id='word_1_701' title='bbox 724 4840 738 4886; x_wconf 86' lang='lat'><strong>;</strong></span> <span class='ocrx_word' id='word_1_702' title='bbox 765 4823 856 4876; x_wconf 81' lang='lat' dir='ltr'><strong>Sed</strong></span> <span class='ocrx_word' id='word_1_703' title='bbox 882 4822 1083 4876; x_wconf 86' lang='lat' dir='ltr'><strong>addidit</strong></span> <span class='ocrx_word' id='word_1_704' title='bbox 1105 4822 1433 4889; x_wconf 84' lang='lat' dir='ltr'><strong>impietatem,</strong></span> <span class='ocrx_word' id='word_1_705' title='bbox 1455 4835 1573 4889; x_wconf 77' lang='lat' dir='ltr'><strong>qua:</strong></span> <span class='ocrx_word' id='word_1_706' title='bbox 1598 4822 1855 4871; x_wconf 86' lang='lat' dir='ltr'><strong>malorum</strong></span> 
     </span>
    </p>
   </div>
   <div class='ocr_carea' id='block_1_95' title="bbox 253 4911 1859 4985">
    <p class='ocr_par' dir='ltr' id='par_1_95' title="bbox 253 4911 1859 4985">
     <span class='ocr_line' id='line_1_95' title="bbox 253 4911 1859 4985; baseline -0.003 -14"><span class='ocrx_word' id='word_1_707' title='bbox 253 4919 511 4971; x_wconf 67' lang='lat' dir='ltr'><strong>otnn‘um</strong></span> <span class='ocrx_word' id='word_1_708' title='bbox 538 4915 795 4985; x_wconf 86' lang='lat' dir='ltr'><strong>probatur</strong></span> <span class='ocrx_word' id='word_1_709' title='bbox 814 4925 1074 4969; x_wconf 89' lang='lat' dir='ltr'><strong>extrema.</strong></span> <span class='ocrx_word' id='word_1_710' title='bbox 1108 4915 1171 4967; x_wconf 80' lang='lat' dir='ltr'><strong>Et</strong></span> <span class='ocrx_word' id='word_1_711' title='bbox 1189 4912 1467 4966; x_wconf 76' lang='lat' dir='ltr'><strong>considera</strong></span> <span class='ocrx_word' id='word_1_712' title='bbox 1494 4911 1746 4981; x_wconf 80' lang='lat' dir='ltr'><strong>quoniam</strong></span> <span class='ocrx_word' id='word_1_713' title='bbox 1774 4912 1859 4966; x_wconf 88' lang='lat' dir='ltr'><strong>hic</strong></span> 
     </span>
    </p>
   </div>
   <div class='ocr_carea' id='block_1_96' title="bbox 256 5005 1858 5077">
    <p class='ocr_par' dir='ltr' id='par_1_96' title="bbox 256 5005 1858 5077">
     <span class='ocr_line' id='line_1_96' title="bbox 256 5005 1858 5077; baseline -0.001 -18"><span class='ocrx_word' id='word_1_714' title='bbox 256 5023 463 5061; x_wconf 72' lang='lat' dir='ltr'><strong>versus</strong></span> <span class='ocrx_word' id='word_1_715' title='bbox 493 5018 547 5061; x_wconf 82' lang='lat' dir='ltr'><strong>et</strong></span> <span class='ocrx_word' id='word_1_716' title='bbox 596 5008 983 5077; x_wconf 81' lang='lat' dir='ltr'><strong>subsequentes</strong></span> <span class='ocrx_word' id='word_1_717' title='bbox 1034 5006 1293 5059; x_wconf 87' lang='lat' dir='ltr'><strong>malorqu</strong></span> <span class='ocrx_word' id='word_1_718' title='bbox 1335 5005 1538 5058; x_wconf 87' lang='lat' dir='ltr'><strong>scelera</strong></span> <span class='ocrx_word' id='word_1_719' title='bbox 1570 5016 1858 5073; x_wconf 90' lang='lat' dir='ltr'><strong>moresque</strong></span> 
     </span>
    </p>
   </div>
   <div class='ocr_carea' id='block_1_97' title="bbox 254 5102 610 5157">
    <p class='ocr_par' dir='ltr' id='par_1_97' title="bbox 254 5102 610 5157">
     <span class='ocr_line' id='line_1_97' title="bbox 254 5102 610 5157; baseline -0.008 0"><span class='ocrx_word' id='word_1_720' title='bbox 254 5102 610 5157; x_wconf 74' lang='lat' dir='ltr'><strong>describunt.</strong></span> 
     </span>
    </p>
   </div>
   <div class='ocr_carea' id='block_1_98' title="bbox 344 5185 1863 5263">
    <p class='ocr_par' dir='ltr' id='par_1_98' title="bbox 344 5185 1863 5263">
     <span class='ocr_line' id='line_1_98' title="bbox 344 5185 1863 5263; baseline -0.001 -21"><span class='ocrx_word' id='word_1_721' title='bbox 344 5190 506 5246; x_wconf 60' lang='grc' dir='ltr'><strong>νει-ε.</strong></span> <span class='ocrx_word' id='word_1_722' title='bbox 534 5192 586 5245; x_wconf 84' lang='lat'><strong>7.</strong></span> <span class='ocrx_word' id='word_1_723' title='bbox 636 5188 838 5244; x_wconf 84' lang='lat' dir='ltr'><strong>Prodiit</strong></span> <span class='ocrx_word' id='word_1_724' title='bbox 868 5186 993 5263; x_wconf 90' lang='lat' dir='ltr'><strong>[ms.</strong></span> <span class='ocrx_word' id='word_1_725' title='bbox 1021 5188 1113 5253; x_wconf 71' lang='lat'><strong>(3.,</strong></span> <span class='ocrx_word' id='word_1_726' title='bbox 1142 5185 1389 5260; x_wconf 86' lang='lat' dir='ltr'><strong>provenit]</strong></span> <span class='ocrx_word' id='word_1_727' title='bbox 1419 5188 1567 5257; x_wconf 90' lang='lat' dir='ltr'><strong>quasi</strong></span> <span class='ocrx_word' id='word_1_728' title='bbox 1610 5204 1672 5241; x_wconf 77' lang='lat' dir='ltr'><strong>ex</strong></span> <span class='ocrx_word' id='word_1_729' title='bbox 1712 5186 1863 5253; x_wconf 83' lang='lat' dir='ltr'><strong>adipe</strong></span> 
     </span>
    </p>
   </div>
   <div class='ocr_carea' id='block_1_99' title="bbox 254 5279 1857 5354">
    <p class='ocr_par' dir='ltr' id='par_1_99' title="bbox 254 5279 1857 5354">
     <span class='ocr_line' id='line_1_99' title="bbox 254 5279 1857 5354; baseline -0.005 -15"><span class='ocrx_word' id='word_1_730' title='bbox 254 5283 521 5354; x_wconf 69' lang='lat' dir='ltr'><strong>iniquitas</strong></span> <span class='ocrx_word' id='word_1_731' title='bbox 550 5296 761 5347; x_wconf 78' lang='lat' dir='ltr'><strong>eorum;</strong></span> <span class='ocrx_word' id='word_1_732' title='bbox 805 5282 1115 5334; x_wconf 84' lang='lat' dir='ltr'><strong>transierunt</strong></span> <span class='ocrx_word' id='word_1_733' title='bbox 1157 5283 1209 5333; x_wconf 91' lang='lat' dir='ltr'><strong>in</strong></span> <span class='ocrx_word' id='word_1_734' title='bbox 1250 5281 1635 5351; x_wconf 71' lang='lat' dir='ltr'><strong>dispositionem</strong></span> <span class='ocrx_word' id='word_1_735' title='bbox 1663 5279 1857 5331; x_wconf 87' lang='lat' dir='ltr'><strong>cordis.</strong></span> 
     </span>
    </p>
   </div>
   <div class='ocr_carea' id='block_1_100' title="bbox 262 5355 1860 5443">
    <p class='ocr_par' dir='ltr' id='par_1_100' title="bbox 262 5355 1860 5443">
     <span class='ocr_line' id='line_1_100' title="bbox 262 5355 1860 5443; baseline -0.004 -13"><span class='ocrx_word' id='word_1_736' title='bbox 262 5379 349 5430; x_wconf 75' lang='lat' dir='ltr'><strong>Ex</strong></span> <span class='ocrx_word' id='word_1_737' title='bbox 384 5375 559 5428; x_wconf 64' lang='lat' dir='ltr'><strong>macie</strong></span> <span class='ocrx_word' id='word_1_738' title='bbox 606 5374 853 5443; x_wconf 86' lang='lat' dir='ltr'><strong>provenit</strong></span> <span class='ocrx_word' id='word_1_739' title='bbox 896 5373 1124 5438; x_wconf 76' lang='lat' dir='ltr'><strong>malitia,</strong></span> <span class='ocrx_word' id='word_1_740' title='bbox 1162 5372 1373 5442; x_wconf 89' lang='lat' dir='ltr'><strong>quando</strong></span> <span class='ocrx_word' id='word_1_741' title='bbox 1422 5373 1598 5426; x_wconf 90' lang='lat' dir='ltr'><strong>scelus</strong></span> <span class='ocrx_word' id='word_1_742' title='bbox 1646 5355 1860 5440; x_wconf 75' lang='lat' dir='ltr'><strong>aliquod</strong></span> 
     </span>
    </p>
   </div>
   <div class='ocr_carea' id='block_1_101' title="bbox 258 5462 1865 5541">
    <p class='ocr_par' dir='ltr' id='par_1_101' title="bbox 258 5462 1865 5541">
     <span class='ocr_line' id='line_1_101' title="bbox 258 5462 1865 5541; baseline -0.003 -19"><span class='ocrx_word' id='word_1_743' title='bbox 258 5476 561 5541; x_wconf 55' lang='lat' dir='ltr'><strong>quicquam</strong></span> <span class='ocrx_word' id='word_1_744' title='bbox 603 5465 886 5521; x_wconf 88' lang='lat' dir='ltr'><strong>mundanis</strong></span> <span class='ocrx_word' id='word_1_745' title='bbox 921 5467 1111 5535; x_wconf 89' lang='lat' dir='ltr'><strong>opibus</strong></span> <span class='ocrx_word' id='word_1_746' title='bbox 1139 5465 1413 5519; x_wconf 81' lang='lat' dir='ltr'><strong>desolatus</strong></span> <span class='ocrx_word' id='word_1_747' title='bbox 1446 5463 1735 5531; x_wconf 77' lang='lat' dir='ltr'><strong>excogitat.</strong></span> <span class='ocrx_word' id='word_1_748' title='bbox 1785 5462 1865 5517; x_wconf 75' lang='lat' dir='ltr'><strong>Ex</strong></span> 
     </span>
    </p>
   </div>
   <div class='ocr_carea' id='block_1_102' title="bbox 258 5556 1869 5631">
    <p class='ocr_par' dir='ltr' id='par_1_102' title="bbox 258 5556 1869 5631">
     <span class='ocr_line' id='line_1_102' title="bbox 258 5556 1869 5631; baseline -0.004 -18"><span class='ocrx_word' id='word_1_749' title='bbox 258 5562 436 5631; x_wconf 81' lang='lat' dir='ltr'><strong>adipe</strong></span> <span class='ocrx_word' id='word_1_750' title='bbox 456 5568 630 5615; x_wconf 84' lang='lat' dir='ltr'><strong>autem</strong></span> <span class='ocrx_word' id='word_1_751' title='bbox 664 5558 898 5623; x_wconf 87' lang='lat' dir='ltr'><strong>procedit</strong></span> <span class='ocrx_word' id='word_1_752' title='bbox 919 5558 1181 5621; x_wconf 88' lang='lat' dir='ltr'><strong>iniquitas,</strong></span> <span class='ocrx_word' id='word_1_753' title='bbox 1208 5558 1419 5625; x_wconf 87' lang='lat' dir='ltr'><strong>quando</strong></span> <span class='ocrx_word' id='word_1_754' title='bbox 1448 5556 1499 5609; x_wconf 88' lang='lat' dir='ltr'><strong>hi</strong></span> <span class='ocrx_word' id='word_1_755' title='bbox 1528 5557 1615 5623; x_wconf 89' lang='lat' dir='ltr'><strong>qui</strong></span> <span class='ocrx_word' id='word_1_756' title='bbox 1643 5556 1869 5610; x_wconf 63' lang='lat' dir='ltr'><strong>afllui&#39;n-</strong></span> 
     </span>
    </p>
   </div>
   <div class='ocr_carea' id='block_1_103' title="bbox 261 5646 1861 5717">
    <p class='ocr_par' dir='ltr' id='par_1_103' title="bbox 261 5646 1861 5717">
     <span class='ocr_line' id='line_1_103' title="bbox 261 5646 1861 5717; baseline -0.004 -13"><span class='ocrx_word' id='word_1_757' title='bbox 261 5654 341 5704; x_wconf 78' lang='lat' dir='ltr'><strong>tia</strong></span> <span class='ocrx_word' id='word_1_758' title='bbox 373 5648 661 5717; x_wconf 61' lang='lat' dir='ltr'><strong>presentis</strong></span> <span class='ocrx_word' id='word_1_759' title='bbox 682 5648 888 5711; x_wconf 77' lang='lat' dir='ltr'><strong>szccu&#39;i,</strong></span> <span class='ocrx_word' id='word_1_760' title='bbox 911 5646 1133 5700; x_wconf 86' lang='lat' dir='ltr'><strong>Domino</strong></span> <span class='ocrx_word' id='word_1_761' title='bbox 1163 5655 1467 5715; x_wconf 70' lang='lat' dir='ltr'><strong>prmstante,</strong></span> <span class='ocrx_word' id='word_1_762' title='bbox 1491 5646 1678 5714; x_wconf 87' lang='lat' dir='ltr'><strong>repleti</strong></span> <span class='ocrx_word' id='word_1_763' title='bbox 1711 5654 1861 5711; x_wconf 88' lang='lat' dir='ltr'><strong>sunt,</strong></span> 
     </span>
    </p>
   </div>
   <div class='ocr_carea' id='block_1_104' title="bbox 256 5738 1861 5811">
    <p class='ocr_par' dir='ltr' id='par_1_104' title="bbox 256 5738 1861 5811">
     <span class='ocr_line' id='line_1_104' title="bbox 256 5738 1861 5811; baseline -0.004 -15"><span class='ocrx_word' id='word_1_764' title='bbox 256 5742 570 5811; x_wconf 73' lang='lat' dir='ltr'><strong>quidquam</strong></span> <span class='ocrx_word' id='word_1_765' title='bbox 602 5742 654 5796; x_wconf 90' lang='lat' dir='ltr'><strong>in</strong></span> <span class='ocrx_word' id='word_1_766' title='bbox 683 5741 913 5794; x_wconf 74' lang='lat' dir='ltr'><strong>divinam</strong></span> <span class='ocrx_word' id='word_1_767' title='bbox 943 5741 1325 5794; x_wconf 75' lang='lat' dir='ltr'><strong>detinetioncm</strong></span> <span class='ocrx_word' id='word_1_768' title='bbox 1359 5738 1699 5802; x_wconf 70' lang='lat' dir='ltr'><strong>delinquunt.</strong></span> <span class='ocrx_word' id='word_1_769' title='bbox 1739 5738 1861 5790; x_wconf 49' lang='lat' dir='ltr'><strong>Pin.</strong></span> 
     </span>
    </p>
   </div>
   <div class='ocr_carea' id='block_1_105' title="bbox 1960 4636 3545 4709">
    <p class='ocr_par' dir='ltr' id='par_1_105' title="bbox 1960 4636 3545 4709">
     <span class='ocr_line' id='line_1_105' title="bbox 1960 4636 3545 4709; baseline 0.003 -19"><span class='ocrx_word' id='word_1_770' title='bbox 1960 4647 2227 4706; x_wconf 56' lang='lat' dir='ltr'><strong>pra‘cepta</strong></span> <span class='ocrx_word' id='word_1_771' title='bbox 2251 4636 2545 4691; x_wconf 90' lang='lat' dir='ltr'><strong>redierunt.</strong></span> <span class='ocrx_word' id='word_1_772' title='bbox 2576 4636 2914 4706; x_wconf 79' lang='lat' dir='ltr'><strong>Quapmpter</strong></span> <span class='ocrx_word' id='word_1_773' title='bbox 2934 4638 3105 4707; x_wconf 75' lang='grc' dir='ltr'><strong>Λεαρή</strong></span> <span class='ocrx_word' id='word_1_774' title='bbox 3133 4639 3271 4692; x_wconf 86' lang='lat' dir='ltr'><strong>hunc</strong></span> <span class='ocrx_word' id='word_1_775' title='bbox 3300 4643 3545 4709; x_wconf 86' lang='lat' dir='ltr'><strong>populum</strong></span> 
     </span>
    </p>
   </div>
   <div class='ocr_carea' id='block_1_106' title="bbox 1960 4730 3550 4798">
    <p class='ocr_par' dir='ltr' id='par_1_106' title="bbox 1960 4730 3550 4798">
     <span class='ocr_line' id='line_1_106' title="bbox 1960 4730 3550 4798; baseline -0.001 -15"><span class='ocrx_word' id='word_1_776' title='bbox 1960 4732 2025 4783; x_wconf 90' lang='lat' dir='ltr'><strong>ad</strong></span> <span class='ocrx_word' id='word_1_777' title='bbox 2078 4746 2135 4783; x_wconf 81' lang='lat' dir='ltr'><strong>se</strong></span> <span class='ocrx_word' id='word_1_778' title='bbox 2182 4730 2407 4784; x_wconf 88' lang='lat' dir='ltr'><strong>rediisse</strong></span> <span class='ocrx_word' id='word_1_779' title='bbox 2452 4730 2614 4797; x_wconf 87' lang='lat' dir='ltr'><strong>dicit,</strong></span> <span class='ocrx_word' id='word_1_780' title='bbox 2663 4735 2752 4796; x_wconf 89' lang='lat' dir='ltr'><strong>qui</strong></span> <span class='ocrx_word' id='word_1_781' title='bbox 2808 4730 2871 4781; x_wconf 88' lang='lat' dir='ltr'><strong>ad</strong></span> <span class='ocrx_word' id='word_1_782' title='bbox 2926 4730 3251 4798; x_wconf 84' lang='lat' dir='ltr'><strong>agnitionem</strong></span> <span class='ocrx_word' id='word_1_783' title='bbox 3284 4734 3550 4794; x_wconf 71' lang='lat' dir='ltr'><strong>veritatis,</strong></span> 
     </span>
    </p>
   </div>
   <div class='ocr_carea' id='block_1_107' title="bbox 1964 4821 3554 4889">
    <p class='ocr_par' dir='ltr' id='par_1_107' title="bbox 1964 4821 3554 4889">
     <span class='ocr_line' id='line_1_107' title="bbox 1964 4821 3554 4889; baseline -0.001 -13"><span class='ocrx_word' id='word_1_784' title='bbox 1964 4821 2189 4876; x_wconf 84' lang='lat' dir='ltr'><strong>Domino</strong></span> <span class='ocrx_word' id='word_1_785' title='bbox 2233 4830 2551 4889; x_wconf 60' lang='lat' dir='ltr'><strong>praistante,</strong></span> <span class='ocrx_word' id='word_1_786' title='bbox 2598 4835 2848 4876; x_wconf 72' lang='lat' dir='ltr'><strong>reversus</strong></span> <span class='ocrx_word' id='word_1_787' title='bbox 2880 4834 2983 4874; x_wconf 89' lang='lat' dir='ltr'><strong>est.</strong></span> <span class='ocrx_word' id='word_1_788' title='bbox 3038 4822 3310 4889; x_wconf 76' lang='lat' dir='ltr'><strong>Srqnitur,</strong></span> <span class='ocrx_word' id='word_1_789' title='bbox 3357 4832 3405 4874; x_wconf 86' lang='lat' dir='ltr'><strong>et</strong></span> <span class='ocrx_word' id='word_1_790' title='bbox 3442 4826 3554 4875; x_wconf 79' lang='lat' dir='ltr'><strong>dies</strong></span> 
     </span>
    </p>
   </div>
   <div class='ocr_carea' id='block_1_108' title="bbox 1968 4911 3555 4985">
    <p class='ocr_par' dir='ltr' id='par_1_108' title="bbox 1968 4911 3555 4985">
     <span class='ocr_line' id='line_1_108' title="bbox 1968 4911 3555 4985; baseline 0.001 -20"><span class='ocrx_word' id='word_1_791' title='bbox 1968 4913 2104 4981; x_wconf 86' lang='lat' dir='ltr'><strong>pleni</strong></span> <span class='ocrx_word' id='word_1_792' title='bbox 2130 4916 2447 4967; x_wconf 82' lang='lat' dir='ltr'><strong>invenientur</strong></span> <span class='ocrx_word' id='word_1_793' title='bbox 2474 4917 2525 4965; x_wconf 87' lang='lat' dir='ltr'><strong>in</strong></span> <span class='ocrx_word' id='word_1_794' title='bbox 2554 4916 2647 4968; x_wconf 81' lang='lat' dir='ltr'><strong>eis.</strong></span> <span class='ocrx_word' id='word_1_795' title='bbox 2684 4911 2805 4965; x_wconf 86' lang='lat' dir='ltr'><strong>Dies</strong></span> <span class='ocrx_word' id='word_1_796' title='bbox 2829 4913 2988 4984; x_wconf 59' lang='lat'><strong>246</strong></span> <span class='ocrx_word' id='word_1_797' title='bbox 3010 4915 3143 4978; x_wconf 75' lang='lat' dir='ltr'><strong>pleni</strong></span> <span class='ocrx_word' id='word_1_798' title='bbox 3170 4924 3315 4978; x_wconf 80' lang='lat' dir='ltr'><strong>sunt,</strong></span> <span class='ocrx_word' id='word_1_799' title='bbox 3335 4918 3555 4985; x_wconf 68' lang='lat' dir='ltr'><strong>quando</strong></span> 
     </span>
    </p>
   </div>
   <div class='ocr_carea' id='block_1_109' title="bbox 1969 5008 3551 5081">
    <p class='ocr_par' dir='ltr' id='par_1_109' title="bbox 1969 5008 3551 5081">
     <span class='ocr_line' id='line_1_109' title="bbox 1969 5008 3551 5081; baseline 0.001 -20"><span class='ocrx_word' id='word_1_800' title='bbox 1969 5008 2210 5061; x_wconf 84' lang='lat' dir='ltr'><strong>Chrisms</strong></span> <span class='ocrx_word' id='word_1_801' title='bbox 2262 5008 2518 5060; x_wconf 90' lang='lat' dir='ltr'><strong>Dominus</strong></span> <span class='ocrx_word' id='word_1_802' title='bbox 2568 5009 2618 5060; x_wconf 93' lang='lat' dir='ltr'><strong>in</strong></span> <span class='ocrx_word' id='word_1_803' title='bbox 2672 5008 2999 5073; x_wconf 84' lang='lat' dir='ltr'><strong>plenitudine</strong></span> <span class='ocrx_word' id='word_1_804' title='bbox 3051 5010 3339 5074; x_wconf 83' lang='lat' dir='ltr'><strong>temporis,</strong></span> <span class='ocrx_word' id='word_1_805' title='bbox 3386 5028 3551 5081; x_wconf 78' lang='lat' dir='ltr'><strong>quam</strong></span> 
     </span>
    </p>
   </div>
   <div class='ocr_carea' id='block_1_110' title="bbox 1971 5098 3551 5168">
    <p class='ocr_par' dir='ltr' id='par_1_110' title="bbox 1971 5098 3551 5168">
     <span class='ocr_line' id='line_1_110' title="bbox 1971 5098 3551 5168; baseline 0.001 -15"><span class='ocrx_word' id='word_1_806' title='bbox 1971 5103 2248 5167; x_wconf 62' lang='lat' dir='ltr'><strong>propheta:</strong></span> <span class='ocrx_word' id='word_1_807' title='bbox 2279 5102 2621 5163; x_wconf 83' lang='lat' dir='ltr'><strong>cecinerunt,</strong></span> <span class='ocrx_word' id='word_1_808' title='bbox 2664 5100 2918 5153; x_wconf 89' lang='lat' dir='ltr'><strong>advenire</strong></span> <span class='ocrx_word' id='word_1_809' title='bbox 2961 5098 3205 5168; x_wconf 81' lang='lat' dir='ltr'><strong>dignatus</strong></span> <span class='ocrx_word' id='word_1_810' title='bbox 3236 5111 3355 5165; x_wconf 84' lang='lat' dir='ltr'><strong>est;</strong></span> <span class='ocrx_word' id='word_1_811' title='bbox 3410 5103 3551 5155; x_wconf 72' lang='lat' dir='ltr'><strong>sient</strong></span> 
     </span>
    </p>
   </div>
   <div class='ocr_carea' id='block_1_111' title="bbox 1971 5187 3555 5259">
    <p class='ocr_par' dir='ltr' id='par_1_111' title="bbox 1971 5187 3555 5259">
     <span class='ocr_line' id='line_1_111' title="bbox 1971 5187 3555 5259; baseline -0.001 -16"><span class='ocrx_word' id='word_1_812' title='bbox 1971 5190 2263 5257; x_wconf 81' lang='lat' dir='ltr'><strong>Apostolus</strong></span> <span class='ocrx_word' id='word_1_813' title='bbox 2284 5188 2403 5243; x_wconf 91' lang='lat' dir='ltr'><strong>dicit</strong></span> <span class='ocrx_word' id='word_1_814' title='bbox 2437 5206 2449 5242; x_wconf 89' lang='lat'>:</span> <span class='ocrx_word' id='word_1_815' title='bbox 2483 5187 2611 5243; x_wconf 86' lang='lat' dir='ltr'><strong>Cum</strong></span> <span class='ocrx_word' id='word_1_816' title='bbox 2639 5197 2808 5242; x_wconf 86' lang='lat' dir='ltr'><strong>autem</strong></span> <span class='ocrx_word' id='word_1_817' title='bbox 2836 5190 2967 5241; x_wconf 77' lang='lat' dir='ltr'><strong>venit</strong></span> <span class='ocrx_word' id='word_1_818' title='bbox 2996 5189 3261 5259; x_wconf 75' lang='lat' dir='ltr'><strong>plenitudo</strong></span> <span class='ocrx_word' id='word_1_819' title='bbox 3288 5194 3555 5257; x_wconf 82' lang='lat' dir='ltr'><strong>temporis,</strong></span> 
     </span>
    </p>
   </div>
   <div class='ocr_carea' id='block_1_112' title="bbox 1970 5278 3560 5352">
    <p class='ocr_par' dir='ltr' id='par_1_112' title="bbox 1970 5278 3560 5352">
     <span class='ocr_line' id='line_1_112' title="bbox 1970 5278 3560 5352; baseline 0.001 -19"><span class='ocrx_word' id='word_1_820' title='bbox 1970 5282 2103 5333; x_wconf 82' lang='lat' dir='ltr'><strong>misit</strong></span> <span class='ocrx_word' id='word_1_821' title='bbox 2149 5279 2285 5333; x_wconf 85' lang='lat' dir='ltr'><strong>Deus</strong></span> <span class='ocrx_word' id='word_1_822' title='bbox 2332 5278 2522 5333; x_wconf 84' lang='lat' dir='ltr'><strong>Filum</strong></span> <span class='ocrx_word' id='word_1_823' title='bbox 2566 5296 2716 5333; x_wconf 89' lang='lat' dir='ltr'><strong>suum</strong></span> <span class='ocrx_word' id='word_1_824' title='bbox 2748 5279 2947 5349; x_wconf 86' lang='lat' dir='ltr'><strong>(Galat.</strong></span> <span class='ocrx_word' id='word_1_825' title='bbox 2985 5295 3058 5338; x_wconf 87' lang='lat' dir='ltr'><strong>tv,</strong></span> <span class='ocrx_word' id='word_1_826' title='bbox 3093 5280 3171 5349; x_wconf 72' lang='grc'><strong>4).</strong></span> <span class='ocrx_word' id='word_1_827' title='bbox 3226 5280 3374 5335; x_wconf 85' lang='lat' dir='ltr'><strong>Tunc</strong></span> <span class='ocrx_word' id='word_1_828' title='bbox 3425 5297 3560 5352; x_wconf 75' lang='lat' dir='ltr'><strong>ergo</strong></span> 
     </span>
    </p>
   </div>
   <div class='ocr_carea' id='block_1_113' title="bbox 1970 5372 3555 5442">
    <p class='ocr_par' dir='ltr' id='par_1_113' title="bbox 1970 5372 3555 5442">
     <span class='ocr_line' id='line_1_113' title="bbox 1970 5372 3555 5442; baseline 0.001 -18"><span class='ocrx_word' id='word_1_829' title='bbox 1970 5374 2079 5425; x_wconf 84' lang='lat' dir='ltr'><strong>dies</strong></span> <span class='ocrx_word' id='word_1_830' title='bbox 2107 5374 2241 5442; x_wconf 86' lang='lat' dir='ltr'><strong>pleni</strong></span> <span class='ocrx_word' id='word_1_831' title='bbox 2279 5372 2555 5426; x_wconf 81' lang='lat' dir='ltr'><strong>.ludaicum</strong></span> <span class='ocrx_word' id='word_1_832' title='bbox 2600 5372 2855 5441; x_wconf 79' lang='lat' dir='ltr'><strong>pop;:lutn</strong></span> <span class='ocrx_word' id='word_1_833' title='bbox 2898 5372 3114 5439; x_wconf 76' lang='lat' dir='ltr'><strong>Perlidia</strong></span> <span class='ocrx_word' id='word_1_834' title='bbox 3146 5387 3241 5424; x_wconf 86' lang='lat' dir='ltr'><strong>sua</strong></span> <span class='ocrx_word' id='word_1_835' title='bbox 3270 5385 3555 5425; x_wconf 84' lang='lat' dir='ltr'><strong>vacuatum</strong></span> 
     </span>
    </p>
   </div>
   <div class='ocr_carea' id='block_1_114' title="bbox 1971 5461 3551 5532">
    <p class='ocr_par' dir='ltr' id='par_1_114' title="bbox 1971 5461 3551 5532">
     <span class='ocr_line' id='line_1_114' title="bbox 1971 5461 3551 5532; baseline -0.001 -14"><span class='ocrx_word' id='word_1_836' title='bbox 1971 5477 2278 5530; x_wconf 85' lang='lat' dir='ltr'><strong>repererqu</strong></span> <span class='ocrx_word' id='word_1_837' title='bbox 2306 5503 2320 5528; x_wconf 96' lang='lat'><strong>,</strong></span> <span class='ocrx_word' id='word_1_838' title='bbox 2370 5463 2583 5532; x_wconf 89' lang='lat' dir='ltr'><strong>quando</strong></span> <span class='ocrx_word' id='word_1_839' title='bbox 2629 5463 2767 5516; x_wconf 86' lang='lat' dir='ltr'><strong>inter</strong></span> <span class='ocrx_word' id='word_1_840' title='bbox 2796 5477 2888 5514; x_wconf 86' lang='lat' dir='ltr'><strong>eos</strong></span> <span class='ocrx_word' id='word_1_841' title='bbox 2920 5461 3081 5529; x_wconf 79' lang='lat' dir='ltr'><strong>aliqui</strong></span> <span class='ocrx_word' id='word_1_842' title='bbox 3113 5462 3275 5515; x_wconf 88' lang='lat' dir='ltr'><strong>corde</strong></span> <span class='ocrx_word' id='word_1_843' title='bbox 3306 5464 3551 5518; x_wconf 80' lang='lat' dir='ltr'><strong>revelato</strong></span> 
     </span>
    </p>
   </div>
   <div class='ocr_carea' id='block_1_115' title="bbox 1971 5536 3265 5621">
    <p class='ocr_par' dir='ltr' id='par_1_115' title="bbox 1971 5536 3265 5621">
     <span class='ocr_line' id='line_1_115' title="bbox 1971 5536 3265 5621; baseline -0.001 -13"><span class='ocrx_word' id='word_1_844' title='bbox 1971 5554 2236 5608; x_wconf 76' lang='lat' dir='ltr'><strong>Christum</strong></span> <span class='ocrx_word' id='word_1_845' title='bbox 2270 5554 2551 5606; x_wconf 85' lang='lat' dir='ltr'><strong>Dominum</strong></span> <span class='ocrx_word' id='word_1_846' title='bbox 2584 5536 2899 5621; x_wconf 70' lang='lat' dir='ltr'><strong>enuspiceic</strong></span> <span class='ocrx_word' id='word_1_847' title='bbox 2931 5562 3265 5607; x_wconf 86' lang='lat' dir='ltr'><strong>meruerunt.</strong></span> 
     </span>
    </p>
   </div>
   <div class='ocr_carea' id='block_1_116' title="bbox 2044 5640 3561 5708">
    <p class='ocr_par' dir='ltr' id='par_1_116' title="bbox 2044 5640 3561 5708">
     <span class='ocr_line' id='line_1_116' title="bbox 2044 5640 3561 5708; baseline 0.001 -10"><span class='ocrx_word' id='word_1_848' title='bbox 2044 5642 2195 5698; x_wconf 77' lang='lat' dir='ltr'><strong>Vers.</strong></span> <span class='ocrx_word' id='word_1_849' title='bbox 2224 5644 2307 5697; x_wconf 83' lang='grc' dir='ltr'><strong>Η.</strong></span> <span class='ocrx_word' id='word_1_850' title='bbox 2345 5640 2409 5695; x_wconf 80' lang='lat' dir='ltr'><strong>Et</strong></span> <span class='ocrx_word' id='word_1_851' title='bbox 2441 5644 2678 5696; x_wconf 68' lang='lat' dir='ltr'><strong>dia-erunt</strong></span> <span class='ocrx_word' id='word_1_852' title='bbox 2704 5658 2721 5697; x_wconf 92' lang='lat'><strong><em>:</em></strong></span> <span class='ocrx_word' id='word_1_853' title='bbox 2758 5644 3023 5708; x_wconf 80' lang='lat' dir='ltr'><strong>Quomodo</strong></span> <span class='ocrx_word' id='word_1_854' title='bbox 3054 5644 3196 5697; x_wconf 83' lang='lat' dir='ltr'><strong>scivit</strong></span> <span class='ocrx_word' id='word_1_855' title='bbox 3223 5642 3402 5698; x_wconf 82' lang='lat' dir='ltr'><strong>Deus:</strong></span> <span class='ocrx_word' id='word_1_856' title='bbox 3431 5655 3478 5699; x_wconf 85' lang='lat' dir='ltr'><strong>et</strong></span> <span class='ocrx_word' id='word_1_857' title='bbox 3508 5646 3561 5699; x_wconf 79' lang='lat' dir='ltr'><strong>si</strong></span> 
     </span>
    </p>
   </div>
   <div class='ocr_carea' id='block_1_117' title="bbox 1971 5732 3557 5803">
    <p class='ocr_par' dir='ltr' id='par_1_117' title="bbox 1971 5732 3557 5803">
     <span class='ocr_line' id='line_1_117' title="bbox 1971 5732 3557 5803; baseline 0 -11"><span class='ocrx_word' id='word_1_858' title='bbox 1971 5746 2041 5792; x_wconf 80' lang='lat' dir='ltr'><strong>est</strong></span> <span class='ocrx_word' id='word_1_859' title='bbox 2071 5736 2277 5790; x_wconf 66' lang='lat' dir='ltr'><strong>scicntia</strong></span> <span class='ocrx_word' id='word_1_860' title='bbox 2306 5735 2357 5788; x_wconf 91' lang='lat' dir='ltr'><strong>in</strong></span> <span class='ocrx_word' id='word_1_861' title='bbox 2388 5732 2647 5789; x_wconf 48' lang='lat' dir='ltr'><strong>Excelsa?</strong></span> <span class='ocrx_word' id='word_1_862' title='bbox 2697 5735 2817 5790; x_wconf 68' lang='lat' dir='ltr'><strong>llto~</strong></span> <span class='ocrx_word' id='word_1_863' title='bbox 2848 5749 2982 5800; x_wconf 84' lang='lat' dir='ltr'><strong>quos</strong></span> <span class='ocrx_word' id='word_1_864' title='bbox 3014 5738 3262 5803; x_wconf 87' lang='lat' dir='ltr'><strong>superius</strong></span> <span class='ocrx_word' id='word_1_865' title='bbox 3304 5753 3557 5794; x_wconf 85' lang='lat' dir='ltr'><strong>reversos</strong></span> 
     </span>
    </p>
   </div>
  </div>
