4000 6172
395 337 496 394 ΗΟ
1607 325 1652 379 Μ

1718 326 1757 380 Α
1768 324 1994 381 ιειιιῖιιι
2036 319 2430 378 CASSIODURI

3575 306 3687 359 520

395 465 518 505 esse
542 445 896 511 memoravit,
941 458 1082 499 nunc
1114 456 1182 498 es
1209 457 1311 509 qua
1343 439 1666 510 cogitatione
1697 449 1976 493 transeant
2009 441 2055 499 Α
2086 435 2447 491 succenderit.
2497 431 2776 502 S'quitur,
2823 439 2872 484 et
2917 429 3070 483 index
3115 445 3257 484 meus
3300 427 3354 481 in
3394 427 3675 478 matutino.

396 546 674 597 evidenter
703 540 949 605 exponit;
985 546 1040 590 ut
1072 531 1279 589 Domini
1329 531 1702 610 misericordia
1733 531 1979 586 declare-

399 647 502 698 tur,
530 633 618 705 qui
647 635 710 686 tle
735 630 1062 697 blasphemis
1088 627 1212 682 facit
1231 629 1420 696 justus,
1439 625 1582 680 etde
1608 623 1984 692 insipientibus

407 727 584 797 populi
637 726 926 793 prudentes
971 721 1135 774 efficit
1182 734 1246 772 ac
1290 718 1532 772 derotos.
1593 715 1986 768 Dnbitavernut

395 824 538 876 enim
568 818 755 872 sciisse
786 817 950 869 Deum
986 824 1061 867 tot
1105 814 1244 866 mala
1287 809 1733 864 sceleratissimos
1760 806 1986 860 commi-

399 917 554 972 sisse,
586 910 779 977 quibus
818 908 1067 961 videbant
1109 904 1286 959 omnia
1338 903 1520 956 mundi
1573 900 1808 955 secunda
1859 915 1983 968 pro-

401 1003 627 1057 venire:
667 1001 968 1053 nescientes
1002 1012 1185 1066 ptenas
1230 1011 1325 1050 eos
1371 993 1648 1062 graviores
1689 991 1986 1054 incurrere,

398 1097 487 1166 qui
521 1094 701 1148 tandiu
745 1089 1072 1159 exspectati,
1121 1091 1173 1142 in
1205 1103 1298 1141 sua
1333 1084 1538 1156 probati
1579 1092 1706 1137 sunt
1747 1083 1980 1137 obstina-

399 1190 544 1242 tione
567 1185 858 1247 mansisse;
893 1182 1033 1234 sicut
1055 1189 1106 1235 et
1129 1179 1513 1247 nonagesimus
1537 1176 1724 1229 tertius
1751 1176 1989 1242 psalmus

400 1279 527 1334 dicit
559 1278 626 1330 de
660 1274 892 1328 talibus:
932 1273 997 1325 Et
1027 1273 1263 1324 dixerunt
1287 1285 1306 1323 :
1343 1267 1464 1320 Non
1498 1267 1679 1319 ridebit
1710 1262 1984 1327 Dominus,

401 1387 494 1424 nec
535 1367 781 1435 intelliget
824 1364 958 1418 Deus
993 1361 1156 1415 Jacob
1189 1360 1358 1431 (Psal.
1393 1374 1547 1423 xcnt,
1581 1358 1661 1426 7).
1713 1357 1986 1425 Sequitur,

402 1477 446 1518 et
475 1464 518 1516 si
547 1474 618 1515 est
649 1461 860 1514 scientia
891 1461 940 1511 in
978 1455 1237 1511 Excelsa?
1283 1454 1634 1522 BlaSpItemus
1667 1454 1770 1507 iSte
1798 1466 1988 1504 sensus

404 1566 479 1608 cst
504 1594 520 1620 ,
563 1563 615 1607 et
661 1554 711 1606 in
747 1550 1014 1619 insipienti
1051 1549 1326 1601 Voluntate
1357 1553 1679 1612 conceptus.
1715 1543 1992 1597 dubitasse

404 1651 681 1705 scientiam
715 1665 833 1702 esse
875 1648 927 1701 itt
968 1661 1033 1699 eo
1075 1661 1108 1712 q
1134 1645 1162 1696 ti
1198 1642 1518 1711 sapientiam
1558 1640 1792 1694 httmano
1822 1637 1990 1692 donat

405 1741 638 1808 ingenio,
671 1740 758 1807 qui
791 1747 842 1792 et
873 1735 1094 1804 angelos
1126 1735 1292 1802 ipson
1326 1742 1380 1786 et
1408 1739 1701 1801 potestates
1732 1730 1989 1785 ccelerum

2091 529 2225 582 Ecce
2245 527 2355 595 jam
2386 525 2449 578 ad
2481 523 2794 592 temperiem
2827 521 3070 575 sanitatis
3099 518 3259 573 rcdiit
3280 561 3292 581 ,
3331 518 3420 588 qui
3453 523 3675 570 morbo-

2087 619 2160 672 sis
2184 617 2452 672 caloribus
2478 615 2758 669 :estuabat.
2812 609 3045 664 Iudicem
3083 608 3213 664 dicit
3251 608 3352 662 sibi
3386 604 3672 661 Dominum

2085 710 2380 772 Christum,
2410 709 2497 777 qui
2525 706 2678 760 nobis
2706 705 2843 756 viam
2866 702 3107 756 veritatis
3132 697 3455 769 evangelicis
3481 696 3677 766 praedi-

2088 801 2387 856 cationibus
2417 797 2700 861 indicavit;
2734 804 2787 848 et
2820 803 3062 862 tempore
3088 792 3337 845 matutino
3363 805 3682 858 resurgens.

2089 908 2238 963 Spem
2270 901 2505 946 nostram
2535 891 2604 946 de
2631 889 2732 943 isto
2762 889 2960 942 mundo
2986 887 3268 950 auferens,
3314 885 3379 938 ad
3411 883 3684 938 cmlorum

2092 1001 2254 1056 regna
2285 983 2574 1054 protendit.

2169 1099 2436 1154 Vers.15.
2492 1097 2552 1153 Si
2598 1097 2823 1150 dicebam
2859 1110 2877 1150 :
2921 1093 3160 1149 Narrabo
3208 1093 3330 1145 sic:
3375 1108 3489 1146 ecce
3538 1090 3680 1144 natio

2092 1191 2317 1259 ﬁtiorum
2363 1201 2596 1254 tuorum,
2643 1191 2726 1241 cui
2771 1188 3020 1254 disposui.
3067 1185 3184 1239 Jam
3235 1185 3404 1238 vicina
3453 1185 3679 1239 veritate

2092 1283 2450 1337 commonitus
2482 1297 2660 1336 secum
2695 1280 2807 1349 ipse
2838 1278 3121 1342 deliberat,
3154 1288 3206 1330 et
3237 1277 3301 1330 ad
3337 1285 3535 1330 tantam
3567 1292 3677 1330 rem

2096 1373 2380 1442 perductus
2432 1374 2756 1442 cogitatione
2811 1372 3087 1440 multiplici
3146 1370 3389 1424 ﬂuctuat.
3454 1370 3680 1425 Dicebat

2094 1463 2283 1518 enim:
2331 1464 2386 1519 Si
2427 1465 2812 1518 annuntiat-ero
2862 1463 3000 1532 plebi
3055 1462 3220 1516 Deum
3273 1462 3520 1516 mortalia
3569 1478 3676 1515 non

2093 1569 2310 1620 curare,
2355 1569 2639 1609 occurrere
2674 1555 2773 1608 sibi
2813 1562 2960 1624 putat
2999 1552 3410 1622 praedicationes
3450 1555 3677 1620 priores,

2095 1661 2225 1716 quas
2255 1645 2508 1700 lsraelitis
2553 1657 2676 1699 ante
2721 1645 3079 1715 praedixerat,
3127 1654 3182 1696 nt
3213 1644 3375 1697 Deum
3407 1644 3676 1708 colerent,

2096 1737 2215 1791 ειεῗί
2251 1747 2514 1805 terrasque
2543 1735 2876 1799 Creatorem,
2919 1734 3007 1803 qtti
3052 1749 3144 1803 per
3171 1751 3321 1788 suam
3355 1734 3677 1804 sapientiam

407 1831 755 1900 providentiae
790 1831 908 1882 lucc
939 1826 1244 1893 locupletat.
1294 1825 1471 1878 Scitus
1502 1823 1643 1877 enim
1682 1822 1856 1876 dictus
1882 1829 1990 1886 est,
2025 1815 2070 1874 Β
2101 1831 2347 1884 universa
2371 1829 2626 1897 disponit,
2651 1829 2802 1881 bonis
2827 1828 3083 1896 malisque
3108 1843 3201 1895 pro
3225 1843 3444 1881 suorum
3468 1839 3680 1880 actuum

405 1926 553 1990 quasi
600 1922 740 1976 scire
783 1922 944 1975 citus.
1001 1919 1156 1974 Unde
1200 1932 1357 1986 supra
1395 1924 1718 1972 memoratus
1754 1915 1990 1984 psalmus

405 2017 574 2070 dicit:
625 2013 724 2078 Qui
779 2010 1022 2080 plantavit
1073 2025 1247 2061 aurem
1298 2024 1399 2060 non
1447 2007 1660 2072 audiet,
1711 2005 1797 2074 qtti
1843 2006 1992 2072 finxit

405 2109 606 2161 oculum
639 2123 736 2158 non
766 2104 1078 2169 consisteret,
1122 2100 1209 2170 qui
1238 2099 1450 2166 corripit
1483 2107 1652 2168 gentes
1681 2114 1783 2150 non
1813 2104 1993 2166 arguet

407 2201 592 2271 Uere,
625 2199 710 2264 9)?

481 2293 629 2346 Vers.
663 2291 748 2345 12.
785 2287 916 2342 Ecce
947 2289 1042 2358 ipsi
1076 2295 1362 2354 peccatores
1395 2291 1440 2335 et
1470 2281 1790 2336 abundantes
1817 2281 1869 2332 in
1899 2294 1996 2332 sce-

407 2386 520 2438 culo
570 2383 894 2436 obtinuerunt
948 2380 1170 2432 divitias.
1227 2374 1498 2429 Proditnm
1545 2383 1628 2428 est
1671 2371 1810 2441 quod
1862 2370 1995 2425 insi-

409 2479 666 2545 pientium
689 2473 849 2527 corda
874 2471 1141 2539 fatigabat,
1167 2483 1392 2537 quorum
1418 2464 1754 2520 ratiocinatio
1775 2461 1997 2518 estsine

410 2567 637 2631 ratione,
685 2573 943 2617 tractatus
991 2563 1107 2614 sine
1153 2559 1401 2621 consilio,
1447 2557 1700 2626 cogitatio
1745 2555 1859 2609 sine
1907 2569 1992 2606 sa-

410 2673 574 2728 pore;
609 2666 662 2709 ut
694 2657 813 2709 ideo
841 2668 945 2706 non
976 2661 1184 2722 putaret
1215 2650 1381 2704 Deum
1415 2648 1602 2702 sciisse
1630 2646 1770 2716 quod
1797 2645 1995 2713 agitur,

411 2751 529 2815 quia
563 2758 868 2816 peccatores
889 2743 1104 2797 dii-illas
1129 2740 1505 2811 possidebant;
1537 2740 1687 2804 quasi
1714 2737 1817 2789 illis
1841 2734 2000 2803 justis

411 2856 472 2893 ac
518 2839 760 2892 fidelibus
804 2837 926 2890 talia
976 2835 1043 2889 sit
1087 2833 1376 2902 pollicitus.
1421 2841 1472 2883 et
1519 2845 1622 2883 non
1667 2830 1835 2897 mags
1869 2841 1998 2893 pau~

413 2947 566 3003 percs
598 2932 648 2983 in
689 2927 886 2983 mundo
915 2941 1035 2982 esse
1062 2924 1261 2990 voluit,
1305 2922 1498 2992 quibus
1540 2921 1792 2975 castorum
1836 2931 1996 2988 regna

413 3036 673 3091 promtsu.

488 3115 635 3169 \‘ers.
672 3114 754 3166 15.
801 3109 867 3163 Et
897 3109 1048 3164 dixi:
1088 3106 1228 3176 Ergo
1259 3105 1365 3160 sine
1403 3120 1561 3158 causa
1591 3101 1877 3171 justiﬁcuvi
1915 3116 2003 3152 cor

2095 1920 2351 1989 qualitate
2392 1921 2698 1974 resumens.
2755 1920 2871 1986 Quo
2895 1919 3034 1972 nodo
3083 1934 3211 1987 ergo
3263 1927 3475 1987 poterat
3524 1919 3680 1971 aliter

2098 2026 2326 2074 narrare,
2358 2011 2446 2077 qui
2479 2009 2598 2062 talia
2626 2009 2771 2063 viSuS
2801 2019 2883 2062 cst
2909 2017 3032 2061 ante
3059 2008 3350 2062 docuisse?

2171 2103 2322 2158 Vers.
2357 2103 2444 2158 16.
2485 2101 2854 2156 Existimabam
2893 2110 2944 2153 ut
2984 2116 3360 2171 cognoscerem,
3402 2098 3498 2151 ltoc
3539 2098 3680 2152 labor

2097 2206 2172 2250 est
2220 2203 2338 2249 ante
2383 2211 2481 2249 me.
2540 2194 2752 2248 Primus
2793 2191 2990 2262 gradus
3038 2203 3119 2246 e-t
3162 2191 3423 2256 scientiae,
3471 2194 3682 2260 quando

2098 2288 2419 2355 creperimus
2450 2286 2747 2355 intelligere
2779 2285 2997 2338 minime
3027 2299 3216 2352 nosse,
3261 2285 3400 2351 quod
3434 2298 3554 2338 ante
3584 2301 3683 2339 nos

2100 2381 2238 2433 scire
2270 2379 2608 2447 putabamus.
2655 2377 2807 2429 Prius
2837 2376 2978 2430 enim
3012 2386 3349 2443 persuaserat
3379 2377 3478 2429 sibi
3514 2377 3680 2430 Deum

2103 2487 2208 2525 non
2256 2486 2448 2525 curare
2495 2470 2774 2534 mortalia,
2826 2469 3077 2538 quoniam
3130 2479 3438 2537 peccatores
3469 2466 3686 2523 videbat

2101 2561 2312 2615 divitias
2344 2560 2654 2630 possidere;
2704 2560 2861 2614 modo
2892 2569 3066 2613 autem
3096 2560 3354 2613 existimat
3395 2574 3516 2613 esse
3545 2574 3686 2626 qua:-

2104 2651 2326 2707 reudum
2347 2692 2361 2716 ,
2402 2661 2458 2705 ut
2485 2652 2765 2705 veritatem
2797 2651 2870 2705 rei
2904 2660 3174 2707 mereatur
3202 2666 3512 2721 agnoscere.
3549 2653 3688 2704 Con-

2103 2753 2207 2798 stat
2237 2758 2364 2812 ergo
2392 2742 2726 2812 repudiatum
2762 2745 2993 2810 priorem
3025 2735 3272 2807 sensum,
3308 2745 3520 2812 quando
3551 2744 3687 2797 alter

2105 2844 2165 2889 ut
2192 2846 2511 2906 agnoscatur
2537 2832 2854 2904 exquiritur.
2885 2833 3156 2903 SL‘qtllltl",
3182 2834 3274 2886 hoc
3300 2836 3442 2886 labor
3466 2844 3541 2887 est
3569 2844 3688 2887 ante

2104 2944 2204 2983 me.
2258 2927 2463 2982 Revera
2508 2927 2752 2981 aestuanti
2798 2926 3122 2980 laboriosum
3167 2937 3282 2980 erat
3326 2935 3525 2979 lautam
3573 2942 3688 2980 rem

2109 3020 2280 3074 lucida
2310 3019 2534 3074 veritate
2570 3033 2932 3088 cognoscere;
2977 3030 3032 3071 ut
3063 3032 3113 3073 et
3149 3019 3529 3087 proSperitates
3569 3034 3686 3086 ρος.

2107 3122 2345 3165 natorum
2374 3111 2706 3180 despiceret,
2756 3120 2809 3164 et
2861 3110 3065 3164 Domini
3108 3111 3416 3179 patientiam
3451 3109 3692 3163 veritatis

413 3225 608 3274 meum,
637 3217 682 3260 et
715 3204 816 3258 lavi
845 3207 974 3257 inter
1000 3207 1291 3256 innocentes
1327 3215 1504 3251 manus
1536 3214 1673 3250 ἠεαδ
1696 3197 1718 3251 1’
1744 3197 1916 3263 Αδσριι
1945 3210 2002 3249 Se
2033 3199 2076 3259 C
2110 3205 2278 3274 ipsius
2305 3203 2730 3259 consideratiOue
2760 3204 3018 3257 laudaret.
3053 3204 3180 3256 Ante
3206 3219 3316 3267 me,
3345 3202 3485 3272 quod
3518 3203 3690 3267 dixit,

413 3313 623 3368 quoque
652 3296 806 3349 fatuis
833 3292 1243 3362 cogitationibus
1273 3290 1553 3358 profitetur
1581 3287 1828 3352 illusum;
1860 3288 2000 3341 sicut

413 3390 659 3458 superius
689 3387 859 3441 ditit:
898 3386 998 3439 Mei
1029 3397 1196 3438 autem
1225 3400 1349 3454 pene
1380 3383 1502 3436 moti
1529 3392 1645 3436 sunt
1677 3383 1848 3452 pedes,
1879 3399 2003 3448 pene

416 3482 563 3550 c/fusi
593 3487 708 3534 sunt
735 3495 935 3549 gressus
967 3478 1095 3538 mei;
1136 3484 1194 3529 ttt
1219 3490 1340 3529 cum
1370 3489 1430 3528 se
1461 3475 1738 3542 profitetur
1767 3473 1887 3526 talia
1920 3487 1999 3526 re-

415 3573 688 3643 pudiasse,
716 3571 766 3623 in
799 3569 994 3624 nostris
1024 3567 1270 3621 sensibus
1300 3579 1487 3633 pravas
1515 3564 1866 3634 cogitationes
1897 3580 2001 3618 non

416 3666 558 3719 sinat
588 3665 848 3717 ullatenus
879 3660 1126 3714 introire.
1159 3659 1498 3728 Quapmptcr
1524 3659 1852 3723 iucrepative
1882 3673 2004 3726 pro-

418 3755 767 3812 nuntiandum
792 3742 903 3808 est:
932 3752 1071 3823 Ergo
1094 3757 1200 3805 sine
1220 3768 1372 3804 causa
1391 3748 1671 3821 justi/icavi
1693 3765 1781 3802 cor
1802 3749 2005 3802 meum?

420 3849 570 3916 quasi
601 3848 740 3900 inani
775 3860 869 3912 spe
897 3844 1091 3913 aliquis
1133 3857 1192 3897 se
1235 3851 1382 3910 putet
1421 3843 1659 3907 elusum,
1709 3843 1752 3894 si
1803 3843 1853 3894 in
1903 3841 2004 3895 hoc

420 3939 517 3992 sibi
543 3939 736 3989 mundo
758 3936 985 3989 fructum
1005 3935 1224 4003 justitia:
1246 3949 1353 3987 non
1374 3935 1567 3987 sentiat
1589 3947 1707 3987 esse
1727 3932 2000 3987 collatum.

422 4028 590 4081 Causa
621 4029 760 4081 enim
793 4041 822 4080 a
851 4041 976 4078 casu
1025 4026 1163 4080 dicta
1212 4033 1326 4092 est,
1378 4026 1518 4093 quod
1567 4039 1710 4092 saape
1742 4024 1877 4080 bona
1908 4028 2001 4091 sit,

421 4138 564 4192 saepe
611 4123 770 4174 mala.
829 4121 940 4174 lloc
985 4134 1150 4189 genus
1176 4134 1350 4173 causre
1378 4118 1444 4172 ab
1472 4119 1780 4173 oratoribus
1809 4106 2006 4188 auceps

421 4215 637 4277 dicitur,
669 4215 810 4283 quod
843 4213 1074 4266 maxime
1124 4213 1175 4265 in
1225 4211 1706 4266 deliberationibus
1736 4213 2002 4282 provenit,

422 4308 631 4377 quando
658 4309 850 4360 dubius
879 4316 958 4360 est
987 4306 1194 4358 animus
1226 4305 1350 4371 quid
1381 4316 1658 4372 sequatur.
1690 4305 1929 4372 Addidit,
1959 4315 2005 4358 et

423 4402 520 4453 lati
551 4401 682 4451 inter
712 4400 1001 4451 innocentes
1035 4413 1214 4448 manus
1247 4413 1402 4450 meas.
1456 4397 1642 4450 Adhuc
1691 4396 1791 4450 hoc
1830 4397 2002 4462 ipsum

423 4491 564 4558 quod
613 4489 776 4557 etrapit
823 4487 1159 4554 exsequitur.
1217 4488 1294 4541 Ac
1339 4487 1381 4541 si
1434 4489 1675 4542 diceret:
1709 4487 1843 4553 Quid
1878 4488 2004 4540 milti

2108 3293 2473 3350 fortitudinem
2505 3294 2833 3348 difficultatis
2864 3294 3120 3348 05tendit.
3162 3293 3291 3358 Quis
3319 3293 3460 3346 enim
3493 3295 3688 3346 molem

2108 3387 2260 3441 istam
2296 3386 2630 3454 ignorantiae,
2667 3387 2763 3438 nisi
2799 3401 2892 3456 per
2919 3387 3143 3456 gratiam
3193 3388 3361 3452 possit
3393 3386 3693 3439 ltivinitatis

2108 3479 2444 3548 irrumpere?
2475 3478 2620 3531 Sicut
2639 3489 2690 3531 et
2715 3478 2767 3531 in
2792 3479 2894 3531 alio
2923 3479 3126 3544 psalmo
3153 3478 3381 3546 legitur:
3416 3477 3481 3530 Et
3509 3479 3558 3530 in
3586 3477 3693 3531 Dco

2106 3589 2215 3625 meo
2246 3571 2596 3641 transgredior
2624 3587 2822 3623 murum
2851 3569 3020 3640 (Psal.
3050 3586 3182 3636 xvtt,
3212 3568 3326 3639 δυ).

2182 3663 2334 3718 Yers.
2369 3664 2454 3716 17.
2504 3661 2671 3714 Donec
2701 3663 2882 3714 intrent
2911 3663 2960 3714 in
2990 3664 3339 3715 sanctuarium
3374 3659 3496 3724 Dei,
3539 3669 3584 3712 et
3617 3662 3695 3711 iu-

2110 3755 2338 3823 telfigant
2387 3754 2438 3805 in
2485 3752 2758 3805 novissima
2805 3751 2937 3823 led,
2978 3751 3284 3824 novissimis]
3335 3766 3530 3804 eorum.
3589 3750 3697 3803 Ad-

2110 3848 2267 3902 vertit
2311 3847 2598 3916 aliquando
2629 3847 2830 3916 Asaplt,
2865 3847 3003 3914 quod
3052 3847 3349 3915 intelligere
3382 3845 3689 3900 festinabat.

2108 3937 2319 4005 Repetit
2349 3939 2492 3992 enim
2544 3936 2810 4005 praedicta:
2855 3937 3168 4003 ﬂlliC:li0lllS
3212 3937 3367 3989 aliter
3405 3938 3686 3990 veritatem

2109 4047 2166 4085 se
2191 4046 2293 4084 non
2317 4031 2554 4100 potuisse
2576 4044 2923 4098 cognoscere,
2949 4031 3048 4083 nisi
3075 4030 3242 4098 legem
3268 4028 3528 4093 divinam,
3551 4030 3688 4098 quod

2107 4137 2187 4177 est
2216 4123 2562 4176 sanctuarium
2593 4120 2710 4186 Dei,
2740 4133 3023 4190 contuens,
3052 4122 3373 4190 intelligeret
3404 4122 3694 4175 novissima

2110 4223 2448 4283 peccatorum
2493 4232 2506 4266 :
2564 4215 2816 4284 quoniam
2870 4217 2920 4268 in
2979 4219 3155 4270 futuro
3204 4215 3408 4284 judicio
3463 4215 3694 4269 felicitas

2111 4307 2338 4358 humana
2363 4305 2723 4369 damnabitur,
2749 4320 2867 4374 qua:
2894 4307 2975 4358 hic
2999 4306 3063 4359 ad
3093 4318 3300 4374 tempus
3326 4305 3518 4360 florere
3545 4322 3699 4359 mon-

2108 4406 2326 4449 stratur.
2373 4396 2490 4462 Quo
2522 4397 2758 4449 remedio
2796 4397 3058 4451 ltmsitatio
3097 4407 3284 4450 cuneta
3343 4397 3548 4450 sublata
3591 4407 3695 4459 est,

2109 4487 2230 4556 quia
2260 4503 2363 4540 non
2395 4487 2550 4542 debet
2597 4489 2714 4554 pius
2758 4487 2970 4540 animus
3001 4486 3230 4553 olTeudi,
3277 4503 3396 4541 cum
3437 4502 3497 4541 se
3529 4492 3700 4556 magis

424 4579 623 4649 profuit
659 4578 916 4646 probabili
963 4594 1046 4632 nte
1090 4578 1496 4631 conversatione
1529 4587 1811 4640 tractasse,
1843 4577 1889 4630 si
1919 4579 2005 4631 di-
2035 4589 2088 4646 D
2113 4577 2272 4630 rebus
2303 4577 2498 4631 talibus
2528 4578 2724 4632 sentiat
2749 4577 2988 4632 edoceri.
3037 4578 3189 4645 Quod
3234 4593 3401 4647 genus
3439 4580 3702 4632 orationis

425 4673 579 4724 vitias
609 4672 882 4739 possident
907 4672 994 4741 qui
1021 4671 1146 4724 vitia
1174 4685 1279 4722 non
1306 4653 1648 4737 relinquuni?
1681 4669 1838 4722 Lavat
1863 4671 2004 4724 enim

422 4763 554 4814 inter
583 4762 867 4815 innocentes
896 4777 1080 4813 manus
1111 4775 1236 4813 snas
1266 4759 1355 4828 qui
1387 4759 1500 4826 pias
1527 4760 1869 4828 operationes
1898 4761 2010 4814 lau-

424 4855 584 4909 dabili
629 4857 830 4924 peragit
873 4855 1135 4908 instituto.
1185 4853 1316 4907 Nam
1350 4854 1551 4907 Pilatus
1584 4870 1686 4906 non
1723 4853 1845 4906 lavit
1879 4855 2012 4908 inter

422 4949 714 5002 innocentes
745 4964 923 5000 manus
952 4960 1078 5000 suas
1113 4945 1326 5014 quando
1357 4945 1679 5015 flagellatam
1725 4946 2008 4999 Dominum

424 5042 570 5096 cruci
600 5041 816 5095 tradidit
841 5040 1184 5108 alligandum.
1895 5035 1902 5042 ’

497 5129 655 5185 Vers.
681 5130 767 5182 Μ.
801 5127 868 5182 Ει
894 5131 968 5200 [ui
997 5130 1290 5198 ﬂagellatus
1320 5137 1425 5180 tota
1456 5127 1538 5180 die
1564 5143 1583 5181 :
1614 5138 1659 5181 et
1686 5128 1842 5182 index
1873 5145 2010 5183 meus

426 5222 579 5294 lrnss.
598 5220 662 5275 ϐ.
679 5229 732 5274 et
760 5219 846 5284 F.,
865 5219 1130 5289 castigatio
1157 5218 1287 5288 mea]
1301 5220 1352 5271 in
1370 5221 1635 5272 matutino.
1651 5219 1809 5284 Quasi
1827 5203 2023 5288 paenae

426 5329 553 5369 suas
580 5315 754 5367 adhuc
783 5321 1196 5374 commemorat,
1225 5323 1379 5380 quas,
1413 5319 1468 5363 ut
1497 5310 1572 5363 illi
1600 5311 1900 5375 videbatur,
1932 5311 2009 5364 ir-

428 5409 532 5462 rite
560 5405 888 5470 sustinebat;
932 5413 987 5457 ut
1017 5403 1119 5456 iste
1144 5399 1436 5474 ﬂagellalus
1465 5416 1665 5470 pauper
1691 5411 1854 5466 esset,
1885 5417 2008 5455 eum

429 5498 626 5563 impius
680 5509 905 5549 securus
953 5509 1079 5549 suas
1125 5493 1343 5546 divuias
1395 5493 1714 5561 possideret.
1771 5493 2009 5548 Pessima

431 5587 718 5655 reputatio,
772 5586 864 5662 sed
894 5584 1068 5639 vicina
1107 5583 1396 5638 correctio.
1451 5584 1600 5638 Sicut
1639 5584 1854 5654 :rgrOtis
1899 5584 2013 5639 fieri

431 5679 593 5740 solet,
637 5677 726 5744 qui
774 5685 898 5730 tunc
927 5677 1134 5730 diutino
1164 5675 1419 5746 languore
1450 5675 1765 5741 liberantur,
1797 5675 2012 5742 quando

431 5765 485 5822 lu
534 5768 860 5835 a'gt-itudiuis
912 5769 1017 5822 fine
1065 5782 1161 5822 eos
1209 5767 1475 5832 copiosior
1529 5767 1751 5820 febrium
1801 5765 2013 5820 ﬂamma

2113 4668 2310 4722 dicitur
2335 4667 3018 4739 deliberativum,_quando
3065 4679 3118 4722 et
3170 4684 3348 4738 partes
3400 4677 3694 4737 ponuntur,

2114 4776 2234 4830 qua:
2265 4775 2364 4814 nos
2391 4760 2583 4815 dubios
2615 4760 2866 4825 reddunt,
2916 4770 2969 4814 et
3014 4761 3227 4829 eligitur
3255 4761 3542 4828 sententia,
3578 4775 3701 4830 qua:

2115 4863 2169 4906 et
2200 4846 2410 4905 utilitati
2439 4851 2725 4905 conveniat
2761 4860 2815 4906 et
2844 4851 3046 4905 decori.
3102 4851 3241 4904 Dixit
3278 4853 3421 4906 enim
3449 4851 3589 4920 quod
3620 4853 3702 4906 e’s

2117 4942 2424 5011 scrupulum
2469 4943 2839 4996 eumutovebat
2873 4958 2887 4995 :
2921 4942 2982 4997 Si
3022 4942 3282 5010 dicebam,
3325 4941 3566 4996 Narrabo
3604 4943 3700 4998 sic.

2117 5035 2442 5090 Occurrebat
2491 5035 2675 5106 utique
2725 5035 2810 5090 illa
2861 5035 2999 5090 finds
3050 5037 3332 5090 varietas:
3383 5035 3513 5090 Ecce
3561 5039 3704 5090 natio

2118 5129 2344 5197 filiorum
2376 5137 2601 5192 tuorum,
2625 5130 2708 5181 cui
2739 5130 2988 5196 dfsposui.
3023 5130 3100 5184 Ad
3134 5140 3460 5197 postremum
3489 5132 3707 5201 eligitur

2117 5217 2383 5271 sententia
2430 5232 2550 5285 qua:
2594 5227 2785 5271 cuncta
2827 5217 3059 5272 Salvaret
3097 5237 3109 5271 :
3148 5218 3260 5271 Hoc
3299 5219 3440 5272 labor
3474 5229 3546 5271 est
3589 5231 3708 5272 ante

2121 5325 2220 5373 me,
2250 5310 2410 5362 donec
2439 5311 2622 5362 intrent
2649 5311 2701 5362 in
2731 5312 3084 5364 sanctuarium
3121 5311 3232 5373 Dei,
3266 5321 3314 5365 et
3340 5311 3624 5381 inteltigam
3652 5313 3707 5366 in

2121 5403 2394 5454 novissima
2433 5418 2628 5456 eorum.
2685 5402 2774 5456 Sic
2805 5404 3212 5458 deliberativum
3257 5422 3426 5474 genus
3467 5406 3710 5476 partibus

2118 5495 2228 5547 suis
2260 5493 2490 5562 regulari
2523 5495 2900 5549 obserVatione
2929 5499 3255 5566 completum
3283 5509 3381 5553 est.
3415 5501 3707 5555 Sciendum

2119 5593 2203 5639 est
2230 5599 2359 5638 sane
2390 5585 2455 5640 de
2489 5587 2678 5655 tepicis
2709 5589 2887 5640 omnia
2920 5590 3136 5658 quidem
3168 5602 3482 5660 argumenta
3517 5606 3700 5660 proce-

2120 5676 2284 5742 dcrc;
2339 5675 2434 5731 sed
2481 5677 2696 5745 quando
2747 5682 3066 5748 generaliter
3117 5683 3386 5746 dicuntur,
3438 5682 3597 5754 247
3640 5686 3709 5737 ad

2122 5766 2433 5825 dialecticos
2462 5769 2762 5838 pertinent;
2804 5772 3020 5842 quando
3052 5784 3230 5830 autem
3264 5775 3621 5845 particulatim
3659 5788 3709 5831 et
