3956 6178
207 353 288 414 sit
913 341 920 348 '
1111 353 1468 412 exrosmo
1509 357 1569 409 l-.\'
1613 349 2068 410 rsAL'temuu.
2110 349 2301 405 PSAL.
2349 347 2557 402 Lxxn.

3363 341 3465 397 ὕέὶξ

205 475 508 544 Specialiter
538 475 932 543 exprimuntur,
987 474 1290 526 oratoribus
1338 471 1628 524 convenire
1678 485 1780 522 non
1818 469 1865 527 Α
1892 464 2086 518 δέει-ιιιο
2115 463 2387 532 imaginem
2419 461 2470 515 in
2503 476 2561 515 se
2596 460 2800 514 Domini
2836 458 3159 528 polluerunt,
3193 458 3262 513 ita
3295 460 3344 512 in
3380 461 3466 513 illa

204 567 422 622 dubium
453 576 556 620 est.

272 661 433 713 Yers.
466 659 554 713 18.
609 657 965 712 Verumtamen
1016 667 1219 724 propter
1264 655 1408 706 dolos
1456 653 1670 722 posuisti
1717 653 1788 705 eis

204 754 372 815 mala;
403 752 634 824 dejecisti
665 767 747 804 eos
777 752 898 804 dum
927 751 1288 804 allet'arentur.
1340 746 1513 809 Asaplt
1547 748 1694 799 venit
1723 745 1788 798 ad

203 842 414 896 tertium
466 841 807 903 membrum,
867 840 955 892 ubi
1011 847 1350 908 peccaturum
1403 843 1792 889 commemorat

208 934 455 996 ultiones,
489 946 621 1000 quas
652 930 898 996 superius
923 931 1004 984 eis
1033 929 1242 982 dixerat
1273 927 1324 980 in
1354 926 1584 980 futurum
1611 925 1793 994 gravi-

207 1035 282 1079 ter
307 1024 650 1092 infligendas.
703 1023 770 1076 Et
814 1036 880 1077 ne
911 1023 1132 1074 omnino
1163 1021 1212 1072 in
1252 1017 1450 1072 mundo
1478 1017 1599 1070 mali
1634 1027 1789 1084 puta-

205 1131 388 1174 rentur
417 1118 709 1182 imnmnes,
743 1124 835 1169 aut
858 1115 1060 1169 scelera
1092 1128 1185 1167 sua
1213 1112 1564 1164 crederentur
1591 1107 1792 1161 habere

207 1210 376 1264 ntodis
405 1211 654 1264 omnibus
688 1207 980 1275 impunita,
1023 1203 1186 1258 dicit:
1233 1200 1461 1254 Posuisti
1503 1199 1576 1252 eis
1616 1197 1786 1257 mala;

207 1313 258 1352 ut
280 1298 528 1368 quamvis
553 1297 816 1350 ntundana
841 1295 1096 1349 felicitate
1117 1293 1405 1359 potiantur,
1429 1299 1631 1344 reatum
1658 1289 1708 1340 in
1733 1301 1792 1340 se

206 1401 436 1461 gestent,
462 1389 551 1455 qui
584 1404 689 1442 non
720 1395 895 1455 potest
924 1385 1173 1438 deserere
1200 1381 1420 1434 omnino
1451 1379 1788 1432 criminosos.

209 1484 338 1535 Nam
388 1482 527 1534 tales
575 1478 735 1533 etiant
787 1477 872 1529 hic
920 1474 1228 1543 frequenter
1269 1471 1546 1524 incurrunt
1586 1467 1790 1531 ruinas,

207 1589 339 1640 quas
388 1586 578 1625 eorum
627 1569 712 1622 vel
760 1565 994 1634 suspicio
1041 1580 1146 1616 non
1196 1562 1447 1616 habebat.
1517 1556 1788 1627 Sequitur,

207 1665 438 1738 dejecisti
465 1680 552 1717 eos
578 1663 699 1714 dum
729 1659 1093 1713 allevarentur.
1131 1655 1372 1726 Dejecisti
1400 1653 1523 1705 dum
1555 1652 1703 1735 dicit,
1728 1665 1790 1704 ex

210 1755 317 1806 alto
339 1753 668 1822 significavit
689 1752 868 1806 elisos.
897 1749 965 1803 Et
991 1759 1047 1802 ut
1075 1749 1174 1802 hoc
1198 1745 1545 1811 intelligeres,
1568 1743 1789 1809 addidit,

1893 558 2068 608 futura
2116 556 2282 623 patria
2327 569 2508 608 eorum
2552 552 2758 621 efﬁgies
2805 566 2909 604 non
2941 551 3226 613 videbitur,
3277 553 3366 620 qui
3417 553 3467 607 in

1895 647 2155 717 gehennae
2185 646 2611 714 sequestratione
2643 644 2885 698 mittendi
2916 653 3060 699 sunt.
3113 644 3315 699 Peribit
3340 661 3468 717 ergo

1894 735 2084 807 imago,
2116 735 2329 806 quando
2358 750 2416 788 se
2445 735 2523 788 eis
2552 734 2663 802 ipsa
2699 733 2891 787 veritas
2921 735 3152 788 alienata
3185 735 3438 792 subtraxe

1894 827 1994 889 rit;
2050 843 2145 880 nec
2194 823 2592 879 similitudinem
2639 825 2868 878 retinere
2899 834 3152 893 possunt,
3203 825 3270 880 de
3319 828 3472 895 cujus

1899 919 2226 973 beatitudine
2251 918 2322 972 nil
2346 917 2636 971 habebunt.
2672 915 2852 984 Imago
2874 917 3015 970 enim
3038 926 3122 971 est
3142 917 3368 987 alicujus
3393 920 3469 974 rei

1896 1011 2173 1066 existenlis
2199 1010 2490 1065 similitudo
2519 1010 2762 1063 formata.

1973 1105 2124 1161 Vers.
2143 1106 2205 1158 ‘21
2219 1144 2234 1157 .
2259 1106 2390 1172 Quia
2410 1105 2709 1157 delectatum
2732 1110 2805 1155 est
2825 1116 2912 1154 cor
2932 1115 3117 1164 meum,
3143 1112 3188 1154 et
3213 1119 3353 1157 renes
3376 1104 3476 1156 mei

1895 1201 2104 1252 resoluti
2144 1207 2283 1251 sunt.
2331 1197 2588 1266 Superius
2631 1193 2965 1262 prophetavit
3006 1191 3197 1260 impios
3237 1209 3266 1245 a
3307 1209 3474 1264 regno

1901 1290 2103 1343 Domini
2136 1287 2554 1351 sobtnovendos,
2607 1303 2745 1340 nunc
2773 1299 2988 1340 eauSam
3018 1284 3194 1338 reddit
3225 1286 3343 1352 quia
3377 1302 3472 1353 per

1898 1381 2042 1446 ipsos
2074 1380 2270 1435 factum
2313 1379 2510 1440 fuerat,
2557 1385 2615 1430 ut
2655 1391 2748 1430 eor
2779 1376 2893 1444 ejus
2926 1375 3084 1428 noxia
3119 1375 3473 1429 delectatione

1900 1469 2180 1522 mundanis
2215 1469 2553 1521 f-lieitatibus
2586 1467 2868 1520 invideret.
2914 1465 3065 1520 Unde
3091 1475 3314 1535 apparet
3352 1481 3475 1535 gra-

1896 1558 2167 1610 vissimum
2202 1572 2319 1610 esse
2347 1565 2646 1625 peceatum,
2673 1553 2885 1624 quando
2911 1556 3103 1625 aliquis
3135 1556 3473 1612 occasionem

1898 1648 2181 1713 praebuerit
2216 1647 2353 1699 unde
2381 1646 2602 1699 alterius
2633 1644 2959 1700 conscientia
3004 1646 3304 1714 polluatur;
3336 1646 3475 1701 sicut

1897 1753 1996 1792 nec
2028 1738 2117 1792 illa
2163 1752 2252 1792 res
2299 1751 2459 1805 parva
2499 1745 2613 1798 est,
2646 1751 2768 1812 quae
2805 1733 3030 1804 juvante
3061 1735 3286 1790 Domino
3317 1737 3472 1790 bonis

208 1850 330 1897 dum
374 1847 736 1909 alienarentur,
793 1841 846 1896 id
898 1850 1017 1906 est,
1071 1841 1194 1894 dum
1243 1844 1296 1893 in
1336 1838 1656 1892 cothurnum
1701 1849 1792 1888 su-
1824 1839 1868 1898 Β
1896 1829 2461 1897 ρτωειδιειεωριιιηι.
2493 1825 2730 1890 Addidit,
2752 1833 2799 1879 et
2822 1841 2964 1878 renes
2987 1824 3084 1878 mei
3104 1827 3315 1881 resoluti
3334 1841 3472 1881 sunt.

212 1937 411 1999 perbia:
439 1934 794 2001 amplitudine
825 1932 1038 1986 ruinosa
1066 1930 1511 1986 conscenderent.
1565 1927 1628 1980 Et
1667 1941 1794 1996 per-

211 2028 385 2090 pende
415 2027 536 2094 quia
581 2027 754 2094 ipsum
783 2036 996 2093 tempus
1024 2023 1337 2077 elevationis
1367 2020 1629 2088 signiﬁcat
1655 2019 1796 2088 quod

213 2120 404 2170 ruinae.
440 2115 561 2170 Non
593 2117 734 2170 enim
767 2115 928 2178 dixit,
957 2125 1238 2183 postquam
1271 2112 1462 2166 elevati
1495 2121 1646 2172 sunt;
1677 2110 1792 2172 sed,

210 2211 334 2262 dum
366 2209 733 2269 allecarentur,
767 2221 993 2274 quorum
1023 2203 1154 2270 erigi
1185 2202 1378 2256 cadere
1408 2211 1508 2264 est,
1538 2211 1588 2255 et
1619 2199 1797 2252 suble-

210 2317 336 2354 vare
367 2298 681 2354 demersio:
714 2296 963 2366 quoniam
997 2294 1060 2347 ad
1095 2293 1237 2346 illam
1283 2293 1645 2345 summitatem
1677 2298 1796 2341 ten-

211 2394 364 2451 dunt,
388 2404 511 2459 quae
533 2387 705 2441 subita
731 2384 1150 2458 przeeipitatione
1171 2381 1501 2446 dissolvitur;
1533 2380 1668 2434 sicut
1685 2380 1794 2448 jam

212 2490 261 2533 ei
293 2479 345 2534 in
377 2479 488 2534 alio
515 2477 722 2547 psalmo
749 2479 948 2530 dictum
974 2484 1090 2528 est:
1123 2472 1239 2526 Vidi
1265 2473 1475 2540 impium
1502 2469 1797 2541 ευμεν-εποι-

215 2581 370 2621 tntum
412 2577 461 2621 et
501 2571 748 2622 eleuatum
790 2567 918 2618 sicut
949 2565 1132 2618 cedros
1155 2562 1377 2616 Libani:
1413 2570 1457 2615 et
1488 2563 1720 2628 transivi,
1751 2571 1796 2616 et

215 2677 321 2712 ecce
347 2675 446 2711 non
477 2668 586 2712 erat
611 2655 782 2723 (Psal.
808 2669 991 2717 nm,
1021 2653 1112 2724 35)
1131 2694 1147 2718 ,
1180 2663 1235 2707 et
1263 2653 1482 2721 reliqua.

284 2750 435 2802 \‘ers.
471 2749 557 2801 I9.
603 2749 868 2813 Quomodo
897 2746 1018 2817 facti
1054 2745 1254 2813 suntin
1281 2743 1644 2797 desolationem
1664 2744 1684 2796 !
1711 2760 1798 2797 su-

211 2842 309 2893 bito
349 2841 684 2908 defecerunt;
729 2839 987 2906 perierunt
1031 2845 1232 2906 prapter
1270 2837 1588 2906 iniquitatem
1629 2854 1792 2890 suam.

212 2931 489 2998 Quomodo
521 2930 834 2982 admirantis
865 2938 948 2982 est
971 2967 989 2994 ,
1031 2935 1090 2980 ut
1119 2927 1297 2982 subito
1325 2927 1596 2981 desolatus
1635 2941 1797 2997 appa-

209 3033 360 3086 reat,
391 3024 479 3089 qui
515 3030 660 3074 tanta
693 3020 948 3074 felicitate
982 3020 1232 3090 pollebat.
1287 3021 1586 3086 Des‘olatus,
1617 3021 1796 3088 utique

208 3115 460 3168 desertus
489 3113 555 3167 ab
587 3113 691 3166 illis
737 3113 898 3166 rebus
925 3126 1044 3182 qute
1080 3127 1202 3166 eum
1233 3120 1481 3181 tanquam
1512 3125 1794 3165 numerosa

1900 1923 2065 1976 Renes
2089 1921 2395 1992 frequenter
2415 1920 2644 1974 diximus
2671 1934 2765 1989 pro
2789 1919 2984 1973 mentis
3003 1919 3302 1974 constantia
3327 1922 3469 1986 poni.

1897 2014 2028 2068 Nam
2059 2015 2197 2068 sicut
2225 2014 2310 2068 isti
2339 2027 2532 2081 corpus
2558 2012 2858 2077 continent,
2892 2012 2959 2064 ita
2991 2010 3181 2065 anima:
3211 2012 3472 2067 stabilita-

1900 2114 2006 2158 tem
2036 2114 2088 2159 et
2118 2104 2203 2158 illa
2233 2103 2480 2158 custodit.
2519 2102 2682 2156 Renes
2708 2117 2834 2171 ergo
2861 2116 2988 2156 suos
3013 2101 3148 2156 dixit
3183 2117 3302 2156 esse
3335 2119 3476 2156 reso-

1898 2197 2064 2263 lutos,
2108 2198 2230 2267 quia
2274 2197 2659 2251 mundanarum
2693 2212 2868 2252 rerum
2913 2196 3220 2252 felicitatem
3261 2198 3470 2253 incauta

1898 2293 2174 2346 voluntate
2199 2291 2503 2360 qnmsierat.

1970 2381 2124 2437 Vers.
2152 2382 2244 2435 22.
2289 2381 2354 2434 Et
2392 2397 2482 2453 ego
2512 2381 2578 2433 ad
2609 2381 2827 2433 nihilum
2855 2380 3090 2434 redactus
3118 2397 3263 2447 sum,
3304 2391 3350 2436 et
3387 2400 3474 2438 ne-

1895 2474 2017 2528 sciui
2042 2489 2058 2537 ;
2107 2482 2161 2526 ut
2200 2477 2491 2544 jumentum
2533 2472 2699 2540 [actus
2739 2487 2850 2525 cum
2889 2472 3029 2540 apud
3070 2482 3135 2526 te.
3191 2473 3380 2527 Merito
3409 2478 3477 2527 ad

1899 2563 2115 2616 nihilum
2153 2564 2390 2618 redactus
2421 2566 2621 2630 fuerat,
2653 2563 2741 2629 qui
2776 2563 2966 2618 talibus
2996 2563 3276 2620 desideriis
3308 2567 3475 2622 initte-

1899 2655 2078 2716 rebat,
2117 2662 2176 2708 ut
2206 2654 2570 2721 peceatoribus
2600 2653 2906 2720 invidendo,
2936 2655 3139 2710 auctori
3171 2671 3268 2710 suo
3299 2658 3474 2712 facere

1899 2747 2168 2799 videretur
2208 2745 2475 2812 iniuriam.
2534 2743 2614 2796 Ad
2660 2743 2877 2798 nihilum
2919 2745 3057 2798 enim
3103 2748 3342 2815 pervenit
3383 2751 3470 2816 qui

1901 2837 2070 2889 fructu
2121 2851 2263 2890 verae
2314 2836 2682 2905 intelligetttite
2731 2846 2984 2889 vacuatus
3031 2840 3354 2902 agnoscitur.
3409 2841 3473 2892 Et

1900 2927 2000 2982 hoc
2030 2943 2240 2996 quoque
2268 2925 2499 2980 nescisse
2527 2942 2584 2979 se
2612 2926 2756 2980 dicit.
2793 2925 2908 2995 Ipsa
2933 2937 3016 2981 est
3040 2928 3184 2982 enim
3214 2930 3474 2996 profunda

1899 3017 2194 3087 ignorantia
2224 3018 2414 3070 nescire
2445 3016 2581 3085 quod
2617 3030 2840 3085 pecces:
2879 3017 3021 3070 unde
3052 3018 3104 3071 itt
3132 3019 3240 3072 alio
3270 3021 3473 3088 psalmo

1899 3111 2098 3164 dictum
2139 3119 2257 3165 est:
2301 3108 2500 3162 Delicta
2527 3110 2637 3176 quis
2673 3109 2908 3178 intelligit
2951 3109 3124 3180 (Ps-tl.
3152 3128 3307 3180 xvtu,
3344 3113 3474 3186 i3)?

211 3207 416 3259 tantulis
447 3204 768 3259 circuibant.
800 3203 913 3258 lloc
942 3205 1084 3257 enim
1113 3203 1428 3273 contingere
1456 3202 1614 3258 malis
1645 3217 1800 3271 posse
1825 3207 1870 3268 C
1902 3203 2178 3271 Sequitur,
2224 3211 2276 3254 ut
2304 3205 2594 3273 jumenlum
2627 3202 2791 3269 factus
2821 3217 2932 3254 sum
2957 3202 3097 3271 apud
3131 3214 3197 3258 tc.
3247 3203 3372 3259 Jnre
3415 3221 3473 3262 se

211 3311 316 3348 non
348 3294 570 3348 dubium
601 3304 714 3360 est,
766 3293 981 3362 quando
1009 3293 1250 3348 debitum
1300 3291 1562 3362 pavenda:
1611 3295 1797 3349 mortis

209 3388 516 3440 incurrunt.
545 3385 813 3452 Sequitur,
845 3385 1011 3438 subito
1035 3387 1347 3454 defecerunt.
1380 3381 1609 3456 Exponit
1635 3387 1795 3440 etiam

210 3477 663 3544 quemadmodum
684 3475 749 3528 ad
772 3476 1137 3529 desolationem
1157 3476 1520 3545 pervenerint,
1538 3476 1627 3545 qui
1652 3476 1797 3545 prius

211 3569 389 3621 feiicia
432 3567 587 3621 malis
619 3569 862 3622 evenisse
893 3567 1244 3622 mirabantur.
1296 3567 1426 3621 Nam
1458 3567 1602 3637 quod
1633 3567 1794 3633 dicit,

208 3659 382 3710 subito
411 3659 724 3726 defecerunt,
761 3657 1024 3727 signiﬁcat
1059 3659 1354 3726 repentina:
1384 3658 1571 3712 mortis
1601 3657 1797 3710 adven-

209 3760 348 3800 tum.
385 3747 452 3801 Et
479 3762 547 3802 ne
574 3747 695 3802 illos
720 3749 974 3802 crederes
1001 3746 1356 3802 communiter
1385 3748 1544 3810 mori,
1569 3747 1791 3812 addidit,

209 3841 474 3905 perierunt
504 3827 711 3909 promer
735 3839 1056 3907 iniquitatem
1088 3853 1274 3892 suam:
1304 3838 1429 3906 quia
1471 3838 1594 3891 mali
1633 3839 1710 3890 sic
1743 3843 1794 3891 in

210 3929 319 3981 hoc
346 3928 544 3982 sarculo
571 3927 847 3990 deficiunt,
873 3937 928 3982 ut
955 3937 1130 3982 tamen
1160 3929 1350 3982 iterum
1379 3928 1431 3981 in
1461 3927 1548 3982 illa
1577 3925 1799 3982 damna-

209 4023 360 4073 tione
389 4031 642 4088 perpetua
669 4020 823 4075 clade
851 4020 1168 4073 moriantur.

287 4111 440 4166 'v'ers.
468 4112 556 4165 ΞΟ.
603 4110 748 4166 Velut
793 4112 1050 4164 somnium
1097 4111 1433 4182 exsurgentis,
1465 4107 1704 4174 Domine,
1745 4111 1798 4164 in

208 4204 415 4255 cit-itote
461 4213 551 4255 tua
595 4202 872 4272 imaginem
916 4203 1147 4269 ipsorum
1191 4201 1258 4254 ad
1307 4201 1522 4254 nihilum
1577 4203 1793 4271 rediges.

210 4293 440 4346 Pulchra
490 4293 843 4360 comparatio.
899 4292 1081 4347 Talem
1131 4291 1262 4345 dic-it
1313 4307 1438 4347 esse
1488 4293 1795 4348 felicitatem

205 4387 509 4449 tualorum,
558 4386 716 4456 quale
760 4387 1016 4439 somnium
1063 4386 1448 4455 evigilantium.
1505 4385 1798 4456 Prasstigiis

205 4477 353 4529 enim
380 4477 703 4546 quibusdam
731 4476 888 4542 elusi,
923 4477 1232 4544 frequenter
1259 4475 1325 4528 ad
1370 4475 1455 4529 illa
1487 4487 1581 4529 nos
1609 4490 1797 4544 pervc—

1894 3296 2184 3365 jumentum
2223 3292 2384 3357 dicit,
2417 3307 2572 3362 quem
2601 3292 2831 3348 carnalis
2862 3294 3128 3348 aunulatio
3157 3296 3306 3365 quasi
3339 3298 3466 3351 irra-

1901 3385 2154 3440 tionabile
2183 3385 2376 3439 animal
2412 3383 2694 3438 insidebat.
2726 3385 2878 3454 Apud
2910 3385 3074 3440 Deum
3106 3389 3246 3441 enim
3277 3388 3329 3442 in
3357 3389 3470 3444 vico

1899 3488 2023 3532 sunt
2052 3477 2335 3547 pecudum,
2368 3479 2458 3547 qui
2485 3477 2602 3546 ejus
2635 3477 2914 3546 praeceptis
2945 3475 3218 3545 resistunt,
3248 3489 3303 3534 et
3327 3481 3470 3534 aliud

1899 3571 2100 3624 sentire
2123 3570 2305 3624 volunt
2326 3584 2482 3639 quam
2532 3568 2731 3622 sanctis
2754 3569 2950 3638 regulis
2975 3570 3305 3637 continetur;
3334 3572 3472 3627 sicut

1899 3662 1951 3716 in
1979 3662 2084 3714 alio
2117 3661 2322 3730 psalmo
2352 3660 2550 3714 dictum
2583 3671 2661 3714 est
2691 3677 2702 3712 :
2742 3660 2916 3713 Nolite
2946 3661 3058 3727 ﬁeri
3088 3664 3216 3715 sicut
3245 3679 3402 3733 equus
3427 3675 3473 3716 ct

1901 3755 2094 3820 mulus,
2124 3755 2304 3821 quibus
2332 3771 2432 3807 non
2461 3763 2530 3808 est
2560 3754 2840 3807 intellectus
2865 3753 3036 3824 (l‘sal.
3063 3771 3212 3813 xxxi.
3239 3755 3318 3825 9).

1979 3847 2129 3900 Vers.
2161 3845 2252 3898 2').
2302 3842 2368 3898 Et
2408 3860 2501 3915 ego
2539 3860 2732 3914 semper
2771 3855 2976 3910 tecum;
3024 3847 3232 3899 tenuisti
3269 3864 3472 3900 manum

1895 3939 2162 3991 dexteram
2201 3952 2385 3989 meam.
2439 3936 2568 3989 Cum
2607 3935 2766 3999 dicit,
2815 3935 2879 3988 Et
2925 3951 3014 4006 ego
3049 3952 3243 4008 semper
3277 3950 3470 4005 tecum,

1899 4028 2134 4086 ostendit
2171 4043 2230 4082 se
2268 4028 2335 4082 ab
2375 4027 2529 4081 idolis
2567 4027 2800 4080 alienum
2832 4028 3034 4080 auctori
3076 4027 3300 4082 Domino
3344 4047 3469 4096 pura

1898 4137 2077 4181 mente
2103 4125 2414 4180 credidisse.
2446 4122 2550 4178 Sed
2580 4125 2631 4177 in
2664 4123 2763 4177 hoc
2787 4124 3022 4189 errabat,
3047 4125 3168 4195 quia
3195 4126 3260 4180 de
3287 4143 3471 4195 pecca-

1900 4228 2070 4272 torum
2103 4216 2354 4270 felicitate
2386 4213 2590 4268 Dotnini
2620 4214 2815 4281 judicia
2841 4213 3148 4270 dis-cernere
3178 4219 3469 4273 nesciebat.

1897 4315 2234 4376 Quapropter
2277 4304 2362 4358 hic
2403 4304 2678 4358 distinctio
2712 4303 2864 4370 plena
2903 4305 3147 4372 ponenda
3178 4315 3295 4366 e~t.
3342 4323 3472 4374 quo-

1899 4401 2038 4454 niam
2070 4409 2153 4453 est
2183 4398 2446 4466 completa
2487 4396 2768 4450 sententia.
2823 4395 3095 4464 Sequitur,
3128 4397 3336 4452 tenuisti
3363 4415 3474 4451 ma-

1899 4507 2015 4542 num
2043 4489 2304 4542 dexteram
2341 4502 2522 4540 meum.
2579 4485 2750 4550 Dixit,
2793 4486 2994 4538 tenuisti
3030 4502 3278 4551 manum;
3320 4498 3375 4542 et
3407 4503 3471 4543 ne

207 4569 331 4619 nire
358 4568 715 4629 somniamus,
744 4581 861 4634 qua:
898 4567 1058 4620 nimia
1092 4566 1386 4635 cupiditate
1416 4569 1793 4636 perquiritnus.

1903 4591 2114 4648 putares
2143 4579 2412 4632 sinistram
2441 4575 2585 4648 (quia
2629 4584 2682 4630 et
2725 4577 2835 4643 ipsa
2877 4591 3000 4644 pars
3044 4576 3200 4631 habet
3230 4580 3474 4647 corporis

209 4659 424 4727 Pauper
449 4659 592 4712 enim
625 4658 799 4711 subito
824 4659 971 4712 dives
999 4658 1253 4721 efficitur,
1277 4660 1598 4713 criminosus
1629 4660 1797 4714 hono-

205 4752 393 4804 rabilis
437 4753 725 4812 invenitur,
760 4749 951 4803 fruitur
980 4749 1116 4803 alter
1142 4758 1326 4817 optato
1353 4749 1622 4820 coniugio,
1658 4766 1794 4805 non-

201 4844 385 4894 nullus
425 4841 734 4894 desiderato
779 4842 976 4906 potitur
1008 4841 1259 4908 imperio.
1313 4839 1379 4893 Et
1423 4839 1506 4895 his
1548 4841 1796 4896 omnibus

199 4934 385 4986 subito
416 4931 726 4995 derelictis,
772 4932 1074 4999 patentibus
1113 4931 1282 4985 oculis
1313 4945 1416 4984 non
1451 4931 1791 5000 respicimus,

198 5045 324 5097 qua:
351 5030 542 5083 clauso
566 5029 768 5082 lumine
794 5028 1172 5082 cernebamus.
1207 5029 1344 5082 Ecce
1371 5028 1458 5082 illa
1485 5030 1794 5084 admiranda

198 5124 436 5175 felicitas
467 5122 751 5189 impiorum
785 5121 1023 5186 pervenit
1064 5121 1129 5174 ad
1172 5122 1460 5175 somnium.
1516 5122 1604 5177 Sic
1651 5124 1792 5178 enim

193 5216 312 5282 jam
359 5216 557 5268 mortui
607 5214 818 5267 divitias
865 5213 1142 5282 possidere
1193 5228 1298 5268 non
1351 5225 1607 5281 possunt,
1659 5217 1796 5270 sicut

193 5306 322 5373 evig
351 5305 522 5358 tantes
567 5318 664 5358 sua
708 5305 897 5371 gaudia
945 5304 1315 5373 perdiderunt.
1367 5304 1422 5359 In
1471 5306 1570 5360 hoc
1612 5319 1792 5363 autem

192 5403 473 5447 commate
501 5394 773 5448 distinctio
803 5395 956 5462 plena
1008 5395 1216 5463 figenda
1265 5407 1378 5463 est,
1428 5399 1674 5466 quoniam
1722 5399 1790 5454 de

189 5484 575 5555 superioribus
621 5485 838 5555 pendet.
893 5485 1169 5555 Sequitur,
1201 5483 1453 5551 Domine,
1499 5488 1551 5540 in
1591 5489 1790 5543 civitafe

190 5591 284 5632 tua
313 5579 592 5647 imaginem
620 5594 795 5631 eorum
819 5577 888 5630 ad
913 5578 1129 5631 nihilum
1154 5580 1370 5649 redigas.
1406 5580 1499 5634 llic
1525 5580 1633 5650 jam
1662 5579 1791 5635 dicit

188 5667 658 5738 quemadmodum
682 5669 735 5720 in
762 5668 850 5722 illa
871 5667 1167 5722 Jerusalem
1189 5670 1393 5724 caelesti
1422 5670 1569 5737 impii
1594 5669 1789 5724 divinis

190 5779 299 5816 non
337 5761 548 5831 possint
577 5775 840 5828 apparere
870 5762 1274 5830 conspectibus;
1307 5765 1400 5821 sed
1432 5764 1569 5819 sicut
1599 5764 1649 5817 in
1684 5767 1787 5818 isto

524 5873 795 5934 Ρλτειοι..
844 5873 1036 5934 LXX.

1900 4667 2169 4738 manum),
2202 4667 2432 4730 addidit,
2464 4668 2722 4720 dexteram
2764 4682 2948 4718 meam.
2998 4664 3161 4732 Cuius
3187 4669 3328 4722 enim
3361 4669 3474 4724 lucc

1900 4775 2024 4830 pars
2061 4779 2087 4811 a
2129 4759 2350 4812 Domino
2388 4765 2617 4820 tenetur,
2651 4769 2862 4824 semper
2890 4754 3186 4808 absolvitur
3211 4767 3370 4824 atque
3411 4757 3473 4810 li-

1900 4853 2150 4913 beratur;
2179 4849 2315 4903 sicut
2343 4845 2499 4900 Petro
2526 4845 2784 4913 mergenti
2811 4843 3072 4897 dexteram
3100 4845 3258 4898 tenuit
3290 4846 3470 4898 Domi-

1900 4957 2032 5006 nus,
2074 4953 2304 5009 cumque
2336 4937 2459 4992 fecit
2487 4935 2812 4990 elementum
2842 4935 3100 5005 liquidum
3132 4935 3238 4990 fixo
3264 4937 3473 4994 calcare

1898 5032 2142 5101 vestigio.

1972 5125 2128 5180 Vers.
2153 5123 2245 5177 Ἦ.
2296 5123 2361 5177 1η
2402 5123 2660 5177 voluntate
2694 5133 2783 5176 tua
2817 5122 3074 5177 deduxisti
3112 5139 3220 5188 me,
3268 5132 3315 5177 et
3359 5140 3474 5177 cum

1897 5218 2060 5288 gloria
2094 5215 2414 5287 assuntpsisti
2451 5230 2546 5268 me.
2602 5214 2696 5268 llic
2725 5229 2937 5283 quoque
2966 5214 3131 5282 gratia
3163 5215 3369 5268 Domini
3399 5215 3474 5269 si-

1896 5308 2199 5378 gniﬁcatur,
2236 5323 2340 5376 qua
2369 5305 2592 5360 redemit
2621 5313 2949 5374 peccatores.
2999 5305 3109 5359 Non
3142 5307 3280 5360 enim
3312 5307 3466 5372 dixit,

1897 5400 2102 5453 meritis
2146 5398 2308 5462 meis,
2359 5398 2452 5452 sed
2498 5399 2754 5451 voluntate
2801 5407 2890 5449 tua
2935 5397 3191 5451 deduxisti
3237 5413 3354 5462 me;
3401 5400 3467 5452 ad

1896 5490 2225 5545 intellectum
2275 5488 2483 5541 scilicet
2531 5486 2978 5553 saluberrimum,
3029 5485 3094 5539 ad
3141 5503 3297 5557 quem
3351 5500 3471 5558 post

1895 5579 2199 5634 mortiferas
2241 5577 2592 5646 cogitationes
2633 5585 2880 5645 tanquam
2926 5576 2993 5630 de
3039 5576 3156 5631 loco
3199 5580 3468 5648 sepulcri,

1896 5669 2124 5724 Domino
2153 5666 2489 5732 vivificante,
2531 5683 2778 5722 reversus
2817 5675 2919 5720 est.
2971 5665 3244 5737 Sequitur,
3275 5681 3326 5724 ct
3351 5689 3465 5726 cum

1890 5764 2054 5833 gloria
2079 5760 2394 5830 assumpsiin
2426 5779 2522 5817 me.
2559 5761 2652 5816 llic
2679 5761 2954 5816 denuntiat
2986 5763 3194 5818 Domini
3225 5765 3467 5823 int-mna-

3035 5880 3108 5938 i7
