3956 6178
463 253 562 305 εἶὶό

1683 256 1751 312 Μ.
1790 257 2068 314 AURELII
2107 257 2510 315 CASSIODOIiI

3613 259 3720 311 52's

461 374 658 426 tionem
691 369 948 436 futuram,
998 371 1047 423 in
1087 386 1186 439 qua
1234 371 1502 426 hominem
1534 385 1792 424 assumere
1833 371 2029 438 pietate
2057 371 2107 429 Α
2139 369 2402 438 paulisper
2432 377 2747 432 recesserat,
2778 377 2831 421 ut
2864 367 3092 432 rediret,
3125 364 3359 437 quando,
3394 365 3532 418 sicut
3561 379 3708 434 srepe

457 478 550 516 sua
579 463 823 531 dignatus
850 471 946 516 est.
983 460 1116 528 Quid
1148 462 1286 515 enim
1317 462 1614 516 mirabilius
1644 476 1800 531 quam
1831 471 2032 515 morta-

353 537 365 551 ’
458 556 559 608 Icm
595 564 833 606 naturam
865 552 1226 606 incarnatione
1254 552 1417 608 Vetbi
1456 555 1520 606 ad
1551 552 1724 606 Patris
1755 555 2028 606 dexteram

455 646 798 709 collocatam,
845 654 897 699 et
936 659 1054 698 eam
1087 644 1231 698 vivos
1274 655 1327 699 et
1371 653 1609 699 mortuos
1643 643 2028 712 judicaturam,

452 751 570 804 qua:
603 747 719 805 post
747 736 997 790 delictum
1034 736 1186 804 primi
1216 736 1444 790 hominis
1471 737 1751 791 diabolicis
1781 737 2032 789 tentatio-

453 816 608 882 nibus
649 827 1001 898 subiacebat?
1052 827 1202 882 Unde
1247 829 1406 882 etiam
1456 826 1831 897 probatissime
1871 836 2029 894 atque

452 935 708 986 expresse
737 919 969 974 Joannes
996 916 1618 986 Constantiuopolitanus
1646 919 1928 984 episcOpus
1951 919 2030 970 ait

453 1009 554 1078 (In
600 1010 776 1063 ltomil.
827 1011 889 1062 de
931 1009 1211 1079 Ascens.):
1264 1007 1658 1078 Cognoscamns
1705 1007 1867 1080 248
1909 1023 2029 1078 qua:

451 1113 635 1158 natura
666 1111 770 1167 εει,
801 1103 882 1156 ειιὶ
915 1101 1078 1156 dixit:
1113 1101 1240 1156 Esto
1271 1117 1404 1155 mem
1433 1101 1696 1169 particeps
1725 1101 1904 1166 sedis;
1939 1101 2027 1155 illa

451 1206 637 1248 natura
669 1208 785 1263 quin
815 1191 1054 1248 audivit:
1093 1191 1250 1245 Terra
1279 1208 1330 1245 es
1359 1201 1407 1245 et
1441 1193 1493 1244 in
1523 1199 1709 1243 terram
1750 1191 1844 1243 ibis
1870 1189 2022 1261 (Gen.

451 1302 527 1352 ill,
558 1287 668 1356 19).

524 1376 676 1431 Vers.
703 1376 794 1430 25.
829 1376 962 1442 Quid
983 1377 1115 1429 enim
1141 1375 1263 1428 milii
1285 1384 1440 1430 restat
1466 1380 1515 1428 in
1542 1376 1685 1443 calo,
1709 1385 1754 1429 ct
1781 1394 1812 1430 a
1834 1387 1880 1430 te
1903 1377 2027 1442 quid

448 1470 587 1524 rolui
616 1487 767 1540 super
798 1471 1029 1523 terram?
1079 1469 1359 1537 Postquam
1397 1469 1531 1524 dixit
1575 1471 2024 1537 quemadmodum

451 1585 484 1622 ει
521 1578 681 1632 pravo
717 1576 876 1616 sensu
906 1564 1174 1616 voluntate
1205 1562 1412 1616 Domini
1444 1563 1602 1616 fuerit
1630 1562 1924 1625 absolutus,
1957 1564 2024 1616 ad

449 1665 690 1719 quartum
715 1653 858 1706 venit
883 1654 1207 1722 ingressum:
1234 1653 1320 1706 uhi
1340 1654 1447 1721 jam
1475 1652 1613 1707 bona
1642 1654 2024 1708 misericordize

2137 461 2336 514 dictum
2367 473 2478 525 εει,
2520 459 2870 528 cogitationes
2903 473 3092 528 pravas
3121 457 3190 511 de
3220 467 3563 525 peccatorum
3596 454 3721 525 feli-

2136 551 2298 605 citate
2347 561 2708 605 contraxerat.
2780 551 3053 620 Sequitur,
3100 549 3371 616 perdidisti
3416 563 3589 602 omnes
3629 550 3720 618 qui

2134 643 2456 710 fornicamur
2485 644 2573 696 abs
2604 652 2670 696 te.
2715 641 2990 696 Fornimri
3025 651 3108 697 est
3144 657 3171 694 a
3205 641 3457 704 Domino,
3503 641 3719 710 quando

2132 729 2446 784 adulterinis
2473 731 2885 799 cogitationibus
2913 731 2981 784 ab
3005 731 3121 799 ejus
3146 744 3327 783 amore
3355 738 3504 784 casto
3528 729 3720 784 devia-

2132 835 2281 884 mus,
2322 832 2374 876 et
2407 822 2668 875 luxuriam
2699 821 2877 876 szeculi
2913 831 3282 890 praeponentes
3316 829 3714 888 praeceptorum

2131 914 2430 967 caelestium
2487 927 2591 974 non
2641 913 2928 982 recipimus
2974 912 3334 981 disciplinam.
3385 910 3537 978 Quod
3589 911 3718 966 illos

2131 1002 2310 1058 facere
2338 1003 2679 1059 manifestum
2707 1014 2818 1071 est,
2849 1005 2936 1075 qui
2965 1005 3202 1059 culturas
3230 1003 3492 1058 idolorum
3523 1018 3719 1058 vanas-

2129 1110 2233 1164 que
2259 1096 2668 1165 superstitiones
2707 1097 2994 1164 impietatis
3022 1095 3306 1161 affectant;
3361 1104 3412 1150 et
3454 1094 3714 1165 quidquid

2131 1176 2400 1254 postremo
2433 1195 2616 1240 contra
2660 1185 2976 1241 catholicam
3012 1185 3168 1240 fidem
3198 1185 3455 1253 creditur,
3488 1185 3715 1255 pollutis

2128 1275 2376 1330 sensibus
2405 1276 2714 1331 fornicatur.

2203 1369 2354 1424 Vers.
2377 1369 2468 1422 ‘28.
2503 1369 2634 1422 Mihi
2661 1379 2827 1422 autem
2855 1369 3114 1422 adha’rere
3144 1367 3250 1421 Deo
3277 1367 3462 1422 bonum
3489 1375 3585 1434 est,
3613 1382 3711 1436 pa»

2128 1473 2245 1511 nere
2272 1460 2324 1511 in
2358 1456 2466 1511 Deo
2500 1475 2637 1529 spem
2672 1475 2871 1512 meum:
2906 1468 2958 1511 ut
2989 1461 3287 1512 annuntiem
3317 1474 3490 1512 omnes
3519 1456 3703 1510 laudes

2127 1556 2240 1600 tuas
2270 1551 2321 1601 in
2352 1551 2511 1617 portis
2545 1550 2670 1616 ﬁlia:
2699 1549 2862 1626 Sion.
2904 1549 3039 1604 Ecce
3068 1550 3371 1604 declaratus
3400 1560 3483 1604 est
3511 1565 3705 1604 sensus

2128 1640 2215 1694 ille
2244 1656 2399 1710 quem
2442 1641 2719 1696 diximus:
2762 1643 2882 1710 quia
2926 1641 3048 1696 licet
3089 1656 3248 1710 prava
3287 1656 3345 1695 se
3382 1641 3709 1710 cogitatione

449 1745 578 1816 [cd.,
608 1745 797 1798 bonam
831 1743 1273 1813 misericordiam]
1317 1743 1482 1810 ipsius
1527 1744 1778 1799 liberatus
1804 1759 2021 1800 enume-
2054 1761 2097 1818 Β
2129 1734 2409 1801 βοηιιθτίι»
2467 1744 2644 1788 tame"
2699 1749 2738 1787 a'
2779 1735 2985 1788 Clllllll‘ﬂ
3039 1734 3247 1787 Domini
3301 1748 3404 1787 ηοη
3455 1733 3705 1787 recessit

449 1847 550 1891 rat.
597 1836 725 1894 Nam
754 1852 875 1891 cum
906 1834 1054 1899 dicit,
1092 1835 1227 1901 Quid
1257 1843 1412 1888 restat
1443 1836 1494 1888 in
1522 1838 1664 1900 (mlo,
1697 1836 2020 1889 subaudien-

448 1931 570 1983 tlutn
600 1939 707 1993 est,
751 1928 876 1996 quid
907 1927 1136 1995 amplius
1169 1937 1366 1994 petam,
1417 1927 1467 1980 id
1516 1938 1624 1992 est,
1676 1944 1832 1996 quam
1880 1929 2020 1996 quod

448 2023 645 2078 mundo
673 2023 891 2076 daturus
919 2021 1014 2076 es?
1045 2021 1364 2075 Beneficium
1394 2020 1596 2075 scilicet
1624 2029 1824 2074 sanctae
1852 2020 2025 2073 incar-

447 2117 677 2171 nationis
707 2127 841 2180 tuat;
885 2124 944 2168 ut
979 2113 1118 2168 Deus
1146 2113 1306 2167 homo
1331 2129 1394 2167 ex
1427 2113 1631 2167 duabus
1659 2125 1710 2167 et
1739 2115 1787 2166 in
1818 2112 2024 2167 duabus

451 2206 651 2261 naturis
691 2204 956 2258 tlistinctis
997 2213 1155 2272 atque
1196 2201 1446 2272 perfectis
1488 2218 1624 2256 unus
1653 2203 1898 2256 Christus
1925 2217 2022 2270 ap-

452 2308 662 2369 pareat,
710 2307 763 2352 et
792 2298 1095 2350 datnnatum
1129 2296 1244 2368 lege
1287 2295 1488 2366 peccati
1537 2311 1630 2364 per
1669 2298 1892 2364 gratiam
1933 2311 2015 2350 re-

449 2391 771 2461 tlemptionis
820 2389 1082 2442 absolvat.
1135 2388 1465 2456 lncrepative
1508 2397 1685 2441 autem
1732 2398 1918 2441 contra
1964 2401 2023 2441 se

451 2485 580 2539 dicit
631 2482 770 2552 quod
800 2481 1068 2551 sequitur,
1092 2490 1137 2533 et
1167 2497 1197 2532 a
1228 2488 1274 2534 te
1303 2473 1425 2546 quid
1457 2479 1589 2532 volui
1617 2494 1766 2546 super
1793 2477 2024 2530 terram?

450 2580 597 2648 quasi
639 2578 874 2632 diceret:
926 2579 1034 2647 Ego
1075 2577 1319 2634 veritatis
1363 2576 1603 2645 ignarus,
1647 2575 1820 2644 qualia
1863 2589 2025 2642 super

450 2679 645 2724 terram
674 2669 976 2738 sperabam,
1022 2678 1078 2722 ut
1117 2677 1458 2738 peceatorum
1488 2666 1623 2720 bona
1654 2681 1902 2735 cuperem
1932 2666 2024 2718 ha-

449 2760 578 2813 bere
606 2760 926 2823 communia,
960 2773 1078 2812 cum
1111 2768 1164 2811 tu
1193 2758 1448 2812 beneficia
1478 2771 1692 2824 parares
1723 2755 1774 2808 in
1811 2755 2025 2808 tutemi-

451 2860 557 2905 tate
580 2851 861 2904 mansura?
887 2850 1002 2904 Ista:
1023 2859 1144 2902 sunt
1167 2849 1340 2917 potius
1363 2848 1562 2900 divitia!
1584 2861 1717 2916 quas
1738 2845 2025 2900 salubriter

448 2960 644 3011 cupere
665 2945 984 3007 debeamus;
1019 2944 1115 2995 ista
1143 2941 1368 2995 felicitas
1393 2939 1458 2994 de
1481 2955 1581 3008 qua
1607 2954 1664 2992 se
1687 2937 2023 2992 Christianus

451 3039 672 3105 gaudeat
691 3053 810 3093 esse
837 3037 1182 3105 locupletem;
1213 3044 1266 3086 ut
1289 3033 1357 3085 sit
1383 3046 1580 3099 pauper
1602 3032 1653 3083 iu
1680 3029 1779 3084 hoc
1802 3028 2020 3092 saeculo,

449 3129 596 3182 dives
627 3131 682 3182 in.
703 3128 858 3184 εωιυ.

524 3220 672 3273 \‘ers.
694 3219 782 3270 26.
819 3216 1013 3287 Defecit
1042 3231 1158 3268 caro
1185 3230 1294 3267 utea
1324 3222 1374 3268 et
1401 3228 1486 3265 cor
1507 3228 1668 3265 meum
1693 3228 1709 3264 :
1746 3211 1880 3265 Deus
1910 3227 2022 3262 cor-

450 3309 526 3361 dis
557 3307 673 3369 mei,
707 3317 752 3359 et
781 3321 900 3377 pars
931 3320 1038 3361 mea
1071 3303 1204 3356 Deus
1232 3303 1280 3354 iu
1311 3301 1522 3355 saecula.
1574 3301 1818 3355 Defectus
1849 3300 2022 3355 dictus

449 3411 559 3465 est,
606 3399 854 3467 quoniam
894 3397 1043 3450 deest
1087 3395 1162 3450 illi
1201 3393 1445 3450 effectus.
1499 3393 1564 3446 Et
1605 3393 1726 3462 jure
1768 3394 2020 3460 cogitatio

451 3491 677 3545 carnalis
705 3489 974 3559 defecerat,
1006 3503 1124 3556 qua:
1156 3502 1213 3542 se
1244 3501 1453 3540 errasse
1485 3485 1760 3540 noset-bat.
1810 3484 1914 3541 Sed
1944 3486 2019 3539 illi

449 3581 752 3646 confitetur,
795 3579 879 3633 cui
918 3579 1126 3646 culpam
1167 3575 1406 3632 revelare
1449 3575 1741 3630 remedium
1771 3588 1888 3630 est:
1921 3575 2018 3630 de-

450 3675 570 3726 licta
601 3669 843 3725 confiteri
883 3669 1164 3723 securitas.
1200 3669 1264 3721 Et
1293 3676 1415 3721 nota
1445 3667 1585 3737 quod
1618 3667 1672 3721 in
1703 3669 1810 3721 uno
1839 3681 2017 3732 versu,

450 3781 536 3816 car
560 3772 612 3817 et
640 3762 692 3815 in
725 3763 863 3816 bono
885 3760 1098 3830 ponitur
1124 3770 1178 3815 et
1210 3761 1261 3813 in
1291 3760 1449 3813 malo.
1484 3758 1681 3830 Deiecit
1707 3775 1812 3823 cor,
1839 3760 2020 3828 utique

450 3855 586 3908 mala
608 3852 880 3922 cogitatio.
912 3851 1046 3905 Deus
1071 3851 1259 3920 cordis,
1284 3850 1479 3905 bonum
1508 3850 1834 3905 intellectum
1857 3851 2019 3920 signi-

452 3947 592 4012 ficat,
615 3959 736 3999 cum
761 3957 817 3998 se
842 3957 1052 3999 errasse
1077 3942 1359 3996 salubriter
1385 3942 1668 3996 sentiebat.
1717 3940 1848 3996 Illud
1881 3958 2018 4011 quo-

447 4054 562 4105 que.
577 4036 865 4091 notandum
894 4043 1002 4100 est,
1036 4032 1175 4102 quod
1207 4032 1512 4104 frequenter
1537 4031 1811 4101 Scriptura
1838 4032 2017 4085 divina

447 4133 512 4186 de
542 4130 780 4200 corporis
819 4127 1115 4183 istiusmodi
1150 4136 1298 4196 parte
1325 4127 1454 4183 dicit
1481 4141 1732 4182 emanare
1758 4127 2014 4192 consilia;

447 4224 582 4275 sicut
611 4221 865 4288 scriptum
893 4227 1009 4272 est:
1047 4216 1123 4270 De
1146 4219 1298 4272 corde
1321 4205 1541 4274 hominis
1569 4219 1850 4286 procedunt
1883 4217 2019 4289 cogi-

447 4316 658 4366 tationes
687 4311 836 4365 mala:
862 4310 1074 4381 (Matth.
1101 4327 1187 4377 xv,
1221 4310 1330 4380 19).
1363 4311 1618 4378 Quamvis
1646 4311 1808 4382 aliqui
1839 4311 2018 4366 dicant

445 4405 497 4456 in
527 4401 750 4457 cerebro
779 4415 898 4454 esse
925 4401 1198 4470 sapientiae
1229 4402 1432 4456 sedem.
1480 4402 1586 4457 Sed
1619 4402 1694 4456 illi
1728 4405 1904 4472 potius
1933 4403 2018 4458 di~

2129 1826 2266 1914 Dicit
2299 1824 2476 1891 enim,
2527 1825 2711 1880 bonum
2757 1825 2856 1878 sibi
2900 1839 3020 1879 esse
3057 1825 3318 1878 adhmrere
3361 1823 3603 1878 Domino.
3637 1823 3709 1876 'Is

2126 1918 2268 1970 enim
2311 1917 2577 1969 Divinitati
2618 1915 2850 1968 adhwret~
2887 1915 2976 1984 qui
3017 1929 3075 1969 se
3118 1914 3196 1967 illi
3228 1927 3354 1967 vera
3399 1914 3502 1967 fide
3543 1922 3710 1982 atque

2126 2023 2345 2077 operum
2381 2009 2646 2078 probitate
2675 2006 2974 2076 conjungit.
3023 2005 3154 2060 Nam
3186 2005 3329 2060 sicut
3356 2003 3547 2073 impios
3573 2003 3706 2057 dicit

2124 2097 2428 2166 elongatos',
2477 2097 2547 2150 ita
2589 2112 2648 2150 se
2694 2096 2916 2150 Domino
2955 2095 3231 2149 adhaerere
3275 2095 3588 2163 profitetur;
3646 2103 3709 2144 ut

2127 2187 2232 2241 illis
2261 2187 2523 2240 contraria
2558 2186 2818 2250 faciendo,
2851 2185 3117 2254 disparem
3151 2183 3580 2243 vicissitudinem
3618 2200 3706 2235 rc-

2127 2275 2509 2328 tnunerationis
2538 2275 2791 2328 inveniat.
2827 2274 3098 2342 Sequitur,
3129 2291 3313 2343 ponere
3343 2275 3394 2326 in
3427 2274 3530 2326 Deo
3560 2290 3706 2340 spent

2125 2381 2310 2420 meam.
2365 2365 2596 2434 Exponit
2644 2366 2862 2419 verbum
2913 2364 3054 2434 quod
3104 2365 3351 2428 superius
3399 2363 3550 2417 dixit.
3607 2363 3709 2417 Ille

2125 2460 2264 2512 enim
2291 2457 2517 2510 adhwret
2545 2455 2654 2510 Deo
2681 2459 2769 2525 qui
2797 2472 2943 2525 spem
2973 2471 3124 2512 suam
3157 2456 3306 2525 ponit
3344 2455 3397 2508 iu
3429 2455 3660 2510 Domino
3688 2472 3700 2506 :

2125 2551 2246 2618 quia
2277 2549 2406 2602 nihil
2448 2559 2616 2616 potest
2648 2563 2771 2603 esse
2805 2549 3012 2603 beatius
3043 2563 3200 2617 quam
3234 2548 3308 2601 illi
3340 2548 3515 2601 omnia
3547 2561 3708 2600 com-

2127 2641 2356 2705 mittere,
2389 2639 2475 2707 qui
2510 2640 2655 2692 novit
2685 2639 2795 2691 suis
2825 2639 3121 2693 cultoribus
3150 2653 3383 2708 congrue
3418 2639 3704 2707 profutura

2128 2739 2399 2799 praestare.
2433 2730 2670 2796 Addidit,
2701 2741 2753 2782 ut
2778 2733 3071 2799 annuntiem
3099 2747 3269 2785 onmes
3296 2732 3474 2785 laudes
3500 2741 3616 2784 tuas
3646 2733 3708 2785 in.

2126 2822 2282 2889 portis
2317 2821 2439 2890 ﬁlia:
2466 2821 2612 2876 Sion.
2664 2820 2794 2876 Sion
2839 2820 3147 2889 frequenter
3187 2822 3419 2875 diximus
3464 2833 3705 2876 montem

2126 2928 2244 2967 esse
2268 2913 2615 2984 Jerosolymis
2642 2913 3013 2980 constitutum,
3042 2915 3128 2984 qui
3162 2923 3339 2968 nostra
3375 2915 3551 2985 lingua
3581 2929 3704 2982 Spe-

2124 3004 2320 3057 culatio
2382 3001 2784 3071 interpretatur.
2852 3004 3008 3058 Istius
3056 3019 3183 3072 ergo
3230 3004 3710 3072 contemplationis

2049 3121 2094 3184 c
2127 3094 2307 3159 filiam,
2327 3093 2642 3149 catholicam
2667 3105 2877 3150 constat
2899 3110 3019 3150 esse
3040 3096 3330 3150 Ecclesiam
3353 3138 3370 3164 ,
3398 3097 3486 3150 ubi
3505 3112 3705 3152 revera

2128 3183 2307 3238 Iaudes
2356 3185 2577 3238 Domino
2624 3185 2829 3251 reddit,
2875 3187 2963 3255 qui
3010 3202 3137 3254 pura
3170 3201 3349 3242 mente
3381 3187 3702 3242 crediderit.

2125 3275 2191 3329 In
2218 3277 2395 3346 portis,
2421 3277 2593 3346 ipsum
2624 3277 2920 3346 ingressum
2948 3277 3362 3332 Christianitatis
3393 3280 3592 3333 mavult
3623 3279 3705 3332 in-

2125 3371 2312 3438 telligi,
2340 3371 2549 3440 quando
2573 3372 2636 3424 ad
2663 3387 2838 3426 veram
2871 3365 3026 3425 fidem
3053 3371 3444 3442 percipiendam
3477 3371 3710 3440 pupulns

2125 3474 2278 3513 novae
2307 3461 2726 3529 regenerationis
2754 3462 3056 3516 adducitur.

2650 3574 2919 3630 Conclusio
2960 3577 3165 3644 psalmi.

2192 3688 2361 3754 Quam
2393 3688 2708 3745 mirabiliter
2735 3688 2914 3758 Asapli
2945 3689 3045 3744 iste
3074 3687 3227 3758 cujus
3257 3703 3450 3744 nomen
3492 3688 3697 3743 indicat

2121 3777 2479 3849 Synagogam,
2511 3788 2568 3833 et
2595 3780 2902 3849 pratteritos
2925 3794 3140 3834 errores
3168 3783 3394 3850 respuit,
3425 3790 3478 3834 et
3508 3781 3703 3838 futurte

2121 3871 2257 3925 bona
2305 3869 2640 3925 credulitatis
2687 3869 3007 3940 assumpsit!
3051 3870 3372 3934 Deliberavit
3420 3871 3562 3923 enim
3615 3884 3707 3923 sa-

2121 3962 2350 4030 pienter,
2393 3961 2556 4031 elegit
2595 3961 2823 4026 eximie,
2871 3969 2928 4014 ut
2966 3975 3070 4015 non
3101 3960 3369 4015 immerito
3403 3973 3521 4029 post
3553 3961 3703 4014 illam

2120 4053 2412 4120 superioris
2466 4052 2657 4120 psalmi
2707 4052 2774 4107 de
2822 4052 3053 4107 adventu
3104 4053 3314 4107 Domini
3363 4052 3703 4108 salutiferam

2121 4146 2552 4213 promissionem,
2587 4148 2966 4215 septuagesimi
3000 4146 3221 4201 secundi
3265 4146 3457 4214 psalmi
3504 4147 3553 4200 ei
3604 4162 3706 4200 nu-

2119 4249 2299 4289 merus
2325 4237 2641 4290 convenisse
2669 4235 2934 4301 videatur,
2981 4238 3196 4306 quando
3225 4246 3473 4306 utrasque
3498 4239 3709 4307 cogita-

2122 4328 2323 4382 tionum
2354 4337 2554 4396 partes,
2585 4326 2728 4382 velut
2755 4327 2898 4397 justa
2929 4327 3064 4382 libra
3093 4329 3426 4395 discernens,
3450 4329 3705 4396 aequabili

2121 4426 2288 4470 totum
2353 4417 2721 4472 moderatione
2789 4420 3056 4486 pensavit.
3132 4419 3406 4488 Completa
3469 4427 3551 4473 est
3620 4419 3708 4473 his

445 4491 588 4545 θθηιί
617 4490 683 4544 de
710 4489 868 4544 corde
899 4497 1080 4580 "05"?
1110 4491 1434 4545 credendum
1466 4501 1579 4580 θείιη
1603 4492 1886 4578 (ιιιῖροτάει
1917 4511 2012 4549 ηο·
2039 4501 2090 4560 1)
2116 4508 2572 4564 admonitionibus
2601 4509 2860 4565 institutio
2889 4510 3207 4576 Christiani,
3256 4519 3314 4565 ut
3355 4525 3453 4565 nec
3491 4512 3706 4580 cogita-

445 4593 552 4636 stra
582 4580 849 4636 formavit.
897 4579 1166 4648 Sequitur,
1190 4590 1234 4633 et
1263 4597 1383 4651 pars
1412 4597 1523 4634 mea
1552 4572 1774 4637 Deus'fn
1800 4583 2014 4638 saecula.

449 4676 587 4730 Illius
616 4675 845 4728 hominis
885 4689 1006 4744 pars
1034 4672 1176 4726 Deus
1204 4682 1305 4736 est,
1340 4675 1428 4742 qui
1460 4687 1519 4728 se
1550 4672 1818 4743 maiestati
1848 4674 2014 4744 ipsius

442 4780 495 4821 et
536 4765 848 4821 credulitate
892 4765 1192 4828 consociat,
1241 4774 1295 4818 et
1340 4765 1602 4833 probabili
1633 4766 1842 4821 actione
1871 4770 2018 4821 com;

441 4861 674 4916 mendat.
707 4857 774 4914 In
799 4859 984 4914 uacula
1014 4872 1138 4912 vero
1165 4856 1304 4928 quod
1333 4857 1563 4922 addidit,
1591 4873 1804 4928 semper
1828 4872 1886 4912 se
1915 4858 2016 4926 ipsi

440 4947 714 5001 adhaerere
763 4945 1024 5015 promisit.
1080 4944 1230 5011 Quod
1285 4959 1474 4998 revera
1526 4945 1882 5011 perfecturum
1936 4955 2020 5000 est

442 5054 707 5109 nunquam
749 5039 814 5092 ab
855 5038 942 5092 illo
971 5037 1109 5092 velle
1135 5037 1433 5104 discedere,
1469 5039 1585 5092 sine
1615 5054 1720 5108 quo
1751 5039 2017 5109 contingit

441 5147 652 5202 semper
679 5145 877 5184 errare.

511 5222 666 5277 Vers.
692 5221 778 5274 '27.
822 5219 954 5287 Quia
984 5235 1094 5272 ecce
1122 5221 1207 5289 qui
1238 5221 1476 5291 elongant
1512 5237 1566 5274 se
1594 5237 1623 5272 a
1657 5233 1703 5274 te
1734 5221 2008 5289 peribunt;

440 5315 706 5384 perdidisti
736 5330 904 5367 omnes
935 5312 1020 5382 qui
1050 5313 1370 5381 fornicamur
1402 5312 1491 5364 ab:
1523 5320 1588 5366 te.
1639 5311 1851 5366 Illorum
1893 5330 2007 5369 mc-

441 5423 554 5461 mor
585 5418 664 5461 cst
694 5407 758 5460 de
786 5407 976 5476 quibus
1006 5406 1249 5474 superius
1276 5404 1412 5458 dixit
1437 5422 1450 5456 :
1486 5404 1666 5458 Subito
1691 5407 2012 5476 defecerunt;

441 5499 694 5568 perierunt
727 5507 928 5567 prapter
952 5496 1264 5563 iniquitatem
1293 5511 1456 5549 suam.
1504 5494 1580 5548 Illi
1611 5495 1751 5549 enim
1787 5511 1844 5550 se
1870 5497 2015 5550 elon-

437 5599 679 5655 gaverunt
707 5590 773 5642 ah
800 5604 885 5656 eo,
915 5587 1003 5658 qui
1046 5587 1201 5640 idolis
1242 5587 1556 5651 servientes,
1595 5586 1701 5640 Deo
1733 5599 1863 5640 vero
1896 5587 2012 5639 nul-

448 5680 544 5732 lam
572 5679 920 5732 reverentiam
948 5677 1313 5733 reddiderunt.
1351 5675 1450 5733 Iste
1477 5677 1618 5733 enim
1653 5677 1876 5733 credens
1905 5676 2012 5733 Deo

2122 4602 2352 4656 tionibus
2379 4603 2533 4657 malis
2554 4602 2852 4673 delinquat,
2871 4604 2962 4673 qui
2984 4619 3042 4658 se
3065 4605 3290 4658 Domino
3313 4605 3702 4660 commendare
3778 4662 3781 4665 _

2119 4693 2356 4750 festinat.
2389 4694 2606 4762 Przesta,
2641 4696 2883 4761 Domine,
2911 4713 2978 4752 ne
3005 4712 3103 4752 nos
3130 4697 3324 4752 talibus
3356 4699 3596 4752 invidere
3621 4696 3705 4751 fa-

2123 4784 2254 4850 cias,
2282 4798 2415 4854 quos
2445 4793 2531 4838 tua
2563 4785 2784 4838 veritate
2810 4776 3136 4840 condemnas
3159 4828 3174 4853 ,
3216 4787 3308 4840 sed
3354 4801 3707 4841 exsecrentur

2125 4889 2259 4947 quos
2297 4875 2506 4944 horres,
2540 4886 2590 4929 et
2620 4891 2860 4930 amemus
2891 4887 3035 4932 certe
3061 4893 3193 4947 quos
3223 4879 3434 4947 diligis;
3466 4879 3591 4948 quia
3626 4891 3706 4934 te-

2123 4985 2244 5024 cum
2273 4976 2541 5039 nequeunt
2570 4969 2766 5024 habere
2793 4971 3114 5038 portionem,
3146 4971 3244 5024 nisi
3275 4971 3362 5039 qui
3391 4971 3718 5027 voluntates

2125 5069 2242 5114 tuas
2268 5072 2445 5116 men-te
2471 5060 2813 5115 devotissima
2841 5060 3257 5130 subsequuntur.

2371 5199 2722 5258 EXPOSITIO
2760 5199 2824 5254 IN
2865 5199 3180 5256 PS.\L}IUM
3221 5201 3450 5256 LXXIII.

2644 5292 2942 5349 Intellectus
2969 5295 3164 5365 Asaph.

2192 5407 2483 5461 Intellectus
2513 5406 2779 5477 signiﬁcat
2810 5405 3193 5476 inspectionem
3223 5407 3454 5462 divinam
3477 5448 3491 5472 ,
3535 5423 3699 5475 quam

2117 5497 2353 5568 psalmus
2405 5498 2503 5553 iste
2555 5498 2732 5553 studio
2789 5498 3001 5566 pietatis
3054 5500 3377 5554 omnimodis
3432 5500 3699 5556 intuetur.

2116 5589 2290 5659 Asaph
2313 5589 2470 5659 (sicut
2498 5603 2641 5658 sarpe
2667 5589 2777 5658 jam
2808 5588 3005 5643 dictum
3027 5588 3129 5661 εει)
3153 5591 3531 5660 interpretatur
3553 5591 3703 5646 Con-

2115 5682 2372 5750 grcgttio,
2425 5694 2544 5750 qua:
2592 5694 2733 5736 nunc
2779 5689 3003 5736 vocatur
3042 5681 3295 5737 Ecclesia.
3346 5681 3448 5736 Ista
3489 5678 3702 5740 futuras
