3956 6178
301 319 330 367 2‘)
341 313 402 368 L5

1187 313 1548 372 EXPOSITIO
1589 314 1650 369 IN
1698 313 2156 373 I‘SALTERIUM.
2201 317 2390 374 PSAL.
2437 317 2669 374 LXXIII.

3463 313 3564 371 526

301 431 484 485 clades
529 428 757 484 civitatis
805 428 1102 484 Jerusalem
1154 429 1455 484 miseranda
1499 428 1876 484 lamentatione
1910 433 1961 491 Α
1983 430 2090 498 jam
2117 432 2378 487 reservari
2410 433 2663 496 creditur,
2694 431 2906 500 quando
2926 432 3126 487 sanctis
3156 431 3286 488 locis
3316 447 3568 490 reveren-

305 522 566 588 deplorat.
621 521 748 574 Mira
782 521 983 589 pictas,
1033 521 1290 588 stupenda
1322 521 1634 582 clementia,
1680 519 1879 572 malum

309 620 539 668 l‘utumm
593 621 909 682 pra-sentem
962 613 1065 666 sibi
1114 611 1293 668 facere
1338 614 1653 682 planctum;
1712 625 1761 666 et
1811 612 1890 666 sic

308 707 486 759 dolere
515 716 758 766 ventura,
792 703 942 772 quasi
980 705 1090 772 jam
1123 705 1416 772 probentur
1445 718 1564 758 esse
1594 714 1843 772 suscepta
1871 703 1884 756 ι

311 794 454 858 Quod
487 807 656 864 genus
684 791 931 847 dictionis
960 793 1223 848 charitate
1265 793 1477 860 plenum
1498 834 1511 856 ,
1553 794 1892 862 proximique

311 886 594 938 ditt-ctione
641 892 1019 952 compunctum
1073 894 1126 937 et
1179 884 1230 936 in
1282 883 1384 938 hoc
1434 884 1680 952 psalmo,
1733 895 1786 938 et
1839 885 1892 938 in

311 975 704 1044 septuagesimo
725 983 935 1036 octavo,
959 985 1012 1028 et
1040 974 1091 1026 iu
1120 974 1414 1028 centesimo
1442 975 1718 1043 trigesimo
1743 986 1894 1030 sexto

315 1068 548 1132 reperies
578 1067 738 1120 fuisse
764 1074 1061 1120 cantatum.
1094 1067 1244 1121 Scire
1274 1050 1450 1121 autem
1481 1068 1739 1124 debemus
1768 1070 1894 1138 quid

316 1157 528 1210 intersit
576 1156 713 1210 inter
758 1157 1078 1224 ptenitcntes
1126 1165 1178 1210 et
1228 1157 1606 1222 lamentantes.
1646 1161 1894 1228 quoniam

316 1260 439 1304 sunt
461 1251 643 1304 tristes
666 1250 916 1318 lacrymm
942 1253 1180 1320 utrisque
1204 1265 1536 1306 communes.
1570 1253 1898 1308 l’oenitentes

320 1358 412 1409 pro
453 1342 567 1396 suis
607 1342 862 1410 peccatis,
913 1351 1006 1396 aut
1052 1359 1145 1412 pro
1185 1344 1551 1412 generalitatis
1591 1347 1898 1400 excessibus

319 1442 537 1504 rogant;
572 1445 627 1486 ut
654 1433 1101 1504 Dominus259
1116 1434 1309 1488 delicta
1342 1436 1592 1500 dimittat,
1625 1451 1691 1491 ne
1719 1437 1902 1504 puniat

320 1535 494 1578 errata
513 1541 638 1579 cum
662 1525 884 1593 iudicat.
917 1525 1297 1580 Lamentantes
1316 1542 1446 1580 vero
1477 1527 1688 1595 pietatis
1710 1528 1902 1582 intuitu

319 1618 517 1672 deflent
544 1619 776 1672 civitatis
804 1618 1012 1684 ruinas,
1040 1626 1094 1674 et
1125 1619 1396 1672 interitum
1429 1633 1648 1672 suorum
1677 1619 1898 1688 civium,

321 1725 474 1778 quem
503 1709 625 1782 [ms.
656 1707 748 1776 A.,
776 1707 916 1781 quat]
946 1718 1035 1764 aut
1059 1710 1169 1780 jam
1203 1710 1369 1778 passi,
1401 1718 1493 1764 aut
1518 1719 1664 1765 certe
1697 1708 1905 1780 passuri

1993 521 2062 574 tia
2094 536 2196 575 non
2231 521 2489 577 habetur?
2512 523 2783 594 Repulisti,
2807 523 3048 593 abjecisti
3071 533 3174 588 est,
3199 525 3348 594 quasi
3369 525 3569 582 alienos

1993 625 2021 664 a
2068 620 2154 664 tua
2194 611 2503 667 defensione
2533 613 2723 668 fecisti.
2757 611 2821 666 In
2857 614 3034 682 ﬁnem,
3068 613 3153 668 hic
3196 615 3468 669 interitum
3500 618 3574 670 si-

1993 699 2209 768 gnificat
2237 710 2290 758 et
2329 702 2710 770 captivitatem,
2735 718 2892 771 quam
2920 702 3214 756 Jerusalem
3247 705 3575 772 temporibus

1996 790 2307 859 Vespasiani
2346 802 2506 863 atque
2551 793 2653 848 Titi
2706 792 3000 861 principum
3034 809 3062 847 a
3093 793 3346 847 Romanis
3383 793 3578 864 legitur

1998 882 2297 950 pertulisse.
2331 882 2609 952 Sequitur,
2649 883 2828 937 Iratus
2853 895 2926 938 est
2957 885 3102 952 furor
3128 894 3244 937 tuus
3286 902 3442 952 super
3463 901 3576 939 oves

1997 975 2161 1046 gregis
2184 975 2276 1028 tui.
2312 973 2440 1028 Oves
2461 975 2590 1029 dicit
2619 974 2870 1042 populum
2895 973 3222 1039 .Iudznorum,
3257 984 3312 1028 ut
3336 975 3575 1030 nornina-

1999 1072 2083 1119 tus
2108 1081 2231 1137 grex
2253 1065 2322 1134 pii
2352 1065 2587 1120 Pastoris
2611 1066 3030 1119 misericordiam
3057 1077 3440 1121 commoveret.
3465 1066 3576 1120 Ad-

1998 1155 2132 1210 didit
2151 1157 2244 1223 tui,
2267 1157 2388 1226 quia
2405 1171 2618 1226 semper
2641 1158 2689 1210 in
2712 1159 2790 1211 eis
2813 1156 3198 1226 temperantius
3223 1157 3576 1221 vindicamus,

2001 1263 2144 1317 quos.
2167 1249 2450 1318 aliquando
2478 1258 2691 1304 nostros
2719 1249 2883 1303 fuisse
2911 1251 3273 1304 meminimus.

2075 1338 2226 1393 Vers.
2254 1338 2308 1392 2.
2349 1337 2604 1392 Memento
2634 1341 3039 1411 congregationis
3069 1350 3190 1400 tttaz.
3224 1357 3377 1410 quant
3406 1343 3585 1395 creasti

1983 1433 2064 1482 .ab
2093 1430 2240 1483 initio
2264 1429 2524 1484 :Iiberasti
2548 1433 2740 1502 virgam
2759 1432 3074 1484 hereditatis
3100 1441 3220 1496 tute,
3246 1432 3432 1486 montis
3454 1430 3579 1502 [ηις.

2005 1523 2094 1588 A.,
2122 1519 2287 1593 mons]
2311 1521 2460 1587 Sion,
2486 1523 2536 1574 in
2564 1539 2664 1591 quo
2687 1523 2947 1576 Itabt'tastt'.
2981 1523 3192 1580 Intuere
3211 1524 3436 1579 sollicite
3457 1535 3587 1594 quot

2003 1614 2177 1667 modis
2225 1613 2652 1667 benevolentiam
2700 1612 2904 1668 Iudicis
2951 1623 3182 1679 quaerat,
3217 1623 3273 1669 ut
3313 1627 3585 1669 oratorum

2005 1715 2317 1776 argumenta
2350 1706 2472 1760 hinc
2511 1705 2750 1760 invenias
2791 1703 2957 1759 fuisse
2993 1720 3294 1777 progressa.
3341 1706 3586 1761 Przestita

323 1811 460 1855 sunt.
495 1803 649 1856 Unde
673 1811 852 1856 mouet
875 1799 1164 1870 Apostolus
1183 1800 1500 1855 charitatem
1530 1802 1758 1868 proximi
1787 1815 1903 1868 per-
1939 1816 1979 1876 Β
2007 1799 2150 1852 enim
2205 1797 2345 1852 dona
2392 1807 2770 1863 numerantur,
2812 1807 2868 1852 ut
2909 1797 2974 1852 ad
3030 1798 3288 1853 beneﬁcia
3333 1809 3586 1853 consueta

322 1895 575 1958 suadens,
598 1892 834 1947 Gaudere
855 1907 970 1945 cum
991 1891 1348 1962 gaudentibus,
1372 1893 1497 1961 ﬂere
1526 1907 1644 1944 cum
1671 1893 1910 1960 ﬂentibus

323 1985 501 2052 (Rom.
530 1999 634 2048 xu,
677 1985 788 2053 15).
840 1983 1208 2052 Respiciamus
1258 2000 1400 2038 nunc
1444 1985 1685 2038 ordinem
1737 1986 1908 2053 ipsum

325 2077 752 2145 positioncmque
805 2075 1148 2143 psalmorum.
1215 2074 1655 2144 Septuagesimus
1707 2075 1910 2142 primus

327 2170 559 2236 psalmus
603 2167 846 2236 promisit
885 2168 1303 2220 incarnationem
1339 2166 1544 2218 Domini
1579 2180 1699 2221 esse
1723 2178 1910 2221 ventu-

324 2274 453 2312 ram.
481 2259 538 2312 ιιι
569 2259 964 2327 septuagesimo
993 2257 1250 2324 secundo,
1276 2267 1387 2325 post
1400 2255 1585 2334 ppritis
1611 2259 1908 2328 erroribus,

327 2352 500 2418 Asaph
545 2350 704 2416 elegit
745 2349 870 2417 quid
912 2359 1188 2417 sequatur.
1241 2349 1294 2400 lu
1339 2348 1588 2415 praesenti
1631 2359 1807 2402 autem
1835 2352 1912 2403 ci-

327 2443 500 2496 vitatis
550 2441 832 2496 subversio
875 2441 1225 2509 deploratur;
1273 2451 1330 2493 ut
1363 2441 1678 2494 durissimus
1704 2441 1912 2496 animus

323 2535 636 2591 Judmorum
664 2536 746 2589 vel
786 2534 953 2604 ipsius
982 2533 1212 2588 «ivitatis
1237 2546 1346 2586 suae
1375 2532 1766 2588 calamitatibus
1801 2543 1909 2588 ter-

327 2640 554 2685 reretur.
607 2629 799 2682 Totum
845 2628 968 2682 fecit
1017 2629 1254 2683 Medicus
1295 2629 1484 2695 bonus,
1534 2628 1578 2682 si
1626 2629 1908 2682 sanitatem

327 2721 567 2789 recipere
593 2719 847 2773 voluisset
875 2730 1124 2788 {Dgl'OIUu
1157 2719 1556 2773 Meminerimus
1577 2723 1751 2772 autem
1773 2719 1910 2788 quod

323 2813 691 2866 ecclesiastica
741 2812 900 2866 tradit
949 2812 1240 2867 auctoritas
1289 2811 1370 2865 his
1412 2811 1604 2866 diebus
1651 2821 1910 2866 vastatam

322 2903 663 2966 Jerusalem,
719 2904 931 2973 quando
983 2903 1252 2958 Christum
1310 2902 1593 2957 Dominum
1641 2902 1914 2958 cruciﬁxit

326 2995 478 3063 plebs
519 2995 889 3049 crudelissima
933 2994 1271 3061 Judzeorum;
1323 3005 1380 3048 ut
1429 3010 1532 3049 non
1579 2995 1648 3049 sit
1693 2995 1909 3050 dubium

325 3089 463 3156 quod
507 3089 766 3155 temporis
807 3088 1002 3142 malum
1051 3087 1310 3157 receperit
1351 3089 1785 3156 praesumptionis
1819 3104 1912 3143 es-

325 3194 526 3235 cessus.
565 3180 714 3234 Nunc
739 3179 804 3235 ad
834 3179 1034 3250 reliqua
1059 3188 1417 3234 transeamus.

905 3289 1098 3344 Divisio
1126 3287 1330 3361 psalmi.

388 3403 754 3459 Israeiitarum
785 3403 1033 3472 populus,
1056 3402 1146 3472 qui
1178 3403 1399 3473 ﬁguram
1419 3402 1658 3458 co:itinet
1683 3402 1914 3457 devotis-

324 3498 472 3552 simte
527 3495 848 3567 Syuagoye,
898 3511 992 3565 per
1041 3506 1206 3550 totum
1254 3495 1492 3564 loquitur
1520 3495 1802 3565 psalmum.
1859 3495 1913 3547 In

326 3592 492 3658 prima
524 3590 764 3642 sectione
794 3587 1036 3657 deplorat
1064 3603 1161 3642 cur
1188 3586 1365 3641 traditi
1411 3587 1608 3642 fuerint
1643 3585 1908 3653 gentibus,

327 3682 390 3734 ita
445 3692 503 3733 ut
550 3680 913 3734 sanctuarium
947 3677 1158 3732 Domini
1199 3677 1535 3732 inimicorum
1583 3677 1915 3746 profanasset

328 3772 567 3837 audacia,
606 3785 918 3843 memorans
964 3769 1312 3838 quorumdam
1349 3769 1656 3840 Iudaeorum
1688 3783 1780 3823 cor
1809 3769 1914 3821 im-

331 3867 597 3932 ptenitens
645 3862 854 3916 Domini
897 3877 1217 3931 provocasse
1255 3876 1574 3925 censuram;
1615 3875 1678 3915 ex
1721 3859 1913 3930 quibus

329 3968 501 4011 tanien
554 3956 608 4007 in
663 3954 765 4007 line
809 3953 988 4006 surculi
1043 3955 1432 4008 convertendos
1459 3967 1578 4006 esse
1609 3951 1909 4020 prophetat.

327 4044 570 4099 Secunda
602 4043 753 4108 dicit,
802 4042 1032 4096 adventu
1063 4042 1261 4095 Christi
1299 4039 1708 4110 supchtitiones
1730 4048 1786 4093 et
1811 4039 1950 4115 ini-.-

321 4137 555 4204 qnitaies
585 4135 861 4189 hominum
894 4134 1058 4189 fuisse
1099 4135 1434 4206 destructas:
1467 4147 1790 4188 enumerans
1835 4132 1921 4186 ἀί·-

322 4241 478 4278 \ersa
511 4241 636 4278 eum
673 4223 863 4278 fecisse
893 4224 1181 4293 magnalia,
1215 4223 1353 4278 inter
1383 4239 1500 4292 quae
1541 4223 1672 4291 petit
1718 4233 1775 4276 ut
1810 4221 1908 4276 Ju-

315 4319 451 4371 ιιι-ῖς
477 4317 788 4371 errantibus
824 4316 1154 4370 subveniret.
1185 4316 1364 4372 Tertia
1396 4318 1632 4371 sectione
1661 4325 1811 4386 rogat
1855 4326 1914 4372 ut

316 4427 530 4463 memor
561 4409 979 4477 promissionum
1010 4425 1227 4463 suarum
1254 4409 1320 4463 ab
1351 4408 1566 4463 interitu
1595 4422 1779 4462 semen
1810 4409 1914 4463 eri-

313 4504 430 4567 piat
463 4500 718 4564 Abrahae,
746 4509 798 4553 et
825 4500 891 4553 ad
914 4502 1082 4567 ipsum
1105 4500 1618 4569 ascendatsuperbia
1644 4501 1914 4556 Romano-

308 4610 439 4644 rum
462 4591 550 4662 qui
569 4607 628 4646 se
658 4593 958 4646 immaniter
981 4593 1200 4660 (uts.A.,
1229 4585 1321 4654 ι’..
1344 4606 1402 4646 se
1433 4590 1681 4663 inaniter]
1703 4592 1913 4647 estule-

305 4696 465 4737 runt.
509 4684 682 4751 Quem
715 4684 972 4751 psalmum
1003 4684 1246 4736 sollicitis
1297 4683 1564 4736 mentibus
1591 4683 1910 4746 audiamus;

300 4789 404 4830 est.
436 4781 576 4830 enim
609 4777 661 4830 in
695 4775 885 4830 excidii
928 4774 1358 4844 Jerosolymitani
1399 4775 1776 4830 lamentatione
1815 4775 1914 4829 mi-

299 4871 528 4926 rabilis.

867 4981 1133 5052 Eapositio
1165 4981 1375 5052 psalmi.

381 5096 551 5149 Vere.
584 5094 632 5147 Ι.
663 5091 879 5162 thuid,
911 5092 1062 5154 Deus,
1092 5092 1326 5157 repulisti
1354 5092 1402 5142 in
1427 5090 1624 5158 ﬁnem?
1652 5090 1814 5143 iratus
1840 5099 1912 5144 est

286 5193 469 5260 {urar
494 5195 614 5238 tuus
637 5201 792 5254 super
823 5201 934 5238 ores
958 5185 1125 5255 gregis
1153 5184 1245 5237 tui.
1295 5183 1655 5236 lntruducitur
1684 5185 1913 5252 populus

280 5279 631 5335 linteorum
662 5275 770 5328 Deo
786 5275 1108 5342 supplicans,
1135 5283 1192 5326 ut
1218 5283 1489 5326 averteret
1517 5272 1584 5326 ab
1607 5273 1911 5328 Israeliticis

279 5368 459 5442 «ιιιιιό
489 5365 799 5419 imminebat
828 5367 1068 5418 exitium.
1103 5363 1333 5434 Πιᾳυὶάῖ
1358 5363 1642 5431 qutcrcntis
1664 5373 1766 5429 est,
1799 5379 1904 5417 non

281 5458 658 5527 imperantis.
704 5455 890 5510 Merito
914 5455 1052 5508 enim
1097 5454 1313 5509 territus
1349 5453 1621 5522 qumrehat
1660 5467 1754 5507 cur
1779 5470 1909 5508 san-

272 5553 582 5608 ctuarium
609 5548 816 5601 Domini
836 5562 1108 5617 passurum
1126 5557 1268 5601 esset
1289 5545 1724 5600 nefandissimam
1749 5549 1905 5601 vasti~

272 5659 476 5702 tatem
502 5656 515 5700 ;
550 5641 747 5692 timens
774 5655 858 5706 ne,
889 5640 1008 5708 quia
1035 5638 1291 5707 permissa
1330 5648 1411 5692 est
1442 5636 1624 5704 templi
1657 5638 1904 5705 vastatio,

263 5737 572 5799 Judaicus
593 5747 803 5801 quoque
827 5731 1051 5802 populus
1079 5729 1309 5784 iuuditus
1331 5729 1593 5785 interiret.
1631 5726 1760 5782 Ntm
1784 5730 1903 5798 quis

2014 1892 2222 1944 animus
2259 1890 2381 1944 boui
2412 1890 2614 1944 Judicis
2663 1891 2935 1944 invitetur.
2980 1889 3314 1958 Quapropter
3342 1898 3493 1959 rogat
3533 1899 3590 1942 ut

2012 1998 2104 2036 sua
2133 1984 2309 2052 potius
2351 1983 2607 2037 beneﬁcia
2636 1983 2687 2036 in
2711 1983 2804 2040 eis,
2841 1997 2998 2052 quam
3029 1995 3215 2036 eorum
3245 1981 3590 2036 considerare

2013 2073 2138 2128 velit
2176 2084 2374 2128 errata.
2424 2070 2760 2144 Congregatio
2803 2073 2944 2129 enim
2975 2072 3277 2127 Iudaeorum
3309 2072 3591 2127 evidenter

2013 2164 2131 2231 ipso
2160 2163 2447 2234 adjuvaute
2479 2164 2752 2231 prmvalnit
2779 2205 2793 2228 ,
2823 2178 2944 2218 cum
2971 2179 3064 2218 eos
3095 2163 3195 2218 sub
3216 2163 3468 2234 lEgypti‘o
3499 2178 3592 2232 po.

2015 2257 2139 2325 pulo
2185 2271 2431 2312 crescere
2481 2256 2726 2318 faciebat,
2758 2265 2812 2310 et
2837 2257 3050 2326 quando
3090 2255 3292 2325 placuit
3324 2255 3592 2310 miraculis

2014 2347 2312 2416 insignibus
2363 2347 2593 2402 liberare
2631 2347 2878 2415 dignatus
2925 2356 3031 2401 est.
3075 2346 3207 2401 Nam
3247 2360 3368 2400 cum
3407 2361 3592 2401 omnes

2013 2448 2142 2492 creet
2169 2447 2327 2509 atque
2347 2439 2612 2509 disponat,
2659 2439 2874 2495 Judteos
2895 2441 3043 2510 quasi
3074 2441 3374 2509 specialiter
3400 2457 3598 2497 creasse

2013 2529 2228 2594 dicitur,
2259 2531 2446 2601 quibus
2476 2542 2528 2586 et
2559 2534 2728 2602 legem
2757 2533 2925 2600 dedit,
2955 2542 3009 2586 et
3039 2536 3325 2604 prophetas
3349 2535 3589 2594 contulit,

2014 2630 2067 2672 ct
2115 2620 2366 2673 miracula
2419 2637 2606 2691 magna
2651 2624 2937 2678 Concessit.
2983 2624 3056 2676 Ab
3092 2625 3237 2679 initio
3279 2626 3433 2692 dixit,
3467 2625 3591 2680 ﬁdei
3649 2607 3720 2657 λ

2015 2709 2215 2765 sclicet
2247 2712 2574 2781 cultumque
2607 2714 2850 2781 prolatae,
2875 2729 3034 2782 quam
3068 2730 3162 2784 per
3183 2715 3396 2786 Moysen
3423 2731 3591 2786 popu-

2016 2803 2096 2856 lus
2120 2803 2325 2870 accepit
2349 2803 2623 2858 Hebraeus.
2654 2804 2927 2874 Sequitur,
2962 2807 3186 2861 liberasti
3217 2809 3406 2879 virgam
3428 2805 3592 2862 licere-

2013 2893 2186 2946 ditatis
2208 2903 2329 2956 tum.
2361 2893 2642 2948 Haveditas
2668 2893 2876 2950 Domini
2899 2896 2997 2951 fuit
3016 2899 3239 2966 populus
3259 2898 3590 2962 Iuda-orum,

2014 2982 2246 3052 quandiu
2279 2983 2326 3037 ei
2362 2999 2495 3053 puro
2524 2986 2702 3040 animo
2743 2987 3027 3041 serviebat.
3067 2986 3214 3042 Hanc
3249 2989 3594 3042 hereditatem

2017 3071 2208 3143 virgam
2232 3074 2519 3141 appellavit
2547 3085 2767 3144 proriter
2794 3076 3009 3146 Moysen
3049 3074 3304 3131 fanmlum
3345 3077 3484 3145 ejus,
3508 3078 3592 3132 cui

1942 3178 1989 3241 ο
2014 3165 2221 3233 jussum
2254 3177 2334 3220 est
2362 3181 2456 3235 per
2476 3167 2668 3237 virgini
2694 3167 2957 3237 magnalia
2983 3169 3183 3234 facere,
3211 3177 3266 3221 ut
3293 3168 3467 3222 divina
3493 3167 3594 3222 for-

2019 3257 2242 3316 titudine
2286 3257 2541 3323 roborat'r,
2574 3258 2639 3313 de
2668 3268 2806 3313 terra
2846 3257 3061 3330 Egypti
3093 3261 3476 3329 egrederentur
3515 3259 3596 3312 in-

2018 3348 2227 3418 trepidi.
2255 3349 2354 3404 Per
2377 3349 2512 3404 hanc
2541 3350 2680 3404 enim
2707 3353 2897 3420 virgam
2921 3350 3210 3404 Pharaonis
3232 3363 3316 3406 est
3343 3363 3591 3420 quassata

2017 3444 2240 3508 duritia,
2296 3459 2390 3512 per
2417 3459 2535 3498 eam
2589 3445 2750 3497 maris
2799 3444 2960 3498 Rubri
3012 3444 3208 3499 liueuta
3236 3444 3409 3499 divisa
3445 3457 3592 3508 sunt,

2017 3547 2111 3600 per
2151 3533 2318 3601 ipsam
2357 3531 2424 3586 de
2463 3532 2607 3586 sicco
2649 3532 2822 3600 lapide
2860 3533 3077 3587 ﬁumina
3116 3543 3500 3599 manaverunt;
3541 3544 3595 3588 ct

2015 3626 2208 3680 merito
2239 3625 2509 3680 hwreditas
2539 3627 2633 3680 ista
2664 3638 2848 3682 vocata
2875 3639 2957 3682 est
2985 3629 3150 3700 virga,
3183 3644 3300 3696 qua:
3324 3638 3467 3684 tanta
3498 3643 3592 3681 va-

2015 3717 2112 3770 luit
2141 3716 2361 3785 implere
2393 3717 2667 3771 miracula.
2714 3718 2839 3772 llaec
2870 3719 2989 3773 ideo
3022 3721 3072 3772 in
3121 3721 3593 3774 commemoratio-

2017 3823 2137 3861 nem
2155 3809 2320 3873 venit,
2351 3816 2407 3862 ut
2425 3823 2520 3877 per
2539 3823 2656 3864 eam
2677 3819 2870 3875 quanta
2899 3811 3236 3879 praestitisset
3262 3811 3592 3866 ostenderet.

2016 3901 2239 3958 Addidit
2277 3916 2491 3970 quoque
2530 3903 2800 3956 cumulum
2837 3903 3180 3972 perfectionis
3227 3904 3508 3973 insignem,
3543 3904 3596 3958 id

2015 4003 2098 4058 est
2129 3994 2310 4047 montis
2342 3992 2491 4059 Sion,
2521 3994 2574 4046 in
2601 4009 2702 4062 quo
2731 3993 2990 4047 Itabitasti.
3024 3993 3114 4048 Illa
3144 3995 3283 4047 enim
3316 4009 3434 4064 qua;
3459 4009 3596 4062 pra:-

2015 4098 2226 4138 cessere
2253 4083 2506 4136 miracula
2535 4098 2701 4152 usque
2723 4083 2788 4137 ad
2819 4086 3004 4137 montis
3033 4084 3192 4152 hujus
3223 4099 3442 4138 munera
3477 4099 3597 4153 pcr-

2016 4183 2294 4232 venerunt.
2355 4176 2579 4230 Dubium
2631 4176 2826 4245 quippe
2871 4190 2974 4229 non
3022 4185 3106 4230 est
3153 4175 3331 4231 omnia
3389 4175 3597 4231 Veteris

2015 4267 2340 4322 Testamenti
2373 4265 2492 4320 ideo
2529 4264 2698 4337 [mss.,
2728 4279 2758 4318 a
2793 4262 2921 4336 Deo]
2965 4266 3124 4320 fuisse
3167 4265 3323 4327 facta,
3365 4277 3423 4322 ιιι
3459 4265 3596 4322 Novi

2016 4361 2212 4415 veritas
2243 4359 2506 4429 promissa
2537 4353 2871 4426 seq-teretur.
2906 4358 3035 4411 Nam
3059 4358 3198 4427 quod
3234 4357 3383 4423 dicit,
3414 4361 3598 4414 montis

2017 4449 2165 4511 Sion,
2197 4453 2250 4503 in
2277 4466 2377 4520 quo
2405 4449 2667 4514 habitasti,
2699 4447 3087 4518 JerOsolymam
3124 4451 3304 4518 utique
3331 4451 3597 4520 signiﬁcat

1940 4545 1993 4605 D
2015 4541 2306 4604 civitatem,
2339 4541 2390 4594 in
2423 4556 2522 4610 qua
2555 4540 2878 4594 Israeliticus
2919 4542 3145 4610 populus
3181 4541 3466 4610 iIISidt'baI,
3510 4545 3598 4597 tibi

2019 4633 2274 4686 habitasse.
2299 4632 2538 4686 declarat
2566 4631 2759 4686 Christi
2790 4633 3001 4687 Domini
3047 4637 3381 4701 prae-entiam
3409 4650 3585 4704 corpo.

2018 4727 2218 4789 ralem,
2249 4738 2302 4780 ut
2324 4728 2436 4780 lucc
2466 4727 2582 4780 loca
2613 4742 2716 4781 non
2745 4728 2950 4781 sineret
2972 4728 3244 4781 incurrere
3273 4728 3598 4780 teterrimam

2016 4817 2339 4882 vastitatem,
2374 4817 2426 4870 in
2451 4817 2645 4886 quibus
2671 4817 2916 4871 humanis
2944 4817 3109 4870 oculis
3131 4831 3389 4886 apparere
3413 4817 3600 4887 digna-

2017 4917 2103 4962 tus
2133 4918 2234 4961 est.
2265 4907 2494 4976 Fulgens
2523 4908 2679 4976 plane
2716 4919 2854 4960 terra
2890 4907 3184 4970 miraculis,
3224 4906 3489 4960 dominica
3521 4909 3598 4960 vi-

2017 4999 2263 5053 sitatioue
2293 4998 2635 5059 venerabilis,
2664 4997 2751 5050 ubi
2780 4979 2960 5051 datum
2983 5007 3064 5051 est
3085 4997 3255 5052 oculis
3294 4997 3598 5050 carnalibus

2017 5089 2218 5153 videre,
2243 5088 2380 5157 quod
2413 5097 2494 5140 est
2520 5101 2725 5140 summa
2755 5085 3025 5141 beatitudo
3048 5087 3132 5140 vel
3157 5086 3400 5141 credere.
3443 5086 3597 5152 Quod

2017 5187 2388 5247 argumentum
2421 5177 2615 5230 dicitur
2639 5193 2668 5229 a
2713 5177 2871 5231 iaude
2905 5177 2982 5231 rei
3011 5178 3186 5243 Lesze;
3220 5187 3276 5231 ut
3303 5187 3452 5232 tanto
3477 5178 3596 5246 plus

2020 5269 2260 5323 hostibus
2284 5277 2556 5322 cresceret
2583 5267 2802 5330 invidia,
2818 5278 3018 5337 quanto
3041 5269 3155 5323 loca
3177 5279 3360 5323 sancta
3388 5267 3598 5322 fuerant

2009 5377 2193 5418 eorum
2227 5362 2644 5430 prtesumptione
2668 5363 2945 5416 vastanda.

2083 5453 2233 5508 Vers.
2267 5455 2320 5508 5.
2353 5451 2509 5506 Eleva
2540 5469 2745 5506 manum
2777 5464 2915 5507 tuam
2939 5454 2992 5507 in
3017 5456 3306 5526 superbiam
3344 5473 3522 5511 eorum
3544 5460 3597 5513 in

2011 5546 2164 5614 ﬂuent
2192 5559 2210 5596 :
2235 5556 2423 5612 quanta
2451 5541 2762 5615 malignatus
2796 5559 2868 5602 cst
2896 5548 3132 5601 inimicus
3156 5550 3207 5602 in
3235 5551 3425 5605 sanctis
3451 5552 3551 5606 tuis
3577 5551 3598 5606 .'

2015 5639 2137 5692 Iiatc
2165 5638 2325 5692 verba
2355 5653 2458 5691 tum
2488 5651 2610 5692 sunt
2639 5639 2779 5704 irati,
2814 5639 2906 5694 sed
2941 5642 3234 5697 remedium
3270 5645 3436 5713 magis
3477 5660 3597 5700 cor-

2013 5730 2267 5786 rectionis
2291 5728 2542 5800 optantis.
2579 5730 2866 5787 Prrcvaluit
2896 5745 3082 5787 revera
3115 5734 3368 5791 Israelita:
3392 5737 3597 5807 petitio.
