3952 6162
395 344 492 395 527

1610 338 1676 390 Μ.
1723 335 2004 391 Αυιιιξιιι
2046 337 2441 393 CASSlUDORl

3541 344 3643 397 528

396 458 489 511 libi
529 457 667 511 enim
698 456 922 523 amplius
954 453 1221 523 religionis
1253 451 1570 506 Christianae
1602 451 1777 506 cultus
1809 449 1961 504 cillo-
1990 453 2038 509 Α
2065 466 2247 505 eorum
2269 462 2605 523 contemptus
2623 456 2959 524 exprimitur,
2987 466 3188 512 tantum
3211 458 3389 513 venire
3416 460 3640 514 vindicta

394 551 497 602 ruit
530 563 682 617 quam
710 548 758 600 in
793 546 1025 599 Romana
1060 546 1210 610 urbe,
1256 561 1374 616 qua:
1425 560 1533 614 pra:
1563 544 1772 600 creteris
1806 544 1962 599 terris

392 640 787 709 superstitiones
827 638 926 691 sibi
970 646 1091 692 ante
1124 639 1356 706 gentium
1398 637 1715 691 vindicavit?
1751 635 1963 690 Elevata

390 741 461 783 cst
495 746 618 797 ergo
654 730 704 782 in
738 730 863 794 ipsis
894 730 1126 798 patentia
1165 728 1392 796 Domini,
1426 728 1636 798 quando
1660 730 1961 796 superbiam

390 840 570 878 eorum
602 823 913 878 humilitatis
939 825 1107 894 gratia
1138 826 1503 891 commutavit,
1531 838 1623 891 per
1645 823 1827 876 lucens
1869 836 1963 876 eos

389 919 441 968 in
494 917 663 982 ﬁnem,
716 915 764 967 id
798 926 877 969 est
917 916 979 968 ad
1033 916 1311 969 Dominum
1355 915 1706 970 Salvatoretn.
1756 912 1961 978 Quanta

390 1006 527 1058 enim
554 1005 932 1059 uefandissiuta
965 1005 1072 1058 illic
1101 1012 1223 1058 sunt
1262 1005 1408 1074 signa
1437 1002 1790 1072 templorum!
1821 1002 1962 1067 Quot

393 1098 745 1152 licclesiarum
774 1098 1069 1152 caelestium
1113 1106 1166 1151 et
1190 1097 1462 1151 beatorum
1500 1105 1792 1165 martyrum
1822 1093 1960 1147 duua

392 1190 719 1243 micuerunt!
757 1188 825 1243 Ut
870 1189 1105 1256 utrisque
1135 1188 1456 1256 conspectis,
1514 1201 1698 1241 revera
1728 1185 1960 1253 potentia

391 1280 712 1349 intelligatur
738 1279 946 1332 Domini
976 1278 1193 1342 Christi,
1227 1280 1315 1348 qui
1358 1292 1420 1331 ex
1451 1287 1554 1331 tam
1597 1276 1961 1346 superstitiosa

391 1373 540 1438 plebe
594 1371 820 1424 reddidit
885 1370 1275 1425 sanctissimam
1334 1370 1621 1424 civitatem.
1677 1369 1956 1437 Sequitur,

387 1473 573 1527 quanta
599 1462 907 1534 malignatus
939 1472 1010 1515 est
1036 1462 1269 1515 inimicus
1298 1463 1347 1515 in
1380 1463 1566 1514 sanctis
1604 1460 1746 1513 tuis!
1786 1458 1962 1511 Inimi-

388 1572 472 1605 (iis
504 1554 760 1624 signiﬁcat
789 1553 1035 1625 populum
1068 1552 1449 1617 Romanorum,
1476 1552 1564 1621 qui
1606 1552 1695 1605 illo
1722 1562 1959 1619 tempoze

388 1647 548 1703 (sicut
577 1645 774 1699 dictum
796 1644 897 1714 est)
921 1644 1138 1711 insignis
1163 1642 1425 1697 idolorum
1450 1642 1620 1698 cultor
1643 1642 1957 1697 habebatur.

386 1740 482 1804 Qui
515 1738 821 1808 maiignatus
847 1748 917 1791 est
947 1739 997 1789 in
1028 1737 1158 1791 locis
1187 1737 1375 1789 sanctis
1401 1737 1530 1807 ejus,
1551 1735 1761 1805 quando
1787 1749 1961 1789 sacer-

2069 543 2294 597 celerius
2323 544 2633 610 postulatur.
2666 546 2796 601 Nam
2821 548 2872 603 in
2906 550 2987 604 bis
3009 549 3217 604 duobus
3248 549 3521 604 versiculis
3550 551 3643 604 do.

2066 630 2226 687 lentis
2254 635 2461 689 animus
2499 635 2847 692 vehementer
2894 638 3230 707 ostenditur,
3273 649 3329 695 ut
3363 640 3520 706 dicat,
3567 641 3645 695 sic

2065 736 2343 795 posuerunt
2388 728 2532 799 signa
2575 745 2668 782 sua
2698 730 2750 783 in
2800 733 2996 798 templo
3026 740 3138 798 tuo,
3189 732 3642 802 quemadmodum

2066 818 2239 872 solent
2264 828 2454 874 statum
2482 821 2775 889 principum
2806 823 2855 876 in
2888 824 3074 893 plateis
3102 840 3193 892 per
3222 825 3337 880 loca
3360 825 3498 879 edita
3524 826 3644 880 col-

2066 908 2253 974 locari,
2283 919 2337 964 ut
2366 910 2617 964 viantium
2664 914 2923 965 memoria
2951 914 3078 967 visis
3105 914 3298 969 talibus
3327 914 3641 970 instruatur.

2064 998 2205 1065 Quid
2229 1003 2368 1054 enim
2392 1002 2770 1059 exsecrabilius
2800 1020 2957 1072 quam
2988 1015 3042 1058 ut
3066 1006 3164 1061 hoc
3186 1007 3443 1062 auderent
3468 1008 3644 1062 facere

2064 1091 2117 1144 in
2156 1093 2516 1160 penetralibus
2539 1094 2743 1163 templi,
2783 1097 2920 1165 quod
2945 1112 2975 1149 a
3000 1098 3274 1168 sacrilegis
3304 1103 3644 1170 praesumitur

2066 1182 2118 1234 in
2169 1183 2393 1252 plateis?
2436 1185 2694 1253 Sequitur
2733 1189 2833 1241 alia
2878 1190 3290 1257 comparationis
3338 1193 3641 1248 miseranda

2062 1274 2403 1340 conquestio,
2440 1285 2495 1328 ut
2537 1275 2605 1329 ita
2640 1277 2778 1331 dicat
2796 1280 2992 1344 januas
3020 1280 3133 1335 illas
3181 1282 3361 1350 templi
3390 1299 3642 1339 reveren-

2063 1362 2263 1416 dissimi
2304 1365 2564 1420 securibus
2594 1369 2964 1437 comminutas,
2992 1373 3438 1441 quemadmodum
3482 1377 3638 1431 exci-

2062 1454 2272 1509 soribus
2304 1454 2566 1524 lignorum
2591 1459 2738 1514 silva:
2768 1462 2942 1517 solent
2972 1463 3520 1533 prteberelicentiam,
3550 1468 3641 1522 ubi

2064 1546 2237 1601 nullus
2275 1557 2478 1615 custos,
2528 1552 2705 1607 nullus
2748 1555 3046 1609 contrarius
3093 1556 3374 1613 invenitur.
3422 1562 3641 1630 Antiqui

2064 1646 2236 1691 autem
2260 1632 2453 1706 jan'uas
2475 1655 2502 1693 a
2530 1640 2664 1695 Jano
2695 1642 2863 1699 dictas
2890 1659 3009 1700 esse
3047 1646 3345 1715 voluerunt,
3372 1650 3510 1718 quod
3545 1667 3642 1719 per

2062 1729 2232 1796 ipsum
2259 1730 2384 1801 anni
2419 1732 2501 1802 (ut
2528 1735 2807 1804 putabant)
2852 1738 3177 1804 praeberetur
3204 1740 3493 1809 ingressus.
3527 1744 3641 1797 Ad—

384 1831 534 1884 itutes
587 1838 799 1899 totaque
848 1829 1138 1886 ministeria
1186 1830 1346 1901 250
1393 1829 1575 1907 templi
1622 1828 1673 1882 in
1721 1827 1953 1897 prmdam
1987 1815 2033 1874 B
2059 1820 2193 1875 didit
2232 1838 2465 1893 quoque,
2496 1827 2547 1878 in
2578 1826 2820 1897 idipsum,
2865 1827 2919 1883 in
2952 1832 3150 1900 templo
3177 1833 3402 1897 scilicet,
3436 1845 3489 1889 ut
3516 1836 3643 1891 iacti

387 1923 545 1974 missa
596 1930 911 1992 patuerunt,
966 1932 1262 1989 cunctaque
1308 1933 1438 1989 gens
1479 1918 1819 1973 Hebraeorum
1868 1928 1958 1972 aut

384 2013 559 2081 gladio
606 2012 893 2083 subiacuit,
952 2023 1041 2066 aut
1072 2012 1365 2080 captivitati
1394 2011 1668 2080 subiugata
1717 2010 1954 2065 servivit.

387 2106 497 2160 tloc
526 2106 663 2159 enim
694 2105 851 2159 nimis
890 2105 1207 2159 acerrimum
1240 2103 1435 2158 bellum
1465 2102 1685 2171 Josephi
1729 2102 1957 2158 Historia

384 2209 586 2268 septem
615 2196 764 2251 libris
788 2195 1052 2250 celebrata
1074 2195 1342 2249 describit.

454 2289 606 2343 Vers.
662 2288 715 2341 4.
765 2286 831 2341 Et
866 2287 1069 2358 gloriati
1109 2295 1223 2340 sunt
1258 2288 1345 2356 qui
1387 2283 1602 2341 oderunt
1641 2294 1687 2339 te
1711 2286 1763 2339 in
1792 2286 1956 2339 medio

384 2380 519 2431 atrio
548 2388 673 2444 tuo;
706 2386 984 2448 posuerunt
1006 2378 1151 2447 signa
1180 2392 1273 2431 sua
1297 2377 1463 2447 signa,
1493 2386 1537 2430 et
1570 2393 1670 2430 non
1712 2393 1956 2446 cognove-

384 2480 518 2521 runt.
554 2468 685 2522 Hine
709 2469 816 2537 iam
859 2482 951 2534 per
980 2477 1344 2536 contemptum
1387 2467 1733 2522 sacratissimi
1774 2466 1956 2535 templi

389 2560 557 2628 major
589 2560 639 2611 in
671 2567 1050 2628 praesumentes
1076 2558 1267 2612 crescit
1292 2558 1483 2611 invidia
1509 2574 1523 2622 ;
1557 2557 1797 2625 utipsam
1826 2572 1957 2626 quo-

385 2654 668 2711 dammodo
695 2653 1031 2709 Divinitatem
1056 2652 1442 2720 contempsisse
1464 2650 1722 2715 videatur,
1745 2650 1957 2721 quando

385 2758 583 2802 sanetae
624 2746 895 2816 religionis
936 2743 1164 2798 violator
1200 2743 1458 2812 arguitur.
1506 2740 1610 2797 Sed
1648 2756 1765 2794 cmn
1798 2756 1959 2795 omne

386 2838 561 2893 scelus
588 2837 779 2892 debeat
818 2835 1069 2904 subsequi
1116 2834 1414 2905 pteuitudo,
1465 2832 1550 2887 hic
1584 2830 1809 2900 positum
1853 2839 1953 2898 est,

386 2930 591 3000 gloriati
617 2939 755 2995 sunt,
783 2935 840 2983 ut
870 2944 973 2982 non
1002 2928 1172 2982 solum
1204 2940 1474 2995 peccasse,
1506 2926 1599 2979 sed
1631 2926 1803 2995 ipsum
1829 2941 1957 2993 quo-

385 3036 489 3089 que
518 3021 711 3075 malum
732 3019 795 3073 ad
820 3019 1041 3088 gloriam
1066 3034 1213 3072 suam
1240 3018 1466 3081 traxisse
1492 3017 1819 3072 viderentur.
1848 3015 1954 3069 Ad-

384 3112 515 3167 didit
547 3114 729 3174 etiam,
761 3112 849 3181 qui
876 3119 924 3165 te
964 3111 1209 3177 oderunt,
1243 3120 1299 3164 ut
1345 3110 1601 3179 patienter
1629 3123 1733 3163 non
1764 3106 1952 3162 debeat

2063 1912 2288 1980 qualitas
2318 1913 2383 1981 de
2407 1914 2507 1968 loci
2533 1918 2834 1973 reverentia
2869 1920 2982 1987 plus
3005 1920 3229 1977 doleret.
3270 1925 3532 1994 Sequitur.
3564 1930 3648 1981 bi-

2062 2005 2215 2068 penni
2245 2015 2293 2057 et
2331 2006 2470 2060 ascia
2510 2008 2801 2079 deiecerunt
2827 2028 2963 2065 eum.
2994 2011 3233 2082 Bipenni.
3261 2025 3343 2069 est
3370 2017 3420 2069 in
3462 2017 3639 2087 plagas

2062 2094 2321 2163 lignorum
2348 2098 2543 2155 ferrum
2568 2100 2635 2155 ab
2666 2110 2888 2172 utraque
2914 2114 3061 2172 parte
3091 2106 3391 2172 formatum,
3421 2110 3559 2178 quod
3584 2111 3639 2164 in

2061 2185 2369 2241 excidendis
2416 2190 2649 2244 trabibus
2690 2202 3054 2261 competenter
3082 2205 3311 2263 aptatur.
3369 2197 3513 2252 Dicta
3556 2209 3640 2253 est

2059 2286 2237 2329 autem
2260 2278 2325 2330 ab
2348 2292 2411 2331 eo
2440 2281 2581 2347 quod
2611 2279 2688 2334 bis
2716 2290 2866 2335 acuta
2898 2282 2985 2336 sit.
3023 2268 3247 2338 Pinnum
3269 2286 3409 2340 enim
3433 2288 3639 2354 antiqui

2060 2377 2272 2420 acutum
2296 2368 2565 2425 dicebant.
2606 2370 2780 2437 Ascia,
2812 2372 2862 2427 id
2889 2384 2969 2428 est
2992 2371 3189 2429 ferrum
3218 2377 3269 2430 in
3299 2378 3489 2431 obunci
3519 2380 3636 2434 nasi

2062 2474 2209 2512 more
2239 2470 2535 2526 curvatum,
2569 2478 2663 2530 per
2685 2478 2841 2532 quam
2874 2480 3061 2521 manus
3081 2467 3300 2524 artiﬁcis
3324 2469 3634 2539 diligentius

2060 2549 2394 2617 persequitur
2410 2551 2546 2619 quod
2569 2563 2774 2607 constat
2796 2554 3051 2610 minutius
3066 2556 3466 2614 abscidendum.
3493 2560 3640 2630 Ergo

2063 2650 2115 2691 ut
2139 2642 2403 2695 civitatem
2437 2643 2582 2697 illam
2622 2647 2868 2700 ostendat
2893 2648 3125 2702 funditus
3166 2650 3330 2705 fuisse
3356 2664 3635 2721 vastatam,

2062 2748 2152 2802 per
2185 2734 2296 2787 lucc
2328 2735 2678 2791 instrumenta
2709 2738 2934 2802 fabrilia.
2969 2750 3022 2795 et
3052 2756 3268 2811 magnas
3294 2759 3378 2797 res
3401 2746 3555 2800 simul
3584 2756 3642 2802 et

2062 2827 2399 2891 parvissimas
2445 2829 2574 2883 dicit
2620 2845 2740 2885 esse
2768 2832 3025 2900 deiectas.
3060 2833 3324 2904 Quidquid
3356 2836 3496 2891 enim
3547 2850 3641 2893 aut

2059 2918 2285 2984 bipennis
2321 2917 2588 2984 excidere,
2637 2932 2725 2974 ant
2765 2924 2903 2975 ascia
2932 2925 3179 2993 persequi
3227 2927 3414 2994 potuit,
3447 2942 3640 2982 manus

2060 3008 2358 3060 truculenta
2380 3007 2594 3079 deiecit.
2615 3010 2729 3074 Quo
2752 3012 2870 3067 loco
2890 3010 2955 3067 ad
2973 3015 3374 3085 exprimendum
3398 3018 3638 3075 dolorem

2061 3098 2351 3166 pr0phetre,
2399 3100 2645 3156 Jeremia:
2675 3118 2865 3160 sensus
2894 3106 2989 3165 ille.
3014 3109 3285 3175 ponendus
3305 3120 3388 3165 est
3413 3127 3425 3163 :
3463 3110 3639 3166 Videte

385 3202 656 3267 sustineri,
686 3200 825 3271 quod
857 3202 922 3256 ab
949 3201 1174 3255 inimicis
1201 3200 1541 3270 cognoscitur
1570 3206 1946 3268 perpetratum.
1982 3189 2026 3251 C
2057 3191 2103 3243 si
2125 3202 2195 3243 est
2221 3191 2366 3244 dolor
2384 3192 2663 3247 secundum
2684 3194 2909 3250 dolorem
2940 3214 3108 3253 meum
3135 3202 3221 3270 qui
3249 3202 3411 3271 factus
3442 3211 3515 3257 est
3539 3205 3636 3256 ηιξ-

381 3292 651 3361 Sequitur,
676 3293 729 3343 in
762 3289 924 3343 medio
969 3291 1102 3343 atrio
1138 3300 1244 3341 tuo.
1279 3289 1388 3344 Hoc
1428 3289 1495 3342 ad
1543 3303 1787 3358 magnum
1816 3302 1949 3342 con—

381 3394 633 3453 temptum
678 3382 907 3451 pertinet
928 3381 1329 3448 exprimendum
1355 3422 1368 3445 ,
1398 3388 1457 3435 ut
1485 3396 1591 3434 non
1617 3382 1668 3434 in
1709 3393 1952 3437 extremo

376 3474 551 3542 aliquo
580 3472 719 3539 loco,
749 3471 841 3527 sed
868 3473 920 3524 in
951 3472 1114 3526 medio
1160 3473 1310 3535 atria,
1345 3472 1685 3540 sacrilegium
1723 3474 1949 3527 commi-

376 3566 510 3618 sisse
539 3563 800 3617 dicantur.
830 3562 981 3629 Quod
1008 3572 1183 3617 autem
1209 3562 1430 3631 addidit,
1462 3564 1608 3634 signa
1656 3579 1749 3616 sua
1778 3564 1947 3635 signa,

377 3665 424 3707 et
466 3670 565 3707 non
592 3662 961 3723 cognoverunt,
994 3653 1197 3709 scilicet
1221 3654 1445 3724 aquilas,
1482 3654 1760 3721 dracones,
1792 3666 1948 3710 etate-

378 3759 537 3812 raque
568 3743 758 3812 quibus
789 3744 841 3797 in
870 3745 1052 3813 praelio
1084 3746 1156 3797 uti
1203 3744 1407 3799 solebat
1437 3744 1711 3800 Romanus
1744 3746 1947 3800 exerci-

378 3847 461 3890 tus
488 3853 502 3903 ;
534 3845 623 3890 aut
650 3844 795 3892 certe
823 3845 1023 3891 statuas
1045 3837 1371 3891 monimenta
1400 3836 1655 3903 victoriae,
1690 3852 1820 3907 quas
1850 3838 1946 3891 im-

375 3936 646 3995 peratores
670 3940 826 3995 supra
873 3925 1101 3980 fornices
1146 3936 1416 3996 portarum
1449 3926 1500 3979 in
1547 3927 1655 3980 suis
1703 3926 1944 3981 laudibus

374 4019 665 4089 erigebant.
697 4019 941 4085 Sequitur
973 4019 1133 4074 etiam
1159 4032 1279 4073 cum
1303 4017 1489 4072 dolore
1510 4019 1730 4079 dictum,
1754 4020 1943 4087 signa;

374 4126 428 4169 ut
449 4114 559 4184 ipsa
580 4111 821 4184 repetitio
842 4112 908 4165 ad
931 4111 1215 4167 vindictam
1236 4111 1468 4168 celerem
1487 4113 1685 4181 justum
1701 4111 1941 4167 iudicem

370 4218 747 4261 commoveret.
781 4207 909 4272 Qua:
938 4205 1101 4275 ﬁgura
1144 4206 1335 4260 dicitur
1364 4205 1687 4276 epembasis,
1733 4205 1943 4275 quoties

370 4299 437 4353 ad
483 4299 719 4353 anxesim
750 4297 1041 4353 faciendam
1067 4297 1132 4351 de
1162 4298 1337 4352 vicino
1362 4299 1546 4353 eadem
1589 4298 1749 4353 verba
1776 4301 1942 4368 gemi-

372 4402 581 4458 nantur,
612 4391 899 4447 ostendens
924 4391 1045 4461 quia
1078 4391 1324 4464 humanis
1354 4401 1435 4445 est
1479 4391 1680 4445 viribus
1708 4393 1942 4460 applica-

371 4494 503 4547 tum,
550 4481 686 4549 quod
726 4479 901 4533 divina
956 4481 1125 4536 fuerat
1174 4482 1569 4550 dispensatione
1599 4482 1936 4550 permissum.

2056 3281 2127 3333 hi.
2164 3279 2315 3335 Dedit
2341 3300 2417 3337 me
2446 3282 2696 3340 Dominus
2722 3285 2775 3339 in
2808 3289 3057 3355 manibus,
3081 3302 3127 3344 et
3156 3308 3256 3345 non
3295 3302 3469 3362 potero
3494 3305 3639 3350 stare

2053 3371 2267 3439 (Thren.
2294 3375 2437 3441 1,12,
2466 3375 2577 3444 14).

2128 3462 2275 3519 Vers.
2301 3466 2351 3517 ti.
2373 3463 2714 3521 Incendernnt
2739 3470 2847 3542 igni
2865 3474 3210 3528 sanctuarium
3226 3484 3368 3529 tuum
3388 3495 3401 3538 ;
3424 3478 3475 3531 in
3499 3486 3640 3531 terra

2052 3554 2342 3623 polluerunt
2386 3557 2769 3613 tabernaculum
2818 3563 3039 3617 nominis
3079 3567 3174 3620 tui.
3222 3567 3420 3623 Crescit
3449 3569 3630 3632 dolor,

2051 3646 2137 3699 ubi
2161 3645 2433 3702 calamitas
2453 3649 2745 3705 eversionis
2766 3663 3007 3721 augetur.
3034 3655 3213 3710 Potuit
3239 3660 3381 3711 enim
3404 3659 3634 3730 bipennis

2048 3745 2101 3791 et
2117 3739 2256 3791 ascia
2284 3739 2394 3793 sola
2419 3739 2558 3810 ligna
2580 3741 2882 3808 concidere,
2907 3744 3000 3799 sed
3015 3746 3079 3799 ad
3101 3756 3423 3813 postremum
3451 3749 3631 3819 ignem

2047 3828 2268 3899 contigit
2317 3831 2491 3885 omnia
2535 3831 2690 3886 simul
2737 3833 3013 3890 devorare.
3055 3836 3157 3891 Sed
3188 3838 3338 3907 quid,
3381 3854 3529 3909 rego,
3561 3840 3632 3895 de

2049 3920 2269 3988 privatis
2297 3922 2541 3978 domibus
2582 3922 2697 3978 ﬁeri
2741 3925 2930 3994 potuit,
2964 3927 3051 3981 ubi
3086 3927 3232 3982 furor
3261 3929 3467 3985 hostilis
3509 3948 3623 3985 san-

2046 4013 2244 4064 ct’uario
2274 4013 2480 4067 Domini
2523 4029 2629 4069 non
2653 4016 2931 4085 pepercit?
2961 4018 3114 4085 Quod
3148 4029 3325 4075 autem
3353 4021 3496 4089 dicit,
3522 4023 3636 4093 igni

2045 4104 2413 4167 incenderunt,
2461 4105 2512 4160 in
2556 4106 2899 4163 saecularibus
2938 4109 3129 4164 litteris
3174 4112 3393 4167 schema
3436 4113 3627 4168 dicitur

2046 4195 2407 4263 pleonasmus,
2436 4197 2521 4251 ubi
2545 4206 2599 4250 et
2628 4198 2950 4267 superﬂuum
2974 4201 3168 4269 aliquid
3200 4203 3321 4270 poni
3345 4203 3423 4258 fas
3445 4214 3545 4257 est.
3575 4205 3629 4259 In

2041 4290 2327 4357 Scripturis
2349 4304 2475 4345 vero
2499 4289 2694 4346 divinis
2714 4291 2793 4362 (ut
2818 4292 2945 4347 mihi
2964 4293 3197 4364 videtur)
3216 4296 3330 4351 haec
3344 4295 3503 4366 ﬁgura
3518 4312 3628 4353 non

2041 4382 2308 4446 convenit,
2342 4382 2431 4436 ubi
2461 4391 2629 4436 totum
2652 4384 2801 4448 utile,
2828 4394 2995 4439 totum
3025 4388 3408 4451 necessarium,
3429 4397 3628 4445 t0tum-

2041 4488 2143 4544 que
2172 4472 2460 4542 perfectum
2482 4484 2565 4529 est
2591 4490 2607 4540 ;
2636 4478 2729 4530 sed
2757 4477 2923 4545 magis
2954 4491 3046 4545 per
3068 4478 3207 4533 hunc
3233 4479 3447 4534 modum
3479 4480 3627 4535 locu-

369 4575 498 4627 Nam
528 4582 585 4627 ut
611 4573 749 4628 hunc
795 4586 1008 4627 sensum
1039 4573 1307 4643 intelligas
1336 4587 1455 4629 esse
1482 4585 1817 4643 conceptum,
1853 4575 1935 4629 in-
1966 4571 2015 4630 D
2041 4567 2198 4620 tionis
2227 4565 2425 4620 dictum
2452 4564 2708 4621 debemus
2737 4567 3044 4635 advertere,
3072 4569 3208 4622 sicut
3238 4584 3337 4623 usu
3363 4571 3623 4625 dicimus:

370 4665 507 4730 tulit,
534 4675 577 4719 et
609 4682 710 4719 non
744 4673 1100 4736 cognoverunt.
1151 4664 1303 4732 Quod
1330 4664 1374 4719 si
1403 4665 1797 4735 cognovissent,
1841 4666 1934 4722 tibi

369 4758 544 4827 utique
581 4756 932 4812 reddidissent
963 4756 1258 4823 sacriﬁcia;
1299 4771 1403 4810 non
1439 4765 1616 4811 autem
1646 4758 1934 4827 elegissent

365 4846 429 4900 ad
449 4848 745 4901 daamonum
768 4846 943 4901 redire
960 4846 1212 4902 culturas.
1236 4848 1363 4915 Quae
1380 4846 1654 4917 captivitas
1675 4849 1756 4903 vel
1781 4850 1933 4904 ruina

367 4940 534 5008 longis
582 4948 698 5007 post
742 4938 1067 5009 temporibus
1097 4939 1234 4994 facta
1263 4949 1365 5006 est,
1413 4954 1569 5009 quam
1601 4942 1936 5010 cognoscitur

362 5047 481 5087 esse
519 5030 849 5102 prophetata.
874 5030 1021 5085 'l'unc
1044 5033 1183 5087 enim
1209 5030 1421 5101 quando
1468 5032 1567 5085 ista
1593 5031 1935 5098 dicebantur,

364 5121 615 5191 templum
663 5120 835 5175 adhuc
874 5120 1220 5193 Jerosolymis
1272 5136 1375 5175 non
1424 5130 1545 5177 erat»
1567 5123 1933 5187 constitutum,

364 5216 556 5284 quippe
594 5215 732 5282 quod
772 5227 802 5265 a
832 5212 1114 5268 Salomone
1146 5213 1253 5267 (ilio
1280 5212 1445 5281 ipsius
1473 5211 1665 5282 legitur
1713 5211 1935 5266 fabrica-

366 5318 491 5357 tnm.
530 5304 680 5359 Unde
720 5319 903 5359 revera
938 5304 1171 5359 cmlestis
1212 5302 1502 5373 prophetiae
1534 5317 1719 5372 magna
1764 5303 1934 5357 virtus

364 5399 633 5466 apparuit,
663 5405 722 5452 ut
754 5407 877 5452 ante
918 5397 1082 5466 ipsius
1116 5396 1325 5450 eversio
1361 5396 1744 5466 pranliceretnr
1776 5409 1934 5465 quam

364 5490 478 5555 eius
500 5488 825 5542 constructio
857 5486 1134 5555 provenire
1159 5486 1439 5553 potuisset.

436 5577 586 5633 Vers.
613 5579 664 5633 5.
698 5577 843 5633 Sicut
864 5579 916 5630 in
941 5578 1021 5630 via
1052 5592 1204 5645 super
1228 5591 1479 5629 summum
1507 5591 1526 5630 :
1555 5576 1702 5645 quasi
1733 5576 1783 5628 in
1807 5574 1936 5629 silva

361 5668 615 5735 lignoru-n
638 5670 894 5743 securibus
921 5670 1215 5724 exciderunt
1232 5671 1423 5736 januas
1452 5672 1560 5740 ejus
1590 5670 1643 5723 in
1671 5668 1891 5739 idipsum
1915 5684 1933 5723 :

362 5760 566 5827 bipenni
597 5769 639 5813 et
669 5761 803 5814 ascia
832 5763 1121 5830 dejecerunt
1150 5779 1280 5816 eam.
1310 5762 1574 5830 Quantum
1620 5762 1736 5830 plus
1760 5761 1937 5816 inimi-

2042 4656 2417 4712 Auribusmeis
2445 4656 2644 4720 audivi,
2667 4658 2838 4713 oculis
2866 4659 3001 4713 meis
3018 4658 3158 4725 vidi;
3178 4669 3493 4716 cumtamen
3521 4677 3624 4717 nee

2040 4748 2230 4803 alienis
2255 4749 2435 4805 videre
2455 4750 2644 4814 oculis,
2682 4765 2781 4806 nec
2800 4753 3019 4807 auribus
3039 4752 3227 4808 audire
3249 4755 3415 4822 possit
3444 4765 3626 4809 extra-

2041 4841 2173 4895 neis.
2190 4840 2457 4910 Sequitur,
2476 4842 2527 4895 in
2542 4850 2675 4895 terra
2693 4843 3384 4909 polluerunt-tabernaculum
3400 4846 3622 4898 nominis

2043 4934 2135 4987 tui.
2153 4931 2554 4987 Tabernaculum
2567 4935 2782 4988 nominis
2807 4935 2945 5004 eius,
2965 4936 3221 5006 templum
3248 4936 3347 4992 fuit
3370 4937 3511 5007 quod
3524 4938 3625 4994 Sa—

2041 5025 2223 5081 lomon
2251 5008 2481 5081 mirabili
2492 5015 3173 5096 mditlcationeconstruxit,
3209 5030 3260 5084 in
3297 5030 3451 5099 cuius
3467 5030 3621 5084 dedi-

2038 5120 2248 5175 catione
2268 5133 2426 5174 orans
2449 5119 2522 5173 ait
2546 5137 2559 5173 ε
2588 5118 2698 5192 Ego
2724 5130 2890 5177 autem
2915 5123 3165 5189 ccdiﬁcavi
3186 5124 3395 5177 domum
3422 5124 3620 5177 nomini

2039 5216 2149 5284 ejus
2175 5210 2256 5283 (ΙΙ
2266 5208 2296 5264 ι
2324 5211 2446 5280 Reg.
2467 5226 2582 5276 vm,
2609 5211 2723 5281 21),
2750 5220 2804 5266 et
2831 5222 3044 5269 caetera.
3067 5213 3210 5269 Istud
3231 5230 3361 5285 ergo
3383 5217 3618 5270 taberna-

2038 5306 2211 5361 culum
2240 5306 2382 5375 quod
2420 5306 2666 5361 visitabat
2705 5309 2872 5362 virtus
2899 5309 3158 5377 cmlestis,
3194 5324 3382 5363 manus
3428 5311 3618 5379 polluit

2040 5397 2345 5460 vastatoris,
2370 5405 2423 5451 et
2455 5412 2623 5466 usque
2652 5398 2703 5451 in
2735 5406 2930 5452 terram
2967 5399 3188 5454 deduxit
3215 5400 3467 5468 eulmina,
3498 5417 3618 5469 quae

2039 5489 2104 5543 ad
2139 5487 2350 5544 laudem
2386 5485 2596 5540 Domini
2629 5486 2992 5555 probabantur
3016 5504 3138 5544 esse
3184 5498 3509 5544 constructa.
3554 5491 3621 5545 Et

2038 5588 2159 5633 nota
2182 5578 2323 5649 quod
2355 5580 2406 5635 in
2430 5578 2511 5633 bis
2540 5587 2771 5647 quatuor
2791 5580 3032 5634 versibus
3061 5580 3276 5635 schema
3306 5579 3431 5634 illud
3464 5581 3617 5634 nobi-

2038 5672 2298 5727 lissimum
2350 5672 2560 5740 ponitur
2607 5675 2837 5736 auxesis,
2881 5688 2997 5740 qua:
3042 5672 3226 5727 Latine
3270 5682 3625 5741 augmentum

2044 5772 2393 5832 nuncupatur.
2422 5761 2624 5817 Crescit
2658 5762 2801 5815 enim
2827 5762 3048 5819 subinde
3078 5766 3329 5833 atrocitas
3358 5763 3479 5820 facti
3506 5805 3523 5831 ,
3556 5778 3613 5821 ut
