3952 6162
263 293 356 348 5‘29

1120 294 1484 353 EXPOSITIO
1520 290 1590 366 IN
1628 291 2083 350 PSALTERIUM.
2127 291 2318 348 PSAL.
2365 291 2595 347 LXXIII.
3423 299 3526 352 E530

264 418 364 461 tam
409 406 717 473 immaniter
741 406 1119 464 excedentium
1150 406 1218 462 ab
1261 407 1614 476 omnipotenti
1656 406 1842 461 iudice
1871 413 1914 464 Α
1948 407 2427 475 improperatioues
2455 407 2760 474 sustinebis,
2794 423 2924 478 quas
2961 407 3177 464 Judaeus
3208 409 3300 465 tibi
3350 422 3528 466 movet

263 499 452 554 debeat
475 499 695 554 obviari.
731 499 880 566 Quod
903 499 1016 554 sive
1038 490 1088 554 in
1121 499 1388 565 laudibus,
1411 499 1526 554 sive
1557 499 1608 554 in
1632 499 1837 566 vitupe-

264 590 557 644 rationibus
581 590 782 646 utiliter
804 591 965 647 nimis
995 605 1057 646 ac
1087 591 1338 646 decenter
1359 592 1676 661 apponitur,
1709 591 1847 644 sicut

265 682 381 737 fecit
421 683 711 751 Apostolus
751 681 974 737 dicens:
1008 683 1237 738 Scientes
1277 683 1414 751 quod
1440 682 1706 736 tribulatio
1748 697 1843 750 pa-

264 774 481 827 tientiam
509 783 768 841 operatur,
791 775 1041 844 patientia
1067 784 1233 827 autent
1260 775 1628 843 probationem,
1661 773 1847 842 proba-

266 870 328 920 tio
354 883 474 920 vero
503 883 668 937 spem,
713 884 828 938 spes
855 877 1024 921 autem
1068 883 1169 921 non
1200 867 1468 938 confundit
1493 867 1672 937 (Rom.
1705 883 1760 934 ν,
1789 868 1841 935 5,

265 961 312 1025 ὀ,
337 960 414 1032 5),
447 971 554 1016 etc.

329 1051 484 1105 Vers.
518 1054 571 1106 7.
603 1049 850 1106 Dixerunt
877 1053 928 1104 in
957 1052 1110 1105 corde
1131 1067 1227 1105 suo
1253 1052 1490 1122 cognatio
1509 1065 1687 1104 eorum
1716 1052 1848 1104 inter

263 1158 312 1195 se
333 1157 354 1194 :
391 1140 566 1196 Venite
591 1143 986 1212 comprimamus
1015 1158 1188 1196 omnes
1208 1142 1556 1197 solemnitate:
1586 1141 1793 1194 Domini
1817 1158 1850 1195 a

263 1243 416 1286 terra.
447 1232 752 1287 Potuissent
773 1229 907 1285 mala
931 1231 1176 1300 superius
1203 1239 1516 1286 enumerata
1546 1232 1850 1286 misericor-

262 1323 401 1377 diam
437 1322 647 1377 Domini
683 1337 1044 1389 commovere,
1097 1324 1200 1377 nisi
1244 1323 1420 1377 adhuc
1460 1323 1646 1378 fuisset
1677 1323 1730 1376 in
1756 1322 1852 1377 Ju-

264 1415 392 1469 daris
420 1414 688 1469 obstinata
717 1416 988 1484 superbia.
1011 1415 1140 1484 Nam
1163 1415 1288 1469 licet
1307 1415 1431 1469 talia
1462 1415 1696 1484 perpessi
1719 1415 1848 1481 sint,

265 1521 292 1558 a
329 1505 681 1573 blasphemiis
709 1521 894 1562 eorum
925 1507 1136 1560 animus
1177 1521 1284 1560 non
1325 1507 1568 1560 recessit.
1601 1505 1852 1559 Dixerunt

265 1599 404 1651 enim
443 1598 498 1650 in
527 1599 681 1652 corde
715 1614 831 1652 suo.
864 1597 930 1652 Et
957 1613 1024 1652 nc
1055 1596 1207 1666 pauci
1240 1597 1553 1651 viderentur
1587 1611 1726 1662 esse,
1759 1598 1854 1651 ad-

266 1691 420 1754 didit,
451 1692 688 1762 eognatio
732 1707 908 1745 eorum
938 1692 1069 1744 inter
1103 1707 1191 1756 se;
1235 1698 1292 1744 ut
1320 1689 1674 1758 impmnitenti
1703 1690 1850 1744 cordi

1953 500 2296 556 incredulus?
2327 499 2442 555 Non
2473 509 2530 554 ut
2571 515 2665 556 eos
2701 501 2969 570 perderet,
2997 517 3132 571 quos
3172 502 3376 558 flendos
3412 519 3533 556 esse

1944 593 2251 663 judicabat,
2285 592 2382 646 sed
2411 600 2468 646 ut
2512 591 2864 655 confessionis
2912 594 3183 650 benelicio’
3203 604 3432 650 mutaret
3480 600 3530 649 in

1950 685 2160 740 melius.
2209 685 2493 755 Sequitur,.
2520 685 2690 740 irritat
2725 687 3044 741 adversarius
3081 703 3259 740 nomen
3299 697 3440 740 tuum
3482 690 3532 742 in

1953 777 2128 844 ﬁnem.
2168 776 2278 830 Hoc
2307 777 2520 845 exponit
2543 776 2682 845 quod
2719 776 2965 846 superius
2988 777 3147 831 dixit.
3185 777 3385 831 'l‘andin
3431 777 3534 830 Do.

1951 866 2130 922 minus
2159 868 2616 923 tnurnturationes
2647 867 2846 937 patitur
2873 867 3218 937 perﬁdorum,
3251 869 3420 923 donec
3441 869 3533 922 ad-

1951 963 2220 1016 versarios
2247 975 2374 1015 suos
2401 961 2466 1014 ad
2485 959 2870 1016 confessionem
2897 961 2976 1014 sui
2998 961 3224 1015 nominis
3255 961 3536 1016 miseratus

1952 1053 2197 1107 adducat.
2220 1051 2310 1106 ille
2325 1053 2468 1106 enim
2488 1061 2674 1120 potens
2696 1061 2777 1106 est
2802 1052 2880 1107 sic
2903 1054 3168 1118 corrigere
3188 1053 3531 1122 derogantes,

1952 1157 2010 1202 ut
2050 1147 2141 1216 qui
2170 1146 2316 1214 prius
2345 1145 2618 1200 mortifere
2646 1145 2805 1199 locuti
2835 1155 2977 1209 sunt,
3023 1154 3205 1213 postea
3248 1146 3536 1212 prmdicare

1951 1239 2253 1294 salutariter
2279 1238 2583 1292 audiantur.
2627 1235 2806 1291 Irritat
2832 1238 2972 1292 enim
2999 1251 3028 1290 a
3050 1238 3268 1291 canibtts
3307 1245 3534 1290 tractum

1953 1341 2058 1395 est,
2086 1345 2311 1399 quorum
2356 1329 2634 1384 latratibus
2663 1329 2704 1382 Β
2737 1329 2915 1383 littera
2943 1329 3224 1397 plurimum
3259 1339 3436 1382 sonat.
3475 1328 3539 1380 In

1955 1425 2106 1491 ﬁnem
2127 1423 2389 1492 significat
2407 1422 2590 1477 mundi
2614 1437 2916 1491 vesperam,
2942 1420 3155 1492 quando
3178 1436 3306 1492 gens
3328 1420 3541 1476 iudico—

1955 1529 2070 1568 rum
2101 1529 2195 1583 pro
2224 1513 2454 1567 maxima
2485 1522 2632 1582 parte
2657 1513 2920 1568 creditura
2945 1520 3051 1568 est.

2026 1605 2179 1661 Vers.
2216 1607 2302 1660 10.
2347 1605 2539 1674 Πειιιιιά
2576 1607 2758 1659 avertis
2801 1605 2983 1674 {aciem
3023 1615 3166 1658 tuam
3204 1613 3251 1657 et
3279 1603 3541 1657 dexteram

1959 1705 2099 1751 luant
2127 1696 2191 1749 de
2220 1697 2384 1751 medio
2415 1698 2530 1750 sinu
2553 1704 2636 1748 tuo
2666 1696 2716 1748 in
2738 1696 2891 1763 ﬁnem
2909 1695 3107 1760 ?Quasi
3138 1694 3362 1758 offa-nso,
3389 1693 3539 1762 quasi

269 1787 460 1850 merito
493 1799 600 1838 non
627 1783 790 1836 fuerit
831 1796 1088 1852 suspensa
1115 1782 1408 1836 calamitas.
1441 1781 1713 1851 Sequitur,
1754 1780 1854 1836 Ve-
1887 1775 1934 1834 Β
1963 1788 2102 1842 irato
2131 1788 2353 1842 Domino
2382 1786 2529 1851 dicit,
2560 1786 2648 1856 qui
2696 1787 2826 1840 nolit
2869 1797 3178 1855 peccatores
3210 1785 3430 1854 populos
3459 1784 3542 1838 in-

265 1874 387 1938 nite,
419 1874 818 1944 comprimamus
843 1889 1012 1927 omnes
1041 1873 1386 1928 solentnitates
1408 1871 1614 1926 Domini
1637 1890 1669 1926 a
1697 1883 1854 1927 terra.

266 1965 358 2018 llic
379 1965 549 2019 verba
573 1967 882 2019 referuntur
902 1963 1246 2018 irascentium
1265 1963 1590 2026 Judteorum,
1607 1963 1858 2031 quoniam

264 2057 517 2111 viderant
547 2057 707 2129 251
739 2073 983 2114 eversam
1028 2057 1296 2112 civitatem
1334 2071 1506 2122 suam,
1532 2065 1585 2111 et
1615 2057 1706 2111 Dei
1732 2072 1860 2110 san-

264 2153 465 2202 ctuaria
522 2150 804 2217 profanata
831 2191 848 2217 ,
898 2149 1210 2218 insipienter
1248 2159 1301 2204 et
1334 2148 1529 2202 furiose
1567 2149 1860 2205 dixerunt:

268 2241 605 2318 Abjiciamus
651 2241 820 2309 legem
872 2240 1101 2304 Domini,
1149 2240 1242 2310 qui
1292 2255 1389 2294 nos
1426 2238 1696 2294 vindicare
1736 2255 1865 2294 con-

272 2335 490 2402 tempsit
515 2351 530 2388 :
557 2350 662 2389 non
690 2335 1020 2389 aestimantes
1046 2334 1215 2388 multo
1236 2349 1328 2388 eos
1351 2335 1596 2403 graviora
1630 2335 1864 2402 potuisse

274 2427 487 2493 mereri,
520 2426 612 2494 qui
641 2426 952 2495 crucifigere
985 2427 1084 2481 nisi
1111 2435 1238 2479 sunt
1259 2425 1543 2480 Dominum
1571 2425 1860 2481 Christum.

274 2516 414 2571 Talia
443 2519 590 2572 enim
628 2516 798 2587 Asaph
831 2532 895 2570 ex
922 2531 1014 2570 sua
1044 2531 1271 2585 persona
1297 2516 1472 2570 dicere
1495 2531 1600 2570 non
1634 2527 1861 2586 poterat,

277 2624 430 2677 quem
464 2609 777 2677 pranni‘ssus
804 2608 946 2664 tituli
977 2605 1262 2661 intellectus
1289 2606 1530 2660 ornabat.

343 2701 497 2755 Vers.
529 2701 582 2755 8.
618 2699 782 2771 Signa
825 2709 1000 2753 nostra
1042 2715 1142 2753 non
1169 2700 1386 2755 uidimus
1419 2699 1555 2772 [ed.,
1594 2698 1862 2771 videmus],

208 2841 212 2845 .
275 2795 376 2857 iam
419 2809 524 2847 non
555 2801 628 2846 est
652 2793 899 2864 propheta
930 2809 948 2846 :
979 2801 1026 2846 et
1059 2807 1151 2845 nos
1181 2809 1284 2848 non
1327 2775 1588 2862 cognoscet
1617 2795 1860 2863 amplius.

277 2884 674 2940 Dementissimi
714 2883 990 2938 hominum
1024 2883 1114 2952 qui
1153 2884 1278 2938 talia
1310 2883 1412 2938 sibi
1455 2884 1708 2952 putabant
1747 2891 1869 2954 post

277 2987 484 3032 reatum
514 2977 661 3045 signa
688 2989 846 3045 posse
877 2975 1140 3043 praestari,
1182 2975 1357 3044 qualia
1389 2975 1724 3030 videbantun
1743 2985 1867 3029 ante

275 3070 485 3140 culpam
517 3056 623 3122 tam
654 3068 1093 3124 immanissimam
1122 3070 1438 3138 promereri.
1476 3070 1734 3125 Veniebat
1764 3071 1864 3125 uti-

1967 1881 2120 1946 tueri,
2150 1889 2206 1934 ut
2232 1880 2406 1934 adhuc
2431 1878 2482 1933 in
2501 1893 2595 1933 sua
2621 1877 2901 1933 videantur
2922 1891 3264 1947 perseverare
3288 1875 3539 1945 nequitia.

1966 1970 2061 2025 llle
2082 1970 2224 2024 enim
2255 1983 2388 2039 quos
2414 1968 2815 2037 dispensatione
2844 1967 3070 2022 mirabili
3101 1967 3336 2037 placatus
3366 1974 3542 2020 atten-

1966 2063 2126 2126 derit,
2157 2061 2376 2131 corrigit
2403 2079 2414 2114 :
2442 2074 2576 2130 quos
2603 2060 2858 2130 propitius
2881 2061 3134 2124 intuetur,
3158 2059 3424 2112 emendat.
3449 2059 3544 2111 Se-

1967 2155 2165 2224 quitur,
2193 2163 2238 2208 et
2265 2154 2527 2207 dexteram
2562 2165 2704 2207 tuam
2737 2153 2798 2206 de
2832 2153 2995 2205 medio
3022 2153 3136 2205 sinu
3167 2162 3251 2204 tuo
3277 2151 3331 2204 in
3363 2151 3539 2217 ﬁnem.

1966 2245 2128 2300 Aliud
2145 2254 2535 2300 sacramentum
2569 2245 2800 2313 tangitur
2822 2244 3030 2297 Veteris
3047 2242 3392 2296 Testamenti.
3413 2240 3544 2294 Nam

1968 2338 2105 2392 sicut
2133 2338 2298 2407 Moysi
2327 2336 2508 2391 datum
2537 2334 2710 2390 fuerat
2742 2349 2836 2404 per
2866 2335 3064 2404 virgam
3091 2332 3346 2386 miracula
3376 2331 3548 2384 facere

1969 2428 2165 2501 (Exod.
2197 2444 2270 2494 iv,
2298 2428 2354 2496 6,
2386 2429 2464 2498 7),
2517 2429 2584 2481 ita
2613 2427 2689 2482 illi
2728 2437 3050 2495 praeceptum
3082 2433 3165 2480 est
3203 2432 3260 2479 ut
3289 2425 3549 2478 dexteram

1970 2536 2122 2575 suam
2154 2521 2205 2575 in
2249 2520 2426 2575 sinum
2460 2520 2714 2583 mitteret,
2749 2513 3046 2586 exindeque
3071 2517 3296 2585 prolata,
3339 2515 3545 2582 leprosa

1969 2622 2258 2682 conspecta
2287 2618 2388 2666 est.
2417 2611 2740 2680 iussumque
2768 2610 2840 2664 illi
2875 2619 2975 2675 est,
3011 2621 3067 2663 ut
3099 2608 3289 2662 iterum
3334 2621 3545 2660 manum

1972 2709 2205 2762 mitteret
2231 2706 2280 2758 in
2323 2705 2522 2769 sinum,
2571 2715 2625 2757 et
2667 2703 2844 2757 statim
2885 2712 3064 2756 curata
3094 2709 3196 2755 est.
3232 2699 3549 2770 Significans

1971 2801 2092 2872 quia
2117 2799 2342 2870 populus
2371 2800 2680 2854 indecorum
2702 2799 2885 2851 exiens
2907 2812 2934 2848 a
2965 2795 3188 2850 Domino
3209 2791 3422 2846 Christo
3455 2795 3552 2844 im-

1971 2892 2201 2946 mundus
2231 2889 2413 2953 ﬁeret;
2442 2890 2507 2942 ad
2531 2903 2652 2943 eum
2685 2899 2811 2941 vero
2837 2899 3128 2941 conversus
3154 2885 3416 2952 reciperet
3440 2883 3548 2950 pri-

1971 2986 2163 3039 stinam
2188 2983 2522 3053 sospitatem.
2545 2979 2696 3047 Quod
2715 2979 2909 3033 factum
2928 2978 3047 3032 ideo
3077 2983 3547 3037 commemoratur,

1973 3087 2030 3130 ut
2056 3077 2362 3131 Judarorum
2382 3073 2636 3144 populum
2660 3071 2710 3124 in
2743 3071 3013 3139 antiquam
3038 3068 3211 3122 redire
3237 3063 3550 3136 prcedicerct

275 3175 379 3229 que
402 3159 515 3214 illis
536 3159 589 3213 in
620 3160 858 3214 animum
888 3169 1116 3230 quantas
1141 3169 1328 3230 gentes
1357 3170 1534 3231 patres
1557 3176 1743 3215 eorum
1768 3162 1867 3215 Do-
1896 3155 1942 3217 C
1973 3169 2305 3236 sospitatem.
2327 3165 2438 3220 l-loc
2459 3171 2828 3231 argumentum
2847 3161 3040 3216 dicitur
3074 3160 3141 3214 ab
3159 3166 3549 3226 eventu,quan-

279 3252 427 3304 mino
453 3251 673 3318 juvante
702 3251 1110 3319 prostraverint,
1140 3267 1259 3321 qua:
1304 3267 1464 3323 regna
1497 3261 1867 3308 momentanea

277 3342 678 3396 concertatione
718 3340 1083 3409 subdiderint;
1115 3350 1170 3397 et
1197 3345 1247 3398 in
1292 3353 1441 3398 reatu
1473 3345 1712 3400 maximo
1741 3359 1871 3400 con-

279 3439 478 3504 stituti,
508 3438 623 3506 ipsa
642 3438 742 3491 sibi
770 3438 1045 3493 subtracta
1075 3437 1328 3491 dicebant
1355 3439 1528 3506 signa,
1562 3453 1682 3507 qua!
1711 3437 1873 3507 patri-

282 3535 380 3584 bus
403 3529 520 3583 suis
545 3535 670 3582 tunc
693 3529 899 3583 devotis
929 3537 1190 3584 noverant
1210 3543 1329 3583 esse
1351 3530 1565 3583 collata.
1598 3531 1867 3600 Sequitur,

285 3622 388 3681 iam
417 3636 518 3674 non
551 3631 626 3674 est
666 3621 912 3689 prapheta
942 3637 962 3676 :
993 3632 1040 3674 et
1069 3638 1158 3675 nos
1186 3638 1287 3675 non
1321 3632 1585 3690 cognoscet
1623 3625 1869 3692 amplius.

287 3713 472 3767 Adhuc
497 3716 611 3782 ipsa
629 3722 753 3767 sunt
777 3715 937 3767 verba
960 3714 1358 3782 desperantium
1385 3714 1713 3769 ludmorum.
1740 3716 1872 3768 Nam
1914 3723 1918 3728 ‘

287 3805 492 3874 quoties
529 3806 765 3873 antiquis
802 3805 1132 3874 temporibus
1160 3804 1414 3860 lsraelitm
1444 3807 1618 3875 aliqua
1658 3807 1876 3860 calami-

293 3907 398 3951 tate
428 3897 831 3966 premebantur,
858 3906 1049 3953 euntes
1071 3897 1137 3952 ad
1162 3899 1448 3968 prophetas
1478 3898 1876 3952 instruebantur

293 3990 356 4040 ab
396 3989 478 4043 eis
508 3988 660 4058 jussu
693 3989 903 4044 Domini
925 3989 1051 4058 quid
1097 3990 1272 4045 facere
1313 3990 1656 4054 debuissent;
1685 3989 1876 4060 quibus

296 4093 468 4138 tamen
497 4099 685 4139 eorum
707 4085 902 4139 duritia
931 4085 1153 4140 obedire
1182 4086 1583 4141 contemnebat.
1610 4085 1714 4140 Sed
1756 4100 1875 4140 cum

296 4187 385 4228 eos
410 4175 680 4244 completo
707 4176 940 4230 adventu
965 4178 1173 4232 Domini
1198 4192 1304 4232 non
1335 4179 1613 4242 haberent,
1633 4179 1880 4233 dicebant

299 4278 325 4316 a
353 4266 579 4320 Domino
603 4281 663 4321 se
692 4267 860 4330 fuisse
893 4269 1202 4335 derelictos,
1233 4271 1445 4338 quando
1469 4284 1584 4337 eos,
1622 4285 1715 4338 per
1744 4284 1879 4340 quos

299 4359 568 4414 admoneri
617 4370 1034 4425 consueverant,
1086 4377 1189 4416 non
1244 4362 1516 4416 videbunt.
1573 4363 1646 4417 De
1687 4363 1880 4417 talibus

300 4452 434 4505 enim
456 4455 717 4519 scriptum
743 4461 827 4507 est
857 4470 868 4503 :
917 4451 1181 4519 Peccator,
1226 4469 1339 4506 cum
1371 4455 1556 4506 verterit
1581 4456 1632 4507 in
1660 4455 1883 4525 profun-

1971 3259 2042 3314 do
2082 3258 2147 3312 ad
2190 3258 2317 3312 illud
2351 3255 2671 3328 supplicatio
2699 3254 2890 3322 tendit,
2923 3254 2987 3307 ad
3019 3253 3159 3322 quod
3191 3251 3266 3305 rei
3305 3250 3548 3306 ordinem

1974 3355 2253 3424 pervenire
2279 3349 2572 3420 cognoscit.
2612 3347 2718 3404 Sed
2749 3361 2815 3401 ne
2844 3346 2897 3400 in
2926 3344 3016 3398 tali
3048 3343 3310 3398 relatione
3357 3341 3554 3394 diutius

1972 3453 2291 3509 moraretur,
2334 3441 2400 3497 ad
2451 3439 2637 3495 laudes
2691 3437 2900 3492 Domini
2945 3435 3170 3490 festinus
3213 3433 3450 3495 accedit,
3497 3441 3554 3484 ut

1973 3539 2148 3592 omnia
2182 3535 2452 3606 possibilia
2484 3534 2627 3587 dicat
2659 3532 2735 3587 illi
2765 3531 2858 3602 qui
2889 3539 2995 3582 tam
3022 3527 3250 3596 ingentia
3277 3523 3557 3595 cognosci—

1976 3639 2060 3682 tur
2087 3628 2314 3694 operari.
2988 3639 2990 3641 '

2050 3719 2198 3772 Vcrs.
2234 3720 2318 3772 il.
2351 3717 2488 3770 Deus
2512 3725 2679 3768 autem
2715 3715 2822 3769 Rea:
2851 3722 3024 3766 noster
3050 3721 3166 3766 ante
3193 3710 3378 3765 alecula
3399 3727 3415 3774 ;
3439 3725 3554 3778 ope-
3616 3769 3633 3782 υ

1976 3820 2115 3863 ratus
2141 3806 2230 3861 'est
2259 3808 2476 3862 salutem
2505 3808 2555 3858 in
2585 3807 2750 3858 ntedio
2781 3815 2946 3858 terrm.
2982 3803 3143 3856 Venit
3171 3801 3235 3855 aii
3267 3799 3557 3855 secundam

1977 3901 2270 3954 sectionem
2299 3899 2584 3952 intellectus
2611 3897 2699 3950 ille
2735 3896 2928 3965 Asaplt,
2958 3908 3118 3963 quem
3149 3893 3332 3947 titulus
3370 3892 3560 3961 prrcci—

1978 3993 2159 4059 nebat,
2211 4000 2266 4046 et
2315 3990 2502 4059 Spiritu
2553 3989 2846 4060 prophetia:
2893 3987 3174 4041 Dominum
3223 3985 3559 4040 Salvatnretn

1981 4084 2223 4155 przcdicit
2269 4096 2388 4137 esse
2416 4091 2716 4142 venturum,
2749 4093 3074 4134 enumerans
3101 4091 3196 4144 per
3226 4075 3568 4130 demonstra-

1983 4178 2144 4230 tivum
2168 4189 2335 4245 genus
2354 4172 2614 4228 orationis
2637 4180 2834 4240 quanta
2859 4168 3110 4222 miracula
3137 4167 3319 4221 fecerit
3344 4166 3394 4218 iu
3423 4166 3562 4220 etelo

1981 4277 2037 4322 et
2061 4269 2111 4321 in
2137 4277 2302 4321 terra.
2323 4266 2389 4321 Et
2405 4265 2526 4336 quia
2553 4265 2621 4320 de
2641 4264 2757 4333 ejus
2776 4273 2892 4318 erat
2920 4259 3282 4317 incarnatione
3305 4257 3563 4324 dicturus,

1983 4375 2053 4417 ne
2096 4361 2216 4431 quis
2261 4374 2383 4415 eum
2438 4357 2720 4413 Dominum
2769 4357 3016 4412 crederet
3046 4353 3413 4422 temporalem,
3443 4361 3564 4406 ante

1984 4453 2416 4507 constitutionem
2438 4451 2619 4506 mundi
2643 4450 2828 4521 Regem
2852 4464 2970 4503 eum
2985 4446 3095 4517 jam
3121 4446 3284 4501 fuisse
3307 4453 3530 4502 testatur
3549 4487 3565 4512 ,

301 4544 416 4596 dum
447 4543 724 4609 malorum,
755 4544 943 4612 spernit
990 4544 1175 4614 (Prov.
1225 4559 1372 4607 mn,
1422 4546 1502 4612 5).
1543 4544 1666 4597 llaec
1701 4544 1878 4598 omnia
1911 4525 1963 4584 Ῑ)
1987 4541 2126 4597 sicut
2164 4542 2279 4612 ipse
2317 4542 2370 4597 in
2417 4542 2703 4611 Evangelia
2748 4540 2822 4594 ait
2854 4557 2867 4592 :
2902 4539 3009 4611 Ego
3047 4539 3102 4592 in
3143 4542 3236 4592 hoc
3280 4550 3427 4592 natus
3457 4555 3566 4592 sum

301 4634 398 4688 dici
430 4650 537 4688 non
581 4642 888 4702 potuerunt,
936 4634 1036 4688 nisi
1081 4649 1110 4686 a
1157 4633 1351 4703 popqu
1382 4635 1714 4704 Judzeorum,
1759 4636 1881 4704 quia

305 4726 555 4778 Rntnanis
577 4726 676 4780 ista
699 4727 964 4779 contraria
984 4735 1160 4788 erant,
1191 4727 1278 4796 qui
1305 4735 1430 4780 tunc
1459 4727 1700 4782 nefandis
1729 4728 1884 4782 idolis

301 4817 625 4871 serviebant.
685 4815 887 4869 Revera
935 4817 1107 4885 Amph
1156 4817 1461 4888 intelligens
1506 4828 1560 4872 et
1604 4821 1885 4875 sanctitate

304 4909 603 4976 praecipuus
622 4907 756 4961 fudit
778 4923 870 4975 pro
883 4906 1080 4963 Judmis
1102 4908 1394 4964 mirabilem
1412 4911 1884 4979 supplicationem.

307 4999 408 5052 Sed
438 5015 508 5054 ne
548 4999 892 5053 inclementia
933 5000 1236 5054 Divinitatis
1273 5010 1568 5068 putaretur,
1609 5004 1746 5070 quod
1792 5017 1885 5069 pro

309 5088 434 5156 ipsis
458 5105 563 5144 non
583 5090 839 5159 probatur
867 5092 1100 5154 auditus,
1131 5091 1410 5160 subjunin
1431 5094 1616 5162 culpas
1637 5094 1888 5162 despera-

313 5181 585 5251 tionesqnc
606 5180 945 5247 Judreorum;
980 5194 1035 5237 ut
1055 5183 1262 5238 debitas
1292 5183 1522 5239 ultiones
1560 5186 1890 5253 susceperint

313 5272 521 5336 merito,
564 5273 616 5327 in
650 5275 840 5342 quibus
867 5275 1010 5329 nulla
1059 5273 1157 5328 fuit
1185 5276 1320 5330 inter
1343 5284 1447 5329 tam
1477 5277 1638 5331 multa
1666 5278 1888 5333 erimina

310 5375 542 5432 congrua
569 5364 864 5433 pmnitudo.

384 5455 535 5511 Vera.
569 5457 625 5513 9.
658 5456 950 5527 Usquequo,
1006 5457 1162 5524 Deus,
1209 5451 1576 5530 improperabit
1618 5461 1894 5527 inimicus;

310 5547 483 5602 irritat
511 5549 838 5604 adversarius
877 5567 1056 5605 nomen
1086 5559 1230 5605 tuum
1258 5553 1310 5606 in
1338 5554 1530 5620 ﬁnem?
1555 5554 1757 5608 Clamat
1783 5562 1891 5610 tarr-

313 5654 474 5708 quam
499 5641 589 5711 qui
611 5641 910 5712 adjutorem
932 5645 1080 5710 petii,
1110 5647 1275 5714 gemit
1295 5647 1566 5717 quomodo
1591 5649 1897 5704 vulneratus

311 5729 408 5800 qui
428 5731 698 5788 medicum
730 5735 937 5803 "quaerit,
963 5733 1149 5791 dicens
1183 5735 1405 5794 Domino
1439 5755 1452 5791 :
1484 5736 1728 5804 Quandiu
1765 5739 1898 5794 istas

1990 4631 2166 4704 (Joan.
2203 4649 2349 4699 xvm,
2377 4633 2488 4704 57).
2523 4632 2728 4688 δωσηια
2753 4631 2895 4686 enim
2927 4631 3065 4685 dicta
3092 4638 3232 4696 sunt,
3264 4630 3402 4699 quod
3433 4629 3485 4682 in
3514 4645 3566 4682 se

1990 4727 2271 4782 revolvant
2301 4734 2560 4796 tempora.
2599 4725 2874 4795 Sequitur,
2906 4731 3143 4794 operatus
3171 4733 3242 4777 est
3271 4724 3488 4776 salutem
3518 4727 3571 4778 in

1992 4820 2158 4873 medio
2177 4828 2342 4871 terrm.
2367 4816 2622 4884 Quamvis
2651 4817 2752 4871 hoc
2777 4824 2830 4871 et
2852 4817 2918 4871 de
2943 4815 3094 4869 factis
3115 4815 3385 4868 miraculis
3406 4817 3545 4883 possi
3569 4826 3580 4864 ι

1992 4910 2238 4980 intelligi,
2269 4924 2388 4978 qua:
2412 4921 2589 4962 coram
2609 4906 2911 4962 hominibus
2937 4907 3209 4960 visualiter
3234 4920 3448 4973 cognos:
3470 4905 3577 4958 itur

1992 5011 2242 5073 operatus
2268 5046 2281 5069 ,
2315 5011 2490 5056 tamen
2508 5000 2701 5055 melius
2731 5001 2830 5054 hoc
2856 5001 2920 5053 de
2942 4999 3241 5053 animarum
3281 4998 3452 5052 salute
3487 5010 3573 5051 su-

1994 5096 2301 5165 scipiamus,
2323 5109 2480 5165 quam
2503 5103 2752 5163 operatus
2781 5104 2862 5150 est
2892 5093 3270 5163 praedicatione
3300 5090 3468 5144 vitali.
3512 5088 3577 5143 In

1994 5189 2162 5241 medio
2207 5198 2394 5253 tet-rw;
2448 5189 2650 5243 cunctis
2697 5189 2906 5242 scilicet
2949 5187 3292 5244 cernentibus
3333 5187 3540 5256 populis
3569 5225 3584 5249 ,

1997 5295 2130 5349 quos
2155 5295 2248 5350 per
2278 5291 2425 5334 terra!
2447 5281 2760 5336 vocabulum
2793 5282 2948 5336 datur
2979 5282 3219 5351 intelligi.
3253 5285 3384 5349 Quae
3410 5283 3576 5350 figura

1997 5371 2192 5426 dicitur
2223 5373 2570 5443 metonymia,
2612 5372 2825 5442 quando
2850 5388 2946 5444 per
2971 5373 3022 5428 id
3051 5376 3190 5443 quod
3233 5375 3489 5436 continet,
3526 5374 3572 5430 id

1998 5464 2138 5533 quod
2171 5463 2474 5518 continetur
2498 5463 2816 5519 ostenditur.

2071 5553 2222 5608 Vera.
2255 5553 2340 5607 12.
2374 5553 2452 5608 Tu
2482 5556 2797 5623 conﬁrmasti
2834 5557 2884 5609 in
2915 5556 3097 5610 uirtute
3125 5565 3212 5608 tua
3249 5573 3424 5622 mare;
3457 5573 3578 5610 ron-

2001 5646 2179 5698 triuisti
2209 5645 2376 5715 capita
2399 5645 2678 5701 draconum
2701 5664 2855 5716 super
2885 5663 3064 5718 aquas.
3103 5649 3168 5706 Ut
3191 5664 3375 5703 revera
3403 5661 3579 5704 osten-

2003 5733 2154 5793 deret
2192 5735 2332 5806 quod
2363 5740 2604 5808 superius
2644 5740 2797 5807 dixit,
2839 5751 2958 5798 ante
2986 5744 3174 5801 sa'cnln
3206 5743 3390 5817 Regem
3421 5746 3581 5802 fuisse
