3952 6162
447 274 542 327 531

1677 289 1742 342 Μ.
1787 286 2043 342 AUltELl
2080 287 2480 344 CASSIODURI

3556 310 3643 363 Ξ)δῖ

448 385 725 440 hominum
770 385 1120 452 Salvator-em,
1171 391 1258 458 qui
1306 405 1401 459 pro
1432 394 1584 448 nobis
1617 396 1720 463 pati
1769 397 2012 464 dignatus
2047 400 2090 454 Α
2122 395 2296 462 lingua
2321 398 2470 450 tortis
2495 398 3048 469 interpretatur,quod
3071 417 3210 471 εωβο
3227 405 3473 464 diabolum
3501 415 3638 483 signi-

446 484 565 541 est;
603 485 662 530 ut
689 487 910 530 mortem
943 478 1218 534 moriendo
1241 480 1287 534 dt
1309 492 1557 549 strueret,
1589 485 1812 553 captivis
1855 485 2013 539 lber-

449 577 631 631 tatem,
657 569 762 621 rcis
795 569 1005 634 prsentia
1035 571 1382 637 condonaret,
1421 575 1583 628 re'ert
1611 575 1860 628 miracula
1894 592 2012 646 quire

446 658 708 726 quondam
739 658 860 712 fecit
894 659 945 713 in
971 671 1128 728 gente
1155 662 1479 720 Judteorum.
1513 665 1843 735 Conﬁrmavit
1870 671 2010 724 enim

448 747 610 803 Rubri
641 748 802 802 maris
832 750 1058 818 liquidas
1083 753 1322 823 abyssos,
1356 757 1570 825 quando
1599 757 1652 811 in
1701 759 1907 813 duobus
1936 761 2013 813 la—

447 838 642 892 teribus
669 839 749 893 sic
779 853 914 905 aqua
953 840 1126 894 defixa
1154 851 1255 910 est,
1293 855 1349 898 ut
1380 861 1524 899 mare
1573 849 1876 918 navigerum
1917 851 2014 904 itor

446 929 642 982 faceret
665 943 783 984 esse
807 939 1095 985 terrenum.
1116 933 1384 1001 Sequitur,
1405 938 1680 990 contrivisti
1705 940 1871 1007 capita
1893 941 2014 991 dra-

444 1035 623 1073 conum
666 1038 818 1090 super
867 1040 1042 1087 aquas.
1085 1025 1390 1094 Mysterittm
1437 1030 1726 1098 superioris
1771 1031 2011 1086 miraculi

445 1116 698 1169 decenter
736 1117 982 1184 exponit,
1037 1118 1156 1186 quia
1187 1119 1295 1180 illa
1345 1121 1702 1192 prseﬁguratio
1759 1124 2013 1179 transitus

445 1203 610 1259 utaris
640 1203 802 1260 ltubri
833 1222 996 1276 aquas
1026 1210 1195 1264 sancti
1237 1213 1568 1278 baptismatis
1596 1214 1880 1279 indicabat,
1924 1216 2011 1270 ubi

444 1295 609 1363 capita
645 1296 944 1361 draconum,
979 1300 1028 1352 id
1058 1313 1132 1352 est
1163 1303 1444 1368 spirituum
1475 1305 1864 1359 iinmundrrum
1895 1321 2015 1373 pcr-

442 1384 704 1440 dncnnfur
732 1386 796 1440 ad
827 1388 1066 1456 niliilum,
1100 1392 1310 1460 quando
1339 1395 1542 1448 animas
1567 1410 1698 1464 quas
1721 1396 1798 1450 illi
1828 1412 2013 1464 pecca-

446 1485 620 1527 torum
660 1476 907 1532 sordibus
954 1479 1252 1549 inquinant,
1296 1482 1412 1536 fons
1445 1485 1690 1538 salutaris
1737 1487 2008 1540 emundat.

448 1564 510 1617 Et
541 1576 662 1619 nota
690 1568 829 1636 quod
859 1569 912 1622 in
941 1569 1041 1622 hoc
1069 1580 1123 1624 et
1155 1571 1206 1624 in
1239 1572 1358 1627 aliis
1390 1584 1613 1642 quatuor
1643 1577 1882 1630 versibus
1919 1594 2012 1645 per

441 1651 660 1721 figuram
706 1657 1137 1724 synatlirocsmos
1184 1662 1419 1728 singulas
1457 1675 1744 1733 enngregat
1793 1668 2008 1732 laudes;

2121 485 2278 540 licare
2302 485 2410 553 jam
2437 488 2691 542 diximus.

2192 578 2340 633 \‘ers.
2384 581 2465 634 15.
2506 580 2644 634 Tuus
2675 591 2746 635 est
2788 583 2894 636 dies
2935 594 2982 637 et
3013 596 3097 638 tua
3135 597 3204 640 est
3251 605 3372 655 nox;
3417 602 3466 645 tu
3501 594 3642 664 fecisti

2115 669 2274 721 solem
2317 679 2365 724 et
2402 671 2597 724 lunam.
2641 672 2838 726 Versus
2868 675 2965 729 iste
2994 685 3048 729 et
3075 692 3295 746 sequens
3329 684 3557 738 omnibus
3583 689 3640 741 ad

2119 759 2349 813 litteram
2374 771 2570 830 patent.
2597 761 2918 819 Cunclarum
2948 768 3141 835 quippe
3168 784 3335 824 rerum
3365 783 3557 830 creator
3575 792 3645 832 est

2118 850 2170 902 υ.
2199 850 2405 916 minus;
2437 852 2530 906 sed
2556 855 2734 922 aptius
2757 855 3024 922 videntur,
3053 858 3098 911 si
3129 861 3460 927 spiritualiler
3477 871 3646 933 exqui-

2116 950 2321 995 runtur.
2359 941 2504 996 Diem
2532 958 2794 1011 ponamus
2826 947 2996 1015 justos
3034 949 3197 1013 viros,
3241 951 3424 1018 quibus
3460 969 3649 1024 semper

2114 1031 2387 1097 sapientia:
2416 1032 2596 1086 lumen
2629 1034 2879 1101 irradiat;
2915 1047 3109 1092 noctem
3152 1038 3386 1097 homines
3413 1053 3585 1100 terreni
3607 1064 3644 1114 s,

2113 1121 2200 1188 qui
2253 1123 2482 1190 peccatis
2527 1125 2846 1181 facientibus
2893 1129 3450 1210 obscurantyr;‘sicut
3484 1137 3528 1190 in
3559 1143 3653 1194 alio

2116 1210 2318 1278 psalmo
2343 1211 2540 1267 dictum
2564 1227 2646 1269 est
2678 1232 2690 1267 :
2725 1215 2840 1270 Dies
2867 1218 2966 1272 diei
2991 1229 3186 1274 eructat
3235 1225 3453 1292 verbum,
3493 1239 3536 1281 et
3565 1246 3652 1282 nor

2115 1302 2249 1354 nocti
2281 1303 2470 1356 indicat
2492 1307 2750 1359 scientiam
2773 1307 2941 1379 (Psal.
2967 1311 3209 1380 xvm,2’>).
3237 1315 3339 1368 Sed
3363 1332 3475 1370 cum
3505 1320 3618 1372 dicit
3641 1338 3650 1372 :

2114 1391 2254 1446 Tuus
2288 1404 2360 1447 est
2401 1396 2506 1448 dies
2544 1407 2589 1450 et
2626 1407 2714 1451 tua
2749 1410 2821 1453 est
2856 1417 2988 1468 nor,
3030 1404 3295 1472 significat
3331 1411 3566 1475 quoniam
3609 1414 3652 1465 in

2115 1482 2351 1550 utrisque
2375 1483 2515 1538 Deus
2543 1487 2796 1541 miracula
2825 1507 3008 1560 magna
3032 1492 3187 1558 facit,
3223 1507 3277 1548 ut
3309 1511 3358 1550 et
3389 1499 3524 1551 illum
3553 1518 3653 1553 mu-

2115 1586 2243 1626 nere
2268 1589 2377 1627 sute
2408 1574 2621 1643 pictatis
2653 1578 2933 1646 illuminet,
2966 1590 3019 1636 et
3047 1583 3204 1637 istum
3249 1601 3354 1654 pec«
3376 1590 3471 1640 alis
3495 1606 3657 1644 emen-

2111 1661 2312 1728 datum,
2358 1665 2505 1734 regni
2532 1667 2614 1720 sui
2650 1667 2811 1722 faciat
2838 1684 2957 1724 esse
2987 1674 3319 1744 participem.
3361 1677 3584 1743 Addidit,
3612 1690 3658 1730 tu

444 1751 498 1795 nt
526 1748 858 1801 enumeratio
890 1749 1000 1816 ipsa
1035 1751 1284 1805 virtutum
1311 1755 1546 1808 animum
1587 1755 1774 1811 oﬂ‘ensi
1819 1767 2004 1828 potcn-
2045 1752 2085 1810 Β
2113 1754 2272 1820 [ιοίδίὶ
2298 1755 2456 1809 solem
2483 1767 2529 1810 et
2553 1757 2749 1812 limam.
2781 1761 2904 1816 llaec
2925 1764 3098 1818 omnia
3131 1767 3346 1820 nomina
3375 1783 3462 1835 per
3491 1785 3658 1824 exem-

442 1834 622 1888 tissimi
653 1835 851 1890 Judicis
882 1847 1217 1907 temperaret.

512 1925 663 1980 Vers.
687 1929 770 1982 13.
804 1927 846 1981 Τ
850 1945 882 1982 tt
909 1932 1200 2001 confregisti
1222 1944 1374 2002 caput
1397 1936 1665 2000 draconis;
1693 1938 1878 1992 dedisti
1896 1957 2009 1994 eum

436 2023 486 2073 in
535 2038 696 2076 escam
726 2025 911 2093 populo
960 2024 1286 2095 {Ethiopum
1343 2027 1474 2083 Cum
1529 2032 1771 2098 superius
1819 2033 2010 2087 disert

441 2113 627 2175 plurali
666 2130 890 2170 numero
923 2119 1094 2186 capita
1133 2119 1444 2183 draconum,
1484 2122 1784 2190 signficare
1823 2124 2008 2177 volens

435 2204 698 2272 nequitias
745 2206 1078 2275 spirituales,
1111 2209 1270 2264 modo
1298 2210 1550 2280 singulari
1597 2229 1820 2266 numero
1861 2214 2008 2283 ponit

435 2295 726 2361 draconem,
764 2303 822 2348 ut
853 2297 1020 2364 ipsum
1051 2298 1302 2352 Satanam
1349 2300 1586 2356 indicare
1612 2302 1873 2369 videatur,
1919 2306 2005 2372 qni

433 2394 686 2454 quantum
718 2386 924 2456 fortior,
973 2399 1174 2445 tantum
1219 2392 1472 2462 nequior;
1506 2404 1562 2448 et
1593 2411 1712 2448 cum
1753 2398 2004 2465 singulari

436 2492 658 2532 numero
679 2479 914 2547 ponitur,
948 2481 1088 2536 inter
1117 2482 1376 2550 malignos
1401 2485 1618 2554 spiritus
1640 2487 1839 2544 habere
1859 2491 2008 2544 simi-

431 2567 535 2622 lem
576 2569 785 2637 penitus
816 2571 1128 2640 abnegatur.
1177 2573 1337 2645 252
1366 2575 1694 2645 Confractum
1741 2589 1816 2633 est
1861 2582 2030 2636 enim'

432 2670 584 2724 caput
612 2659 748 2729 ejus,
793 2663 1005 2731 quando
1049 2667 1299 2733 superbia
1331 2668 1492 2735 ipsius
1531 2670 1596 2724 de
1623 2671 1764 2726 cmlo
1796 2673 2001 2743 dejtcta

432 2760 548 2816 est;
576 2761 630 2808 et
661 2754 893 2808 nativam
934 2755 1230 2812 claritatem
1256 2759 1488 2815 retinere
1533 2778 1635 2817 non
1669 2763 1882 2832 meruit,
1914 2767 2000 2834 qni

431 2857 488 2896 se
515 2842 810 2898 voluntaria
838 2845 1162 2903 obscuritate
1193 2851 1503 2906 maculavit.
1535 2853 1774 2920 Addidit,
1815 2855 2002 2910 ded?in

427 2949 541 2985 cum
565 2935 813 3008 in~_esram
833 2938 1023 3008 papula
1053 2939 1375 3012 /Etlti0pum.
1424 2941 1694 3015 /Etliiopes
1723 2948 1858 3001 bene
1882 2962 2002 3016 pec-

428 3032 636 3078 catores
664 3024 1012 3094 advertimus,
1038 3031 1125 3099 qui
1147 3042 1270 3087 ante
1287 3032 1498 3089 fuerant
1519 3035 1798 3091 tenebrosa
1822 3047 2000 3094 mente

2115 1845 2196 1913 pla
2230 1849 2395 1916 magis
2427 1848 2633 1917 planius
2673 1864 3038 1920 expOauntur.
3073 1855 3166 1910 Sol
3194 1860 3484 1927 sapientem
3512 1861 3658 1928 signi-

2113 1938 2248 2002 ficat,
2282 1938 2400 1993 luna
2433 1941 2649 1995 stultum
2671 1982 2686 2006 ,
2725 1944 2862 1998 sicut
2891 1948 3144 2015 scriptum
3172 1959 3260 2004 est
3289 1968 3302 2002 ;
3335 1951 3539 2018 Sapiens
3560 1969 3662 2019 per-

2110 2042 2275 2086 manet
2297 2035 2426 2088 sicut
2444 2035 2522 2089 sol
2533 2053 2551 2101 ;
2573 2038 2755 2091 stultus
2777 2049 2942 2092 autem
2964 2041 3092 2094 sicut
3113 2043 3239 2096 (una
3261 2044 3656 2114 mutatur(Eccli.

2111 2137 2272 2189 xxvii,
2323 2123 2432 2194 l2).
2481 2125 2702 2180 Pulclua
2753 2130 3015 2196 namtio,
3067 2141 3123 2186 ut
3171 2150 3270 2200 per
3313 2137 3658 2191 similitudines

2109 2230 2286 2266 rerum
2319 2216 2708 2285 Ouinipo:entis
2735 2222 2996 2289 stupenda
3028 2227 3297 2295 magnalia
3321 2227 3654 2283 declarentur.

2108 2306 2162 2358 lu
2204 2309 2450 2361 tinnitus
2485 2321 2658 2364 tamen
2689 2311 3086 2382 intelligendum
3127 2327 3213 2372 est
3241 2317 3538 2374 Creatorem
3567 2320 3659 2373 DJ-

2108 2398 2308 2452 minum
2365 2399 2576 2454 solitam
2620 2403 2776 2457 nimis
2815 2412 2867 2458 et
2912 2406 3180 2474 copiosam
3235 2411 3514 2466 ostendere
3556 2412 3654 2479 pie-

2107 2497 2292 2545 tatem.

2181 2580 2328 2638 Vers.
2368 2583 2450 2638 l6.
2476 2584 2555 2638 Tu
2585 2586 2746 2655 fecisti
2771 2602 2939 2642 omnes
2962 2592 3206 2644 terminos
3235 2584 3383 2646 terra:
3413 2602 3655 2646 :a'statem

2103 2686 2151 2731 et
2187 2693 2271 2730 t'er
2305 2686 2358 2730 tu
2398 2680 2560 2747 fecisti
2587 2698 2648 2736 ea
2673 2697 2691 2734 :
2714 2699 2902 2737 memor
2931 2694 3036 2738 esto
3076 2687 3235 2759 hujus
3268 2701 3513 2744 creatura:
3545 2702 3654 2746 tua'.

2101 2767 2217 2822 Non
2250 2769 2535 2838 incongrue
2559 2775 2796 2828 terminos
2826 2786 2969 2830 terra:
2996 2777 3226 2834 dicimus
3257 2797 3438 2837 omnes
3464 2792 3656 2850 epodo-

2103 2857 2184 2913 los
2213 2868 2266 2912 et
2295 2860 2600 2928 prOphetas.
2640 2863 2770 2918 Nam
2819 2867 2952 2919 sicut
2998 2871 3211 2923 termini
3265 2886 3508 2942 agrarum
3538 2873 3656 2928 lines

2103 2949 2240 3021 lett,
2269 2950 2441 3020 funes]
2473 2954 2820 3022 distinguunt,
2865 2960 2933 3011 ita
2972 2969 3026 3014 et
3062 2964 3441 3028 prirdicatores
3475 2965 3655 3019 Clll‘iali

2105 3055 2245 3096 verte
2279 3042 2400 3097 fidei
2437 3044 2558 3112 jura
2586 3047 2911 3102 custodiunt.
2945 3050 3223 3122 Sequitur,
3254 3067 3474 3110 mstatem
3506 3067 3550 3110 et
3585 3073 3658 3109 rer

429 3116 680 3170 teterrinii
706 3132 721 3181 ;
763 3119 855 3173 sed
883 3119 949 3173 ad
980 3119 1258 3177 Dominum
1289 3127 1553 3191 conversi,
1597 3143 1775 3188 escam
1819 3145 1995 3200 cmpe-
2024 3127 2070 3187 C
2101 3140 2155 3184 tu
2185 3134 2351 3202 fecisti
2374 3151 2452 3188 ea.
2482 3135 2583 3190 Per
2608 3138 2720 3192 hac
2743 3149 2975 3208 tempora
2999 3145 3266 3211 significat
3294 3148 3474 3202 fideles
3497 3149 3656 3202 diver-

429 3215 547 3259 rnnt
593 3206 790 3262 habere
819 3209 1108 3275 diabolum,
1141 3230 1260 3270 cum
1305 3217 1371 3270 de
1398 3217 1514 3285 ejus
1551 3219 1880 3278 detractione
1908 3237 1994 3278 sa-

426 3296 640 3350 tiantur.
670 3299 799 3353 Nam
833 3301 1094 3372 hodieque
1128 3320 1283 3374 quem
1324 3311 1611 3376 pessimum
1641 3311 1859 3382 intelligi
1904 3329 1994 3368 vo-

429 3389 624 3454 lumus,
651 3390 920 3450 diabolum
951 3411 1338 3463 nuncupamus.
1363 3400 1620 3455 Omnibus
1646 3404 1787 3456 enim
1825 3405 1993 3470 culpis

426 3480 738 3538 exsufﬂatur
760 3486 1027 3553 admissis,
1059 3490 1221 3544 totius
1246 3490 1438 3547 dicitur
1460 3501 1646 3548 auctor
1671 3500 1868 3550 erroris
1888 3539 1902 3563 ,
1938 3507 1994 3551 et

423 3575 559 3626 sicut
579 3573 668 3628 ille
695 3575 1023 3631 Christianos
1043 3580 1357 3650 insequitur,
1382 3583 1451 3636 ita
1480 3586 1546 3638 ab
1567 3587 1813 3641 euntibus
1835 3604 1988 3645 exse-

423 3666 604 3719 rrabili
633 3665 1210 3742 borrorediscerpitur.
1235 3676 1323 3732 Sic
1352 3680 1409 3731 lit
1431 3687 1488 3732 ut
1509 3681 1596 3747 qui
1630 3683 1848 3751 paganis
1869 3696 1993 3740 ante

425 3759 764 3826 venerabilis,
807 3778 948 3818 nunc
987 3779 1016 3822 a
1053 3765 1368 3823 Christianis
1410 3769 1795 3827 detracnonum
1838 3791 1992 3828 mor-

423 3849 571 3904 sibus
617 3851 948 3911 conodatur.
997 3854 1119 3910 Sive
1157 3860 1406 3912 conversi
1447 3860 1556 3930 jam
1585 3863 1770 3919 fideles
1807 3880 1986 3919 escam

424 3955 643 4005 possunt
672 3943 866 3999 habere
903 3947 1193 4017 diabolum,
1226 3952 1437 4019 quando
1467 3969 1562 4022 per
1598 3955 1764 4022 ipsius
1788 3958 1987 4011 machi-

423 4045 664 4090 namenta
697 4039 1122 4111 mutationesque
1145 4041 1456 4110 proficiunt;
1488 4047 1604 4115 ipso
1633 4049 1774 4102 enim
1811 4066 1989 4116 perse-

418 4135 612 4194 quente
640 4139 904 4200 martyres
935 4131 1092 4200 fiunt,
1124 4135 1238 4204 ipso
1283 4134 1550 4205 allligente
1577 4139 1846 4207 patientia:
1872 4156 1990 4194 mu-

419 4232 547 4272 nere
571 4231 913 4280 coronantur.
933 4224 1263 4292 Quapropter
1287 4228 1480 4282 merito
1503 4227 1747 4283 diabolus
1776 4230 1987 4285 illorum

418 4325 536 4364 esca
565 4312 772 4374 dicitur,
805 4329 938 4381 quos
971 4315 1365 4385 fatigationibus
1393 4320 1598 4375 crebris
1623 4321 1690 4375 ad
1722 4321 1985 4377 desideria

418 4405 588 4455 votiva
618 4403 876 4470 perducit.

2097 3237 2154 3278 sa
2185 3239 2388 3278 morum
2407 3228 2660 3295 qualitate
2689 3230 3081 3298 pollentes;alii
3111 3239 3256 3291 enim
3279 3249 3656 3310 sunttanquain

2093 3323 2255 3368 testas
2286 3315 2403 3369 fidei
2427 3318 2602 3372 calore
2629 3321 2891 3376 ferventes
2912 3324 2976 3377 ad
3001 3330 3314 3396 martyrium
3346 3345 3510 3399 usque
3536 3345 3648 3398 per-

2093 3405 2266 3471 ducti;
2308 3408 2396 3460 alii
2449 3411 2854 3468 mansuetudine
2906 3421 3184 3484 temperati
3246 3430 3497 3490 tauquam
3543 3439 3655 3486 ver,

2093 3495 2338 3562 mquabili
2374 3497 2596 3554 Domino
2625 3501 2908 3559 devotione
2937 3505 3276 3564 famulantes.
3309 3515 3498 3566 Omnia
3527 3513 3658 3566 enim

2091 3602 2146 3642 et
2197 3590 2293 3642 ista
2323 3602 2377 3644 et
2425 3592 2546 3646 talia
2595 3593 2705 3661 ipse
2751 3592 2896 3660 fecit,
2937 3597 3091 3666 cujus
3117 3602 3289 3669 gratia
3336 3604 3656 3664 conceditur,

2092 3680 2230 3747 quod
2261 3681 2310 3732 in
2344 3680 2612 3736 hominum
2654 3684 2787 3739 bona
2815 3688 3083 3744 voluntate
3113 3704 3468 3748 monstratur.
3501 3693 3659 3748 Addi—

2091 3767 2189 3832 dit,
2239 3785 2430 3823 memor
2455 3782 2560 3824 esto
2596 3771 2750 3842 hujus
2780 3789 3024 3830 creatura:
3062 3788 3182 3833 tuas.
3229 3781 3426 3837 Reddit
3457 3797 3660 3836 causam

2091 3870 2189 3911 cur
2231 3863 2561 3914 eiutnieratio
2611 3862 2698 3917 illa
2751 3868 3020 3933 praemissa
3053 3869 3156 3933 sit;
3206 3873 3441 3937 scilicet,
3485 3884 3541 3928 ut
3577 3872 3662 3942 qui

2094 3947 2268 4004 facere
2294 3953 2569 4006 consuevit
2594 3969 2799 4022 magna,
2836 3956 3033 4012 Judaiis
3059 3975 3276 4031 quoque
3311 3964 3659 4035 delinquenti-

2092 4041 2190 4095 bus
2221 4043 2499 4098 miseratus
2524 4043 2809 4115 indulgeat.
2836 4048 2898 4101 Et
2929 4058 2983 4102 ut
3006 4052 3441 4110 benevolentiam
3473 4058 3541 4125 pii
3567 4057 3662 4110 Do-

2091 4133 2220 4188 mini
2246 4146 2576 4202 provocaret,
2601 4139 2850 4193 beneficia
2877 4141 2991 4210 ejus
3011 4142 3320 4213 frequenter
3347 4158 3624 4203 enumerat
3647 4165 3658 4212 ;

2091 4235 2148 4278 ut
2186 4240 2393 4281 memor
2421 4242 2541 4282 esse
2571 4216 3024 4298 dignetur-eurum
3048 4250 3181 4303 quos
3211 4253 3406 4294 creare
3427 4241 3662 4312 dignatus

2089 4323 2189 4369 est.

2166 4407 2315 4464 Vers.
2338 4408 2422 4462 l7.
2449 4406 2696 4463 Inimicus
2723 4411 3082 4482 improperavit
3105 4415 3355 4484 Domino,
3381 4429 3428 4472 et
3454 4419 3664 4490 papulas

489 4491 640 4547 Vers.
681 4494 762 4548 Μ.
797 4493 873 4548 Tu
895 4495 1131 4566 dirupisti
1155 4500 1317 4567 fontes
1339 4511 1384 4555 et
1422 4511 1681 4568 torrentes,
1711 4513 1764 4557 tu
1786 4506 1991 4558 siccasti
2023 4489 2068 4545 D
2093 4500 2335 4571 insipiens
2372 4503 2677 4555 exacerbavit
2705 4520 2887 4558 nomen
2927 4517 3088 4562 luunt.
3139 4508 3359 4564 Illorum
3391 4513 3660 4566 verborum

328 4626 329 4629 η
415 4584 591 4647 fluuios
616 4583 808 4640 Ethan.
838 4586 952 4645 Hoc
981 4599 1146 4643 totum
1180 4606 1271 4658 per
1303 4593 1611 4659 a'legoriam
1640 4595 1707 4649 de
1731 4608 1987 4664 peccato-

416 4675 563 4728 ribus
584 4675 729 4730 dicit.
763 4676 952 4732 Fontes
982 4680 1098 4734 illos
1127 4682 1388 4750 appellat,
1423 4701 1646 4750 quorum
1681 4689 1813 4740 mala
1840 4688 1984 4758 jngi-

415 4779 497 4823 ιρι·
527 4769 845 4839 inﬂuebant;
879 4781 1152 4840 torrentes,
1181 4778 1266 4843 qui
1297 4777 1474 4830 subito
1502 4779 1748 4832 concitati
1783 4781 1983 4848 rapidis

413 4861 724 4916 excursibus
750 4863 1042 4917 irruebant.
1075 4865 1196 4919 "(BC
1222 4868 1361 4920 enim
1407 4868 1510 4923 duo
1535 4884 1727 4938 genera
1752 4884 1977 4938 peccan-

415 4953 542 5005 tium
589 4952 844 5007 Dominus
874 4954 1150 5023 dirumpet,
1190 4973 1309 5011 cum
1355 4974 1448 5010 eos
1475 4973 1503 5011 a
1535 4959 1730 5012 diaboli
1759 4959 1984 5013 famula-

412 5043 558 5097 tione
577 5043 839 5098 diviserit.
873 5044 1145 5114 Sequitur,
1175 5049 1377 5102 siccasti
1401 5050 1581 5118 ﬂuvios
1607 5049 1793 5102 Ethan.
1833 5050 1981 5104 Prio-

413 5151 524 5189 rem
555 5136 758 5190 excolit
799 5150 1038 5203 sensum,
1081 5148 1135 5190 ut
1165 5140 1369 5208 ﬂuvios,
1411 5140 1459 5192 id
1506 5151 1587 5195 est
1613 5141 1980 5194 inundationes

409 5229 670 5283 diabolica
700 5228 979 5299 iniquitate
1004 5233 1254 5286 collectas
1286 5249 1388 5285 non
1421 5235 1592 5288 solum
1624 5235 1884 5303 dirumpat
1919 5250 1980 5289 ac

409 5319 629 5385 dividat,
673 5334 858 5374 verum
907 5321 1064 5374 etiam
1116 5322 1344 5376 desiccet
1399 5335 1452 5377 et
1506 5326 1729 5379 auferat.
1766 5322 1982 5379 Flavius

408 5409 547 5461 enim
582 5411 794 5478 quando
836 5412 1090 5476 siccatur,
1133 5412 1199 5465 ad
1234 5412 1452 5466 nihilum
1502 5415 1614 5467 sine
1653 5415 1980 5469 dubitatione

412 5501 737 5564 perducitur.
777 5502 930 5568 Quod
982 5513 1107 5557 tunc
1143 5505 1450 5572 contingere
1493 5505 1828 5557 manifestum
1873 5513 1975 5570 est,

409 5593 619 5654 quando
667 5595 874 5648 donans
921 5596 1311 5649 multitudinem
1375 5605 1735 5662 peccatorum,
1781 5595 1977 5649 diaboli

411 5691 617 5738 constat
667 5687 981 5741 inundantia
1026 5689 1244 5757 periisse
1271 5688 1509 5744 consilia.
1555 5685 1723 5741 Etlian
1755 5687 1978 5743 llcbrtea

2093 4592 2352 4655 meminit,
2375 4608 2490 4661 quae
2529 4594 2773 4660 superius
2810 4595 2985 4651 dixit:
3025 4597 3226 4666 Venite,
3265 4604 3662 4670 comprimamus

2092 4697 2261 4734 omnes
2291 4682 2396 4736 dies
2424 4681 2574 4750 festos
2605 4682 2808 4737 Domini
2829 4704 2860 4738 α
2882 4696 3036 4752 terra,
3063 4701 3167 4742 etc.
3201 4690 3462 4746 Inimicus
3491 4692 3660 4759 utique

2091 4769 2188 4824 fuit
2220 4772 2318 4825 iSIe
2349 4771 2575 4839 populus
2601 4773 2927 4842 Judatorum,
2958 4778 3046 4846 qui
3082 4778 3205 4833 talia
3236 4781 3377 4835 dixit
3407 4782 3459 4835 in
3490 4781 3660 4834 Domi-

2089 4879 2231 4924 num,
2271 4871 2328 4916 ut
2364 4864 2433 4917 illi
2466 4864 2736 4919 videretur
2769 4869 3111 4936 exprobrare,
3142 4874 3226 4925 cui
3269 4872 3354 4925 vel
3387 4887 3455 4926 ex
3494 4872 3659 4938 aliqua

2090 4963 2238 5023 parte
2277 4953 2476 5023 gratias
2515 4969 2670 5024 agere
2709 4957 2854 5010 nulla
2890 4969 3064 5026 potest
3101 4969 3353 5015 creatura
3396 4959 3659 5016 sufﬁcere.

2088 5047 2355 5116 Sequitur,
2378 5057 2423 5100 et
2447 5049 2667 5116 populus
2692 5049 2930 5118 insipiens
2949 5051 3260 5104 exacerbavit
3283 5069 3474 5106 nomen
3501 5063 3657 5104 tuum.

2089 5139 2344 5208 [nsipiens
2371 5139 2550 5207 utique
2570 5139 2657 5206 qui
2681 5139 2870 5208 agebat
2910 5140 3145 5210 indigne,
3177 5150 3236 5195 ut
3269 5143 3360 5195 illa
3406 5143 3661 5212 patienter

2088 5231 2314 5294 audiret,
2355 5245 2473 5297 tina:
2513 5229 2782 5283 debuisset
2809 5232 3026 5284 omnino
3054 5233 3321 5302 refugere.
3369 5233 3436 5286 Et
3465 5248 3529 5286 ex
3563 5233 3657 5284 bne

2091 5320 2367 5374 Dominum
2397 5321 2460 5372 ad
2495 5320 2625 5372 iram
2649 5330 3092 5387 promeaverunt,
3133 5321 3250 5390 quia
3287 5339 3394 5376 non
3431 5336 3526 5390 pro
3552 5322 3655 5372 suis

2087 5412 2320 5481 peceatis
2348 5412 2468 5464 talia
2495 5410 2594 5464 sibi
2622 5410 2879 5466 accidisse
2907 5409 3175 5478 dixerunt,
3210 5413 3307 5465 sed
3341 5420 3653 5481 putatcruut

2085 5504 2338 5573 injustam
2377 5503 2565 5567 Deum,
2597 5503 2682 5570 qui
2715 5502 2860 5568 quasi
2897 5519 3005 5586 non
3037 5503 3365 5557 merentibus
3394 5499 3650 5556 dominari

2086 5594 2420 5664 permittebat
2451 5593 2743 5646 interitum.
2772 5593 3180 5652 Consideretuus
3210 5596 3374 5663 igitur
3413 5595 3646 5648 ordinem

2088 5686 2492 5744 saluberrimum
2519 5686 2881 5757 supplicantis.
2912 5689 3000 5746 Sic
3023 5704 3119 5759 pro
3135 5687 3489 5758 culpabilibus
3513 5695 3641 5754 orat,
