3952 6162
199 311 292 364 533

1099 275 1458 362 sxrostrto
1498 304 1561 359 lN
1599 302 2054 360 rsamemcu.
2096 302 2288 359 PSAL.
2335 301 2562 357 Lxxm.

3335 293 3436 350 535

194 431 244 471 ut
270 425 457 472 earum
485 432 698 487 semper
723 417 1036 472 conﬁteatur
1061 428 1256 472 errata.
1288 417 1399 472 Hoc
1428 415 1476 471 si
1501 417 1668 470 Judaei
1693 415 1762 469 fe-
1792 419 1837 473 Α
1873 417 1996 469 vitia
2027 418 2169 472 velut
2194 417 2418 487 quodam
2449 415 2681 484 hospitio
2702 413 2987 485 recipiunt,
3010 413 3098 484 qui
3129 412 3280 468 malis
3307 413 3438 466 acti-

196 513 389 565 cissent
445 520 628 564 mente
665 511 877 575 devota,
911 519 1193 579 potueram
1237 509 1555 580 generaliter
1584 508 1761 563 debita

194 605 354 656 vitare
394 601 674 671 supplicia.

263 695 416 749 ντες.
450 695 540 747 18.
570 693 654 748 Ne
675 695 848 748 tradas
887 695 1056 747 bestiis
1080 696 1275 747 animas
1314 695 1606 761 conﬁtentes
1639 694 1722 747 tibi
1749 710 1767 747 :

191 785 390 838 animas
441 801 726 854 pauperum
773 796 976 838 tuorum
1018 801 1082 838 ne
1133 785 1441 838 obliviscaris
1487 785 1539 838 in
1589 785 1762 852 finem.

193 873 364 941 Asopi:
415 876 563 928 venit
590 875 658 928 ad
697 875 901 929 tertiam
939 876 1255 939 sectionem,
1287 876 1368 927 cui
1405 874 1595 928 merito
1627 889 1760 941 prte-

196 967 388 1020 missus
415 976 498 1020 est
523 967 850 1021 intellectus:
882 968 1092 1037 quando
1125 969 1200 1022 sic
1229 977 1437 1036 peccata
1467 969 1640 1036 populi
1672 983 1767 1020 su-

198 1057 375 1123 perius
425 1057 706 1112 confessus
750 1067 862 1123 est,
906 1067 964 1112 ut
1000 1069 1174 1113 tamen
1217 1060 1437 1114 devotos
1470 1075 1498 1112 a
1544 1060 1770 1113 Domino

202 1146 510 1201 liberandos
532 1162 652 1202 esse
677 1159 979 1215 praesumat.
1006 1149 1277 1216 Supplicat
1297 1149 1436 1202 enim
1459 1150 1535 1202 vir
1556 1160 1770 1203 sanctus

197 1238 334 1304 quod
363 1237 571 1293 sciebat
597 1253 715 1294 esse
742 1248 1019 1295 venturum
1043 1283 1056 1305 ,
1089 1252 1144 1294 ut
1176 1241 1406 1294 ﬁdelium
1430 1241 1636 1295 animas
1665 1257 1768 1294 non

201 1324 395 1392 tradat,
416 1343 483 1384 ne
512 1329 752 1383 diabolus
777 1331 842 1382 ad
869 1345 960 1383 sua
983 1341 1103 1383 vota
1127 1331 1414 1398 perveniat.
1446 1330 1606 1383 Erant
1628 1331 1769 1383 enim

205 1419 252 1470 in
281 1418 372 1472 illo
407 1420 606 1487 populo
629 1419 788 1474 etiam
820 1429 945 1474 tunc
971 1435 1094 1473 vasa
1126 1419 1527 1488 misericordias,
1570 1434 1633 1474 ex
1656 1421 1773 1487 qui-

203 1510 298 1562 bus
327 1508 428 1562 luit
459 1510 702 1575 Simeon,
732 1510 1072 1572 Niondemus,
1103 1509 1411 1571 Nathanael,
1440 1509 1506 1563 de
1528 1525 1630 1579 quo
1672 1511 1774 1562 Βο-

201 1602 378 1653 minus
431 1601 790 1655 testimoaium
838 1603 1098 1670 perhibet,
1135 1602 1318 1656 dicens
1349 1619 1363 1656 :
1401 1602 1528 1654 Ecce
1556 1619 1668 1656 vere
1694 1601 1776 1655 ls-

198 1692 405 1752 raelita,
445 1691 496 1743 in
530 1707 628 1760 quo
659 1691 807 1744 dolus
831 1707 931 1744 non
963 1700 1037 1745 est
1065 1691 1241 1762 (Joan.
1277 1708 1314 1754 ι,
1347 1691 1470 1757 47);
1505 1702 1558 1745 et
1584 1692 1773 1761 reliqui

1869 509 1967 560 bus
1999 508 2320 575 polluuntur.

1945 598 2092 651 Vers.
2144 599 2232 651 9.0.
2275 598 2359 652 Ne
2399 607 2654 652 avertatur
2699 597 2902 651 humilis
2951 601 3113 667 {actus
3153 597 3444 665 confusus:

1869 705 2062 757 pauper
2092 699 2135 741 et
2162 691 2306 755 inops
2333 690 2611 742 laudabunt
2637 705 2812 741 nomen
2843 697 3007 740 tuum.
3031 687 3087 741 In
3110 687 3227 739 loco
3249 699 3434 739 eorum

1871 782 1955 848 qui
1989 779 2257 834 oti'endere
2283 780 2620 844 videbantur,
2654 779 2802 847 ponit
2838 791 2930 832 eos
2961 777 3048 847 qui
3077 776 3300 847 gratiam
3331 775 3440 828 Do-

1871 875 1998 928 mini
2047 873 2241 926 habere
2288 879 2717 925 consueverunt:
2769 879 2822 923 ut
2867 869 3080 924 dilectio
3127 867 3440 921 devotorum

1871 967 2048 1021 odium
2081 963 2468 1018 contumacium
2500 969 2838 1030 temperaret.
2885 959 3036 1024 Quod
3077 969 3440 1024 argumentum

1873 1057 2030 1109 riimis
2053 1055 2450 1110 accommodum
2473 1050 2801 1120 est,quandu
2824 1064 2920 1118 pro
2941 1050 3114 1116 aliquo
3136 1048 3437 1102 detesmb'rli

1873 1147 2083 1214 ponitur
2125 1158 2348 1211 persona
2391 1142 2638 1210 gratiosa.
2687 1140 2943 1208 Confundi
2982 1149 3154 1192 autem
3201 1153 3304 1190 non
3360 1149 3441 1192 est

1875 1237 2107 1299 humilis,
2143 1235 2233 1289 sed
2258 1235 2490 1300 superbi,
2516 1234 2604 1302 qui
2633 1231 2724 1286 Dei
2747 1232 2962 1300 gloriam
2991 1246 3095 1284 non
3123 1229 3300 1300 bgnos:
3319 1245 3438 1293 ens,

1876 1329 2123 1382 humanis
2152 1327 2353 1380 meritis
2384 1325 2630 1393 applicat.
2658 1323 2701 1377 si
2729 1323 2852 1391 quid
2884 1322 3003 1376 boni
3037 1322 3286 1388 (Domino
3311 1336 3443 1388 pra:-

1874 1421 2069 1488 staute)
2093 1418 2406 1486 susceperit.
2427 1415 2645 1483 Contra,
2666 1415 2892 1468 humiles
2922 1413 3084 1465 Deum
3107 1412 3302 1480 jugiter
3331 1414 3438 1463 Irm-

1876 1514 2018 1577 dant,
2050 1525 2110 1565 se
2157 1524 2367 1578 semper
2408 1516 2695 1560 accusant:
2739 1505 3092 1574 intelligentes
3148 1503 3445 1556 liivinitatis

1875 1620 1995 1658 esse
2024 1602 2160 1672 quod
2185 1601 2416 1668 sapiunt,
2449 1597 2716 1666 proprium
2746 1597 2924 1664 utique
2946 1595 3084 1664 quod
3114 1593 3445 1663 delinquunt.

1879 1697 2010 1749 Istos
2039 1703 2186 1763 rogat
2216 1708 2319 1746 non
2362 1692 2554 1744 debere
2586 1689 2866 1758 confundi;
2915 1690 3162 1755 quoniam
3193 1686 3445 1755 quidquid

197 1782 286 1836 qui
318 1780 548 1835 Domino
576 1782 756 1835 cordis
787 1781 1014 1850 puritate
1050 1782 1375 1851 placuerunt.
1408 1781 1601 1835 Bestius
1631 1785 1772 1836 enim
1810 1783 1850 1840 Β
1881 1790 2002 1842 boni
2037 1786 2386 1857 perceperint,
2424 1784 2628 1837 Domini
2671 1783 2984 1836 muneribus
3027 1781 3326 1850 intelligunt
3356 1796 3449 1848 ap-

203 1871 384 1938 posuit
411 1870 679 1926 diabolum
701 1887 820 1925 cum
849 1872 1125 1937 ministris,
1157 1887 1382 1942 quorum
1406 1873 1575 1941 capita
1618 1875 1779 1938 (sicut

199 1963 454 2030 superius
493 1962 654 2031 dixit)
699 1965 947 2018 contrivit
986 1979 1146 2034 super
1191 1979 1377 2033 aquas.
1418 1965 1696 2030 Sequitur,
1731 1973 1778 2016 et

197 2052 404 2104 animas
434 2069 719 2122 pauperum
755 2063 958 2107 tuorum
985 2071 1046 2107 ne
1073 2055 1381 2108 obliviscaris
1408 2057 1458 2107 in
1495 2056 1666 2122 linem.
1707 2053 1782 2109 De

201 2143 312 2196 illis
339 2144 466 2197 dicit
497 2146 584 2212 qui
614 2147 857 2214 superbia
885 2147 1068 2200 mundi
1096 2148 1388 2216 repudiata,
1422 2150 1486 2202 ad
1511 2149 1776 2202 humilita-

201 2243 315 2284 tem
347 2249 410 2287 se
439 2235 832 2288 sanctissimam
866 2237 1207 2292 contulerunt
1232 2254 1246 2292 :
1274 2254 1463 2306 rogans
1491 2249 1545 2292 ut
1574 2242 1650 2294 eis
1677 2240 1779 2294 Do-

201 2323 333 2376 mini
381 2323 679 2379 Salvatoris
727 2325 982 2380 beneficia
1029 2341 1132 2380 non
1184 2335 1472 2396 negentur;
1515 2329 1605 2382 sed
1658 2330 1778 2398 quia

204 2434 474 2488 pauperes
509 2422 625 2488 ejus
647 2421 773 2476 facti
801 2431 942 2488 sunt,
975 2423 1140 2492 ipsius
1161 2425 1401 2493 largitate
1425 2425 1710 2479 ditescant.

279 2510 436 2567 Vera.
471 2512 559 2567 19.
590 2512 800 2579 Respice
825 2515 876 2567 in
897 2522 1247 2567 testamentum
1274 2527 1416 2567 tuum
1439 2530 1456 2566 :
1479 2516 1596 2582 quia
1617 2514 1785 2584 reple-

205 2602 239 2653 ti
261 2611 391 2655 sunt
418 2603 509 2672 qui
541 2603 798 2657 obscurati
827 2615 942 2658 sunt
972 2614 1120 2660 terra:
1148 2606 1414 2661 domorum
1439 2606 1781 2677 iniquitatum.

205 2693 450 2760 Respice,
490 2694 651 2760 dixit,
694 2705 749 2749 ut
780 2694 1012 2765 digneris
1044 2697 1268 2766 implere
1297 2713 1413 2765 quae
1448 2698 1784 2769 cognosceris

202 2798 327 2841 ante
381 2786 734 2854 promisisse;
782 2788 918 2853 sicut
957 2788 1210 2856 scriptum
1237 2797 1360 2844 est:
1397 2787 1525 2842 Ecce
1564 2788 1671 2842 dies
1697 2804 1782 2841 re-

205 2879 361 2943 uirat,
400 2879 528 2930 dicit
569 2877 846 2942 Dominus,
870 2886 916 2932 et
956 2879 1312 2932 consummabo
1337 2879 1510 2932 domui
1538 2877 1706 2933 Israel
1741 2886 1787 2931 et

204 2969 382 3023 domui
412 2967 559 3022 Iuda
585 2978 934 3023 testamentum
961 2986 1163 3036 novum,
1195 2985 1295 3023 non
1331 2969 1608 3023 secundum
1635 2978 1784 3022 testa—

206 3073 440 3114 mentum
465 3061 605 3126 quod
633 3060 863 3130 disposui
900 3061 1130 3129 patribus
1160 3076 1330 3114 eorum
1355 3058 1486 3131 (Jer.
1517 3073 1668 3123 nm,
1706 3059 1782 3129 5).

208 3153 260 3206 lu
292 3155 395 3208 illo
420 3155 568 3208 enim
620 3153 1028 3221 pollicitationes
1059 3153 1380 3221 temporales
1421 3160 1558 3215 sunt,
1595 3159 1651 3204 ut
1691 3150 1788 3204 fuit
1815 3138 1855 3196 C

209 3253 350 3298 tem
385 3241 820 3311 repromissionis
849 3251 902 3296 et
929 3241 1266 3296 inimicorum
1307 3241 1465 3312 253
1503 3239 1787 3309 subiectio.

207 3335 356 3386 Tal.a
388 3332 535 3386 enim
565 3331 679 3386 rudi
707 3332 900 3401 populo
939 3331 1120 3388 debuit
1145 3333 1441 3388 concedere
1460 3374 1476 3402 ,
1507 3343 1566 3386 ut
1594 3333 1659 3386 ad
1682 3332 1792 3401 spi-

209 3426 427 3479 ritualia
479 3424 775 3492 intrepidus
823 3423 1080 3492 potuisset
1133 3422 1360 3478 subinde
1417 3423 1692 3477 festinare.
1734 3421 1790 3476 In

210 3519 360 3569 Novo
391 3525 571 3569 autem
594 3516 936 3569 Testamento
967 3516 1290 3584 promittitur
1339 3514 1792 3582 imperturbabilis

213 3608 341 3674 vita,
375 3620 605 3680 regnum
628 3603 776 3674 cujus
800 3618 904 3661 non
931 3605 1031 3665 erit
1057 3603 1202 3677 ﬁnis,
1226 3605 1496 3664 beatitudo
1511 3613 1788 3681 perpetua,

210 3715 261 3757 rt
307 3701 530 3757 Domini
564 3701 939 3769 contemplatio
965 3703 1219 3771 gloriosa.
1253 3702 1307 3756 In
1336 3703 1436 3758 hoc
1463 3719 1590 3772 ergo
1634 3712 1809 3756 testa--

213 3808 389 3849 mento
413 3796 662 3862 respicere
682 3794 810 3848 dicit
838 3794 1117 3848 Dominum
1141 3793 1359 3858 debere,
1382 3802 1438 3847 ut
1461 3795 1566 3848 cito
1591 3793 1789 3848 erranti

213 3886 419 3954 populo
443 3883 638 3939 debeat
665 3885 937 3953 profutura
962 3894 1234 3954 praestare.
1262 3885 1467 3939 Revera
1491 3884 1793 3952 intelligens

213 3977 392 4030 iactus
417 3985 501 4031 est
525 3976 720 4043 Asaph,
752 3976 839 4044 qui
868 3975 992 4030 talia
1038 3978 1194 4045 petit.
1224 3975 1364 4031 unde
1396 3986 1537 4030 totus
1567 3977 1794 4030 mundus

213 4066 483 4134 potuisset
511 4064 736 4120 absolvi.
781 4065 849 4120 Et
881 4066 1001 4121 vide
1023 4081 1124 4136 qua
1162 4066 1418 4136 sapientia
1456 4074 1646 4120 cuncta
1677 4067 1793 4120 dis-

211 4158 392 4213 currit
420 4175 433 4209 :
463 4156 590 4225 quia
634 4169 742 4210 non
769 4168 922 4211 erant
955 4159 1112 4222 bona,
1155 4174 1272 4225 qua:
1309 4158 1669 4227 delinquentis
1708 4174 1798 4227 po-

213 4250 322 4317 puli
353 4261 786 4302 comemorare
817 4247 1098 4314 potuisset,
1141 4233 1384 4302 meminit
1427 4249 1796 4316 promissionis

213 4340 516 4395 Dominieze
535 4353 654 4407 qua:
683 4353 899 4407 semper
927 4339 1196 4406 impletur.
1229 4338 1479 4406 Sequitur
1509 4339 1609 4392 alia
1638 4354 1797 4392 causa

213 4429 530 4491 miserandi,
556 4443 676 4498 qua:
697 4429 892 4486 dicitur
909 4429 1136 4498 qualitas
1153 4428 1395 4482 absoluta
1420 4444 1433 4480 :
1462 4429 1594 4492 Quia
1615 4429 1798 4497 repleti

1884 1878 2202 1948 plicandum.
2219 1876 2491 1943 Sequitur,
2512 1889 2704 1942 pauper
2725 1881 2769 1925 et
2799 1872 2946 1940 inops
2969 1870 3250 1924 laudabunt
3271 1887 3451 1922 nomen

1883 1979 2043 2022 tuum.
2091 1966 2374 2021 Videamus
2420 1978 2576 2032 quam
2619 1963 2690 2016 sit
2721 1962 3086 2038 istagloriosa
3128 1970 3448 2029 paupertas,

1883 2076 2038 2129 quam
2070 2059 2190 2113 felix
2217 2058 2471 2128 probetur
2501 2057 2698 2125 inopia,
2728 2070 2844 2125 qum
2875 2054 3153 2108 D-vminum
3183 2053 3341 2107 etiam
3373 2061 3450 2104 ta-

1882 2153 1985 2205 cita
2012 2151 2208 2212 laudat,
2241 2159 2292 2202 et
2319 2149 2383 2202 de
2413 2147 2676 2217 patientia:
2713 2162 2822 2200 su.e
2861 2147 3054 2199 virtute
3083 2144 3444 2199 concelebrat.

1885 2245 2059 2297 Mutus
2084 2251 2166 2296 est
2193 2241 2236 2295 si
2268 2240 2455 2308 p~allat
2484 2239 2773 2308 superbus;
2797 2252 2990 2306 pauper
3005 2245 3054 2289 et
3075 2237 3219 2305 inops
3239 2235 3454 2288 laudant

1887 2335 2185 2396 Dominum,
2215 2344 2264 2386 et
2293 2346 2409 2386 cum
2435 2331 2678 2384 videntur
2708 2329 2904 2383 habere
2930 2328 3220 2381 silentium.
3246 2325 3288 2380 Ο
3319 2327 3452 2379 ina:-

1883 2425 2145 2479 stimabile
2168 2424 2384 2487 bonum,
2409 2422 2451 2474 si
2486 2421 2840 2489 perpendatur
2869 2420 3218 2473 intrinsecus!
3247 2417 3454 2486 Pauper

1886 2520 1976 2572 Dei
2005 2518 2219 2579 dcitur,
2251 2517 2397 2569 dives
2418 2514 2598 2568 surculi
2634 2523 2968 2580 nuncupatur
2994 2529 3008 2576 ;
3048 2512 3149 2566 iste
3177 2520 3260 2566 eSt
3291 2509 3450 2580 Regis

1885 2607 2090 2671 aeterni,
2134 2607 2220 2659 ille
2254 2603 2506 2672 temporis
2548 2603 2730 2673 utique
2760 2601 2982 2670 fugitivi.
3015 2599 3128 2653 Non
3159 2600 3257 2653 sibi
3292 2599 3454 2652 habet

1885 2701 1973 2766 qui
2002 2698 2128 2750 iuris
2156 2696 2308 2750 dives
2337 2705 2416 2749 est
2441 2734 2456 2759 ,
2489 2694 2589 2747 iste
2613 2694 2790 2762 potius
2819 2691 3044 2745 idoneus
3072 2690 3328 2745 dicendus
3351 2699 3455 2752 est,

1885 2790 1974 2860 qui
2015 2791 2066 2842 in
2107 2787 2367 2842 thesauris
2415 2787 2606 2840 anima:
2653 2784 2908 2855 probatur
2959 2782 3183 2836 virtutes
3221 2781 3450 2836 eximias

1886 2878 2206 2935 condidisse.

1962 2971 2114 3025 Vers.
2144 2969 2234 3022 2|.
2271 2966 2520 3037 Exsurge,
2553 2965 2789 3033 Domine,
2812 2965 2996 3034 judica
3023 2979 3232 3017 causam
3271 2970 3414 3015 tuam
3439 2975 3459 3015 :

1889 3077 2080 3114 memor
2107 3068 2210 3113 esto
2237 3058 2659 3128 improperiorum
2691 3068 2912 3119 tuorum,
2947 3070 3120 3108 eorum
3147 3069 3260 3120 aute
3289 3053 3350 3106 ab
3379 3053 3458 3105 in-

1890 3155 2099 3223 sipiente
2133 3159 2251 3206 sunt
2299 3159 2402 3202 tota
2431 3149 2530 3202 die.
2579 3148 2702 3201 Post
2739 3157 2926 3201 cuncta
2957 3161 3074 3215 qua:
3119 3145 3272 3212 dixit,
3321 3158 3460 3198 nunc

1892 3243 2018 3298 facit
2044 3242 2242 3296 iudicis
2271 3253 2514 3301 causam;
2547 3247 2600 3292 ut
2623 3251 2744 3291 eum
2771 3236 3035 3290 efﬁcacius
3066 3243 3456 3296 commoveret,

1891 3338 1972 3390 cui
2020 3333 2213 3404 negotii
2253 3334 2332 3386 sui
2381 3330 2606 3400 qualitas
2645 3329 2940 3383 intimatur.
2986 3326 3134 3381 Nunc
3176 3327 3241 3380 ad
3284 3326 3456 3397 ipsum

1895 3427 2173 3480 Dominum
2202 3425 2362 3479 verba
2383 3422 2674 3488 convertit,
2707 3429 2962 3490 expetens
2992 3431 3043 3474 ut
3073 3434 3288 3474 causam
3308 3435 3458 3474 snam

1891 3529 2073 3572 Contra
2107 3517 2224 3571 illos
2255 3515 2529 3586 dijudicet,
2564 3515 2654 3583 qui
2683 3528 2786 3566 non
2827 3512 3081 3566 desinunt
3110 3512 3289 3581 pravis
3317 3527 3462 3566 mur-

1894 3606 2275 3663 murationihtts
2312 3605 2578 3666 insonare.
2615 3603 2825 3664 Iudicat
2855 3603 2997 3657 enim
3031 3619 3236 3660 causam
3269 3618 3416 3660 Suam
3443 3647 3457 3670 ,

1892 3711 2016 3762 dum
2047 3715 2286 3760 errantes
2318 3705 2441 3759 facit
2463 3701 2742 3756 manifesta
2772 3715 3115 3769 cognoscere,
3143 3711 3196 3752 ut
3217 3698 3460 3753 conversi

1895 3799 2183 3866 prmdicent
2250 3795 2388 3864 quod
2438 3794 2612 3848 stultis
2681 3790 3088 3862 rogitationibus
3133 3789 3458 3843 abnuebant.

1893 3890 2162 3960 Sequitur,
2191 3887 2387 3940 ﬂemor
2413 3895 2514 3939 esto
2543 3884 2967 3953 improperiorum
2997 3891 3220 3943 tuorum,
3251 3879 3462 3933 illorum

1894 3983 2098 4036 scilicet
2126 3994 2245 4049 qua“:
2285 3977 2530 4047 superius
2564 3975 2703 4029 dicta
2743 3981 2869 4027 sunt
2897 3991 2909 4025 :
2942 3971 3060 4025 Jam
3090 3988 3188 4024 non
3228 3978 3301 4024 est
3335 3985 3458 4039 pro-

1884 4075 2068 4144 pheta,
2097 4082 2143 4126 et
2173 4088 2262 4125 nos
2291 4086 2390 4124 non
2431 4075 2694 4139 aagnoscet
2737 4068 2980 4136 amplius.
3013 4064 3253 4132 Adjecit,
3288 4079 3464 4116 eorum

1896 4182 2008 4236 qure
2033 4165 2097 4216 ab
2133 4163 2399 4231 insipiente
2425 4166 2540 4213 sunt
2571 4167 2675 4211 tota
2711 4156 2816 4210 die.
2859 4155 2924 4210 Et
2951 4155 3051 4209 hoc
3078 4155 3144 4209 de
3172 4153 3466 4219 superiori-

1899 4260 1995 4310 bus
2029 4253 2239 4323 pendet,
2287 4251 2535 4321 quoniam
2568 4249 2664 4302 ista
2695 4247 2981 4317 opprobria
3012 4244 3073 4299 ab
3115 4243 3467 4314 insipientibus

1901 4348 2036 4402 dicta
2074 4355 2350 4400 venerunt.
2387 4344 2448 4395 Et
2480 4356 2544 4395 ne
2577 4349 2886 4410 putarentur
2927 4336 2992 4390 ad
3026 4345 3230 4404 tempus
3262 4335 3426 4389 eﬂusa
3448 4376 3464 4401 ,

1904 4436 2122 4500 addidit,
2147 4444 2251 4488 tota
2276 4434 2358 4487 die
2381 4450 2398 4498 ;
2427 4443 2483 4488 ut
2509 4433 2619 4500 ipsa
2649 4429 2976 4485 continuatio
3002 4427 3465 4483 mansuetudinem

210 4533 332 4576 sunt
354 4522 446 4590 qui
472 4520 728 4574 obscurati
753 4530 892 4586 sunt,
924 4519 974 4574 id
1003 4529 1085 4574 est
1113 4528 1416 4588 peccatores
1437 4520 1522 4588 qui
1547 4520 1792 4588 ignoran-
1825 4514 1873 4572 D
1899 4525 2265 4597 patientissimi
2296 4524 2497 4578 iudicis
2528 4522 2804 4576 indicaret.

213 4614 301 4666 tiae
327 4611 661 4668 obscuritate
688 4611 920 4664 demersi
948 4621 1102 4674 sunt;
1136 4610 1272 4664 sicut
1293 4619 1347 4664 et
1370 4610 1484 4678 ipse
1514 4625 1608 4679 pro
1633 4611 1710 4664 eis
1739 4611 1791 4664 in

212 4722 381 4761 cruce
407 4706 614 4774 positus
631 4704 972 4773 supplicavit,
997 4704 1212 4757 dicens:
1244 4702 1414 4767 Pater,
1443 4703 1643 4774 ignosce
1664 4704 1793 4767 illis,

212 4799 339 4866 quia
382 4797 612 4850 nesciunt
638 4797 764 4865 quid
788 4795 983 4864 faciunt
1021 4793 1171 4862 (Luc.
1198 4809 1348 4859 χχιιι,
1380 4793 1490 4864 51).
1517 4794 1619 4849 Sed
1642 4810 1797 4861 repe-

213 4898 397 4942 tamus
425 4889 570 4941 hunc
606 4901 839 4952 versum,
872 4893 928 4938 ut
961 4885 1230 4939 contextio
1273 4885 1555 4939 verborum
1587 4885 1794 4938 facilius

211 4978 415 5032 debeat
435 4991 708 5045 apparere.
746 4976 904 5043 Dixit,
936 4975 1175 5042 Respice,
1202 4977 1324 5042 quia
1352 4975 1527 5044 repleti
1559 4984 1675 5028 sunt
1705 4976 1792 5044 qui

209 5071 473 5124 obscurati
502 5078 637 5123 sunt.
685 5069 882 5137 Repleti
911 5071 1050 5124 enim
1083 5069 1289 5124 inerant
1320 5068 1704 5138 iniquitatibus,
1737 5080 1792 5122 et

209 5173 441 5214 necesse
460 5168 579 5213 erat
608 5167 664 5212 ut
687 5173 782 5212 eos
808 5170 1121 5228 sequeretur
1141 5160 1456 5226 obscuritas,
1483 5159 1572 5228 qui
1604 5161 1793 5213 merito

210 5253 455 5306 tenebris
475 5261 874 5320 comparantur,
903 5251 1150 5320 quoniam
1182 5252 1359 5305 lumen
1382 5253 1657 5320 sapientiae
1681 5266 1792 5320 per-

207 5341 491 5396 diderunt.
540 5341 780 5407 Addidit,
823 5350 971 5395 terra
992 5342 1261 5394 domorum
1311 5342 1656 5409 iniquitatum.
1700 5339 1796 5394 Isti

207 5445 342 5487 sunt
392 5443 540 5488 term
567 5435 833 5486 domorum
877 5433 1222 5503 iniquitatum,
1274 5434 1324 5487 id
1369 5442 1450 5487 est
1494 5433 1693 5488 terreni
1727 5433 1796 5486 de

210 5533 384 5585 domo
408 5530 766 5599 iniquitatum.
798 5529 862 5582 Et
890 5543 956 5583 ne
980 5529 1118 5582 forte
1141 5529 1225 5580 hic
1247 5538 1432 5581 terram
1461 5527 1513 5580 in
1537 5526 1679 5581 bono
1701 5539 1799 5578 vo-

212 5620 416 5674 luisses
441 5619 702 5687 accipere,
723 5618 940 5687 pulchre
965 5619 1238 5672 deﬁnitum
1259 5627 1341 5672 est
1362 5617 1486 5687 quid
1508 5617 1576 5670 sit
1604 5630 1800 5682 corpus

213 5712 539 5778 inﬁdelium,
572 5713 676 5765 hcc
701 5720 785 5764 est
829 5713 1010 5764 domus
1053 5710 1382 5779 iuiquitatum
1407 5726 1424 5764 :
1452 5709 1568 5777 quia
1603 5717 1797 5763 cuncta

1971 4620 2120 4672 Vers.
2160 4618 2250 4671 ‘22.
2287 4616 2367 4669 Ne
2395 4614 2701 4668 obliviscaris
2730 4629 2872 4667 voces
2909 4613 3242 4684 querentium
3268 4623 3349 4666 te:
3379 4629 3467 4666 su-

1897 4710 2068 4778 perbia
2098 4724 2269 4761 eorum
2296 4707 2380 4773 qui
2410 4717 2456 4758 te
2493 4705 2705 4757 oderunt
2740 4703 2982 4757 ascendat
3012 4702 3132 4774 [ed.
3157 4742 3172 4767 ,
3207 4703 3467 4774 ascendit]

1896 4817 2091 4865 semper
2119 4801 2186 4851 ad
2214 4809 2279 4851 te.
2309 4799 2360 4851 in
2393 4797 2561 4866 primo
2587 4806 2848 4850 commate
2878 4795 3089 4848 miscuit
3117 4794 3308 4848 iterum
3341 4804 3463 4848 vota

1898 4890 2150 4952 lidelium,
2184 4903 2249 4941 ne
2273 4888 2485 4956 alq‘iciat
2517 4901 2700 4954 preces
2727 4901 2916 4940 eorum
2943 4885 3034 4955 qui
3055 4884 3122 4938 ad
3152 4884 3326 4953 ipsum
3355 4895 3464 4939 toto

1895 4978 2072 5033 cordis
2093 4977 2285 5030 allectu
2313 4979 2546 5030 clamare
2576 4983 2902 5041 noscuntur;
2932 4984 2986 5027 ut
3016 4973 3286 5028 inveniant
3311 4989 3468 5042 quem

1896 5076 2160 5136 quaerunt,
2203 5075 2254 5120 et
2295 5072 2605 5119 mereantur
2639 5078 2863 5119 cernere
2904 5064 3022 5138 [ms.
3049 5060 3141 5130 G.,
3168 5063 3274 5128 ed.,
3301 5061 3470 5133 certe]

1895 5173 2051 5228 quem
2067 5165 2340 5227 expetunt.
2358 5157 2630 5226 Sequitur,
2646 5158 2881 5228 superbia
2892 5173 3068 5211 eorum
3088 5158 3174 5226 qui
3192 5166 3239 5210 te
3261 5157 3474 5208 oderunt

1893 5250 2132 5303 ascendat
2151 5263 2346 5315 semper
2364 5249 2429 5302 ad
2447 5257 2512 5302 te.
2537 5248 2646 5302 Hoc
2663 5262 2898 5316 congrue
2915 5248 3114 5302 dictum
3125 5248 3199 5301 de
3219 5247 3472 5300 Romanis

1898 5341 2247 5402 advertimus,
2263 5342 2328 5393 de
2348 5339 2538 5407 quibus
2555 5337 2798 5406 superius
2821 5341 2925 5391 ait:
2957 5336 3018 5390 In
3038 5338 3206 5390 medio
3227 5336 3360 5388 atrio
3383 5348 3469 5389 tuo

1901 5441 2172 5502 posuerunt
2192 5432 2338 5500 signa
2359 5446 2484 5494 sua;
2508 5437 2755 5484 utcontra
2781 5429 2957 5484 hostes
2974 5428 3282 5483 Jerusalem
3297 5427 3470 5480 omni-

1904 5532 2177 5594 potentem
2207 5520 2448 5576 Judicem
2473 5520 2941 5575 vehementissime
2962 5527 3342 5573 commoveret.
3375 5517 3476 5571 Su-

1904 5613 2076 5682 perbia
2098 5622 2180 5666 est
2199 5613 2343 5666 enim
2365 5627 2522 5680 quam
2548 5611 2800 5666 Dominus
2823 5611 3125 5678 specialiter
3146 5619 3473 5672 exsecratur,

1907 5721 2001 5775 per
2027 5718 2186 5774 quam
2217 5711 2269 5758 et
2299 5701 2518 5771 angelus
2548 5703 2769 5767 corruit,
2797 5710 2847 5757 et
2889 5701 3046 5768 primi
3077 5701 3308 5758 hominis
3357 5702 3480 5755 bea-
