  <div class='ocr_page' id='page_1' title='image "/cluster/home/n/w/nwhite01/storage/ocr_20150623/70/hvd.32044054758735/273.png"; bbox 0 0 4000 6172; ppageno 0'>
   <div class='ocr_carea' id='block_1_1' title="bbox 410 250 510 305">
    <p class='ocr_par' dir='ltr' id='par_1_1' title="bbox 410 250 510 305">
     <span class='ocr_line' id='line_1_1' title="bbox 410 250 510 305; baseline -0.02 0"><span class='ocrx_word' id='word_1_1' title='bbox 410 250 510 305; x_wconf 74' lang='grc'><strong>535</strong></span> 
     </span>
    </p>
   </div>
   <div class='ocr_carea' id='block_1_2' title="bbox 408 458 1980 531">
    <p class='ocr_par' dir='ltr' id='par_1_2' title="bbox 408 458 1980 531">
     <span class='ocr_line' id='line_1_2' title="bbox 408 458 1980 531; baseline 0.003 -19"><span class='ocrx_word' id='word_1_2' title='bbox 408 460 602 512; x_wconf 87' lang='lat' dir='ltr'><strong>rimum</strong></span> <span class='ocrx_word' id='word_1_3' title='bbox 645 459 828 512; x_wconf 90' lang='lat' dir='ltr'><strong>vitium</strong></span> <span class='ocrx_word' id='word_1_4' title='bbox 862 458 915 512; x_wconf 91' lang='lat' dir='ltr'><strong>in</strong></span> <span class='ocrx_word' id='word_1_5' title='bbox 949 459 1053 512; x_wconf 89' lang='lat' dir='ltr'><strong>ﬁne</strong></span> <span class='ocrx_word' id='word_1_6' title='bbox 1097 460 1327 529; x_wconf 87' lang='lat' dir='ltr'><strong>positum</strong></span> <span class='ocrx_word' id='word_1_7' title='bbox 1374 471 1496 526; x_wconf 86' lang='lat' dir='ltr'><strong>est,</strong></span> <span class='ocrx_word' id='word_1_8' title='bbox 1542 472 1602 516; x_wconf 88' lang='lat' dir='ltr'><strong>ut</strong></span> <span class='ocrx_word' id='word_1_9' title='bbox 1644 472 1763 531; x_wconf 89' lang='lat' dir='ltr'><strong>post</strong></span> <span class='ocrx_word' id='word_1_10' title='bbox 1804 465 1980 517; x_wconf 81' lang='lat' dir='ltr'><strong>omnia</strong></span> 
     </span>
    </p>
   </div>
   <div class='ocr_carea' id='block_1_3' title="bbox 406 556 1983 625">
    <p class='ocr_par' dir='ltr' id='par_1_3' title="bbox 406 556 1983 625">
     <span class='ocr_line' id='line_1_3' title="bbox 406 556 1983 625; baseline 0.006 -15"><span class='ocrx_word' id='word_1_11' title='bbox 406 556 610 610; x_wconf 77' lang='lat' dir='ltr'><strong>diceret</strong></span> <span class='ocrx_word' id='word_1_12' title='bbox 651 558 791 625; x_wconf 90' lang='lat' dir='ltr'><strong>quod</strong></span> <span class='ocrx_word' id='word_1_13' title='bbox 835 558 1106 612; x_wconf 66' lang='lat' dir='ltr'><strong>memorias</strong></span> <span class='ocrx_word' id='word_1_14' title='bbox 1152 559 1347 614; x_wconf 91' lang='lat' dir='ltr'><strong>ﬁnibus</strong></span> <span class='ocrx_word' id='word_1_15' title='bbox 1385 561 1725 617; x_wconf 70' lang='lat' dir='ltr'><strong>conderetur.</strong></span> <span class='ocrx_word' id='word_1_16' title='bbox 1771 562 1860 618; x_wconf 87' lang='lat' dir='ltr'><strong>Sic</strong></span> <span class='ocrx_word' id='word_1_17' title='bbox 1889 565 1983 619; x_wconf 85' lang='lat' dir='ltr'><strong>de-</strong></span> 
     </span>
    </p>
   </div>
   <div class='ocr_carea' id='block_1_4' title="bbox 408 649 1980 724">
    <p class='ocr_par' dir='ltr' id='par_1_4' title="bbox 408 649 1980 724">
     <span class='ocr_line' id='line_1_4' title="bbox 408 649 1980 724; baseline 0.006 -24"><span class='ocrx_word' id='word_1_18' title='bbox 408 650 621 718; x_wconf 90' lang='lat' dir='ltr'><strong>plorant</strong></span> <span class='ocrx_word' id='word_1_19' title='bbox 665 649 982 717; x_wconf 75' lang='lat' dir='ltr'><strong>simpliciter</strong></span> <span class='ocrx_word' id='word_1_20' title='bbox 1028 660 1083 705; x_wconf 88' lang='lat' dir='ltr'><strong>et</strong></span> <span class='ocrx_word' id='word_1_21' title='bbox 1120 652 1411 722; x_wconf 70' lang='lat' dir='ltr'><strong>prudenter</strong></span> <span class='ocrx_word' id='word_1_22' title='bbox 1445 656 1534 724; x_wconf 90' lang='lat' dir='ltr'><strong>qui</strong></span> <span class='ocrx_word' id='word_1_23' title='bbox 1583 670 1711 724; x_wconf 88' lang='lat' dir='ltr'><strong>pura</strong></span> <span class='ocrx_word' id='word_1_24' title='bbox 1752 656 1980 710; x_wconf 91' lang='lat' dir='ltr'><strong>Domino</strong></span> 
     </span>
    </p>
   </div>
   <div class='ocr_carea' id='block_1_5' title="bbox 405 739 1978 816">
    <p class='ocr_par' dir='ltr' id='par_1_5' title="bbox 405 739 1978 816">
     <span class='ocr_line' id='line_1_5' title="bbox 405 739 1978 816; baseline 0.006 -23"><span class='ocrx_word' id='word_1_25' title='bbox 405 748 586 793; x_wconf 81' lang='lat' dir='ltr'><strong>mente</strong></span> <span class='ocrx_word' id='word_1_26' title='bbox 616 739 792 793; x_wconf 77' lang='lat' dir='ltr'><strong>dereti</strong></span> <span class='ocrx_word' id='word_1_27' title='bbox 823 751 975 795; x_wconf 88' lang='lat' dir='ltr'><strong>sunt:</strong></span> <span class='ocrx_word' id='word_1_28' title='bbox 1004 741 1080 796; x_wconf 91' lang='lat' dir='ltr'><strong>sic</strong></span> <span class='ocrx_word' id='word_1_29' title='bbox 1111 757 1205 811; x_wconf 88' lang='lat' dir='ltr'><strong>per</strong></span> <span class='ocrx_word' id='word_1_30' title='bbox 1225 742 1463 799; x_wconf 92' lang='lat' dir='ltr'><strong>dolorem</strong></span> <span class='ocrx_word' id='word_1_31' title='bbox 1490 746 1731 816; x_wconf 84' lang='lat' dir='ltr'><strong>quamvis</strong></span> <span class='ocrx_word' id='word_1_32' title='bbox 1759 747 1978 802; x_wconf 89' lang='lat' dir='ltr'><strong>nimium</strong></span> 
     </span>
    </p>
   </div>
   <div class='ocr_carea' id='block_1_6' title="bbox 406 829 1674 905">
    <p class='ocr_par' dir='ltr' id='par_1_6' title="bbox 406 829 1674 905">
     <span class='ocr_line' id='line_1_6' title="bbox 406 829 1674 905; baseline 0.006 -22"><span class='ocrx_word' id='word_1_33' title='bbox 406 829 517 883; x_wconf 89' lang='lat' dir='ltr'><strong>falli</strong></span> <span class='ocrx_word' id='word_1_34' title='bbox 548 830 791 884; x_wconf 88' lang='lat' dir='ltr'><strong>nesciunt</strong></span> <span class='ocrx_word' id='word_1_35' title='bbox 820 832 906 900; x_wconf 86' lang='lat' dir='ltr'><strong>qui</strong></span> <span class='ocrx_word' id='word_1_36' title='bbox 936 832 1038 900; x_wconf 92' lang='lat' dir='ltr'><strong>piis</strong></span> <span class='ocrx_word' id='word_1_37' title='bbox 1069 834 1263 902; x_wconf 86' lang='lat' dir='ltr'><strong>regulis</strong></span> <span class='ocrx_word' id='word_1_38' title='bbox 1288 835 1674 905; x_wconf 87' lang='lat' dir='ltr'><strong>obsequuntur.</strong></span> 
     </span>
    </p>
   </div>
   <div class='ocr_carea' id='block_1_7' title="bbox 940 936 1434 1019">
    <p class='ocr_par' dir='ltr' id='par_1_7' title="bbox 940 936 1434 1019">
     <span class='ocr_line' id='line_1_7' title="bbox 940 936 1434 1019; baseline 0.01 -20"><span class='ocrx_word' id='word_1_39' title='bbox 940 936 1208 1001; x_wconf 79' lang='lat' dir='ltr'><strong>Conclusio</strong></span> <span class='ocrx_word' id='word_1_40' title='bbox 1236 948 1434 1019; x_wconf 79' lang='lat' dir='ltr'><strong>psalmi.</strong></span> 
     </span>
    </p>
   </div>
   <div class='ocr_carea' id='block_1_8' title="bbox 475 1053 1978 1132">
    <p class='ocr_par' dir='ltr' id='par_1_8' title="bbox 475 1053 1978 1132">
     <span class='ocr_line' id='line_1_8' title="bbox 475 1053 1978 1132; baseline 0.008 -24"><span class='ocrx_word' id='word_1_41' title='bbox 475 1053 830 1124; x_wconf 75' lang='lat' dir='ltr'><strong>CognOvislis,</strong></span> <span class='ocrx_word' id='word_1_42' title='bbox 865 1058 1134 1113; x_wconf 83' lang='lat' dir='ltr'><strong>auditores</strong></span> <span class='ocrx_word' id='word_1_43' title='bbox 1172 1062 1411 1132; x_wconf 85' lang='lat' dir='ltr'><strong>egregii,</strong></span> <span class='ocrx_word' id='word_1_44' title='bbox 1444 1078 1601 1130; x_wconf 90' lang='lat' dir='ltr'><strong>quam</strong></span> <span class='ocrx_word' id='word_1_45' title='bbox 1643 1066 1825 1120; x_wconf 84' lang='lat' dir='ltr'><strong>suavia</strong></span> <span class='ocrx_word' id='word_1_46' title='bbox 1872 1066 1978 1122; x_wconf 91' lang='lat' dir='ltr'><strong>sint</strong></span> 
     </span>
    </p>
   </div>
   <div class='ocr_carea' id='block_1_9' title="bbox 406 1142 1976 1220">
    <p class='ocr_par' dir='ltr' id='par_1_9' title="bbox 406 1142 1976 1220">
     <span class='ocr_line' id='line_1_9' title="bbox 406 1142 1976 1220; baseline 0.01 -23"><span class='ocrx_word' id='word_1_47' title='bbox 406 1142 729 1199; x_wconf 88' lang='lat' dir='ltr'><strong>ﬁdelissimis</strong></span> <span class='ocrx_word' id='word_1_48' title='bbox 758 1146 883 1201; x_wconf 74' lang='lat' dir='ltr'><strong>viris</strong></span> <span class='ocrx_word' id='word_1_49' title='bbox 911 1146 1082 1202; x_wconf 89' lang='lat' dir='ltr'><strong>ofﬁcia</strong></span> <span class='ocrx_word' id='word_1_50' title='bbox 1132 1148 1372 1216; x_wconf 88' lang='lat' dir='ltr'><strong>pietatis:</strong></span> <span class='ocrx_word' id='word_1_51' title='bbox 1405 1152 1847 1220; x_wconf 88' lang='lat' dir='ltr'><strong>quemadmodum</strong></span> <span class='ocrx_word' id='word_1_52' title='bbox 1880 1174 1976 1211; x_wconf 90' lang='lat' dir='ltr'><strong>no-</strong></span> 
     </span>
    </p>
   </div>
   <div class='ocr_carea' id='block_1_10' title="bbox 404 1238 1975 1315">
    <p class='ocr_par' dir='ltr' id='par_1_10' title="bbox 404 1238 1975 1315">
     <span class='ocr_line' id='line_1_10' title="bbox 404 1238 1975 1315; baseline 0.01 -24"><span class='ocrx_word' id='word_1_53' title='bbox 404 1238 503 1294; x_wconf 88' lang='lat' dir='ltr'><strong>lint</strong></span> <span class='ocrx_word' id='word_1_54' title='bbox 530 1242 800 1309; x_wconf 86' lang='lat' dir='ltr'><strong>proximos</strong></span> <span class='ocrx_word' id='word_1_55' title='bbox 825 1257 950 1296; x_wconf 89' lang='lat' dir='ltr'><strong>suos</strong></span> <span class='ocrx_word' id='word_1_56' title='bbox 985 1244 1250 1299; x_wconf 82' lang='lat' dir='ltr'><strong>tristitiam</strong></span> <span class='ocrx_word' id='word_1_57' title='bbox 1283 1246 1565 1315; x_wconf 88' lang='lat' dir='ltr'><strong>sustinere,</strong></span> <span class='ocrx_word' id='word_1_58' title='bbox 1601 1259 1656 1302; x_wconf 89' lang='lat' dir='ltr'><strong>ut</strong></span> <span class='ocrx_word' id='word_1_59' title='bbox 1684 1249 1749 1304; x_wconf 91' lang='lat' dir='ltr'><strong>de</strong></span> <span class='ocrx_word' id='word_1_60' title='bbox 1781 1249 1975 1306; x_wconf 75' lang='lat' dir='ltr'><strong>futuris</strong></span> 
     </span>
    </p>
   </div>
   <div class='ocr_carea' id='block_1_11' title="bbox 400 1332 1977 1409">
    <p class='ocr_par' dir='ltr' id='par_1_11' title="bbox 400 1332 1977 1409">
     <span class='ocr_line' id='line_1_11' title="bbox 400 1332 1977 1409; baseline 0.008 -25"><span class='ocrx_word' id='word_1_61' title='bbox 400 1345 585 1409; x_wconf 87' lang='lat' dir='ltr'><strong>eorum</strong></span> <span class='ocrx_word' id='word_1_62' title='bbox 624 1332 862 1388; x_wconf 86' lang='lat' dir='ltr'><strong>cladibus</strong></span> <span class='ocrx_word' id='word_1_63' title='bbox 904 1336 1062 1388; x_wconf 88' lang='lat' dir='ltr'><strong>tantis</strong></span> <span class='ocrx_word' id='word_1_64' title='bbox 1092 1337 1340 1408; x_wconf 84' lang='lat' dir='ltr'><strong>lacrymis</strong></span> <span class='ocrx_word' id='word_1_65' title='bbox 1369 1338 1687 1409; x_wconf 75' lang='lat' dir='ltr'><strong>affligantur.</strong></span> <span class='ocrx_word' id='word_1_66' title='bbox 1732 1342 1854 1396; x_wconf 64' lang='lat' dir='ltr'><strong>llaec</strong></span> <span class='ocrx_word' id='word_1_67' title='bbox 1895 1354 1977 1397; x_wconf 91' lang='lat' dir='ltr'><strong>est</strong></span> 
     </span>
    </p>
   </div>
   <div class='ocr_carea' id='block_1_12' title="bbox 404 1408 1974 1501">
    <p class='ocr_par' dir='ltr' id='par_1_12' title="bbox 404 1408 1974 1501">
     <span class='ocr_line' id='line_1_12' title="bbox 404 1408 1974 1501; baseline 0.009 -24"><span class='ocrx_word' id='word_1_68' title='bbox 404 1408 589 1479; x_wconf 80' lang='lat' dir='ltr'><strong>revera</strong></span> <span class='ocrx_word' id='word_1_69' title='bbox 619 1426 893 1481; x_wconf 90' lang='lat' dir='ltr'><strong>charitatis</strong></span> <span class='ocrx_word' id='word_1_70' title='bbox 934 1440 1115 1482; x_wconf 91' lang='lat' dir='ltr'><strong>sancta</strong></span> <span class='ocrx_word' id='word_1_71' title='bbox 1160 1429 1413 1499; x_wconf 78' lang='lat' dir='ltr'><strong>perfectio</strong></span> <span class='ocrx_word' id='word_1_72' title='bbox 1445 1444 1769 1501; x_wconf 72' lang='lat' dir='ltr'><strong>prmsentare</strong></span> <span class='ocrx_word' id='word_1_73' title='bbox 1800 1436 1974 1491; x_wconf 87' lang='lat' dir='ltr'><strong>futura</strong></span> 
     </span>
    </p>
   </div>
   <div class='ocr_carea' id='block_1_13' title="bbox 402 1516 1969 1589">
    <p class='ocr_par' dir='ltr' id='par_1_13' title="bbox 402 1516 1969 1589">
     <span class='ocr_line' id='line_1_13' title="bbox 402 1516 1969 1589; baseline 0.009 -20"><span class='ocrx_word' id='word_1_74' title='bbox 402 1516 499 1569; x_wconf 83' lang='lat' dir='ltr'><strong>sibi</strong></span> <span class='ocrx_word' id='word_1_75' title='bbox 525 1519 781 1585; x_wconf 75' lang='lat' dir='ltr'><strong>pericula,</strong></span> <span class='ocrx_word' id='word_1_76' title='bbox 807 1535 921 1588; x_wconf 70' lang='lat' dir='ltr'><strong>quae</strong></span> <span class='ocrx_word' id='word_1_77' title='bbox 944 1521 1196 1589; x_wconf 82' lang='lat' dir='ltr'><strong>proximis</strong></span> <span class='ocrx_word' id='word_1_78' title='bbox 1220 1521 1570 1578; x_wconf 86' lang='lat' dir='ltr'><strong>formidantur</strong></span> <span class='ocrx_word' id='word_1_79' title='bbox 1591 1541 1708 1581; x_wconf 80' lang='lat' dir='ltr'><strong>esse</strong></span> <span class='ocrx_word' id='word_1_80' title='bbox 1729 1539 1969 1583; x_wconf 74' lang='lat' dir='ltr'><strong>ventura.</strong></span> 
     </span>
    </p>
   </div>
   <div class='ocr_carea' id='block_1_14' title="bbox 401 1608 1970 1689">
    <p class='ocr_par' dir='ltr' id='par_1_14' title="bbox 401 1608 1970 1689">
     <span class='ocr_line' id='line_1_14' title="bbox 401 1608 1970 1689; baseline 0.008 -28"><span class='ocrx_word' id='word_1_81' title='bbox 401 1608 536 1673; x_wconf 88' lang='lat' dir='ltr'><strong>Quid</strong></span> <span class='ocrx_word' id='word_1_82' title='bbox 569 1620 749 1677; x_wconf 80' lang='lat' dir='ltr'><strong>ageret</strong></span> <span class='ocrx_word' id='word_1_83' title='bbox 777 1611 875 1665; x_wconf 68' lang='lat' dir='ltr'><strong>is1e</strong></span> <span class='ocrx_word' id='word_1_84' title='bbox 914 1612 979 1665; x_wconf 89' lang='lat' dir='ltr'><strong>de</strong></span> <span class='ocrx_word' id='word_1_85' title='bbox 1008 1622 1291 1681; x_wconf 88' lang='lat' dir='ltr'><strong>conspecta</strong></span> <span class='ocrx_word' id='word_1_86' title='bbox 1330 1615 1501 1678; x_wconf 88' lang='lat' dir='ltr'><strong>clade,</strong></span> <span class='ocrx_word' id='word_1_87' title='bbox 1535 1632 1691 1684; x_wconf 89' lang='lat' dir='ltr'><strong>quam</strong></span> <span class='ocrx_word' id='word_1_88' title='bbox 1722 1618 1845 1689; x_wconf 84' lang='lat' dir='ltr'><strong>[ms.</strong></span> <span class='ocrx_word' id='word_1_89' title='bbox 1881 1621 1970 1685; x_wconf 78' lang='grc' dir='ltr'><strong>Α..</strong></span> 
     </span>
    </p>
   </div>
   <div class='ocr_carea' id='block_1_15' title="bbox 400 1699 1969 1775">
    <p class='ocr_par' dir='ltr' id='par_1_15' title="bbox 400 1699 1969 1775">
     <span class='ocr_line' id='line_1_15' title="bbox 400 1699 1969 1775; baseline 0.01 -26"><span class='ocrx_word' id='word_1_90' title='bbox 400 1699 641 1770; x_wconf 84' lang='lat' dir='ltr'><strong>quando]</strong></span> <span class='ocrx_word' id='word_1_91' title='bbox 695 1700 922 1753; x_wconf 85' lang='lat' dir='ltr'><strong>futuram</strong></span> <span class='ocrx_word' id='word_1_92' title='bbox 963 1703 1039 1755; x_wconf 91' lang='lat' dir='ltr'><strong>sic</strong></span> <span class='ocrx_word' id='word_1_93' title='bbox 1077 1703 1408 1773; x_wconf 82' lang='lat' dir='ltr'><strong>cognoscitur</strong></span> <span class='ocrx_word' id='word_1_94' title='bbox 1448 1716 1768 1775; x_wconf 87' lang='lat' dir='ltr'><strong>compuncto</strong></span> <span class='ocrx_word' id='word_1_95' title='bbox 1808 1712 1969 1765; x_wconf 88' lang='lat' dir='ltr'><strong>corde</strong></span> 
     </span>
    </p>
   </div>
   <div class='ocr_carea' id='block_1_16' title="bbox 398 1788 1969 1869">
    <p class='ocr_par' dir='ltr' id='par_1_16' title="bbox 398 1788 1969 1869">
     <span class='ocr_line' id='line_1_16' title="bbox 398 1788 1969 1869; baseline 0.008 -29"><span class='ocrx_word' id='word_1_96' title='bbox 398 1788 671 1842; x_wconf 78' lang='lat' dir='ltr'><strong>doluisse?</strong></span> <span class='ocrx_word' id='word_1_97' title='bbox 701 1788 1069 1857; x_wconf 75' lang='lat' dir='ltr'><strong>Respiciamus</strong></span> <span class='ocrx_word' id='word_1_98' title='bbox 1110 1807 1236 1861; x_wconf 88' lang='lat' dir='ltr'><strong>ergo</strong></span> <span class='ocrx_word' id='word_1_99' title='bbox 1271 1792 1561 1862; x_wconf 72' lang='lat' dir='ltr'><strong>Scriptum</strong></span> <span class='ocrx_word' id='word_1_100' title='bbox 1596 1809 1794 1852; x_wconf 75' lang='lat' dir='ltr'><strong>sancta:</strong></span> <span class='ocrx_word' id='word_1_101' title='bbox 1826 1801 1969 1869; x_wconf 83' lang='lat' dir='ltr'><strong>quali</strong></span> 
     </span>
    </p>
   </div>
   <div class='ocr_carea' id='block_1_17' title="bbox 400 1877 1969 1955">
    <p class='ocr_par' dir='ltr' id='par_1_17' title="bbox 400 1877 1969 1955">
     <span class='ocr_line' id='line_1_17' title="bbox 400 1877 1969 1955; baseline 0.009 -26"><span class='ocrx_word' id='word_1_102' title='bbox 400 1877 501 1931; x_wconf 87' lang='lat' dir='ltr'><strong>sibi</strong></span> <span class='ocrx_word' id='word_1_103' title='bbox 532 1878 754 1933; x_wconf 85' lang='lat' dir='ltr'><strong>veritate</strong></span> <span class='ocrx_word' id='word_1_104' title='bbox 798 1882 1163 1946; x_wconf 90' lang='lat' dir='ltr'><strong>consentiant;</strong></span> <span class='ocrx_word' id='word_1_105' title='bbox 1195 1892 1252 1936; x_wconf 94' lang='lat' dir='ltr'><strong>ut</strong></span> <span class='ocrx_word' id='word_1_106' title='bbox 1289 1895 1413 1939; x_wconf 85' lang='lat' dir='ltr'><strong>ante</strong></span> <span class='ocrx_word' id='word_1_107' title='bbox 1453 1886 1627 1955; x_wconf 82' lang='lat' dir='ltr'><strong>Asaph</strong></span> <span class='ocrx_word' id='word_1_108' title='bbox 1656 1887 1829 1943; x_wconf 88' lang='lat' dir='ltr'><strong>adhuc</strong></span> <span class='ocrx_word' id='word_1_109' title='bbox 1869 1889 1969 1943; x_wconf 86' lang='lat' dir='ltr'><strong>ﬁo-</strong></span> 
     </span>
    </p>
   </div>
   <div class='ocr_carea' id='block_1_18' title="bbox 398 1969 1971 2045">
    <p class='ocr_par' dir='ltr' id='par_1_18' title="bbox 398 1969 1971 2045">
     <span class='ocr_line' id='line_1_18' title="bbox 398 1969 1971 2045; baseline 0.008 -23"><span class='ocrx_word' id='word_1_110' title='bbox 398 1977 601 2023; x_wconf 86' lang='lat' dir='ltr'><strong>rentem</strong></span> <span class='ocrx_word' id='word_1_111' title='bbox 629 1969 921 2025; x_wconf 83' lang='lat' dir='ltr'><strong>Jerusalem</strong></span> <span class='ocrx_word' id='word_1_112' title='bbox 953 1971 1329 2041; x_wconf 76' lang='lat' dir='ltr'><strong>deploraverit,</strong></span> <span class='ocrx_word' id='word_1_113' title='bbox 1364 1992 1519 2044; x_wconf 91' lang='lat' dir='ltr'><strong>quam</strong></span> <span class='ocrx_word' id='word_1_114' title='bbox 1551 1988 1667 2045; x_wconf 91' lang='lat' dir='ltr'><strong>post</strong></span> <span class='ocrx_word' id='word_1_115' title='bbox 1696 1988 1772 2033; x_wconf 89' lang='lat' dir='ltr'><strong>tot</strong></span> <span class='ocrx_word' id='word_1_116' title='bbox 1802 1996 1971 2036; x_wconf 87' lang='lat' dir='ltr'><strong>annos</strong></span> 
     </span>
    </p>
   </div>
   <div class='ocr_carea' id='block_1_19' title="bbox 397 2060 1969 2140">
    <p class='ocr_par' dir='ltr' id='par_1_19' title="bbox 397 2060 1969 2140">
     <span class='ocr_line' id='line_1_19' title="bbox 397 2060 1969 2140; baseline 0.005 -27"><span class='ocrx_word' id='word_1_117' title='bbox 397 2060 656 2116; x_wconf 89' lang='lat' dir='ltr'><strong>.leremias</strong></span> <span class='ocrx_word' id='word_1_118' title='bbox 678 2074 888 2130; x_wconf 75' lang='lat' dir='ltr'><strong>peracta</strong></span> <span class='ocrx_word' id='word_1_119' title='bbox 912 2064 1217 2131; x_wconf 73' lang='lat' dir='ltr'><strong>captivitate</strong></span> <span class='ocrx_word' id='word_1_120' title='bbox 1238 2065 1469 2121; x_wconf 83' lang='lat' dir='ltr'><strong>deflevit.</strong></span> <span class='ocrx_word' id='word_1_121' title='bbox 1492 2066 1787 2139; x_wconf 89' lang='lat' dir='ltr'><strong>Utrumque</strong></span> <span class='ocrx_word' id='word_1_122' title='bbox 1804 2071 1969 2140; x_wconf 90' lang='lat' dir='ltr'><strong>pium,</strong></span> 
     </span>
    </p>
   </div>
   <div class='ocr_carea' id='block_1_20' title="bbox 399 2153 1972 2229">
    <p class='ocr_par' dir='ltr' id='par_1_20' title="bbox 399 2153 1972 2229">
     <span class='ocr_line' id='line_1_20' title="bbox 399 2153 1972 2229; baseline 0.007 -24"><span class='ocrx_word' id='word_1_123' title='bbox 399 2165 683 2221; x_wconf 83' lang='lat' dir='ltr'><strong>utrumque</strong></span> <span class='ocrx_word' id='word_1_124' title='bbox 707 2153 995 2221; x_wconf 89' lang='lat' dir='ltr'><strong>gloriosum</strong></span> <span class='ocrx_word' id='word_1_125' title='bbox 1022 2171 1037 2219; x_wconf 89' lang='lat'><strong>;</strong></span> <span class='ocrx_word' id='word_1_126' title='bbox 1069 2154 1161 2209; x_wconf 91' lang='lat' dir='ltr'><strong>sed</strong></span> <span class='ocrx_word' id='word_1_127' title='bbox 1193 2156 1312 2224; x_wconf 90' lang='lat' dir='ltr'><strong>plus</strong></span> <span class='ocrx_word' id='word_1_128' title='bbox 1353 2159 1449 2211; x_wconf 89' lang='lat' dir='ltr'><strong>iste</strong></span> <span class='ocrx_word' id='word_1_129' title='bbox 1479 2159 1657 2213; x_wconf 90' lang='lat' dir='ltr'><strong>nescio</strong></span> <span class='ocrx_word' id='word_1_130' title='bbox 1686 2176 1790 2229; x_wconf 89' lang='lat' dir='ltr'><strong>quo</strong></span> <span class='ocrx_word' id='word_1_131' title='bbox 1819 2176 1972 2228; x_wconf 91' lang='lat' dir='ltr'><strong>pacto</strong></span> 
     </span>
    </p>
   </div>
   <div class='ocr_carea' id='block_1_21' title="bbox 398 2246 1972 2324">
    <p class='ocr_par' dir='ltr' id='par_1_21' title="bbox 398 2246 1972 2324">
     <span class='ocr_line' id='line_1_21' title="bbox 398 2246 1972 2324; baseline 0.008 -27"><span class='ocrx_word' id='word_1_132' title='bbox 398 2246 702 2299; x_wconf 88' lang='lat' dir='ltr'><strong>misericors</strong></span> <span class='ocrx_word' id='word_1_133' title='bbox 732 2247 897 2299; x_wconf 81' lang='lat' dir='ltr'><strong>fuisse</strong></span> <span class='ocrx_word' id='word_1_134' title='bbox 927 2250 1280 2314; x_wconf 82' lang='lat' dir='ltr'><strong>cognoscitur,</strong></span> <span class='ocrx_word' id='word_1_135' title='bbox 1310 2250 1398 2317; x_wconf 92' lang='lat' dir='ltr'><strong>qui</strong></span> <span class='ocrx_word' id='word_1_136' title='bbox 1423 2250 1595 2305; x_wconf 90' lang='lat' dir='ltr'><strong>adhuc</strong></span> <span class='ocrx_word' id='word_1_137' title='bbox 1621 2253 1675 2307; x_wconf 90' lang='lat' dir='ltr'><strong>in</strong></span> <span class='ocrx_word' id='word_1_138' title='bbox 1703 2257 1972 2324; x_wconf 84' lang='lat' dir='ltr'><strong>prosperis</strong></span> 
     </span>
    </p>
   </div>
   <div class='ocr_carea' id='block_1_22' title="bbox 398 2335 1969 2417">
    <p class='ocr_par' dir='ltr' id='par_1_22' title="bbox 398 2335 1969 2417">
     <span class='ocr_line' id='line_1_22' title="bbox 398 2335 1969 2417; baseline 0.009 -29"><span class='ocrx_word' id='word_1_139' title='bbox 398 2337 741 2402; x_wconf 63' lang='lat' dir='ltr'><strong>constitutus,</strong></span> <span class='ocrx_word' id='word_1_140' title='bbox 774 2335 1109 2391; x_wconf 87' lang='lat' dir='ltr'><strong>amarissimo</strong></span> <span class='ocrx_word' id='word_1_141' title='bbox 1148 2339 1333 2394; x_wconf 86' lang='lat' dir='ltr'><strong>dolore</strong></span> <span class='ocrx_word' id='word_1_142' title='bbox 1362 2342 1598 2396; x_wconf 89' lang='lat' dir='ltr'><strong>noscitur</strong></span> <span class='ocrx_word' id='word_1_143' title='bbox 1620 2359 1738 2400; x_wconf 91' lang='lat' dir='ltr'><strong>esse</strong></span> <span class='ocrx_word' id='word_1_144' title='bbox 1762 2349 1969 2417; x_wconf 86' lang='lat' dir='ltr'><strong>percul-</strong></span> 
     </span>
    </p>
   </div>
   <div class='ocr_carea' id='block_1_23' title="bbox 395 2427 1971 2509">
    <p class='ocr_par' dir='ltr' id='par_1_23' title="bbox 395 2427 1971 2509">
     <span class='ocr_line' id='line_1_23' title="bbox 395 2427 1971 2509; baseline 0.01 -28"><span class='ocrx_word' id='word_1_145' title='bbox 395 2443 506 2481; x_wconf 89' lang='lat' dir='ltr'><strong>sus.</strong></span> <span class='ocrx_word' id='word_1_146' title='bbox 539 2427 872 2497; x_wconf 84' lang='lat' dir='ltr'><strong>Quapropter</strong></span> <span class='ocrx_word' id='word_1_147' title='bbox 900 2430 1242 2485; x_wconf 74' lang='lat' dir='ltr'><strong>considerare</strong></span> <span class='ocrx_word' id='word_1_148' title='bbox 1283 2447 1380 2487; x_wconf 87' lang='lat' dir='ltr'><strong>nos</strong></span> <span class='ocrx_word' id='word_1_149' title='bbox 1410 2438 1681 2504; x_wconf 86' lang='lat' dir='ltr'><strong>convenit,</strong></span> <span class='ocrx_word' id='word_1_150' title='bbox 1715 2441 1853 2509; x_wconf 91' lang='lat' dir='ltr'><strong>quod</strong></span> <span class='ocrx_word' id='word_1_151' title='bbox 1889 2458 1971 2497; x_wconf 85' lang='lat' dir='ltr'><strong>re-</strong></span> 
     </span>
    </p>
   </div>
   <div class='ocr_carea' id='block_1_24' title="bbox 398 2518 1968 2601">
    <p class='ocr_par' dir='ltr' id='par_1_24' title="bbox 398 2518 1968 2601">
     <span class='ocr_line' id='line_1_24' title="bbox 398 2518 1968 2601; baseline 0.01 -29"><span class='ocrx_word' id='word_1_152' title='bbox 398 2519 628 2588; x_wconf 81' lang='lat' dir='ltr'><strong>fulgente</strong></span> <span class='ocrx_word' id='word_1_153' title='bbox 669 2518 919 2575; x_wconf 86' lang='lat' dir='ltr'><strong>varietate</strong></span> <span class='ocrx_word' id='word_1_154' title='bbox 957 2531 1236 2579; x_wconf 80' lang='lat' dir='ltr'><strong>contextus</strong></span> <span class='ocrx_word' id='word_1_155' title='bbox 1261 2526 1419 2580; x_wconf 87' lang='lat' dir='ltr'><strong>modo</strong></span> <span class='ocrx_word' id='word_1_156' title='bbox 1457 2526 1746 2584; x_wconf 70' lang='lat' dir='ltr'><strong>laetantium</strong></span> <span class='ocrx_word' id='word_1_157' title='bbox 1773 2532 1968 2601; x_wconf 76' lang='lat' dir='ltr'><strong>jubila-</strong></span> 
     </span>
    </p>
   </div>
   <div class='ocr_carea' id='block_1_25' title="bbox 398 2611 1970 2687">
    <p class='ocr_par' dir='ltr' id='par_1_25' title="bbox 398 2611 1970 2687">
     <span class='ocr_line' id='line_1_25' title="bbox 398 2611 1970 2687; baseline 0.01 -22"><span class='ocrx_word' id='word_1_158' title='bbox 398 2614 562 2674; x_wconf 90' lang='lat' dir='ltr'><strong>tione,</strong></span> <span class='ocrx_word' id='word_1_159' title='bbox 606 2611 765 2666; x_wconf 92' lang='lat' dir='ltr'><strong>modo</strong></span> <span class='ocrx_word' id='word_1_160' title='bbox 799 2612 1169 2681; x_wconf 66' lang='lat' dir='ltr'><strong>paenitentiam</strong></span> <span class='ocrx_word' id='word_1_161' title='bbox 1211 2619 1430 2687; x_wconf 81' lang='lat' dir='ltr'><strong>gemitu,</strong></span> <span class='ocrx_word' id='word_1_162' title='bbox 1453 2621 1611 2674; x_wconf 90' lang='lat' dir='ltr'><strong>modo</strong></span> <span class='ocrx_word' id='word_1_163' title='bbox 1637 2623 1970 2680; x_wconf 85' lang='lat' dir='ltr'><strong>institutione</strong></span> 
     </span>
    </p>
   </div>
   <div class='ocr_carea' id='block_1_26' title="bbox 398 2705 1966 2780">
    <p class='ocr_par' dir='ltr' id='par_1_26' title="bbox 398 2705 1966 2780">
     <span class='ocr_line' id='line_1_26' title="bbox 398 2705 1966 2780; baseline 0.008 -20"><span class='ocrx_word' id='word_1_164' title='bbox 398 2705 640 2769; x_wconf 85' lang='lat' dir='ltr'><strong>salutari,</strong></span> <span class='ocrx_word' id='word_1_165' title='bbox 668 2706 827 2759; x_wconf 85' lang='lat' dir='ltr'><strong>modo</strong></span> <span class='ocrx_word' id='word_1_166' title='bbox 876 2706 1278 2775; x_wconf 84' lang='lat' dir='ltr'><strong>lamentantium</strong></span> <span class='ocrx_word' id='word_1_167' title='bbox 1304 2706 1528 2780; x_wconf 84' lang='lat' dir='ltr'><strong>dolore,</strong></span> <span class='ocrx_word' id='word_1_168' title='bbox 1562 2715 1720 2769; x_wconf 87' lang='lat' dir='ltr'><strong>modo</strong></span> <span class='ocrx_word' id='word_1_169' title='bbox 1752 2717 1966 2772; x_wconf 84' lang='lat' dir='ltr'><strong>salutari</strong></span> 
     </span>
    </p>
   </div>
   <div class='ocr_carea' id='block_1_27' title="bbox 395 2796 1965 2875">
    <p class='ocr_par' dir='ltr' id='par_1_27' title="bbox 395 2796 1965 2875">
     <span class='ocr_line' id='line_1_27' title="bbox 395 2796 1965 2875; baseline 0.01 -27"><span class='ocrx_word' id='word_1_170' title='bbox 395 2796 764 2851; x_wconf 86' lang='lat' dir='ltr'><strong>incarnatione</strong></span> <span class='ocrx_word' id='word_1_171' title='bbox 794 2797 1066 2866; x_wconf 32' lang='lat' dir='ltr'><strong>praedicta,</strong></span> <span class='ocrx_word' id='word_1_172' title='bbox 1100 2800 1260 2854; x_wconf 91' lang='lat' dir='ltr'><strong>modo</strong></span> <span class='ocrx_word' id='word_1_173' title='bbox 1299 2802 1676 2870; x_wconf 88' lang='lat' dir='ltr'><strong>pollicitatione</strong></span> <span class='ocrx_word' id='word_1_174' title='bbox 1715 2811 1965 2875; x_wconf 61' lang='lat' dir='ltr'><strong>praemio-</strong></span> 
     </span>
    </p>
   </div>
   <div class='ocr_carea' id='block_1_28' title="bbox 394 2885 1967 2958">
    <p class='ocr_par' dir='ltr' id='par_1_28' title="bbox 394 2885 1967 2958">
     <span class='ocr_line' id='line_1_28' title="bbox 394 2885 1967 2958; baseline 0.01 -19"><span class='ocrx_word' id='word_1_175' title='bbox 394 2900 534 2950; x_wconf 92' lang='lat' dir='ltr'><strong>rum,</strong></span> <span class='ocrx_word' id='word_1_176' title='bbox 566 2885 724 2940; x_wconf 92' lang='lat' dir='ltr'><strong>modo</strong></span> <span class='ocrx_word' id='word_1_177' title='bbox 755 2895 957 2943; x_wconf 85' lang='lat' dir='ltr'><strong>terrore</strong></span> <span class='ocrx_word' id='word_1_178' title='bbox 994 2903 1294 2958; x_wconf 83' lang='lat' dir='ltr'><strong>peenarum,</strong></span> <span class='ocrx_word' id='word_1_179' title='bbox 1323 2894 1482 2948; x_wconf 89' lang='lat' dir='ltr'><strong>modo</strong></span> <span class='ocrx_word' id='word_1_180' title='bbox 1520 2894 1766 2951; x_wconf 86' lang='lat' dir='ltr'><strong>laudibus</strong></span> <span class='ocrx_word' id='word_1_181' title='bbox 1797 2900 1967 2956; x_wconf 90' lang='lat' dir='ltr'><strong>domi-</strong></span> 
     </span>
    </p>
   </div>
   <div class='ocr_carea' id='block_1_29' title="bbox 400 2977 1967 3045">
    <p class='ocr_par' dir='ltr' id='par_1_29' title="bbox 400 2977 1967 3045">
     <span class='ocr_line' id='line_1_29' title="bbox 400 2977 1967 3045; baseline 0.011 -17"><span class='ocrx_word' id='word_1_182' title='bbox 400 2977 532 3031; x_wconf 90' lang='lat' dir='ltr'><strong>nicis</strong></span> <span class='ocrx_word' id='word_1_183' title='bbox 560 2986 782 3031; x_wconf 83' lang='lat' dir='ltr'><strong>cunt-tus</strong></span> <span class='ocrx_word' id='word_1_184' title='bbox 816 2978 1055 3034; x_wconf 84' lang='lat' dir='ltr'><strong>Psalterii</strong></span> <span class='ocrx_word' id='word_1_185' title='bbox 1106 2989 1281 3037; x_wconf 70' lang='lat' dir='ltr'><strong>tenus</strong></span> <span class='ocrx_word' id='word_1_186' title='bbox 1329 2994 1549 3038; x_wconf 88' lang='lat' dir='ltr'><strong>ornatus</strong></span> <span class='ocrx_word' id='word_1_187' title='bbox 1575 2996 1674 3039; x_wconf 89' lang='lat' dir='ltr'><strong>est.</strong></span> <span class='ocrx_word' id='word_1_188' title='bbox 1724 2989 1789 3042; x_wconf 90' lang='lat' dir='ltr'><strong>Ut</strong></span> <span class='ocrx_word' id='word_1_189' title='bbox 1828 2991 1967 3045; x_wconf 90' lang='lat' dir='ltr'><strong>sicut</strong></span> 
     </span>
    </p>
   </div>
   <div class='ocr_carea' id='block_1_30' title="bbox 394 3068 1964 3143">
    <p class='ocr_par' dir='ltr' id='par_1_30' title="bbox 394 3068 1964 3143">
     <span class='ocr_line' id='line_1_30' title="bbox 394 3068 1964 3143; baseline 0.01 -24"><span class='ocrx_word' id='word_1_190' title='bbox 394 3081 587 3120; x_wconf 85' lang='lat' dir='ltr'><strong>corona</strong></span> <span class='ocrx_word' id='word_1_191' title='bbox 618 3068 952 3122; x_wconf 80' lang='lat' dir='ltr'><strong>suavissimis</strong></span> <span class='ocrx_word' id='word_1_192' title='bbox 974 3081 1219 3124; x_wconf 89' lang='lat' dir='ltr'><strong>conserta</strong></span> <span class='ocrx_word' id='word_1_193' title='bbox 1258 3072 1477 3127; x_wconf 88' lang='lat' dir='ltr'><strong>ﬁoribus</strong></span> <span class='ocrx_word' id='word_1_194' title='bbox 1506 3076 1773 3143; x_wconf 89' lang='lat' dir='ltr'><strong>spiramen</strong></span> <span class='ocrx_word' id='word_1_195' title='bbox 1805 3080 1964 3134; x_wconf 84' lang='lat' dir='ltr'><strong>efﬁcit</strong></span> 
     </span>
    </p>
   </div>
   <div class='ocr_carea' id='block_1_31' title="bbox 394 3161 1958 3242">
    <p class='ocr_par' dir='ltr' id='par_1_31' title="bbox 394 3161 1958 3242">
     <span class='ocr_line' id='line_1_31' title="bbox 394 3161 1958 3242; baseline 0.01 -30"><span class='ocrx_word' id='word_1_196' title='bbox 394 3161 703 3228; x_wconf 83' lang='lat' dir='ltr'><strong>gratiosam,</strong></span> <span class='ocrx_word' id='word_1_197' title='bbox 734 3161 801 3213; x_wconf 86' lang='lat' dir='ltr'><strong>ita</strong></span> <span class='ocrx_word' id='word_1_198' title='bbox 833 3170 886 3214; x_wconf 91' lang='lat' dir='ltr'><strong>et</strong></span> <span class='ocrx_word' id='word_1_199' title='bbox 918 3161 1004 3215; x_wconf 92' lang='lat' dir='ltr'><strong>hic</strong></span> <span class='ocrx_word' id='word_1_200' title='bbox 1028 3162 1163 3216; x_wconf 89' lang='lat' dir='ltr'><strong>liber</strong></span> <span class='ocrx_word' id='word_1_201' title='bbox 1188 3163 1411 3219; x_wconf 79' lang='lat' dir='ltr'><strong>diversis</strong></span> <span class='ocrx_word' id='word_1_202' title='bbox 1441 3167 1692 3222; x_wconf 87' lang='lat' dir='ltr'><strong>virtutum</strong></span> <span class='ocrx_word' id='word_1_203' title='bbox 1724 3169 1958 3242; x_wconf 88' lang='lat' dir='ltr'><strong>fragrare</strong></span> 
     </span>
    </p>
   </div>
   <div class='ocr_carea' id='block_1_32' title="bbox 394 3253 952 3307">
    <p class='ocr_par' dir='ltr' id='par_1_32' title="bbox 394 3253 952 3307">
     <span class='ocr_line' id='line_1_32' title="bbox 394 3253 952 3307; baseline 0.004 -3"><span class='ocrx_word' id='word_1_204' title='bbox 394 3253 653 3306; x_wconf 88' lang='lat' dir='ltr'><strong>sentiatur</strong></span> <span class='ocrx_word' id='word_1_205' title='bbox 682 3254 952 3307; x_wconf 80' lang='lat' dir='ltr'><strong>odoribus.</strong></span> 
     </span>
    </p>
   </div>
   <div class='ocr_carea' id='block_1_33' title="bbox 553 3391 1803 3463">
    <p class='ocr_par' dir='ltr' id='par_1_33' title="bbox 553 3391 1803 3463">
     <span class='ocr_line' id='line_1_33' title="bbox 553 3391 1803 3463; baseline 0.006 -15"><span class='ocrx_word' id='word_1_206' title='bbox 553 3391 715 3463; x_wconf 50' lang='lat'><strong>25!;</strong></span> <span class='ocrx_word' id='word_1_207' title='bbox 741 3393 1095 3449; x_wconf 78' lang='lat' dir='ltr'><strong>EXPOSITIO</strong></span> <span class='ocrx_word' id='word_1_208' title='bbox 1124 3395 1189 3449; x_wconf 87' lang='lat' dir='ltr'><strong>lN</strong></span> <span class='ocrx_word' id='word_1_209' title='bbox 1220 3396 1541 3456; x_wconf 76' lang='lat' dir='ltr'><strong>PSALMUM</strong></span> <span class='ocrx_word' id='word_1_210' title='bbox 1572 3401 1803 3456; x_wconf 78' lang='lat' dir='ltr'><strong>LXXIV.</strong></span> 
     </span>
    </p>
   </div>
   <div class='ocr_carea' id='block_1_34' title="bbox 474 3500 1882 3585">
    <p class='ocr_par' dir='ltr' id='par_1_34' title="bbox 474 3500 1882 3585">
     <span class='ocr_line' id='line_1_34' title="bbox 474 3500 1882 3585; baseline 0.01 -30"><span class='ocrx_word' id='word_1_211' title='bbox 474 3500 539 3555; x_wconf 84' lang='lat' dir='ltr'><strong>In</strong></span> <span class='ocrx_word' id='word_1_212' title='bbox 568 3503 750 3572; x_wconf 83' lang='lat' dir='ltr'><strong>ﬁnem,</strong></span> <span class='ocrx_word' id='word_1_213' title='bbox 781 3520 844 3558; x_wconf 90' lang='lat' dir='ltr'><strong>ne</strong></span> <span class='ocrx_word' id='word_1_214' title='bbox 869 3521 1197 3575; x_wconf 80' lang='lat' dir='ltr'><strong>corrumpas,</strong></span> <span class='ocrx_word' id='word_1_215' title='bbox 1229 3511 1452 3577; x_wconf 80' lang='lat' dir='ltr'><strong>psalmus</strong></span> <span class='ocrx_word' id='word_1_216' title='bbox 1482 3514 1666 3564; x_wconf 87' lang='lat' dir='ltr'><strong>cantici</strong></span> <span class='ocrx_word' id='word_1_217' title='bbox 1691 3515 1882 3585; x_wconf 80' lang='lat' dir='ltr'><strong>Asaph.</strong></span> 
     </span>
    </p>
   </div>
   <div class='ocr_carea' id='block_1_35' title="bbox 462 3615 1961 3697">
    <p class='ocr_par' dir='ltr' id='par_1_35' title="bbox 462 3615 1961 3697">
     <span class='ocr_line' id='line_1_35' title="bbox 462 3615 1961 3697; baseline 0.01 -29"><span class='ocrx_word' id='word_1_218' title='bbox 462 3615 636 3670; x_wconf 76' lang='lat' dir='ltr'><strong>Verba</strong></span> <span class='ocrx_word' id='word_1_219' title='bbox 672 3616 805 3671; x_wconf 88' lang='lat' dir='ltr'><strong>tituli</strong></span> <span class='ocrx_word' id='word_1_220' title='bbox 846 3618 1020 3687; x_wconf 86' lang='lat' dir='ltr'><strong>hujus,</strong></span> <span class='ocrx_word' id='word_1_221' title='bbox 1049 3618 1150 3673; x_wconf 91' lang='lat' dir='ltr'><strong>nisi</strong></span> <span class='ocrx_word' id='word_1_222' title='bbox 1184 3621 1370 3677; x_wconf 91' lang='lat' dir='ltr'><strong>ordine</strong></span> <span class='ocrx_word' id='word_1_223' title='bbox 1403 3639 1502 3678; x_wconf 90' lang='lat' dir='ltr'><strong>suo</strong></span> <span class='ocrx_word' id='word_1_224' title='bbox 1531 3627 1961 3697; x_wconf 91' lang='lat' dir='ltr'><strong>considerentur,</strong></span> 
     </span>
    </p>
   </div>
   <div class='ocr_carea' id='block_1_36' title="bbox 390 3710 1963 3792">
    <p class='ocr_par' dir='ltr' id='par_1_36' title="bbox 390 3710 1963 3792">
     <span class='ocr_line' id='line_1_36' title="bbox 390 3710 1963 3792; baseline 0.008 -30"><span class='ocrx_word' id='word_1_225' title='bbox 390 3710 614 3763; x_wconf 90' lang='lat' dir='ltr'><strong>obscura</strong></span> <span class='ocrx_word' id='word_1_226' title='bbox 646 3721 787 3763; x_wconf 90' lang='lat' dir='ltr'><strong>sunt.</strong></span> <span class='ocrx_word' id='word_1_227' title='bbox 816 3711 989 3779; x_wconf 75' lang='grc' dir='ltr'><strong><em>Λεαρή</em></strong></span> <span class='ocrx_word' id='word_1_228' title='bbox 1022 3712 1193 3783; x_wconf 85' lang='lat' dir='ltr'><strong>(sicut</strong></span> <span class='ocrx_word' id='word_1_229' title='bbox 1219 3729 1361 3784; x_wconf 60' lang='lat' dir='ltr'><strong>saepe</strong></span> <span class='ocrx_word' id='word_1_230' title='bbox 1390 3715 1659 3789; x_wconf 85' lang='lat' dir='ltr'><strong>diximus)</strong></span> <span class='ocrx_word' id='word_1_231' title='bbox 1687 3718 1963 3792; x_wconf 83' lang='lat' dir='ltr'><strong>Synagoga</strong></span> 
     </span>
    </p>
   </div>
   <div class='ocr_carea' id='block_1_37' title="bbox 393 3801 1961 3878">
    <p class='ocr_par' dir='ltr' id='par_1_37' title="bbox 393 3801 1961 3878">
     <span class='ocr_line' id='line_1_37' title="bbox 393 3801 1961 3878; baseline 0.008 -23"><span class='ocrx_word' id='word_1_232' title='bbox 393 3801 749 3870; x_wconf 80' lang='lat' dir='ltr'><strong>signiﬁcatur,</strong></span> <span class='ocrx_word' id='word_1_233' title='bbox 784 3802 834 3856; x_wconf 90' lang='lat' dir='ltr'><strong>id</strong></span> <span class='ocrx_word' id='word_1_234' title='bbox 880 3815 960 3858; x_wconf 89' lang='lat' dir='ltr'><strong>est</strong></span> <span class='ocrx_word' id='word_1_235' title='bbox 992 3807 1333 3874; x_wconf 71' lang='lat' dir='ltr'><strong>congregatio</strong></span> <span class='ocrx_word' id='word_1_236' title='bbox 1381 3824 1499 3878; x_wconf 64' lang='lat' dir='ltr'><strong>qua:</strong></span> <span class='ocrx_word' id='word_1_237' title='bbox 1546 3810 1809 3874; x_wconf 87' lang='lat' dir='ltr'><strong>credidit,</strong></span> <span class='ocrx_word' id='word_1_238' title='bbox 1858 3827 1961 3867; x_wconf 89' lang='lat' dir='ltr'><strong>non</strong></span> 
     </span>
    </p>
   </div>
   <div class='ocr_carea' id='block_1_38' title="bbox 391 3892 1962 3967">
    <p class='ocr_par' dir='ltr' id='par_1_38' title="bbox 391 3892 1962 3967">
     <span class='ocr_line' id='line_1_38' title="bbox 391 3892 1962 3967; baseline 0.01 -25"><span class='ocrx_word' id='word_1_239' title='bbox 391 3907 509 3960; x_wconf 73' lang='lat' dir='ltr'><strong>qua:</strong></span> <span class='ocrx_word' id='word_1_240' title='bbox 535 3892 797 3946; x_wconf 85' lang='lat' dir='ltr'><strong>obstinata</strong></span> <span class='ocrx_word' id='word_1_241' title='bbox 844 3894 1158 3963; x_wconf 85' lang='lat' dir='ltr'><strong>permansit.</strong></span> <span class='ocrx_word' id='word_1_242' title='bbox 1188 3895 1317 3951; x_wconf 82' lang='lat' dir='ltr'><strong>Nam</strong></span> <span class='ocrx_word' id='word_1_243' title='bbox 1350 3908 1471 3967; x_wconf 90' lang='lat' dir='ltr'><strong>post</strong></span> <span class='ocrx_word' id='word_1_244' title='bbox 1513 3902 1962 3957; x_wconf 83' lang='lat' dir='ltr'><strong>resurrectionem</strong></span> 
     </span>
    </p>
   </div>
   <div class='ocr_carea' id='block_1_39' title="bbox 391 3982 1961 4061">
    <p class='ocr_par' dir='ltr' id='par_1_39' title="bbox 391 3982 1961 4061">
     <span class='ocr_line' id='line_1_39' title="bbox 391 3982 1961 4061; baseline 0.007 -24"><span class='ocrx_word' id='word_1_245' title='bbox 391 3984 601 4038; x_wconf 88' lang='lat' dir='ltr'><strong>Domini</strong></span> <span class='ocrx_word' id='word_1_246' title='bbox 642 3984 886 4039; x_wconf 55' lang='lat' dir='ltr'><strong>confessa</strong></span> <span class='ocrx_word' id='word_1_247' title='bbox 942 3982 1164 4056; x_wconf 82' lang='lat' dir='ltr'><strong>legimur</strong></span> <span class='ocrx_word' id='word_1_248' title='bbox 1212 3989 1374 4042; x_wconf 91' lang='lat' dir='ltr'><strong>multa</strong></span> <span class='ocrx_word' id='word_1_249' title='bbox 1416 3990 1580 4045; x_wconf 87' lang='lat' dir='ltr'><strong>millia</strong></span> <span class='ocrx_word' id='word_1_250' title='bbox 1617 3993 1919 4047; x_wconf 73' lang='lat' dir='ltr'><strong>.lndzeorum</strong></span> <span class='ocrx_word' id='word_1_251' title='bbox 1946 4036 1961 4061; x_wconf 92' lang='lat'><strong>,</strong></span> 
     </span>
    </p>
   </div>
   <div class='ocr_carea' id='block_1_40' title="bbox 390 4070 1966 4150">
    <p class='ocr_par' dir='ltr' id='par_1_40' title="bbox 390 4070 1966 4150">
     <span class='ocr_line' id='line_1_40' title="bbox 390 4070 1966 4150; baseline 0.006 -24"><span class='ocrx_word' id='word_1_252' title='bbox 390 4073 527 4127; x_wconf 90' lang='lat' dir='ltr'><strong>sicut</strong></span> <span class='ocrx_word' id='word_1_253' title='bbox 570 4070 710 4127; x_wconf 89' lang='lat' dir='ltr'><strong>inter</strong></span> <span class='ocrx_word' id='word_1_254' title='bbox 748 4073 850 4127; x_wconf 76' lang='lat' dir='ltr'><strong>alia</strong></span> <span class='ocrx_word' id='word_1_255' title='bbox 884 4083 1152 4130; x_wconf 88' lang='lat' dir='ltr'><strong>testantur</strong></span> <span class='ocrx_word' id='word_1_256' title='bbox 1192 4077 1354 4131; x_wconf 87' lang='lat' dir='ltr'><strong>Actus</strong></span> <span class='ocrx_word' id='word_1_257' title='bbox 1396 4080 1778 4147; x_wconf 85' lang='lat' dir='ltr'><strong>apostolorum.</strong></span> <span class='ocrx_word' id='word_1_258' title='bbox 1826 4082 1966 4150; x_wconf 87' lang='lat' dir='ltr'><strong>Qua-</strong></span> 
     </span>
    </p>
   </div>
   <div class='ocr_carea' id='block_1_41' title="bbox 387 4164 1964 4241">
    <p class='ocr_par' dir='ltr' id='par_1_41' title="bbox 387 4164 1964 4241">
     <span class='ocr_line' id='line_1_41' title="bbox 387 4164 1964 4241; baseline 0.007 -23"><span class='ocrx_word' id='word_1_259' title='bbox 387 4173 603 4234; x_wconf 89' lang='lat' dir='ltr'><strong>propter</strong></span> <span class='ocrx_word' id='word_1_260' title='bbox 632 4164 773 4220; x_wconf 88' lang='lat' dir='ltr'><strong>hunc</strong></span> <span class='ocrx_word' id='word_1_261' title='bbox 799 4166 1048 4235; x_wconf 82' lang='lat' dir='ltr'><strong>pepulum</strong></span> <span class='ocrx_word' id='word_1_262' title='bbox 1080 4166 1249 4237; x_wconf 63' lang='lat' dir='ltr'><strong>Asopi:</strong></span> <span class='ocrx_word' id='word_1_263' title='bbox 1283 4169 1382 4224; x_wconf 91' lang='lat' dir='ltr'><strong>iste</strong></span> <span class='ocrx_word' id='word_1_264' title='bbox 1422 4187 1560 4226; x_wconf 92' lang='lat' dir='ltr'><strong>nunc</strong></span> <span class='ocrx_word' id='word_1_265' title='bbox 1598 4172 1871 4241; x_wconf 88' lang='lat' dir='ltr'><strong>admonet,</strong></span> <span class='ocrx_word' id='word_1_266' title='bbox 1899 4191 1964 4229; x_wconf 91' lang='lat' dir='ltr'><strong>ne</strong></span> 
     </span>
    </p>
   </div>
   <div class='ocr_carea' id='block_1_42' title="bbox 386 4254 1961 4327">
    <p class='ocr_par' dir='ltr' id='par_1_42' title="bbox 386 4254 1961 4327">
     <span class='ocr_line' id='line_1_42' title="bbox 386 4254 1961 4327; baseline 0.007 -20"><span class='ocrx_word' id='word_1_267' title='bbox 386 4254 543 4309; x_wconf 86' lang='lat' dir='ltr'><strong>ﬁdem</strong></span> <span class='ocrx_word' id='word_1_268' title='bbox 575 4272 723 4311; x_wconf 92' lang='lat' dir='ltr'><strong>suam</strong></span> <span class='ocrx_word' id='word_1_269' title='bbox 755 4272 1047 4326; x_wconf 74' lang='lat' dir='ltr'><strong>corrumpat</strong></span> <span class='ocrx_word' id='word_1_270' title='bbox 1074 4259 1126 4311; x_wconf 88' lang='lat' dir='ltr'><strong>in</strong></span> <span class='ocrx_word' id='word_1_271' title='bbox 1155 4259 1327 4326; x_wconf 80' lang='lat' dir='ltr'><strong>linem,</strong></span> <span class='ocrx_word' id='word_1_272' title='bbox 1373 4261 1423 4315; x_wconf 90' lang='lat' dir='ltr'><strong>id</strong></span> <span class='ocrx_word' id='word_1_273' title='bbox 1456 4272 1556 4327; x_wconf 89' lang='lat' dir='ltr'><strong>est,</strong></span> <span class='ocrx_word' id='word_1_274' title='bbox 1590 4263 1641 4317; x_wconf 90' lang='lat' dir='ltr'><strong>in</strong></span> <span class='ocrx_word' id='word_1_275' title='bbox 1684 4263 1961 4318; x_wconf 90' lang='lat' dir='ltr'><strong>Dominum</strong></span> 
     </span>
    </p>
   </div>
   <div class='ocr_carea' id='block_1_43' title="bbox 386 4348 1953 4423">
    <p class='ocr_par' dir='ltr' id='par_1_43' title="bbox 386 4348 1953 4423">
     <span class='ocr_line' id='line_1_43' title="bbox 386 4348 1953 4423; baseline 0.004 -21"><span class='ocrx_word' id='word_1_276' title='bbox 386 4348 741 4410; x_wconf 86' lang='lat' dir='ltr'><strong>Salvatorem,</strong></span> <span class='ocrx_word' id='word_1_277' title='bbox 770 4348 860 4417; x_wconf 91' lang='lat' dir='ltr'><strong>qui</strong></span> <span class='ocrx_word' id='word_1_278' title='bbox 888 4349 1001 4415; x_wconf 88' lang='lat' dir='ltr'><strong>ejus</strong></span> <span class='ocrx_word' id='word_1_279' title='bbox 1030 4350 1402 4407; x_wconf 89' lang='lat' dir='ltr'><strong>credulitatem</strong></span> <span class='ocrx_word' id='word_1_280' title='bbox 1442 4355 1689 4423; x_wconf 88' lang='lat' dir='ltr'><strong>accipere</strong></span> <span class='ocrx_word' id='word_1_281' title='bbox 1720 4356 1911 4410; x_wconf 87' lang='lat' dir='ltr'><strong>meruit</strong></span> <span class='ocrx_word' id='word_1_282' title='bbox 1938 4397 1953 4422; x_wconf 92' lang='lat'><strong>,</strong></span> 
     </span>
    </p>
   </div>
   <div class='ocr_carea' id='block_1_44' title="bbox 383 4437 1954 4514">
    <p class='ocr_par' dir='ltr' id='par_1_44' title="bbox 383 4437 1954 4514">
     <span class='ocr_line' id='line_1_44' title="bbox 383 4437 1954 4514; baseline 0.006 -23"><span class='ocrx_word' id='word_1_283' title='bbox 383 4446 439 4491; x_wconf 89' lang='lat' dir='ltr'><strong>et</strong></span> <span class='ocrx_word' id='word_1_284' title='bbox 465 4438 690 4490; x_wconf 86' lang='lat' dir='ltr'><strong>fructum</strong></span> <span class='ocrx_word' id='word_1_285' title='bbox 718 4437 905 4490; x_wconf 90' lang='lat' dir='ltr'><strong>salutis</strong></span> <span class='ocrx_word' id='word_1_286' title='bbox 933 4438 1152 4492; x_wconf 80' lang='lat' dir='ltr'><strong>invenit.</strong></span> <span class='ocrx_word' id='word_1_287' title='bbox 1182 4440 1282 4491; x_wconf 90' lang='lat' dir='ltr'><strong>Ista</strong></span> <span class='ocrx_word' id='word_1_288' title='bbox 1309 4443 1450 4495; x_wconf 90' lang='lat' dir='ltr'><strong>enim</strong></span> <span class='ocrx_word' id='word_1_289' title='bbox 1481 4457 1699 4500; x_wconf 89' lang='lat' dir='ltr'><strong>munera</strong></span> <span class='ocrx_word' id='word_1_290' title='bbox 1725 4446 1954 4514; x_wconf 90' lang='lat' dir='ltr'><strong>quandiu</strong></span> 
     </span>
    </p>
   </div>
   <div class='ocr_carea' id='block_1_45' title="bbox 384 4520 1959 4604">
    <p class='ocr_par' dir='ltr' id='par_1_45' title="bbox 384 4520 1959 4604">
     <span class='ocr_line' id='line_1_45' title="bbox 384 4520 1959 4604; baseline 0.008 -22"><span class='ocrx_word' id='word_1_291' title='bbox 384 4542 490 4582; x_wconf 90' lang='lat' dir='ltr'><strong>non</strong></span> <span class='ocrx_word' id='word_1_292' title='bbox 529 4528 933 4598; x_wconf 79' lang='lat' dir='ltr'><strong>disperguntur,</strong></span> <span class='ocrx_word' id='word_1_293' title='bbox 986 4546 1260 4585; x_wconf 86' lang='lat' dir='ltr'><strong>manemus</strong></span> <span class='ocrx_word' id='word_1_294' title='bbox 1292 4533 1471 4599; x_wconf 57' lang='lat' dir='ltr'><strong>illaesi;</strong></span> <span class='ocrx_word' id='word_1_295' title='bbox 1511 4520 1959 4604; x_wconf 7' lang='lat' dir='ltr'><strong>quandoifuerint</strong></span> 
     </span>
    </p>
   </div>
   <div class='ocr_carea' id='block_1_46' title="bbox 384 4618 1956 4691">
    <p class='ocr_par' dir='ltr' id='par_1_46' title="bbox 384 4618 1956 4691">
     <span class='ocr_line' id='line_1_46' title="bbox 384 4618 1956 4691; baseline 0.011 -23"><span class='ocrx_word' id='word_1_296' title='bbox 384 4618 589 4686; x_wconf 88' lang='lat' dir='ltr'><strong>vitiata,</strong></span> <span class='ocrx_word' id='word_1_297' title='bbox 619 4634 648 4673; x_wconf 89' lang='lat' dir='ltr'><strong>a</strong></span> <span class='ocrx_word' id='word_1_298' title='bbox 677 4629 963 4689; x_wconf 85' lang='lat' dir='ltr'><strong>conspectu</strong></span> <span class='ocrx_word' id='word_1_299' title='bbox 997 4620 1155 4691; x_wconf 76' lang='lat' dir='ltr'><strong>Regis</strong></span> <span class='ocrx_word' id='word_1_300' title='bbox 1183 4625 1457 4678; x_wconf 87' lang='lat' dir='ltr'><strong>reddimur</strong></span> <span class='ocrx_word' id='word_1_301' title='bbox 1478 4626 1660 4682; x_wconf 91' lang='lat' dir='ltr'><strong>alieni.</strong></span> <span class='ocrx_word' id='word_1_302' title='bbox 1691 4626 1956 4685; x_wconf 73' lang='lat' dir='ltr'><strong>Psalmum</strong></span> 
     </span>
    </p>
   </div>
   <div class='ocr_carea' id='block_1_47' title="bbox 382 4711 1955 4788">
    <p class='ocr_par' dir='ltr' id='par_1_47' title="bbox 382 4711 1955 4788">
     <span class='ocr_line' id='line_1_47' title="bbox 382 4711 1955 4788; baseline 0.008 -24"><span class='ocrx_word' id='word_1_303' title='bbox 382 4711 567 4765; x_wconf 80' lang='lat' dir='ltr'><strong>cantici</strong></span> <span class='ocrx_word' id='word_1_304' title='bbox 595 4726 722 4765; x_wconf 86' lang='lat' dir='ltr'><strong>vero</strong></span> <span class='ocrx_word' id='word_1_305' title='bbox 752 4712 988 4766; x_wconf 74' lang='lat' dir='ltr'><strong>diximus</strong></span> <span class='ocrx_word' id='word_1_306' title='bbox 1012 4728 1151 4779; x_wconf 77' lang='lat' dir='ltr'><strong>esse,</strong></span> <span class='ocrx_word' id='word_1_307' title='bbox 1180 4731 1298 4768; x_wconf 90' lang='lat' dir='ltr'><strong>cum</strong></span> <span class='ocrx_word' id='word_1_308' title='bbox 1330 4730 1413 4769; x_wconf 85' lang='lat' dir='ltr'><strong>res</strong></span> <span class='ocrx_word' id='word_1_309' title='bbox 1439 4719 1675 4775; x_wconf 90' lang='lat' dir='ltr'><strong>actuales</strong></span> <span class='ocrx_word' id='word_1_310' title='bbox 1697 4722 1955 4788; x_wconf 85' lang='lat' dir='ltr'><strong>spirituali</strong></span> 
     </span>
    </p>
   </div>
   <div class='ocr_carea' id='block_1_48' title="bbox 382 4803 1955 4881">
    <p class='ocr_par' dir='ltr' id='par_1_48' title="bbox 382 4803 1955 4881">
     <span class='ocr_line' id='line_1_48' title="bbox 382 4803 1955 4881; baseline 0.007 -24"><span class='ocrx_word' id='word_1_311' title='bbox 382 4803 833 4872; x_wconf 86' lang='lat' dir='ltr'><strong>contemplatione</strong></span> <span class='ocrx_word' id='word_1_312' title='bbox 853 4804 1233 4871; x_wconf 83' lang='lat' dir='ltr'><strong>discernimus;</strong></span> <span class='ocrx_word' id='word_1_313' title='bbox 1262 4807 1400 4875; x_wconf 89' lang='lat' dir='ltr'><strong>quod</strong></span> <span class='ocrx_word' id='word_1_314' title='bbox 1427 4817 1591 4863; x_wconf 88' lang='lat' dir='ltr'><strong>totum</strong></span> <span class='ocrx_word' id='word_1_315' title='bbox 1615 4810 1668 4865; x_wconf 91' lang='lat' dir='ltr'><strong>in</strong></span> <span class='ocrx_word' id='word_1_316' title='bbox 1697 4810 1796 4865; x_wconf 90' lang='lat' dir='ltr'><strong>hoc</strong></span> <span class='ocrx_word' id='word_1_317' title='bbox 1823 4814 1955 4881; x_wconf 90' lang='lat' dir='ltr'><strong>psal-</strong></span> 
     </span>
    </p>
   </div>
   <div class='ocr_carea' id='block_1_49' title="bbox 382 4897 1269 4968">
    <p class='ocr_par' dir='ltr' id='par_1_49' title="bbox 382 4897 1269 4968">
     <span class='ocr_line' id='line_1_49' title="bbox 382 4897 1269 4968; baseline 0 -15"><span class='ocrx_word' id='word_1_318' title='bbox 382 4913 493 4968; x_wconf 92' lang='lat' dir='ltr'><strong>mo,</strong></span> <span class='ocrx_word' id='word_1_319' title='bbox 525 4897 752 4968; x_wconf 83' lang='lat' dir='ltr'><strong>diligens</strong></span> <span class='ocrx_word' id='word_1_320' title='bbox 782 4897 973 4967; x_wconf 88' lang='lat' dir='ltr'><strong>lector,</strong></span> <span class='ocrx_word' id='word_1_321' title='bbox 1014 4900 1269 4953; x_wconf 80' lang='lat' dir='ltr'><strong>invenies.</strong></span> 
     </span>
    </p>
   </div>
   <div class='ocr_carea' id='block_1_50' title="bbox 946 5010 1365 5079">
    <p class='ocr_par' dir='ltr' id='par_1_50' title="bbox 946 5010 1365 5079">
     <span class='ocr_line' id='line_1_50' title="bbox 946 5010 1365 5079; baseline 0.007 -18"><span class='ocrx_word' id='word_1_322' title='bbox 946 5010 1136 5063; x_wconf 76' lang='lat' dir='ltr'><strong>Dirisio</strong></span> <span class='ocrx_word' id='word_1_323' title='bbox 1166 5013 1365 5079; x_wconf 81' lang='lat' dir='ltr'><strong>psalmi.</strong></span> 
     </span>
    </p>
   </div>
   <div class='ocr_carea' id='block_1_51' title="bbox 448 5116 1950 5191">
    <p class='ocr_par' dir='ltr' id='par_1_51' title="bbox 448 5116 1950 5191">
     <span class='ocr_line' id='line_1_51' title="bbox 448 5116 1950 5191; baseline 0.01 -20"><span class='ocrx_word' id='word_1_324' title='bbox 448 5116 629 5175; x_wconf 87' lang='lat' dir='ltr'><strong>Primo</strong></span> <span class='ocrx_word' id='word_1_325' title='bbox 674 5119 917 5191; x_wconf 86' lang='lat' dir='ltr'><strong>ingressu</strong></span> <span class='ocrx_word' id='word_1_326' title='bbox 961 5122 1144 5176; x_wconf 88' lang='lat' dir='ltr'><strong>ﬁdeles</strong></span> <span class='ocrx_word' id='word_1_327' title='bbox 1189 5121 1356 5177; x_wconf 58' lang='lat' dir='ltr'><strong>Judaei</strong></span> <span class='ocrx_word' id='word_1_328' title='bbox 1395 5125 1630 5181; x_wconf 87' lang='lat' dir='ltr'><strong>dicturos</strong></span> <span class='ocrx_word' id='word_1_329' title='bbox 1675 5144 1734 5183; x_wconf 91' lang='lat' dir='ltr'><strong>se</strong></span> <span class='ocrx_word' id='word_1_330' title='bbox 1772 5133 1950 5186; x_wconf 89' lang='lat' dir='ltr'><strong>omnia</strong></span> 
     </span>
    </p>
   </div>
   <div class='ocr_carea' id='block_1_52' title="bbox 378 5210 1951 5293">
    <p class='ocr_par' dir='ltr' id='par_1_52' title="bbox 378 5210 1951 5293">
     <span class='ocr_line' id='line_1_52' title="bbox 378 5210 1951 5293; baseline 0.008 -28"><span class='ocrx_word' id='word_1_331' title='bbox 378 5222 495 5278; x_wconf 85' lang='lat' dir='ltr'><strong>ejus</strong></span> <span class='ocrx_word' id='word_1_332' title='bbox 525 5210 790 5265; x_wconf 87' lang='lat' dir='ltr'><strong>mirabilia</strong></span> <span class='ocrx_word' id='word_1_333' title='bbox 830 5213 1166 5279; x_wconf 81' lang='lat' dir='ltr'><strong>proﬁten‘ur.</strong></span> <span class='ocrx_word' id='word_1_334' title='bbox 1200 5215 1448 5271; x_wconf 84' lang='lat' dir='ltr'><strong>Secundo</strong></span> <span class='ocrx_word' id='word_1_335' title='bbox 1478 5218 1588 5273; x_wconf 81' lang='lat' dir='ltr'><strong>Rex</strong></span> <span class='ocrx_word' id='word_1_336' title='bbox 1637 5222 1748 5290; x_wconf 89' lang='lat' dir='ltr'><strong>ipse</strong></span> <span class='ocrx_word' id='word_1_337' title='bbox 1778 5223 1951 5293; x_wconf 91' lang='lat' dir='ltr'><strong>loqui-</strong></span> 
     </span>
    </p>
   </div>
   <div class='ocr_carea' id='block_1_53' title="bbox 376 5301 1951 5383">
    <p class='ocr_par' dir='ltr' id='par_1_53' title="bbox 376 5301 1951 5383">
     <span class='ocr_line' id='line_1_53' title="bbox 376 5301 1951 5383; baseline 0.01 -27"><span class='ocrx_word' id='word_1_338' title='bbox 376 5315 463 5357; x_wconf 91' lang='lat' dir='ltr'><strong>tur</strong></span> <span class='ocrx_word' id='word_1_339' title='bbox 490 5302 644 5358; x_wconf 86' lang='lat' dir='ltr'><strong>Jesus</strong></span> <span class='ocrx_word' id='word_1_340' title='bbox 671 5301 938 5370; x_wconf 81' lang='lat' dir='ltr'><strong>Christus,</strong></span> <span class='ocrx_word' id='word_1_341' title='bbox 965 5306 1224 5373; x_wconf 88' lang='lat' dir='ltr'><strong>justitiam</strong></span> <span class='ocrx_word' id='word_1_342' title='bbox 1256 5308 1694 5379; x_wconf 84' lang='lat' dir='ltr'><strong>sejudieaturum</strong></span> <span class='ocrx_word' id='word_1_343' title='bbox 1726 5318 1951 5383; x_wconf 91' lang='lat' dir='ltr'><strong>promit-</strong></span> 
     </span>
    </p>
   </div>
   <div class='ocr_carea' id='block_1_54' title="bbox 375 5397 1945 5465">
    <p class='ocr_par' dir='ltr' id='par_1_54' title="bbox 375 5397 1945 5465">
     <span class='ocr_line' id='line_1_54' title="bbox 375 5397 1945 5465; baseline 0.011 -22"><span class='ocrx_word' id='word_1_344' title='bbox 375 5401 512 5455; x_wconf 61' lang='lat' dir='ltr'><strong>tens,</strong></span> <span class='ocrx_word' id='word_1_345' title='bbox 542 5408 664 5449; x_wconf 91' lang='lat' dir='ltr'><strong>cum</strong></span> <span class='ocrx_word' id='word_1_346' title='bbox 690 5402 899 5464; x_wconf 88' lang='lat' dir='ltr'><strong>tempus</strong></span> <span class='ocrx_word' id='word_1_347' title='bbox 926 5397 1190 5465; x_wconf 84' lang='lat' dir='ltr'><strong>generalis</strong></span> <span class='ocrx_word' id='word_1_348' title='bbox 1216 5402 1623 5457; x_wconf 89' lang='lat' dir='ltr'><strong>resurrectionis</strong></span> <span class='ocrx_word' id='word_1_349' title='bbox 1649 5404 1945 5461; x_wconf 79' lang='lat' dir='ltr'><strong>advenerit.</strong></span> 
     </span>
    </p>
   </div>
   <div class='ocr_carea' id='block_1_55' title="bbox 374 5482 1947 5559">
    <p class='ocr_par' dir='ltr' id='par_1_55' title="bbox 374 5482 1947 5559">
     <span class='ocr_line' id='line_1_55' title="bbox 374 5482 1947 5559; baseline 0.015 -28"><span class='ocrx_word' id='word_1_350' title='bbox 374 5482 687 5541; x_wconf 68' lang='lat' dir='ltr'><strong>Commonet</strong></span> <span class='ocrx_word' id='word_1_351' title='bbox 706 5487 870 5542; x_wconf 89' lang='lat' dir='ltr'><strong>etiam</strong></span> <span class='ocrx_word' id='word_1_352' title='bbox 894 5503 960 5542; x_wconf 87' lang='lat' dir='ltr'><strong>ne</strong></span> <span class='ocrx_word' id='word_1_353' title='bbox 983 5489 1101 5558; x_wconf 91' lang='lat' dir='ltr'><strong>quis</strong></span> <span class='ocrx_word' id='word_1_354' title='bbox 1122 5491 1316 5546; x_wconf 82' lang='lat' dir='ltr'><strong>audeat</strong></span> <span class='ocrx_word' id='word_1_355' title='bbox 1340 5492 1537 5559; x_wconf 89' lang='lat' dir='ltr'><strong>aliquid</strong></span> <span class='ocrx_word' id='word_1_356' title='bbox 1561 5507 1745 5550; x_wconf 90' lang='lat' dir='ltr'><strong>contra</strong></span> <span class='ocrx_word' id='word_1_357' title='bbox 1768 5498 1947 5553; x_wconf 88' lang='lat' dir='ltr'><strong>divina</strong></span> 
     </span>
    </p>
   </div>
   <div class='ocr_carea' id='block_1_56' title="bbox 374 5578 1949 5661">
    <p class='ocr_par' dir='ltr' id='par_1_56' title="bbox 374 5578 1949 5661">
     <span class='ocr_line' id='line_1_56' title="bbox 374 5578 1949 5661; baseline 0.013 -34"><span class='ocrx_word' id='word_1_358' title='bbox 374 5578 621 5634; x_wconf 84' lang='lat' dir='ltr'><strong>mandata</strong></span> <span class='ocrx_word' id='word_1_359' title='bbox 668 5593 1028 5649; x_wconf 65' lang='lat' dir='ltr'><strong>praesumere.</strong></span> <span class='ocrx_word' id='word_1_360' title='bbox 1074 5600 1139 5636; x_wconf 77' lang='lat' dir='ltr'><strong>ne.</strong></span> <span class='ocrx_word' id='word_1_361' title='bbox 1178 5600 1297 5640; x_wconf 92' lang='lat' dir='ltr'><strong>eum</strong></span> <span class='ocrx_word' id='word_1_362' title='bbox 1347 5590 1511 5654; x_wconf 88' lang='lat' dir='ltr'><strong>possit</strong></span> <span class='ocrx_word' id='word_1_363' title='bbox 1550 5599 1746 5644; x_wconf 74' lang='lat' dir='ltr'><strong>tetcrna</strong></span> <span class='ocrx_word' id='word_1_364' title='bbox 1797 5607 1949 5661; x_wconf 71' lang='lat' dir='ltr'><strong>pmna</strong></span> 
     </span>
    </p>
   </div>
   <div class='ocr_carea' id='block_1_57' title="bbox 372 5676 644 5735">
    <p class='ocr_par' dir='ltr' id='par_1_57' title="bbox 372 5676 644 5735">
     <span class='ocr_line' id='line_1_57' title="bbox 372 5676 644 5735; baseline 0.018 -17"><span class='ocrx_word' id='word_1_365' title='bbox 372 5676 644 5735; x_wconf 84' lang='lat' dir='ltr'><strong>torquere.</strong></span> 
     </span>
    </p>
   </div>
   <div class='ocr_carea' id='block_1_58' title="bbox 1624 257 3662 329">
    <p class='ocr_par' dir='ltr' id='par_1_58' title="bbox 1624 257 3662 329">
     <span class='ocr_line' id='line_1_58' title="bbox 1624 257 3662 329; baseline 0.007 -17"><span class='ocrx_word' id='word_1_366' title='bbox 1624 259 1689 313; x_wconf 80' lang='grc' dir='ltr'><strong>Μ.</strong></span> <span class='ocrx_word' id='word_1_367' title='bbox 1733 259 2010 314; x_wconf 76' lang='lat' dir='ltr'><strong>AURELII</strong></span> <span class='ocrx_word' id='word_1_368' title='bbox 2055 257 2449 315; x_wconf 75' lang='lat' dir='ltr'><strong>CASSIODORI</strong></span> <span class='ocrx_word' id='word_1_369' title='bbox 3555 275 3662 329; x_wconf 69' lang='lat'><strong>57,6</strong></span> 
     </span>
    </p>
   </div>
   <div class='ocr_carea' id='block_1_59' title="bbox 412 366 2052 441">
    <p class='ocr_par' dir='ltr' id='par_1_59' title="bbox 412 366 2052 441">
     <span class='ocr_line' id='line_1_59' title="bbox 412 366 2052 441; baseline 0.007 -21"><span class='ocrx_word' id='word_1_370' title='bbox 412 366 582 421; x_wconf 59' lang='lat' dir='ltr'><strong>litutlo</strong></span> <span class='ocrx_word' id='word_1_371' title='bbox 611 366 875 421; x_wconf 86' lang='lat' dir='ltr'><strong>discessit.</strong></span> <span class='ocrx_word' id='word_1_372' title='bbox 907 368 971 421; x_wconf 85' lang='lat' dir='ltr'><strong>Et</strong></span> <span class='ocrx_word' id='word_1_373' title='bbox 997 368 1276 423; x_wconf 87' lang='lat' dir='ltr'><strong>considera</strong></span> <span class='ocrx_word' id='word_1_374' title='bbox 1309 384 1467 440; x_wconf 89' lang='lat' dir='ltr'><strong>quam</strong></span> <span class='ocrx_word' id='word_1_375' title='bbox 1499 372 1791 441; x_wconf 87' lang='lat' dir='ltr'><strong>prudenter</strong></span> <span class='ocrx_word' id='word_1_376' title='bbox 1825 386 1975 428; x_wconf 82' lang='lat' dir='ltr'><strong>acer-</strong></span> <span class='ocrx_word' id='word_1_377' title='bbox 2006 375 2052 431; x_wconf 79' lang='grc' dir='ltr'><strong>Α</strong></span> 
     </span>
    </p>
   </div>
   <div class='ocr_carea' id='block_1_60' title="bbox 2629 374 3125 447">
    <p class='ocr_par' dir='ltr' id='par_1_60' title="bbox 2629 374 3125 447">
     <span class='ocr_line' id='line_1_60' title="bbox 2629 374 3125 447; baseline 0.01 -20"><span class='ocrx_word' id='word_1_378' title='bbox 2629 374 2892 445; x_wconf 67' lang='lat' dir='ltr'><strong>Expositio</strong></span> <span class='ocrx_word' id='word_1_379' title='bbox 2920 381 3125 447; x_wconf 84' lang='lat' dir='ltr'><strong>psalmi.</strong></span> 
     </span>
    </p>
   </div>
   <div class='ocr_carea' id='block_1_61' title="bbox 2165 463 3662 543">
    <p class='ocr_par' dir='ltr' id='par_1_61' title="bbox 2165 463 3662 543">
     <span class='ocr_line' id='line_1_61' title="bbox 2165 463 3662 543; baseline 0.011 -27"><span class='ocrx_word' id='word_1_380' title='bbox 2165 464 2315 519; x_wconf 82' lang='lat' dir='ltr'><strong>Vers.</strong></span> <span class='ocrx_word' id='word_1_381' title='bbox 2349 466 2400 519; x_wconf 78' lang='lat' dir='ltr'><strong>i.</strong></span> <span class='ocrx_word' id='word_1_382' title='bbox 2434 463 2799 534; x_wconf 81' lang='lat' dir='ltr'><strong>Conﬁtebimur</strong></span> <span class='ocrx_word' id='word_1_383' title='bbox 2827 470 2932 533; x_wconf 89' lang='lat' dir='ltr'><strong>tibi,</strong></span> <span class='ocrx_word' id='word_1_384' title='bbox 2970 470 3145 537; x_wconf 84' lang='lat' dir='ltr'><strong>Deus;</strong></span> <span class='ocrx_word' id='word_1_385' title='bbox 3177 474 3662 543; x_wconf 82' lang='lat' dir='ltr'><strong>conﬁtebimurtibi,</strong></span> 
     </span>
    </p>
   </div>
   <div class='ocr_carea' id='block_1_62' title="bbox 2086 555 3664 624">
    <p class='ocr_par' dir='ltr' id='par_1_62' title="bbox 2086 555 3664 624">
     <span class='ocr_line' id='line_1_62' title="bbox 2086 555 3664 624; baseline 0.011 -17"><span class='ocrx_word' id='word_1_386' title='bbox 2086 562 2133 607; x_wconf 80' lang='lat' dir='ltr'><strong>et</strong></span> <span class='ocrx_word' id='word_1_387' title='bbox 2162 555 2504 609; x_wconf 85' lang='lat' dir='ltr'><strong>invocabimus</strong></span> <span class='ocrx_word' id='word_1_388' title='bbox 2544 573 2726 611; x_wconf 81' lang='lat' dir='ltr'><strong>nomen</strong></span> <span class='ocrx_word' id='word_1_389' title='bbox 2753 569 2890 613; x_wconf 86' lang='lat' dir='ltr'><strong>tuum</strong></span> <span class='ocrx_word' id='word_1_390' title='bbox 2913 577 2930 613; x_wconf 92' lang='lat'><em>:</em></span> <span class='ocrx_word' id='word_1_391' title='bbox 2956 563 3174 617; x_wconf 84' lang='lat' dir='ltr'><strong>narrabo</strong></span> <span class='ocrx_word' id='word_1_392' title='bbox 3213 567 3382 620; x_wconf 83' lang='lat' dir='ltr'><strong>omnia</strong></span> <span class='ocrx_word' id='word_1_393' title='bbox 3407 570 3664 624; x_wconf 80' lang='lat' dir='ltr'><strong>mirabilia</strong></span> 
     </span>
    </p>
   </div>
   <div class='ocr_carea' id='block_1_63' title="bbox 2084 644 3662 724">
    <p class='ocr_par' dir='ltr' id='par_1_63' title="bbox 2084 644 3662 724">
     <span class='ocr_line' id='line_1_63' title="bbox 2084 644 3662 724; baseline 0.011 -29"><span class='ocrx_word' id='word_1_394' title='bbox 2084 653 2190 695; x_wconf 87' lang='lat' dir='ltr'><strong>tua.</strong></span> <span class='ocrx_word' id='word_1_395' title='bbox 2222 644 2277 698; x_wconf 93' lang='lat' dir='ltr'><strong>ln</strong></span> <span class='ocrx_word' id='word_1_396' title='bbox 2311 644 2411 698; x_wconf 90' lang='lat' dir='ltr'><strong>hoc</strong></span> <span class='ocrx_word' id='word_1_397' title='bbox 2452 660 2557 700; x_wconf 90' lang='lat' dir='ltr'><strong>uno</strong></span> <span class='ocrx_word' id='word_1_398' title='bbox 2595 662 2752 702; x_wconf 89' lang='lat' dir='ltr'><strong>versu</strong></span> <span class='ocrx_word' id='word_1_399' title='bbox 2799 664 2892 717; x_wconf 82' lang='lat' dir='ltr'><strong>per</strong></span> <span class='ocrx_word' id='word_1_400' title='bbox 2936 651 3177 707; x_wconf 88' lang='lat' dir='ltr'><strong>ordinem</strong></span> <span class='ocrx_word' id='word_1_401' title='bbox 3232 657 3414 724; x_wconf 84' lang='lat' dir='ltr'><strong>regula</strong></span> <span class='ocrx_word' id='word_1_402' title='bbox 3461 670 3662 715; x_wconf 63' lang='lat' dir='ltr'><strong>saneta:</strong></span> 
     </span>
    </p>
   </div>
   <div class='ocr_carea' id='block_1_64' title="bbox 2083 740 3649 826">
    <p class='ocr_par' dir='ltr' id='par_1_64' title="bbox 2083 740 3649 826">
     <span class='ocr_line' id='line_1_64' title="bbox 2083 740 3649 826; baseline 0.01 -32"><span class='ocrx_word' id='word_1_403' title='bbox 2083 740 2381 797; x_wconf 89' lang='lat' dir='ltr'><strong>devotionis</strong></span> <span class='ocrx_word' id='word_1_404' title='bbox 2409 744 2718 811; x_wconf 75' lang='lat' dir='ltr'><strong>eXponitur;</strong></span> <span class='ocrx_word' id='word_1_405' title='bbox 2750 761 2870 799; x_wconf 87' lang='lat' dir='ltr'><strong>nam</strong></span> <span class='ocrx_word' id='word_1_406' title='bbox 2903 750 3127 817; x_wconf 89' lang='lat' dir='ltr'><strong>populus</strong></span> <span class='ocrx_word' id='word_1_407' title='bbox 3158 750 3248 805; x_wconf 92' lang='lat' dir='ltr'><strong>ille</strong></span> <span class='ocrx_word' id='word_1_408' title='bbox 3276 752 3527 811; x_wconf 87' lang='lat' dir='ltr'><strong>Judaicus</strong></span> <span class='ocrx_word' id='word_1_409' title='bbox 3557 758 3649 826; x_wconf 88' lang='lat' dir='ltr'><strong>qui</strong></span> 
     </span>
    </p>
   </div>
   <div class='ocr_carea' id='block_1_65' title="bbox 2082 833 3656 909">
    <p class='ocr_par' dir='ltr' id='par_1_65' title="bbox 2082 833 3656 909">
     <span class='ocr_line' id='line_1_65' title="bbox 2082 833 3656 909; baseline 0.011 -22"><span class='ocrx_word' id='word_1_410' title='bbox 2082 842 2197 887; x_wconf 89' lang='lat' dir='ltr'><strong>erat</strong></span> <span class='ocrx_word' id='word_1_411' title='bbox 2212 833 2422 887; x_wconf 90' lang='lat' dir='ltr'><strong>Christo</strong></span> <span class='ocrx_word' id='word_1_412' title='bbox 2450 835 2679 890; x_wconf 91' lang='lat' dir='ltr'><strong>Domino</strong></span> <span class='ocrx_word' id='word_1_413' title='bbox 2702 839 3023 905; x_wconf 87' lang='lat' dir='ltr'><strong>crediturus,</strong></span> <span class='ocrx_word' id='word_1_414' title='bbox 3047 855 3207 909; x_wconf 89' lang='lat' dir='ltr'><strong>quem</strong></span> <span class='ocrx_word' id='word_1_415' title='bbox 3232 842 3415 897; x_wconf 82' lang='lat' dir='ltr'><strong>titulus</strong></span> <span class='ocrx_word' id='word_1_416' title='bbox 3444 846 3656 904; x_wconf 78' lang='lat' dir='ltr'><strong>mo’uet:</strong></span> 
     </span>
    </p>
   </div>
   <div class='ocr_carea' id='block_1_66' title="bbox 2084 922 3661 999">
    <p class='ocr_par' dir='ltr' id='par_1_66' title="bbox 2084 922 3661 999">
     <span class='ocr_line' id='line_1_66' title="bbox 2084 922 3661 999; baseline 0.011 -24"><span class='ocrx_word' id='word_1_417' title='bbox 2084 922 2167 977; x_wconf 89' lang='lat' dir='ltr'><strong>Ne</strong></span> <span class='ocrx_word' id='word_1_418' title='bbox 2192 940 2489 993; x_wconf 82' lang='lat' dir='ltr'><strong>corrumpas</strong></span> <span class='ocrx_word' id='word_1_419' title='bbox 2516 926 2569 978; x_wconf 90' lang='lat' dir='ltr'><strong>in</strong></span> <span class='ocrx_word' id='word_1_420' title='bbox 2598 927 2770 995; x_wconf 87' lang='lat' dir='ltr'><strong>ﬁnem,</strong></span> <span class='ocrx_word' id='word_1_421' title='bbox 2804 929 3035 999; x_wconf 89' lang='lat' dir='ltr'><strong>erumpit</strong></span> <span class='ocrx_word' id='word_1_422' title='bbox 3061 932 3114 985; x_wconf 92' lang='lat' dir='ltr'><strong>in</strong></span> <span class='ocrx_word' id='word_1_423' title='bbox 3137 947 3344 997; x_wconf 90' lang='lat' dir='ltr'><strong>vocem,</strong></span> <span class='ocrx_word' id='word_1_424' title='bbox 3367 945 3423 989; x_wconf 92' lang='lat' dir='ltr'><strong>et</strong></span> <span class='ocrx_word' id='word_1_425' title='bbox 3449 936 3501 990; x_wconf 90' lang='lat' dir='ltr'><strong>in</strong></span> <span class='ocrx_word' id='word_1_426' title='bbox 3531 953 3661 992; x_wconf 83' lang='lat' dir='ltr'><strong>eon-</strong></span> 
     </span>
    </p>
   </div>
   <div class='ocr_carea' id='block_1_67' title="bbox 2081 1011 3661 1095">
    <p class='ocr_par' dir='ltr' id='par_1_67' title="bbox 2081 1011 3661 1095">
     <span class='ocr_line' id='line_1_67' title="bbox 2081 1011 3661 1095; baseline 0.011 -31"><span class='ocrx_word' id='word_1_427' title='bbox 2081 1011 2371 1068; x_wconf 90' lang='lat' dir='ltr'><strong>fessionem</strong></span> <span class='ocrx_word' id='word_1_428' title='bbox 2406 1029 2557 1067; x_wconf 86' lang='lat' dir='ltr'><strong>suam</strong></span> <span class='ocrx_word' id='word_1_429' title='bbox 2589 1016 2933 1073; x_wconf 80' lang='lat' dir='ltr'><strong>devotissime</strong></span> <span class='ocrx_word' id='word_1_430' title='bbox 2967 1020 3269 1088; x_wconf 90' lang='lat' dir='ltr'><strong>pollicetur.</strong></span> <span class='ocrx_word' id='word_1_431' title='bbox 3308 1024 3551 1095; x_wconf 82' lang='lat' dir='ltr'><strong>Conﬁtcri</strong></span> <span class='ocrx_word' id='word_1_432' title='bbox 3578 1040 3661 1083; x_wconf 87' lang='lat' dir='ltr'><strong>est</strong></span> 
     </span>
    </p>
   </div>
   <div class='ocr_carea' id='block_1_68' title="bbox 2081 1102 3657 1187">
    <p class='ocr_par' dir='ltr' id='par_1_68' title="bbox 2081 1102 3657 1187">
     <span class='ocr_line' id='line_1_68' title="bbox 2081 1102 3657 1187; baseline 0.011 -32"><span class='ocrx_word' id='word_1_433' title='bbox 2081 1102 2238 1170; x_wconf 90' lang='lat' dir='ltr'><strong>(sicut</strong></span> <span class='ocrx_word' id='word_1_434' title='bbox 2257 1118 2399 1171; x_wconf 67' lang='lat' dir='ltr'><strong>smpe</strong></span> <span class='ocrx_word' id='word_1_435' title='bbox 2424 1104 2672 1174; x_wconf 83' lang='lat' dir='ltr'><strong>diximus)</strong></span> <span class='ocrx_word' id='word_1_436' title='bbox 2696 1106 2986 1163; x_wconf 88' lang='lat' dir='ltr'><strong>multorum</strong></span> <span class='ocrx_word' id='word_1_437' title='bbox 3010 1111 3310 1175; x_wconf 87' lang='lat' dir='ltr'><strong>confatione</strong></span> <span class='ocrx_word' id='word_1_438' title='bbox 3326 1116 3439 1184; x_wconf 88' lang='lat' dir='ltr'><strong>(sic)</strong></span> <span class='ocrx_word' id='word_1_439' title='bbox 3459 1118 3657 1187; x_wconf 87' lang='lat' dir='ltr'><strong>aliquid</strong></span> 
     </span>
    </p>
   </div>
   <div class='ocr_carea' id='block_1_69' title="bbox 2078 1192 3655 1276">
    <p class='ocr_par' dir='ltr' id='par_1_69' title="bbox 2078 1192 3655 1276">
     <span class='ocr_line' id='line_1_69' title="bbox 2078 1192 3655 1276; baseline 0.01 -31"><span class='ocrx_word' id='word_1_440' title='bbox 2078 1192 2337 1261; x_wconf 88' lang='lat' dir='ltr'><strong>proﬁteri.</strong></span> <span class='ocrx_word' id='word_1_441' title='bbox 2371 1194 2502 1247; x_wconf 86' lang='lat' dir='ltr'><strong>Nam</strong></span> <span class='ocrx_word' id='word_1_442' title='bbox 2534 1196 2632 1249; x_wconf 89' lang='lat' dir='ltr'><strong>etsi</strong></span> <span class='ocrx_word' id='word_1_443' title='bbox 2663 1212 2802 1252; x_wconf 91' lang='lat' dir='ltr'><strong>unus</strong></span> <span class='ocrx_word' id='word_1_444' title='bbox 2833 1199 3113 1255; x_wconf 86' lang='lat' dir='ltr'><strong>confessus</strong></span> <span class='ocrx_word' id='word_1_445' title='bbox 3141 1201 3371 1265; x_wconf 86' lang='lat' dir='ltr'><strong>dicatur,</strong></span> <span class='ocrx_word' id='word_1_446' title='bbox 3405 1205 3525 1258; x_wconf 86' lang='lat' dir='ltr'><strong>aliis</strong></span> <span class='ocrx_word' id='word_1_447' title='bbox 3543 1206 3655 1276; x_wconf 84' lang='lat' dir='ltr'><strong>jam</strong></span> 
     </span>
    </p>
   </div>
   <div class='ocr_carea' id='block_1_70' title="bbox 2079 1284 3657 1365">
    <p class='ocr_par' dir='ltr' id='par_1_70' title="bbox 2079 1284 3657 1365">
     <span class='ocr_line' id='line_1_70' title="bbox 2079 1284 3657 1365; baseline 0.01 -28"><span class='ocrx_word' id='word_1_448' title='bbox 2079 1284 2130 1337; x_wconf 89' lang='lat' dir='ltr'><strong>in</strong></span> <span class='ocrx_word' id='word_1_449' title='bbox 2162 1285 2264 1338; x_wconf 85' lang='lat' dir='ltr'><strong>ﬁde</strong></span> <span class='ocrx_word' id='word_1_450' title='bbox 2294 1286 2734 1355; x_wconf 65' lang='lat' dir='ltr'><strong>praecedentibus,</strong></span> <span class='ocrx_word' id='word_1_451' title='bbox 2764 1290 2848 1344; x_wconf 86' lang='lat' dir='ltr'><strong>vel</strong></span> <span class='ocrx_word' id='word_1_452' title='bbox 2883 1290 3336 1361; x_wconf 88' lang='lat' dir='ltr'><strong>subsequentibus</strong></span> <span class='ocrx_word' id='word_1_453' title='bbox 3375 1300 3657 1365; x_wconf 87' lang='lat' dir='ltr'><strong>cognosci-</strong></span> 
     </span>
    </p>
   </div>
   <div class='ocr_carea' id='block_1_71' title="bbox 2077 1378 3653 1454">
    <p class='ocr_par' dir='ltr' id='par_1_71' title="bbox 2077 1378 3653 1454">
     <span class='ocr_line' id='line_1_71' title="bbox 2077 1378 3653 1454; baseline 0.01 -26"><span class='ocrx_word' id='word_1_454' title='bbox 2077 1385 2162 1428; x_wconf 91' lang='lat' dir='ltr'><strong>tur</strong></span> <span class='ocrx_word' id='word_1_455' title='bbox 2189 1391 2308 1430; x_wconf 83' lang='lat' dir='ltr'><strong>esse</strong></span> <span class='ocrx_word' id='word_1_456' title='bbox 2334 1378 2588 1431; x_wconf 88' lang='lat' dir='ltr'><strong>sociatus.</strong></span> <span class='ocrx_word' id='word_1_457' title='bbox 2617 1380 2868 1447; x_wconf 85' lang='lat' dir='ltr'><strong>Sequitur</strong></span> <span class='ocrx_word' id='word_1_458' title='bbox 2906 1382 3130 1449; x_wconf 87' lang='lat' dir='ltr'><strong>iterum,</strong></span> <span class='ocrx_word' id='word_1_459' title='bbox 3157 1386 3512 1454; x_wconf 78' lang='lat' dir='ltr'><strong>conﬁtebimur</strong></span> <span class='ocrx_word' id='word_1_460' title='bbox 3540 1392 3653 1445; x_wconf 86' lang='lat' dir='ltr'><strong>tibi.</strong></span> 
     </span>
    </p>
   </div>
   <div class='ocr_carea' id='block_1_72' title="bbox 2075 1465 3653 1548">
    <p class='ocr_par' dir='ltr' id='par_1_72' title="bbox 2075 1465 3653 1548">
     <span class='ocr_line' id='line_1_72' title="bbox 2075 1465 3653 1548; baseline 0.008 -28"><span class='ocrx_word' id='word_1_461' title='bbox 2075 1465 2412 1521; x_wconf 88' lang='lat' dir='ltr'><strong>Soliditatem</strong></span> <span class='ocrx_word' id='word_1_462' title='bbox 2446 1469 2821 1538; x_wconf 87' lang='lat' dir='ltr'><strong>promissionis</strong></span> <span class='ocrx_word' id='word_1_463' title='bbox 2844 1473 3092 1540; x_wconf 85' lang='lat' dir='ltr'><strong>repetitio</strong></span> <span class='ocrx_word' id='word_1_464' title='bbox 3122 1474 3235 1538; x_wconf 85' lang='lat' dir='ltr'><strong>ipsa</strong></span> <span class='ocrx_word' id='word_1_465' title='bbox 3266 1486 3511 1547; x_wconf 90' lang='lat' dir='ltr'><strong>testatur,</strong></span> <span class='ocrx_word' id='word_1_466' title='bbox 3535 1497 3653 1548; x_wconf 63' lang='lat' dir='ltr'><strong>quae</strong></span> 
     </span>
    </p>
   </div>
   <div class='ocr_carea' id='block_1_73' title="bbox 2076 1562 3653 1632">
    <p class='ocr_par' dir='ltr' id='par_1_73' title="bbox 2076 1562 3653 1632">
     <span class='ocr_line' id='line_1_73' title="bbox 2076 1562 3653 1632; baseline 0.012 -22"><span class='ocrx_word' id='word_1_467' title='bbox 2076 1573 2342 1627; x_wconf 88' lang='lat' dir='ltr'><strong>nunquam</strong></span> <span class='ocrx_word' id='word_1_468' title='bbox 2368 1562 2673 1616; x_wconf 90' lang='lat' dir='ltr'><strong>transitorie</strong></span> <span class='ocrx_word' id='word_1_469' title='bbox 2696 1565 2931 1632; x_wconf 86' lang='lat' dir='ltr'><strong>ponitur,</strong></span> <span class='ocrx_word' id='word_1_470' title='bbox 2958 1567 3062 1621; x_wconf 90' lang='lat' dir='ltr'><strong>nisi</strong></span> <span class='ocrx_word' id='word_1_471' title='bbox 3094 1568 3182 1621; x_wconf 88' lang='lat' dir='ltr'><strong>ubi</strong></span> <span class='ocrx_word' id='word_1_472' title='bbox 3210 1572 3407 1626; x_wconf 90' lang='lat' dir='ltr'><strong>mentis</strong></span> <span class='ocrx_word' id='word_1_473' title='bbox 3430 1572 3653 1630; x_wconf 82' lang='lat' dir='ltr'><strong>ﬁrmitas</strong></span> 
     </span>
    </p>
   </div>
   <div class='ocr_carea' id='block_1_74' title="bbox 2076 1649 3653 1733">
    <p class='ocr_par' dir='ltr' id='par_1_74' title="bbox 2076 1649 3653 1733">
     <span class='ocr_line' id='line_1_74' title="bbox 2076 1649 3653 1733; baseline 0.011 -31"><span class='ocrx_word' id='word_1_474' title='bbox 2076 1649 2367 1715; x_wconf 89' lang='lat' dir='ltr'><strong>indicatur;</strong></span> <span class='ocrx_word' id='word_1_475' title='bbox 2399 1652 2537 1706; x_wconf 90' lang='lat' dir='ltr'><strong>sicut</strong></span> <span class='ocrx_word' id='word_1_476' title='bbox 2565 1662 2646 1708; x_wconf 88' lang='lat' dir='ltr'><strong>est</strong></span> <span class='ocrx_word' id='word_1_477' title='bbox 2676 1654 2838 1709; x_wconf 89' lang='lat' dir='ltr'><strong>illud:</strong></span> <span class='ocrx_word' id='word_1_478' title='bbox 2872 1655 3118 1712; x_wconf 85' lang='lat' dir='ltr'><strong>Paratum</strong></span> <span class='ocrx_word' id='word_1_479' title='bbox 3142 1675 3229 1713; x_wconf 88' lang='lat' dir='ltr'><strong>cor</strong></span> <span class='ocrx_word' id='word_1_480' title='bbox 3258 1677 3444 1733; x_wconf 85' lang='lat' dir='ltr'><strong>meum,</strong></span> <span class='ocrx_word' id='word_1_481' title='bbox 3477 1664 3653 1730; x_wconf 82' lang='lat' dir='ltr'><strong>Deus;</strong></span> 
     </span>
    </p>
   </div>
   <div class='ocr_carea' id='block_1_75' title="bbox 2003 1745 3656 1820">
    <p class='ocr_par' dir='ltr' id='par_1_75' title="bbox 2003 1745 3656 1820">
     <span class='ocr_line' id='line_1_75' title="bbox 2003 1745 3656 1820; baseline 0.01 -28"><span class='ocrx_word' id='word_1_482' title='bbox 2003 1752 2044 1810; x_wconf 78' lang='grc' dir='ltr'><strong><em>Β</em></strong></span> <span class='ocrx_word' id='word_1_483' title='bbox 2072 1753 2309 1813; x_wconf 87' lang='lat' dir='ltr'><strong>paratum</strong></span> <span class='ocrx_word' id='word_1_484' title='bbox 2333 1760 2420 1798; x_wconf 88' lang='lat' dir='ltr'><strong>cor</strong></span> <span class='ocrx_word' id='word_1_485' title='bbox 2442 1761 2604 1798; x_wconf 86' lang='lat' dir='ltr'><strong>meum</strong></span> <span class='ocrx_word' id='word_1_486' title='bbox 2640 1745 2807 1811; x_wconf 74' lang='lat' dir='ltr'><strong>(Psal.</strong></span> <span class='ocrx_word' id='word_1_487' title='bbox 2838 1763 2948 1814; x_wconf 74' lang='lat' dir='ltr'><strong>LVI,</strong></span> <span class='ocrx_word' id='word_1_488' title='bbox 2980 1749 3070 1820; x_wconf 92' lang='lat'><strong>8),</strong></span> <span class='ocrx_word' id='word_1_489' title='bbox 3106 1761 3160 1806; x_wconf 92' lang='lat' dir='ltr'><strong>et</strong></span> <span class='ocrx_word' id='word_1_490' title='bbox 3188 1752 3269 1806; x_wconf 88' lang='lat' dir='ltr'><strong>his</strong></span> <span class='ocrx_word' id='word_1_491' title='bbox 3293 1754 3514 1809; x_wconf 87' lang='lat' dir='ltr'><strong>similia.</strong></span> <span class='ocrx_word' id='word_1_492' title='bbox 3542 1755 3656 1810; x_wconf 83' lang='lat' dir='ltr'><strong>Tibi</strong></span> 
     </span>
    </p>
   </div>
   <div class='ocr_carea' id='block_1_76' title="bbox 2077 1837 3655 1921">
    <p class='ocr_par' dir='ltr' id='par_1_76' title="bbox 2077 1837 3655 1921">
     <span class='ocr_line' id='line_1_76' title="bbox 2077 1837 3655 1921; baseline 0.01 -30"><span class='ocrx_word' id='word_1_493' title='bbox 2077 1837 2272 1892; x_wconf 89' lang='lat' dir='ltr'><strong>dictum</strong></span> <span class='ocrx_word' id='word_1_494' title='bbox 2303 1849 2413 1904; x_wconf 90' lang='lat' dir='ltr'><strong>est,</strong></span> <span class='ocrx_word' id='word_1_495' title='bbox 2458 1841 2768 1896; x_wconf 88' lang='lat' dir='ltr'><strong>utaliorum</strong></span> <span class='ocrx_word' id='word_1_496' title='bbox 2818 1845 3021 1900; x_wconf 86' lang='lat' dir='ltr'><strong>cultura</strong></span> <span class='ocrx_word' id='word_1_497' title='bbox 3064 1858 3383 1918; x_wconf 82' lang='lat' dir='ltr'><strong>negaretur;</strong></span> <span class='ocrx_word' id='word_1_498' title='bbox 3417 1852 3536 1921; x_wconf 87' lang='lat' dir='ltr'><strong>quia</strong></span> <span class='ocrx_word' id='word_1_499' title='bbox 3568 1854 3655 1906; x_wconf 88' lang='lat' dir='ltr'><strong>illa</strong></span> 
     </span>
    </p>
   </div>
   <div class='ocr_carea' id='block_1_77' title="bbox 2076 1930 3657 2007">
    <p class='ocr_par' dir='ltr' id='par_1_77' title="bbox 2076 1930 3657 2007">
     <span class='ocr_line' id='line_1_77' title="bbox 2076 1930 3657 2007; baseline 0.008 -23"><span class='ocrx_word' id='word_1_500' title='bbox 2076 1937 2159 1984; x_wconf 90' lang='lat' dir='ltr'><strong>est</strong></span> <span class='ocrx_word' id='word_1_501' title='bbox 2184 1944 2307 1985; x_wconf 88' lang='lat' dir='ltr'><strong>vera</strong></span> <span class='ocrx_word' id='word_1_502' title='bbox 2338 1930 2551 1986; x_wconf 89' lang='lat' dir='ltr'><strong>devotio</strong></span> <span class='ocrx_word' id='word_1_503' title='bbox 2580 1949 2698 1999; x_wconf 64' lang='lat' dir='ltr'><strong>qua;</strong></span> <span class='ocrx_word' id='word_1_504' title='bbox 2727 1935 2900 1990; x_wconf 90' lang='lat' dir='ltr'><strong>solum</strong></span> <span class='ocrx_word' id='word_1_505' title='bbox 2922 1937 3222 2007; x_wconf 76' lang='lat' dir='ltr'><strong>iustissime</strong></span> <span class='ocrx_word' id='word_1_506' title='bbox 3247 1955 3534 1997; x_wconf 89' lang='lat' dir='ltr'><strong>veneratur</strong></span> <span class='ocrx_word' id='word_1_507' title='bbox 3560 1962 3657 1997; x_wconf 87' lang='lat' dir='ltr'><strong>au-</strong></span> 
     </span>
    </p>
   </div>
   <div class='ocr_carea' id='block_1_78' title="bbox 2078 2022 3652 2105">
    <p class='ocr_par' dir='ltr' id='par_1_78' title="bbox 2078 2022 3652 2105">
     <span class='ocr_line' id='line_1_78' title="bbox 2078 2022 3652 2105; baseline 0.012 -32"><span class='ocrx_word' id='word_1_508' title='bbox 2078 2031 2303 2075; x_wconf 89' lang='lat' dir='ltr'><strong>ctorem.</strong></span> <span class='ocrx_word' id='word_1_509' title='bbox 2342 2022 2405 2077; x_wconf 87' lang='lat' dir='ltr'><strong>Et</strong></span> <span class='ocrx_word' id='word_1_510' title='bbox 2432 2023 2561 2077; x_wconf 90' lang='lat' dir='ltr'><strong>illud</strong></span> <span class='ocrx_word' id='word_1_511' title='bbox 2599 2025 2966 2095; x_wconf 74' lang='lat' dir='ltr'><strong>insp&#39;Ciamus,</strong></span> <span class='ocrx_word' id='word_1_512' title='bbox 2998 2030 3250 2100; x_wconf 89' lang='lat' dir='ltr'><strong>quoniam</strong></span> <span class='ocrx_word' id='word_1_513' title='bbox 3298 2047 3521 2090; x_wconf 88' lang='lat' dir='ltr'><strong>mortem</strong></span> <span class='ocrx_word' id='word_1_514' title='bbox 3549 2038 3652 2105; x_wconf 30' lang='lat' dir='ltr'><strong>ple.</strong></span> 
     </span>
    </p>
   </div>
   <div class='ocr_carea' id='block_1_79' title="bbox 2014 2118 3650 2193">
    <p class='ocr_par' dir='ltr' id='par_1_79' title="bbox 2014 2118 3650 2193">
     <span class='ocr_line' id='line_1_79' title="bbox 2014 2118 3650 2193; baseline 0.009 -30"><span class='ocrx_word' id='word_1_515' title='bbox 2014 2144 2015 2147; x_wconf 60' lang='grc' dir='ltr'><strong>η</strong></span> <span class='ocrx_word' id='word_1_516' title='bbox 2075 2127 2297 2182; x_wconf 87' lang='lat' dir='ltr'><strong>rumque</strong></span> <span class='ocrx_word' id='word_1_517' title='bbox 2345 2127 2583 2183; x_wconf 87' lang='lat' dir='ltr'><strong>generat,</strong></span> <span class='ocrx_word' id='word_1_518' title='bbox 2618 2118 2699 2171; x_wconf 89' lang='lat' dir='ltr'><strong>vel</strong></span> <span class='ocrx_word' id='word_1_519' title='bbox 2749 2121 2914 2174; x_wconf 83' lang='lat' dir='ltr'><strong>semel</strong></span> <span class='ocrx_word' id='word_1_520' title='bbox 2964 2131 3176 2177; x_wconf 90' lang='lat' dir='ltr'><strong>terreno</strong></span> <span class='ocrx_word' id='word_1_521' title='bbox 3215 2124 3378 2193; x_wconf 86' lang='lat' dir='ltr'><strong>judici</strong></span> <span class='ocrx_word' id='word_1_522' title='bbox 3426 2128 3650 2182; x_wconf 74' lang='lat' dir='ltr'><strong>crimini</strong></span> 
     </span>
    </p>
   </div>
   <div class='ocr_carea' id='block_1_80' title="bbox 2074 2202 3652 2287">
    <p class='ocr_par' dir='ltr' id='par_1_80' title="bbox 2074 2202 3652 2287">
     <span class='ocr_line' id='line_1_80' title="bbox 2074 2202 3652 2287; baseline 0.008 -32"><span class='ocrx_word' id='word_1_523' title='bbox 2074 2202 2317 2257; x_wconf 86' lang='lat' dir='ltr'><strong>conﬁteri</strong></span> <span class='ocrx_word' id='word_1_524' title='bbox 2344 2221 2356 2257; x_wconf 93' lang='lat'><strong>:</strong></span> <span class='ocrx_word' id='word_1_525' title='bbox 2392 2205 2501 2259; x_wconf 90' lang='lat' dir='ltr'><strong>Deo</strong></span> <span class='ocrx_word' id='word_1_526' title='bbox 2527 2217 2701 2259; x_wconf 90' lang='lat' dir='ltr'><strong>autem</strong></span> <span class='ocrx_word' id='word_1_527' title='bbox 2732 2208 3064 2277; x_wconf 84' lang='lat' dir='ltr'><strong>frequentata</strong></span> <span class='ocrx_word' id='word_1_528' title='bbox 3094 2213 3358 2269; x_wconf 83' lang='lat' dir='ltr'><strong>confessio</strong></span> <span class='ocrx_word' id='word_1_529' title='bbox 3395 2232 3498 2269; x_wconf 90' lang='lat' dir='ltr'><strong>non</strong></span> <span class='ocrx_word' id='word_1_530' title='bbox 3531 2233 3652 2287; x_wconf 85' lang='lat' dir='ltr'><strong>par-</strong></span> 
     </span>
    </p>
   </div>
   <div class='ocr_carea' id='block_1_81' title="bbox 2078 2294 3655 2364">
    <p class='ocr_par' dir='ltr' id='par_1_81' title="bbox 2078 2294 3655 2364">
     <span class='ocr_line' id='line_1_81' title="bbox 2078 2294 3655 2364; baseline 0.01 -17"><span class='ocrx_word' id='word_1_531' title='bbox 2078 2294 2202 2348; x_wconf 89' lang='lat' dir='ltr'><strong>turit</strong></span> <span class='ocrx_word' id='word_1_532' title='bbox 2244 2295 2537 2364; x_wconf 90' lang='lat' dir='ltr'><strong>periculum</strong></span> <span class='ocrx_word' id='word_1_533' title='bbox 2564 2337 2577 2359; x_wconf 94' lang='lat'><strong>,</strong></span> <span class='ocrx_word' id='word_1_534' title='bbox 2629 2299 2720 2352; x_wconf 93' lang='lat' dir='ltr'><strong>sed</strong></span> <span class='ocrx_word' id='word_1_535' title='bbox 2753 2303 2999 2355; x_wconf 85' lang='lat' dir='ltr'><strong>salutem.</strong></span> <span class='ocrx_word' id='word_1_536' title='bbox 3049 2302 3445 2360; x_wconf 81' lang='lat' dir='ltr'><strong>Pnlclierrimus</strong></span> <span class='ocrx_word' id='word_1_537' title='bbox 3489 2310 3655 2363; x_wconf 79' lang='lat' dir='ltr'><strong>curiit</strong></span> 
     </span>
    </p>
   </div>
   <div class='ocr_carea' id='block_1_82' title="bbox 2073 2385 3651 2466">
    <p class='ocr_par' dir='ltr' id='par_1_82' title="bbox 2073 2385 3651 2466">
     <span class='ocr_line' id='line_1_82' title="bbox 2073 2385 3651 2466; baseline 0.011 -28"><span class='ocrx_word' id='word_1_538' title='bbox 2073 2385 2205 2439; x_wconf 88' lang='lat' dir='ltr'><strong>ordo</strong></span> <span class='ocrx_word' id='word_1_539' title='bbox 2231 2387 2532 2442; x_wconf 80' lang='lat' dir='ltr'><strong>verborum.</strong></span> <span class='ocrx_word' id='word_1_540' title='bbox 2564 2388 2715 2444; x_wconf 84' lang='lat' dir='ltr'><strong>Prius</strong></span> <span class='ocrx_word' id='word_1_541' title='bbox 2736 2406 2794 2445; x_wconf 89' lang='lat' dir='ltr'><strong>se</strong></span> <span class='ocrx_word' id='word_1_542' title='bbox 2823 2392 2943 2449; x_wconf 90' lang='lat' dir='ltr'><strong>dicit</strong></span> <span class='ocrx_word' id='word_1_543' title='bbox 2964 2395 3219 2463; x_wconf 83' lang='lat' dir='ltr'><strong>conﬁteri,</strong></span> <span class='ocrx_word' id='word_1_544' title='bbox 3244 2398 3295 2452; x_wconf 91' lang='lat' dir='ltr'><strong>id</strong></span> <span class='ocrx_word' id='word_1_545' title='bbox 3326 2408 3409 2453; x_wconf 89' lang='lat' dir='ltr'><strong>est</strong></span> <span class='ocrx_word' id='word_1_546' title='bbox 3439 2411 3651 2466; x_wconf 86' lang='lat' dir='ltr'><strong>peccata</strong></span> 
     </span>
    </p>
   </div>
   <div class='ocr_carea' id='block_1_83' title="bbox 2072 2478 3653 2557">
    <p class='ocr_par' dir='ltr' id='par_1_83' title="bbox 2072 2478 3653 2557">
     <span class='ocr_line' id='line_1_83' title="bbox 2072 2478 3653 2557; baseline 0.01 -26"><span class='ocrx_word' id='word_1_547' title='bbox 2072 2478 2295 2544; x_wconf 90' lang='lat' dir='ltr'><strong>deﬁere;</strong></span> <span class='ocrx_word' id='word_1_548' title='bbox 2328 2490 2511 2550; x_wconf 84' lang='lat' dir='ltr'><strong>postea</strong></span> <span class='ocrx_word' id='word_1_549' title='bbox 2553 2482 2788 2536; x_wconf 86' lang='lat' dir='ltr'><strong>invocare</strong></span> <span class='ocrx_word' id='word_1_550' title='bbox 2814 2499 2995 2537; x_wconf 84' lang='lat' dir='ltr'><strong>nomen</strong></span> <span class='ocrx_word' id='word_1_551' title='bbox 3028 2478 3256 2543; x_wconf 82' lang='lat' dir='ltr'><strong>Domini.</strong></span> <span class='ocrx_word' id='word_1_552' title='bbox 3286 2488 3375 2557; x_wconf 86' lang='lat' dir='ltr'><strong>Sic</strong></span> <span class='ocrx_word' id='word_1_553' title='bbox 3400 2492 3541 2545; x_wconf 90' lang='lat' dir='ltr'><strong>enim</strong></span> <span class='ocrx_word' id='word_1_554' title='bbox 3571 2492 3653 2546; x_wconf 85' lang='lat' dir='ltr'><strong>di-</strong></span> 
     </span>
    </p>
   </div>
   <div class='ocr_carea' id='block_1_84' title="bbox 2072 2572 3651 2645">
    <p class='ocr_par' dir='ltr' id='par_1_84' title="bbox 2072 2572 3651 2645">
     <span class='ocr_line' id='line_1_84' title="bbox 2072 2572 3651 2645; baseline 0.007 -21"><span class='ocrx_word' id='word_1_555' title='bbox 2072 2586 2231 2637; x_wconf 82' lang='lat' dir='ltr'><strong>gnum</strong></span> <span class='ocrx_word' id='word_1_556' title='bbox 2259 2579 2364 2638; x_wconf 87' lang='lat' dir='ltr'><strong>est,</strong></span> <span class='ocrx_word' id='word_1_557' title='bbox 2396 2581 2453 2625; x_wconf 93' lang='lat' dir='ltr'><strong>ut</strong></span> <span class='ocrx_word' id='word_1_558' title='bbox 2491 2572 2658 2641; x_wconf 89' lang='lat' dir='ltr'><strong>ipsius</strong></span> <span class='ocrx_word' id='word_1_559' title='bbox 2684 2588 2903 2629; x_wconf 90' lang='lat' dir='ltr'><strong>munere</strong></span> <span class='ocrx_word' id='word_1_560' title='bbox 2933 2576 3081 2645; x_wconf 88' lang='lat' dir='ltr'><strong>prius</strong></span> <span class='ocrx_word' id='word_1_561' title='bbox 3108 2576 3272 2632; x_wconf 87' lang='lat' dir='ltr'><strong>corda</strong></span> <span class='ocrx_word' id='word_1_562' title='bbox 3310 2591 3491 2634; x_wconf 89' lang='lat' dir='ltr'><strong>nostra</strong></span> <span class='ocrx_word' id='word_1_563' title='bbox 3522 2597 3651 2635; x_wconf 79' lang='lat' dir='ltr'><strong>con-</strong></span> 
     </span>
    </p>
   </div>
   <div class='ocr_carea' id='block_1_85' title="bbox 2072 2661 3647 2740">
    <p class='ocr_par' dir='ltr' id='par_1_85' title="bbox 2072 2661 3647 2740">
     <span class='ocr_line' id='line_1_85' title="bbox 2072 2661 3647 2740; baseline 0.008 -26"><span class='ocrx_word' id='word_1_564' title='bbox 2072 2661 2303 2716; x_wconf 90' lang='lat' dir='ltr'><strong>fessione</strong></span> <span class='ocrx_word' id='word_1_565' title='bbox 2333 2676 2636 2730; x_wconf 84' lang='lat' dir='ltr'><strong>purgemus,</strong></span> <span class='ocrx_word' id='word_1_566' title='bbox 2663 2674 2717 2718; x_wconf 89' lang='lat' dir='ltr'><strong>et</strong></span> <span class='ocrx_word' id='word_1_567' title='bbox 2755 2664 2832 2719; x_wconf 88' lang='lat' dir='ltr'><strong>sic</strong></span> <span class='ocrx_word' id='word_1_568' title='bbox 2870 2666 2935 2719; x_wconf 91' lang='lat' dir='ltr'><strong>ad</strong></span> <span class='ocrx_word' id='word_1_569' title='bbox 2964 2666 3216 2722; x_wconf 84' lang='lat' dir='ltr'><strong>auxilium</strong></span> <span class='ocrx_word' id='word_1_570' title='bbox 3250 2672 3647 2740; x_wconf 86' lang='lat' dir='ltr'><strong>suscipiendum</strong></span> 
     </span>
    </p>
   </div>
   <div class='ocr_carea' id='block_1_86' title="bbox 2071 2753 3648 2832">
    <p class='ocr_par' dir='ltr' id='par_1_86' title="bbox 2071 2753 3648 2832">
     <span class='ocr_line' id='line_1_86' title="bbox 2071 2753 3648 2832; baseline 0.01 -28"><span class='ocrx_word' id='word_1_571' title='bbox 2071 2768 2251 2806; x_wconf 87' lang='lat' dir='ltr'><strong>nomen</strong></span> <span class='ocrx_word' id='word_1_572' title='bbox 2286 2753 2497 2807; x_wconf 69' lang='lat' dir='ltr'><strong>Domini.</strong></span> <span class='ocrx_word' id='word_1_573' title='bbox 2523 2755 2756 2809; x_wconf 79' lang='lat' dir='ltr'><strong>invocare</strong></span> <span class='ocrx_word' id='word_1_574' title='bbox 2784 2756 3091 2813; x_wconf 84' lang='lat' dir='ltr'><strong>debeamus.</strong></span> <span class='ocrx_word' id='word_1_575' title='bbox 3128 2760 3258 2814; x_wconf 86' lang='lat' dir='ltr'><strong>Nam</strong></span> <span class='ocrx_word' id='word_1_576' title='bbox 3299 2762 3365 2815; x_wconf 88' lang='lat' dir='ltr'><strong>ad</strong></span> <span class='ocrx_word' id='word_1_577' title='bbox 3403 2778 3537 2832; x_wconf 86' lang='lat' dir='ltr'><strong>quos</strong></span> <span class='ocrx_word' id='word_1_578' title='bbox 3560 2781 3648 2819; x_wconf 83' lang='lat' dir='ltr'><strong>ve-</strong></span> 
     </span>
    </p>
   </div>
   <div class='ocr_carea' id='block_1_87' title="bbox 2072 2849 3646 2930">
    <p class='ocr_par' dir='ltr' id='par_1_87' title="bbox 2072 2849 3646 2930">
     <span class='ocr_line' id='line_1_87' title="bbox 2072 2849 3646 2930; baseline 0.008 -27"><span class='ocrx_word' id='word_1_579' title='bbox 2072 2849 2187 2904; x_wconf 84' lang='lat' dir='ltr'><strong>nire</strong></span> <span class='ocrx_word' id='word_1_580' title='bbox 2214 2851 2427 2917; x_wconf 88' lang='lat' dir='ltr'><strong>poterit,</strong></span> <span class='ocrx_word' id='word_1_581' title='bbox 2458 2851 2561 2905; x_wconf 85' lang='lat' dir='ltr'><strong>nisi</strong></span> <span class='ocrx_word' id='word_1_582' title='bbox 2587 2866 2719 2920; x_wconf 89' lang='lat' dir='ltr'><strong>quos</strong></span> <span class='ocrx_word' id='word_1_583' title='bbox 2744 2852 2850 2919; x_wconf 89' lang='lat' dir='ltr'><strong>jam</strong></span> <span class='ocrx_word' id='word_1_584' title='bbox 2882 2858 3125 2923; x_wconf 83' lang='lat' dir='ltr'><strong>proprios</strong></span> <span class='ocrx_word' id='word_1_585' title='bbox 3153 2872 3273 2913; x_wconf 73' lang='lat' dir='ltr'><strong>esse</strong></span> <span class='ocrx_word' id='word_1_586' title='bbox 3312 2856 3646 2930; x_wconf 72' lang='lat' dir='ltr'><strong>cognoscet?</strong></span> 
     </span>
    </p>
   </div>
   <div class='ocr_carea' id='block_1_88' title="bbox 2068 2939 3645 3015">
    <p class='ocr_par' dir='ltr' id='par_1_88' title="bbox 2068 2939 3645 3015">
     <span class='ocr_line' id='line_1_88' title="bbox 2068 2939 3645 3015; baseline 0.011 -25"><span class='ocrx_word' id='word_1_587' title='bbox 2068 2939 2217 3006; x_wconf 83' lang='lat' dir='ltr'><strong>Quod</strong></span> <span class='ocrx_word' id='word_1_588' title='bbox 2246 2942 2288 2993; x_wconf 82' lang='lat' dir='ltr'><strong>si</strong></span> <span class='ocrx_word' id='word_1_589' title='bbox 2316 2956 2436 2995; x_wconf 92' lang='lat' dir='ltr'><strong>cum</strong></span> <span class='ocrx_word' id='word_1_590' title='bbox 2466 2942 2659 2994; x_wconf 81' lang='lat' dir='ltr'><strong>invocet</strong></span> <span class='ocrx_word' id='word_1_591' title='bbox 2691 2944 2988 3010; x_wconf 87' lang='lat' dir='ltr'><strong>indevotus,</strong></span> <span class='ocrx_word' id='word_1_592' title='bbox 3017 2947 3273 3015; x_wconf 82' lang='lat' dir='ltr'><strong>judicium</strong></span> <span class='ocrx_word' id='word_1_593' title='bbox 3302 2953 3403 3007; x_wconf 90' lang='lat' dir='ltr'><strong>sibi</strong></span> <span class='ocrx_word' id='word_1_594' title='bbox 3435 2955 3645 3009; x_wconf 86' lang='lat' dir='ltr'><strong>videtur</strong></span> 
     </span>
    </p>
   </div>
   <div class='ocr_carea' id='block_1_89' title="bbox 2068 3030 3648 3116">
    <p class='ocr_par' dir='ltr' id='par_1_89' title="bbox 2068 3030 3648 3116">
     <span class='ocr_line' id='line_1_89' title="bbox 2068 3030 3648 3116; baseline 0.011 -35"><span class='ocrx_word' id='word_1_595' title='bbox 2068 3030 2363 3099; x_wconf 88' lang='lat' dir='ltr'><strong>postulare,</strong></span> <span class='ocrx_word' id='word_1_596' title='bbox 2399 3046 2502 3086; x_wconf 91' lang='lat' dir='ltr'><strong>non</strong></span> <span class='ocrx_word' id='word_1_597' title='bbox 2534 3033 2764 3086; x_wconf 89' lang='lat' dir='ltr'><strong>veniam.</strong></span> <span class='ocrx_word' id='word_1_598' title='bbox 2800 3035 3174 3093; x_wconf 75' lang='lat' dir='ltr'><strong>l’rzemittenda</strong></span> <span class='ocrx_word' id='word_1_599' title='bbox 3199 3053 3321 3096; x_wconf 88' lang='lat' dir='ltr'><strong>sunt</strong></span> <span class='ocrx_word' id='word_1_600' title='bbox 3345 3059 3473 3116; x_wconf 85' lang='lat' dir='ltr'><strong>ergo</strong></span> <span class='ocrx_word' id='word_1_601' title='bbox 3500 3047 3648 3115; x_wconf 86' lang='lat' dir='ltr'><strong>talia,</strong></span> 
     </span>
    </p>
   </div>
   <div class='ocr_carea' id='block_1_90' title="bbox 1990 3116 3644 3194">
    <p class='ocr_par' dir='ltr' id='par_1_90' title="bbox 1990 3116 3644 3194">
     <span class='ocr_line' id='line_1_90' title="bbox 1990 3116 3644 3194; baseline 0.01 -18"><span class='ocrx_word' id='word_1_602' title='bbox 1990 3116 2035 3176; x_wconf 88' lang='lat' dir='ltr'>C</span> <span class='ocrx_word' id='word_1_603' title='bbox 2068 3130 2123 3173; x_wconf 91' lang='lat' dir='ltr'><strong>ut</strong></span> <span class='ocrx_word' id='word_1_604' title='bbox 2144 3119 2475 3176; x_wconf 84' lang='lat' dir='ltr'><strong>conﬁdenter</strong></span> <span class='ocrx_word' id='word_1_605' title='bbox 2490 3122 2720 3177; x_wconf 87' lang='lat' dir='ltr'><strong>divinam</strong></span> <span class='ocrx_word' id='word_1_606' title='bbox 2744 3126 3007 3194; x_wconf 87' lang='lat' dir='ltr'><strong>possimus</strong></span> <span class='ocrx_word' id='word_1_607' title='bbox 3029 3129 3262 3185; x_wconf 86' lang='lat' dir='ltr'><strong>invocare</strong></span> <span class='ocrx_word' id='word_1_608' title='bbox 3282 3133 3644 3193; x_wconf 89' lang='lat' dir='ltr'><strong>clementiam.</strong></span> 
     </span>
    </p>
   </div>
   <div class='ocr_carea' id='block_1_91' title="bbox 2075 3210 3651 3295">
    <p class='ocr_par' dir='ltr' id='par_1_91' title="bbox 2075 3210 3651 3295">
     <span class='ocr_line' id='line_1_91' title="bbox 2075 3210 3651 3295; baseline 0.012 -32"><span class='ocrx_word' id='word_1_609' title='bbox 2075 3210 2301 3278; x_wconf 82' lang='lat' dir='ltr'><strong>Adjecit,</strong></span> <span class='ocrx_word' id='word_1_610' title='bbox 2336 3210 2574 3265; x_wconf 76' lang='lat' dir='ltr'><strong>Narrabo</strong></span> <span class='ocrx_word' id='word_1_611' title='bbox 2605 3219 2775 3267; x_wconf 85' lang='lat' dir='ltr'><strong>omnia</strong></span> <span class='ocrx_word' id='word_1_612' title='bbox 2812 3217 3069 3273; x_wconf 85' lang='lat' dir='ltr'><strong>mirabilia</strong></span> <span class='ocrx_word' id='word_1_613' title='bbox 3107 3231 3214 3277; x_wconf 88' lang='lat' dir='ltr'><strong>tua.</strong></span> <span class='ocrx_word' id='word_1_614' title='bbox 3248 3224 3376 3278; x_wconf 89' lang='lat' dir='ltr'><strong>Cum</strong></span> <span class='ocrx_word' id='word_1_615' title='bbox 3404 3228 3651 3295; x_wconf 85' lang='lat' dir='ltr'><strong>superius</strong></span> 
     </span>
    </p>
   </div>
   <div class='ocr_carea' id='block_1_92' title="bbox 2073 3299 3650 3385">
    <p class='ocr_par' dir='ltr' id='par_1_92' title="bbox 2073 3299 3650 3385">
     <span class='ocr_line' id='line_1_92' title="bbox 2073 3299 3650 3385; baseline 0.013 -33"><span class='ocrx_word' id='word_1_616' title='bbox 2073 3299 2259 3367; x_wconf 90' lang='lat' dir='ltr'><strong>plurali</strong></span> <span class='ocrx_word' id='word_1_617' title='bbox 2289 3316 2507 3355; x_wconf 90' lang='lat' dir='ltr'><strong>numero</strong></span> <span class='ocrx_word' id='word_1_618' title='bbox 2532 3302 2744 3370; x_wconf 84' lang='lat' dir='ltr'><strong>dixerit,</strong></span> <span class='ocrx_word' id='word_1_619' title='bbox 2766 3304 3146 3377; x_wconf 81' lang='lat' dir='ltr'><strong>Conﬁtebimur,</strong></span> <span class='ocrx_word' id='word_1_620' title='bbox 3178 3312 3262 3366; x_wconf 88' lang='lat' dir='ltr'><strong>hic</strong></span> <span class='ocrx_word' id='word_1_621' title='bbox 3284 3315 3539 3385; x_wconf 81' lang='lat' dir='ltr'><strong>singulari</strong></span> <span class='ocrx_word' id='word_1_622' title='bbox 3566 3318 3650 3373; x_wconf 88' lang='lat' dir='ltr'><strong>di-</strong></span> 
     </span>
    </p>
   </div>
   <div class='ocr_carea' id='block_1_93' title="bbox 2069 3392 3649 3473">
    <p class='ocr_par' dir='ltr' id='par_1_93' title="bbox 2069 3392 3649 3473">
     <span class='ocr_line' id='line_1_93' title="bbox 2069 3392 3649 3473; baseline 0.012 -28"><span class='ocrx_word' id='word_1_623' title='bbox 2069 3392 2161 3454; x_wconf 88' lang='lat' dir='ltr'><strong>cit,</strong></span> <span class='ocrx_word' id='word_1_624' title='bbox 2190 3393 2439 3446; x_wconf 88' lang='lat' dir='ltr'><strong>narrabo:</strong></span> <span class='ocrx_word' id='word_1_625' title='bbox 2474 3394 2595 3461; x_wconf 79' lang='lat' dir='ltr'><strong>quia</strong></span> <span class='ocrx_word' id='word_1_626' title='bbox 2637 3396 2835 3464; x_wconf 82' lang='lat' dir='ltr'><strong>populo</strong></span> <span class='ocrx_word' id='word_1_627' title='bbox 2862 3398 2950 3452; x_wconf 91' lang='lat' dir='ltr'><strong>Dei</strong></span> <span class='ocrx_word' id='word_1_628' title='bbox 2980 3412 3261 3471; x_wconf 88' lang='lat' dir='ltr'><strong>utrumque</strong></span> <span class='ocrx_word' id='word_1_629' title='bbox 3290 3410 3558 3473; x_wconf 79' lang='lat' dir='ltr'><strong>convenit,</strong></span> <span class='ocrx_word' id='word_1_630' title='bbox 3593 3421 3649 3465; x_wconf 84' lang='lat' dir='ltr'><strong>et</strong></span> 
     </span>
    </p>
   </div>
   <div class='ocr_carea' id='block_1_94' title="bbox 2068 3482 3645 3555">
    <p class='ocr_par' dir='ltr' id='par_1_94' title="bbox 2068 3482 3645 3555">
     <span class='ocr_line' id='line_1_94' title="bbox 2068 3482 3645 3555; baseline 0.011 -18"><span class='ocrx_word' id='word_1_631' title='bbox 2068 3482 2404 3552; x_wconf 86' lang='lat' dir='ltr'><strong>singulariter</strong></span> <span class='ocrx_word' id='word_1_632' title='bbox 2432 3483 2633 3549; x_wconf 88' lang='lat' dir='ltr'><strong>dicere,</strong></span> <span class='ocrx_word' id='word_1_633' title='bbox 2659 3496 2712 3538; x_wconf 92' lang='lat' dir='ltr'><strong>et</strong></span> <span class='ocrx_word' id='word_1_634' title='bbox 2733 3486 2800 3540; x_wconf 92' lang='lat' dir='ltr'><strong>de</strong></span> <span class='ocrx_word' id='word_1_635' title='bbox 2831 3488 3131 3555; x_wconf 86' lang='lat' dir='ltr'><strong>pluralitate</strong></span> <span class='ocrx_word' id='word_1_636' title='bbox 3157 3496 3380 3550; x_wconf 77' lang='lat' dir='ltr'><strong>sentire.</strong></span> <span class='ocrx_word' id='word_1_637' title='bbox 3411 3497 3514 3552; x_wconf 90' lang='lat' dir='ltr'><strong>Sed</strong></span> <span class='ocrx_word' id='word_1_638' title='bbox 3545 3499 3645 3554; x_wconf 90' lang='lat' dir='ltr'><strong>ista</strong></span> 
     </span>
    </p>
   </div>
   <div class='ocr_carea' id='block_1_95' title="bbox 2068 3574 3645 3653">
    <p class='ocr_par' dir='ltr' id='par_1_95' title="bbox 2068 3574 3645 3653">
     <span class='ocr_line' id='line_1_95' title="bbox 2068 3574 3645 3653; baseline 0.011 -25"><span class='ocrx_word' id='word_1_639' title='bbox 2068 3574 2302 3628; x_wconf 76' lang='lat' dir='ltr'><strong>uenatio</strong></span> <span class='ocrx_word' id='word_1_640' title='bbox 2340 3588 2443 3628; x_wconf 89' lang='lat' dir='ltr'><strong>vox</strong></span> <span class='ocrx_word' id='word_1_641' title='bbox 2484 3576 2778 3631; x_wconf 88' lang='lat' dir='ltr'><strong>introducta</strong></span> <span class='ocrx_word' id='word_1_642' title='bbox 2807 3587 2887 3632; x_wconf 91' lang='lat' dir='ltr'><strong>est</strong></span> <span class='ocrx_word' id='word_1_643' title='bbox 2920 3580 3149 3637; x_wconf 89' lang='lat' dir='ltr'><strong>ﬁdelium</strong></span> <span class='ocrx_word' id='word_1_644' title='bbox 3171 3625 3185 3649; x_wconf 88' lang='lat'><strong>,</strong></span> <span class='ocrx_word' id='word_1_645' title='bbox 3237 3588 3358 3653; x_wconf 85' lang='lat' dir='ltr'><strong>quia</strong></span> <span class='ocrx_word' id='word_1_646' title='bbox 3388 3604 3492 3642; x_wconf 89' lang='lat' dir='ltr'><strong>non</strong></span> <span class='ocrx_word' id='word_1_647' title='bbox 3526 3605 3645 3645; x_wconf 86' lang='lat' dir='ltr'><strong>me-</strong></span> 
     </span>
    </p>
   </div>
   <div class='ocr_carea' id='block_1_96' title="bbox 2070 3673 3647 3751">
    <p class='ocr_par' dir='ltr' id='par_1_96' title="bbox 2070 3673 3647 3751">
     <span class='ocr_line' id='line_1_96' title="bbox 2070 3673 3647 3751; baseline 0.009 -27"><span class='ocrx_word' id='word_1_648' title='bbox 2070 3680 2251 3725; x_wconf 86' lang='lat' dir='ltr'><strong>rentur</strong></span> <span class='ocrx_word' id='word_1_649' title='bbox 2281 3673 2543 3743; x_wconf 82' lang='lat' dir='ltr'><strong>tnagnalia</strong></span> <span class='ocrx_word' id='word_1_650' title='bbox 2572 3673 2748 3727; x_wconf 84' lang='lat' dir='ltr'><strong>divina</strong></span> <span class='ocrx_word' id='word_1_651' title='bbox 2787 3675 3083 3745; x_wconf 80' lang='lat' dir='ltr'><strong>reVoIvere,</strong></span> <span class='ocrx_word' id='word_1_652' title='bbox 3114 3680 3214 3733; x_wconf 73' lang='lat' dir='ltr'><strong>nisi</strong></span> <span class='ocrx_word' id='word_1_653' title='bbox 3246 3682 3333 3750; x_wconf 89' lang='lat' dir='ltr'><strong>qui</strong></span> <span class='ocrx_word' id='word_1_654' title='bbox 3364 3699 3424 3738; x_wconf 84' lang='lat' dir='ltr'><strong>se</strong></span> <span class='ocrx_word' id='word_1_655' title='bbox 3449 3675 3647 3751; x_wconf 73' lang='lat' dir='ltr'><strong>Cogno—</strong></span> 
     </span>
    </p>
   </div>
   <div class='ocr_carea' id='block_1_97' title="bbox 2069 3766 3646 3833">
    <p class='ocr_par' dir='ltr' id='par_1_97' title="bbox 2069 3766 3646 3833">
     <span class='ocr_line' id='line_1_97' title="bbox 2069 3766 3646 3833; baseline 0.009 -16"><span class='ocrx_word' id='word_1_656' title='bbox 2069 3774 2223 3818; x_wconf 88' lang='lat' dir='ltr'><strong>scunt</strong></span> <span class='ocrx_word' id='word_1_657' title='bbox 2251 3780 2379 3833; x_wconf 89' lang='lat' dir='ltr'><strong>pura</strong></span> <span class='ocrx_word' id='word_1_658' title='bbox 2421 3766 2704 3821; x_wconf 88' lang='lat' dir='ltr'><strong>devotione</strong></span> <span class='ocrx_word' id='word_1_659' title='bbox 2734 3766 2843 3822; x_wconf 85' lang='lat' dir='ltr'><strong>Deo</strong></span> <span class='ocrx_word' id='word_1_660' title='bbox 2886 3771 3109 3824; x_wconf 83' lang='lat' dir='ltr'><strong>servire.</strong></span> <span class='ocrx_word' id='word_1_661' title='bbox 3141 3771 3229 3826; x_wconf 91' lang='lat' dir='ltr'><strong>Sic</strong></span> <span class='ocrx_word' id='word_1_662' title='bbox 3261 3774 3401 3826; x_wconf 88' lang='lat' dir='ltr'><strong>enim</strong></span> <span class='ocrx_word' id='word_1_663' title='bbox 3447 3775 3497 3828; x_wconf 90' lang='lat' dir='ltr'><strong>in</strong></span> <span class='ocrx_word' id='word_1_664' title='bbox 3537 3777 3646 3831; x_wconf 81' lang='lat' dir='ltr'><strong>alio</strong></span> 
     </span>
    </p>
   </div>
   <div class='ocr_carea' id='block_1_98' title="bbox 2070 3855 3646 3929">
    <p class='ocr_par' dir='ltr' id='par_1_98' title="bbox 2070 3855 3646 3929">
     <span class='ocr_line' id='line_1_98' title="bbox 2070 3855 3646 3929; baseline 0.007 -20"><span class='ocrx_word' id='word_1_665' title='bbox 2070 3857 2277 3924; x_wconf 85' lang='lat' dir='ltr'><strong>psalmo</strong></span> <span class='ocrx_word' id='word_1_666' title='bbox 2305 3858 2532 3924; x_wconf 78' lang='lat' dir='ltr'><strong>legitur:</strong></span> <span class='ocrx_word' id='word_1_667' title='bbox 2578 3855 2846 3912; x_wconf 85' lang='lat' dir='ltr'><strong>Peccatori</strong></span> <span class='ocrx_word' id='word_1_668' title='bbox 2886 3871 3053 3912; x_wconf 86' lang='lat' dir='ltr'><strong>autem</strong></span> <span class='ocrx_word' id='word_1_669' title='bbox 3094 3861 3225 3913; x_wconf 65' lang='lat' dir='ltr'><strong>dixit</strong></span> <span class='ocrx_word' id='word_1_670' title='bbox 3266 3862 3443 3916; x_wconf 84' lang='lat' dir='ltr'><strong>Deus:</strong></span> <span class='ocrx_word' id='word_1_671' title='bbox 3477 3865 3646 3929; x_wconf 77' lang='lat' dir='ltr'><strong>Quare</strong></span> 
     </span>
    </p>
   </div>
   <div class='ocr_carea' id='block_1_99' title="bbox 2069 3939 3645 4024">
    <p class='ocr_par' dir='ltr' id='par_1_99' title="bbox 2069 3939 3645 4024">
     <span class='ocr_line' id='line_1_99' title="bbox 2069 3939 3645 4024; baseline 0.008 -26"><span class='ocrx_word' id='word_1_672' title='bbox 2069 3955 2122 3998; x_wconf 89' lang='lat' dir='ltr'><strong>tu</strong></span> <span class='ocrx_word' id='word_1_673' title='bbox 2139 3963 2346 4001; x_wconf 67' lang='lat' dir='ltr'><strong>enarra:</strong></span> <span class='ocrx_word' id='word_1_674' title='bbox 2360 3939 2592 4017; x_wconf 78' lang='lat' dir='ltr'><strong>justitias</strong></span> <span class='ocrx_word' id='word_1_675' title='bbox 2614 3965 2747 4002; x_wconf 86' lang='lat' dir='ltr'><strong>meas</strong></span> <span class='ocrx_word' id='word_1_676' title='bbox 2764 3948 2933 4019; x_wconf 62' lang='lat' dir='ltr'><strong>(Psal.</strong></span> <span class='ocrx_word' id='word_1_677' title='bbox 2950 3964 3099 4020; x_wconf 74' lang='lat' dir='ltr'><strong>XLIX,</strong></span> <span class='ocrx_word' id='word_1_678' title='bbox 3123 3954 3211 4022; x_wconf 72' lang='grc'><strong>16)</strong></span> <span class='ocrx_word' id='word_1_679' title='bbox 3228 3954 3370 4007; x_wconf 85' lang='lat' dir='ltr'><strong>?etc.</strong></span> <span class='ocrx_word' id='word_1_680' title='bbox 3398 3954 3501 4010; x_wconf 91' lang='lat' dir='ltr'><strong>Sed</strong></span> <span class='ocrx_word' id='word_1_681' title='bbox 3525 3959 3645 4024; x_wconf 89' lang='lat' dir='ltr'><strong>quis</strong></span> 
     </span>
    </p>
   </div>
   <div class='ocr_carea' id='block_1_100' title="bbox 2071 4039 3642 4115">
    <p class='ocr_par' dir='ltr' id='par_1_100' title="bbox 2071 4039 3642 4115">
     <span class='ocr_line' id='line_1_100' title="bbox 2071 4039 3642 4115; baseline 0.007 -25"><span class='ocrx_word' id='word_1_682' title='bbox 2071 4039 2236 4106; x_wconf 86' lang='lat' dir='ltr'><strong>possit</strong></span> <span class='ocrx_word' id='word_1_683' title='bbox 2264 4040 2434 4092; x_wconf 91' lang='lat' dir='ltr'><strong>omnia</strong></span> <span class='ocrx_word' id='word_1_684' title='bbox 2462 4039 2716 4093; x_wconf 87' lang='lat' dir='ltr'><strong>mirabilia</strong></span> <span class='ocrx_word' id='word_1_685' title='bbox 2758 4050 2983 4109; x_wconf 83' lang='lat' dir='ltr'><strong>superna</strong></span> <span class='ocrx_word' id='word_1_686' title='bbox 3006 4059 3251 4105; x_wconf 80' lang='lat' dir='ltr'><strong>narrare,</strong></span> <span class='ocrx_word' id='word_1_687' title='bbox 3297 4045 3397 4098; x_wconf 86' lang='lat' dir='ltr'><strong>nisi</strong></span> <span class='ocrx_word' id='word_1_688' title='bbox 3438 4045 3525 4099; x_wconf 89' lang='lat' dir='ltr'><strong>ille</strong></span> <span class='ocrx_word' id='word_1_689' title='bbox 3552 4048 3642 4115; x_wconf 90' lang='lat' dir='ltr'><strong>qui</strong></span> 
     </span>
    </p>
   </div>
   <div class='ocr_carea' id='block_1_101' title="bbox 2069 4120 3642 4204">
    <p class='ocr_par' dir='ltr' id='par_1_101' title="bbox 2069 4120 3642 4204">
     <span class='ocr_line' id='line_1_101' title="bbox 2069 4120 3642 4204; baseline 0.007 -25"><span class='ocrx_word' id='word_1_690' title='bbox 2069 4136 2305 4181; x_wconf 88' lang='lat' dir='ltr'><strong>sanctam</strong></span> <span class='ocrx_word' id='word_1_691' title='bbox 2337 4127 2649 4183; x_wconf 83' lang='lat' dir='ltr'><strong>Trinitatem</strong></span> <span class='ocrx_word' id='word_1_692' title='bbox 2686 4128 2922 4184; x_wconf 81' lang='lat' dir='ltr'><strong>breviter</strong></span> <span class='ocrx_word' id='word_1_693' title='bbox 2970 4146 3144 4185; x_wconf 83' lang='lat' dir='ltr'><strong>rerum</strong></span> <span class='ocrx_word' id='word_1_694' title='bbox 3193 4120 3430 4188; x_wconf 76' lang='lat' dir='ltr'><strong>omnium</strong></span> <span class='ocrx_word' id='word_1_695' title='bbox 3483 4136 3642 4204; x_wconf 87' lang='lat' dir='ltr'><strong>proﬁ-</strong></span> 
     </span>
    </p>
   </div>
   <div class='ocr_carea' id='block_1_102' title="bbox 2069 4220 3642 4294">
    <p class='ocr_par' dir='ltr' id='par_1_102' title="bbox 2069 4220 3642 4294">
     <span class='ocr_line' id='line_1_102' title="bbox 2069 4220 3642 4294; baseline 0.006 -24"><span class='ocrx_word' id='word_1_696' title='bbox 2069 4227 2206 4271; x_wconf 91' lang='lat' dir='ltr'><strong>tetur</strong></span> <span class='ocrx_word' id='word_1_697' title='bbox 2233 4228 2527 4282; x_wconf 89' lang='lat' dir='ltr'><strong>auctorem,</strong></span> <span class='ocrx_word' id='word_1_698' title='bbox 2570 4227 2624 4274; x_wconf 86' lang='lat' dir='ltr'><strong>et</strong></span> <span class='ocrx_word' id='word_1_699' title='bbox 2665 4220 2950 4274; x_wconf 75' lang='lat' dir='ltr'><strong>individua:</strong></span> <span class='ocrx_word' id='word_1_700' title='bbox 2989 4222 3247 4277; x_wconf 85' lang='lat' dir='ltr'><strong>voluntati</strong></span> <span class='ocrx_word' id='word_1_701' title='bbox 3270 4223 3385 4292; x_wconf 91' lang='lat' dir='ltr'><strong>ejus</strong></span> <span class='ocrx_word' id='word_1_702' title='bbox 3414 4227 3642 4294; x_wconf 57' lang='lat' dir='ltr'><strong>appliiat</strong></span> 
     </span>
    </p>
   </div>
   <div class='ocr_carea' id='block_1_103' title="bbox 2071 4311 3641 4381">
    <p class='ocr_par' dir='ltr' id='par_1_103' title="bbox 2071 4311 3641 4381">
     <span class='ocr_line' id='line_1_103' title="bbox 2071 4311 3641 4381; baseline 0.01 -19"><span class='ocrx_word' id='word_1_703' title='bbox 2071 4311 2324 4381; x_wconf 85' lang='lat' dir='ltr'><strong>quidquid</strong></span> <span class='ocrx_word' id='word_1_704' title='bbox 2356 4314 2406 4366; x_wconf 88' lang='lat' dir='ltr'><strong>in</strong></span> <span class='ocrx_word' id='word_1_705' title='bbox 2434 4314 2573 4368; x_wconf 70' lang='lat' dir='ltr'><strong>cmlo</strong></span> <span class='ocrx_word' id='word_1_706' title='bbox 2595 4313 2719 4369; x_wconf 88' lang='lat' dir='ltr'><strong>etin</strong></span> <span class='ocrx_word' id='word_1_707' title='bbox 2746 4326 2887 4370; x_wconf 88' lang='lat' dir='ltr'><strong>terra</strong></span> <span class='ocrx_word' id='word_1_708' title='bbox 2910 4316 3158 4372; x_wconf 72' lang='lat' dir='ltr'><strong>ineffabili</strong></span> <span class='ocrx_word' id='word_1_709' title='bbox 3182 4319 3641 4377; x_wconf 88' lang='lat' dir='ltr'><strong>administratione</strong></span> 
     </span>
    </p>
   </div>
   <div class='ocr_carea' id='block_1_104' title="bbox 2075 4404 2375 4470">
    <p class='ocr_par' dir='ltr' id='par_1_104' title="bbox 2075 4404 2375 4470">
     <span class='ocr_line' id='line_1_104' title="bbox 2075 4404 2375 4470; baseline 0.003 -15"><span class='ocrx_word' id='word_1_710' title='bbox 2075 4404 2375 4470; x_wconf 74' lang='lat' dir='ltr'><strong>peragitur?</strong></span> 
     </span>
    </p>
   </div>
   <div class='ocr_carea' id='block_1_105' title="bbox 1986 4481 3636 4573">
    <p class='ocr_par' dir='ltr' id='par_1_105' title="bbox 1986 4481 3636 4573">
     <span class='ocr_line' id='line_1_105' title="bbox 1986 4481 3636 4573; baseline 0.01 -32"><span class='ocrx_word' id='word_1_711' title='bbox 1986 4481 2036 4541; x_wconf 86' lang='lat' dir='ltr'><strong>D</strong></span> <span class='ocrx_word' id='word_1_712' title='bbox 2134 4493 2284 4548; x_wconf 84' lang='lat' dir='ltr'><strong>Vers.</strong></span> <span class='ocrx_word' id='word_1_713' title='bbox 2314 4496 2366 4549; x_wconf 72' lang='lat'><strong>2.</strong></span> <span class='ocrx_word' id='word_1_714' title='bbox 2397 4494 2522 4550; x_wconf 87' lang='lat' dir='ltr'><strong>Cum</strong></span> <span class='ocrx_word' id='word_1_715' title='bbox 2551 4512 2791 4567; x_wconf 83' lang='lat' dir='ltr'><strong>accepero</strong></span> <span class='ocrx_word' id='word_1_716' title='bbox 2821 4506 3037 4566; x_wconf 74' lang='lat' dir='ltr'><strong>tmpus,</strong></span> <span class='ocrx_word' id='word_1_717' title='bbox 3070 4517 3162 4571; x_wconf 86' lang='lat' dir='ltr'><strong>ego</strong></span> <span class='ocrx_word' id='word_1_718' title='bbox 3180 4505 3413 4573; x_wconf 85' lang='lat' dir='ltr'><strong>justitias</strong></span> <span class='ocrx_word' id='word_1_719' title='bbox 3432 4503 3636 4573; x_wconf 66' lang='lat' dir='ltr'><strong>judicav</strong></span> 
     </span>
    </p>
   </div>
   <div class='ocr_carea' id='block_1_106' title="bbox 2064 4586 3638 4664">
    <p class='ocr_par' dir='ltr' id='par_1_106' title="bbox 2064 4586 3638 4664">
     <span class='ocr_line' id='line_1_106' title="bbox 2064 4586 3638 4664; baseline 0.008 -26"><span class='ocrx_word' id='word_1_720' title='bbox 2064 4586 2143 4638; x_wconf 91' lang='lat' dir='ltr'><strong>bo.</strong></span> <span class='ocrx_word' id='word_1_721' title='bbox 2182 4586 2397 4641; x_wconf 79' lang='lat' dir='ltr'><strong>Mutatio</strong></span> <span class='ocrx_word' id='word_1_722' title='bbox 2427 4603 2669 4656; x_wconf 73' lang='lat' dir='ltr'><strong>personae</strong></span> <span class='ocrx_word' id='word_1_723' title='bbox 2698 4589 2820 4644; x_wconf 80' lang='lat' dir='ltr'><strong>fecit</strong></span> <span class='ocrx_word' id='word_1_724' title='bbox 2846 4591 2997 4645; x_wconf 90' lang='lat' dir='ltr'><strong>nobis</strong></span> <span class='ocrx_word' id='word_1_725' title='bbox 3030 4593 3251 4647; x_wconf 87' lang='lat' dir='ltr'><strong>alteram</strong></span> <span class='ocrx_word' id='word_1_726' title='bbox 3283 4607 3506 4664; x_wconf 89' lang='lat' dir='ltr'><strong>partem.</strong></span> <span class='ocrx_word' id='word_1_727' title='bbox 3532 4598 3638 4650; x_wconf 83' lang='lat' dir='ltr'><strong>Sed</strong></span> 
     </span>
    </p>
   </div>
   <div class='ocr_carea' id='block_1_107' title="bbox 2064 4678 3639 4757">
    <p class='ocr_par' dir='ltr' id='par_1_107' title="bbox 2064 4678 3639 4757">
     <span class='ocr_line' id='line_1_107' title="bbox 2064 4678 3639 4757; baseline 0.008 -27"><span class='ocrx_word' id='word_1_728' title='bbox 2064 4678 2185 4732; x_wconf 86' lang='lat' dir='ltr'><strong>hinc</strong></span> <span class='ocrx_word' id='word_1_729' title='bbox 2205 4680 2359 4733; x_wconf 89' lang='lat' dir='ltr'><strong>datur</strong></span> <span class='ocrx_word' id='word_1_730' title='bbox 2382 4682 2605 4753; x_wconf 86' lang='lat' dir='ltr'><strong>intelligi</strong></span> <span class='ocrx_word' id='word_1_731' title='bbox 2625 4683 3073 4751; x_wconf 87' lang='lat' dir='ltr'><strong>quemadmodum</strong></span> <span class='ocrx_word' id='word_1_732' title='bbox 3095 4686 3268 4757; x_wconf 81' lang='lat' dir='ltr'><strong>Asaph</strong></span> <span class='ocrx_word' id='word_1_733' title='bbox 3295 4689 3465 4756; x_wconf 88' lang='lat' dir='ltr'><strong>primo</strong></span> <span class='ocrx_word' id='word_1_734' title='bbox 3481 4703 3639 4743; x_wconf 86' lang='lat' dir='ltr'><strong>versu</strong></span> 
     </span>
    </p>
   </div>
   <div class='ocr_carea' id='block_1_108' title="bbox 2059 4774 3635 4846">
    <p class='ocr_par' dir='ltr' id='par_1_108' title="bbox 2059 4774 3635 4846">
     <span class='ocr_line' id='line_1_108' title="bbox 2059 4774 3635 4846; baseline 0.005 -20"><span class='ocrx_word' id='word_1_735' title='bbox 2059 4775 2313 4842; x_wconf 75' lang='lat' dir='ltr'><strong>perfecta:</strong></span> <span class='ocrx_word' id='word_1_736' title='bbox 2360 4774 2629 4844; x_wconf 63' lang='lat' dir='ltr'><strong>religi&#39;inis</strong></span> <span class='ocrx_word' id='word_1_737' title='bbox 2679 4776 2914 4844; x_wconf 85' lang='lat' dir='ltr'><strong>regulam</strong></span> <span class='ocrx_word' id='word_1_738' title='bbox 2964 4779 3401 4846; x_wconf 89' lang='lat' dir='ltr'><strong>comprehendit,</strong></span> <span class='ocrx_word' id='word_1_739' title='bbox 3444 4789 3494 4831; x_wconf 91' lang='lat' dir='ltr'><strong>ut</strong></span> <span class='ocrx_word' id='word_1_740' title='bbox 3530 4790 3635 4834; x_wconf 88' lang='lat' dir='ltr'><strong>tam</strong></span> 
     </span>
    </p>
   </div>
   <div class='ocr_carea' id='block_1_109' title="bbox 2059 4863 3636 4936">
    <p class='ocr_par' dir='ltr' id='par_1_109' title="bbox 2059 4863 3636 4936">
     <span class='ocr_line' id='line_1_109' title="bbox 2059 4863 3636 4936; baseline 0.002 -18"><span class='ocrx_word' id='word_1_741' title='bbox 2059 4863 2166 4918; x_wconf 88' lang='lat' dir='ltr'><strong>cito</strong></span> <span class='ocrx_word' id='word_1_742' title='bbox 2195 4876 2492 4918; x_wconf 86' lang='lat' dir='ltr'><strong>mereretur</strong></span> <span class='ocrx_word' id='word_1_743' title='bbox 2518 4865 2707 4921; x_wconf 88' lang='lat' dir='ltr'><strong>audiri.</strong></span> <span class='ocrx_word' id='word_1_744' title='bbox 2755 4866 3012 4935; x_wconf 89' lang='lat' dir='ltr'><strong>Loquitur</strong></span> <span class='ocrx_word' id='word_1_745' title='bbox 3051 4869 3192 4920; x_wconf 74' lang='lat' dir='ltr'><strong>enim</strong></span> <span class='ocrx_word' id='word_1_746' title='bbox 3229 4868 3338 4936; x_wconf 88' lang='lat' dir='ltr'><strong>jam</strong></span> <span class='ocrx_word' id='word_1_747' title='bbox 3385 4868 3636 4921; x_wconf 87' lang='lat' dir='ltr'><strong>Dominus</strong></span> 
     </span>
    </p>
   </div>
   <div class='ocr_carea' id='block_1_110' title="bbox 2064 4953 3636 5028">
    <p class='ocr_par' dir='ltr' id='par_1_110' title="bbox 2064 4953 3636 5028">
     <span class='ocr_line' id='line_1_110' title="bbox 2064 4953 3636 5028; baseline 0.004 -21"><span class='ocrx_word' id='word_1_748' title='bbox 2064 4954 2339 5009; x_wconf 84' lang='lat' dir='ltr'><strong>Christus:</strong></span> <span class='ocrx_word' id='word_1_749' title='bbox 2372 4953 2497 5008; x_wconf 89' lang='lat' dir='ltr'><strong>Cum</strong></span> <span class='ocrx_word' id='word_1_750' title='bbox 2536 4971 2777 5026; x_wconf 82' lang='lat' dir='ltr'><strong>accepero</strong></span> <span class='ocrx_word' id='word_1_751' title='bbox 2817 4967 3041 5026; x_wconf 81' lang='lat' dir='ltr'><strong>tempus,</strong></span> <span class='ocrx_word' id='word_1_752' title='bbox 3086 4959 3250 5024; x_wconf 90' lang='lat' dir='ltr'><strong>dicit,</strong></span> <span class='ocrx_word' id='word_1_753' title='bbox 3285 4975 3378 5027; x_wconf 88' lang='lat' dir='ltr'><strong>per</strong></span> <span class='ocrx_word' id='word_1_754' title='bbox 3406 4959 3457 5012; x_wconf 90' lang='lat' dir='ltr'><strong>id</strong></span> <span class='ocrx_word' id='word_1_755' title='bbox 3497 4960 3636 5028; x_wconf 85' lang='lat' dir='ltr'><strong>quod</strong></span> 
     </span>
    </p>
   </div>
   <div class='ocr_carea' id='block_1_111' title="bbox 2064 5046 3639 5119">
    <p class='ocr_par' dir='ltr' id='par_1_111' title="bbox 2064 5046 3639 5119">
     <span class='ocr_line' id='line_1_111' title="bbox 2064 5046 3639 5119; baseline 0.005 -21"><span class='ocrx_word' id='word_1_756' title='bbox 2064 5046 2232 5100; x_wconf 89' lang='lat' dir='ltr'><strong>factus</strong></span> <span class='ocrx_word' id='word_1_757' title='bbox 2278 5057 2359 5099; x_wconf 90' lang='lat' dir='ltr'><strong>est</strong></span> <span class='ocrx_word' id='word_1_758' title='bbox 2405 5046 2599 5111; x_wconf 91' lang='lat' dir='ltr'><strong>homo,</strong></span> <span class='ocrx_word' id='word_1_759' title='bbox 2645 5047 2783 5101; x_wconf 90' lang='lat' dir='ltr'><strong>sicut</strong></span> <span class='ocrx_word' id='word_1_760' title='bbox 2826 5049 2901 5101; x_wconf 86' lang='lat' dir='ltr'><strong>ait</strong></span> <span class='ocrx_word' id='word_1_761' title='bbox 2937 5049 2988 5102; x_wconf 92' lang='lat' dir='ltr'><strong>in</strong></span> <span class='ocrx_word' id='word_1_762' title='bbox 3032 5049 3359 5119; x_wconf 83' lang='lat' dir='ltr'><strong>Evangelio:</strong></span> <span class='ocrx_word' id='word_1_763' title='bbox 3401 5050 3553 5103; x_wconf 83' lang='lat' dir='ltr'><strong>Dedit</strong></span> <span class='ocrx_word' id='word_1_764' title='bbox 3587 5058 3639 5106; x_wconf 84' lang='lat' dir='ltr'><strong>ci</strong></span> 
     </span>
    </p>
   </div>
   <div class='ocr_carea' id='block_1_112' title="bbox 2060 5140 3641 5215">
    <p class='ocr_par' dir='ltr' id='par_1_112' title="bbox 2060 5140 3641 5215">
     <span class='ocr_line' id='line_1_112' title="bbox 2060 5140 3641 5215; baseline 0.001 -24"><span class='ocrx_word' id='word_1_765' title='bbox 2060 5148 2354 5215; x_wconf 67' lang='lat' dir='ltr'><strong>potestatein</strong></span> <span class='ocrx_word' id='word_1_766' title='bbox 2372 5140 2629 5207; x_wconf 87' lang='lat' dir='ltr'><strong>judicium</strong></span> <span class='ocrx_word' id='word_1_767' title='bbox 2659 5141 2847 5209; x_wconf 80' lang='lat' dir='ltr'><strong>facere,</strong></span> <span class='ocrx_word' id='word_1_768' title='bbox 2880 5142 3121 5211; x_wconf 86' lang='lat' dir='ltr'><strong>quoniam</strong></span> <span class='ocrx_word' id='word_1_769' title='bbox 3150 5143 3289 5209; x_wconf 78' lang='lat' dir='ltr'><strong>ﬁlius</strong></span> <span class='ocrx_word' id='word_1_770' title='bbox 3316 5144 3533 5195; x_wconf 77' lang='lat' dir='ltr'><strong>hominis</strong></span> <span class='ocrx_word' id='word_1_771' title='bbox 3564 5153 3641 5195; x_wconf 79' lang='lat' dir='ltr'><strong>est</strong></span> 
     </span>
    </p>
   </div>
   <div class='ocr_carea' id='block_1_113' title="bbox 2058 5229 3632 5302">
    <p class='ocr_par' dir='ltr' id='par_1_113' title="bbox 2058 5229 3632 5302">
     <span class='ocr_line' id='line_1_113' title="bbox 2058 5229 3632 5302; baseline 0.002 -21"><span class='ocrx_word' id='word_1_772' title='bbox 2058 5229 2237 5301; x_wconf 83' lang='lat' dir='ltr'><strong>(Joan.</strong></span> <span class='ocrx_word' id='word_1_773' title='bbox 2268 5245 2321 5294; x_wconf 91' lang='lat' dir='ltr'><strong>v,</strong></span> <span class='ocrx_word' id='word_1_774' title='bbox 2365 5231 2479 5298; x_wconf 72' lang='lat'><strong>27).</strong></span> <span class='ocrx_word' id='word_1_775' title='bbox 2527 5233 2567 5284; x_wconf 83' lang='lat' dir='ltr'><strong>A</strong></span> <span class='ocrx_word' id='word_1_776' title='bbox 2601 5239 2787 5284; x_wconf 88' lang='lat' dir='ltr'><strong>natura</strong></span> <span class='ocrx_word' id='word_1_777' title='bbox 2834 5247 2960 5286; x_wconf 87' lang='lat' dir='ltr'><strong>vero</strong></span> <span class='ocrx_word' id='word_1_778' title='bbox 2991 5233 3205 5286; x_wconf 84' lang='lat' dir='ltr'><strong>deitatis</strong></span> <span class='ocrx_word' id='word_1_779' title='bbox 3246 5234 3364 5287; x_wconf 88' lang='lat' dir='ltr'><strong>audi</strong></span> <span class='ocrx_word' id='word_1_780' title='bbox 3400 5234 3520 5302; x_wconf 87' lang='lat' dir='ltr'><strong>quid</strong></span> <span class='ocrx_word' id='word_1_781' title='bbox 3551 5233 3632 5285; x_wconf 74' lang='lat' dir='ltr'><strong>di-</strong></span> 
     </span>
    </p>
   </div>
   <div class='ocr_carea' id='block_1_114' title="bbox 2056 5322 3636 5391">
    <p class='ocr_par' dir='ltr' id='par_1_114' title="bbox 2056 5322 3636 5391">
     <span class='ocr_line' id='line_1_114' title="bbox 2056 5322 3636 5391; baseline 0.001 -15"><span class='ocrx_word' id='word_1_782' title='bbox 2056 5330 2176 5376; x_wconf 87' lang='lat' dir='ltr'><strong>cat:</strong></span> <span class='ocrx_word' id='word_1_783' title='bbox 2214 5322 2398 5375; x_wconf 85' lang='lat' dir='ltr'><strong>Omnia</strong></span> <span class='ocrx_word' id='word_1_784' title='bbox 2428 5339 2539 5391; x_wconf 74' lang='lat' dir='ltr'><strong>qum</strong></span> <span class='ocrx_word' id='word_1_785' title='bbox 2563 5324 2709 5377; x_wconf 84' lang='lat' dir='ltr'><strong>habet</strong></span> <span class='ocrx_word' id='word_1_786' title='bbox 2741 5322 2896 5376; x_wconf 83' lang='lat' dir='ltr'><strong>Pater</strong></span> <span class='ocrx_word' id='word_1_787' title='bbox 2920 5340 3030 5377; x_wconf 85' lang='lat' dir='ltr'><strong>mea</strong></span> <span class='ocrx_word' id='word_1_788' title='bbox 3068 5336 3216 5391; x_wconf 88' lang='lat' dir='ltr'><strong>sunt,</strong></span> <span class='ocrx_word' id='word_1_789' title='bbox 3246 5336 3291 5377; x_wconf 81' lang='lat' dir='ltr'><strong>et</strong></span> <span class='ocrx_word' id='word_1_790' title='bbox 3323 5342 3433 5378; x_wconf 88' lang='lat' dir='ltr'><strong>mea</strong></span> <span class='ocrx_word' id='word_1_791' title='bbox 3464 5324 3636 5377; x_wconf 82' lang='lat' dir='ltr'><strong>Patris</strong></span> 
     </span>
    </p>
   </div>
   <div class='ocr_carea' id='block_1_115' title="bbox 2056 5411 3637 5485">
    <p class='ocr_par' dir='ltr' id='par_1_115' title="bbox 2056 5411 3637 5485">
     <span class='ocr_line' id='line_1_115' title="bbox 2056 5411 3637 5485; baseline 0.001 -20"><span class='ocrx_word' id='word_1_792' title='bbox 2056 5422 2174 5465; x_wconf 85' lang='lat' dir='ltr'><strong>sunt</strong></span> <span class='ocrx_word' id='word_1_793' title='bbox 2201 5411 2377 5484; x_wconf 83' lang='lat' dir='ltr'><strong>(Joan.</strong></span> <span class='ocrx_word' id='word_1_794' title='bbox 2412 5429 2527 5476; x_wconf 84' lang='lat' dir='ltr'><strong>xvi,</strong></span> <span class='ocrx_word' id='word_1_795' title='bbox 2574 5414 2688 5483; x_wconf 85' lang='grc'><strong>15).</strong></span> <span class='ocrx_word' id='word_1_796' title='bbox 2723 5414 2826 5469; x_wconf 87' lang='lat' dir='ltr'><strong>Sed</strong></span> <span class='ocrx_word' id='word_1_797' title='bbox 2861 5424 2910 5467; x_wconf 89' lang='lat' dir='ltr'><strong>et</strong></span> <span class='ocrx_word' id='word_1_798' title='bbox 2945 5414 3029 5467; x_wconf 76' lang='lat' dir='ltr'><strong>illa</strong></span> <span class='ocrx_word' id='word_1_799' title='bbox 3064 5427 3250 5469; x_wconf 89' lang='lat' dir='ltr'><strong>natura</strong></span> <span class='ocrx_word' id='word_1_800' title='bbox 3279 5431 3398 5485; x_wconf 70' lang='lat' dir='ltr'><strong>qua:</strong></span> <span class='ocrx_word' id='word_1_801' title='bbox 3420 5417 3637 5485; x_wconf 79' lang='lat' dir='ltr'><strong>accipit,</strong></span> 
     </span>
    </p>
   </div>
   <div class='ocr_carea' id='block_1_116' title="bbox 2056 5506 3638 5573">
    <p class='ocr_par' dir='ltr' id='par_1_116' title="bbox 2056 5506 3638 5573">
     <span class='ocr_line' id='line_1_116' title="bbox 2056 5506 3638 5573; baseline 0 -15"><span class='ocrx_word' id='word_1_802' title='bbox 2056 5515 2109 5558; x_wconf 91' lang='lat' dir='ltr'><strong>et</strong></span> <span class='ocrx_word' id='word_1_803' title='bbox 2139 5506 2227 5558; x_wconf 91' lang='lat' dir='ltr'><strong>illa</strong></span> <span class='ocrx_word' id='word_1_804' title='bbox 2259 5520 2376 5573; x_wconf 75' lang='lat' dir='ltr'><strong>qum</strong></span> <span class='ocrx_word' id='word_1_805' title='bbox 2408 5506 2534 5571; x_wconf 87' lang='lat' dir='ltr'><strong>dat,</strong></span> <span class='ocrx_word' id='word_1_806' title='bbox 2578 5519 2713 5558; x_wconf 91' lang='lat' dir='ltr'><strong>unus</strong></span> <span class='ocrx_word' id='word_1_807' title='bbox 2764 5515 2844 5559; x_wconf 88' lang='lat' dir='ltr'><strong>est</strong></span> <span class='ocrx_word' id='word_1_808' title='bbox 2876 5507 3132 5561; x_wconf 89' lang='lat' dir='ltr'><strong>Dominus</strong></span> <span class='ocrx_word' id='word_1_809' title='bbox 3178 5506 3462 5571; x_wconf 85' lang='lat' dir='ltr'><strong>Christus;</strong></span> <span class='ocrx_word' id='word_1_810' title='bbox 3504 5509 3638 5559; x_wconf 81' lang='lat' dir='ltr'><strong>sicut</strong></span> 
     </span>
    </p>
   </div>
   <div class='ocr_carea' id='block_1_117' title="bbox 2055 5593 3648 5663">
    <p class='ocr_par' dir='ltr' id='par_1_117' title="bbox 2055 5593 3648 5663">
     <span class='ocr_line' id='line_1_117' title="bbox 2055 5593 3648 5663; baseline 0.001 -16"><span class='ocrx_word' id='word_1_811' title='bbox 2055 5594 2184 5647; x_wconf 90' lang='lat' dir='ltr'><strong>dicit</strong></span> <span class='ocrx_word' id='word_1_812' title='bbox 2212 5596 2531 5663; x_wconf 84' lang='lat' dir='ltr'><strong>Apostolus:</strong></span> <span class='ocrx_word' id='word_1_813' title='bbox 2561 5593 2627 5648; x_wconf 86' lang='lat' dir='ltr'><strong>Et</strong></span> <span class='ocrx_word' id='word_1_814' title='bbox 2658 5611 2786 5648; x_wconf 86' lang='lat' dir='ltr'><strong>unus</strong></span> <span class='ocrx_word' id='word_1_815' title='bbox 2817 5595 3068 5650; x_wconf 86' lang='lat' dir='ltr'><strong>Dominus</strong></span> <span class='ocrx_word' id='word_1_816' title='bbox 3090 5595 3243 5650; x_wconf 73' lang='lat' dir='ltr'><strong>Jcsu‘s</strong></span> <span class='ocrx_word' id='word_1_817' title='bbox 3267 5596 3519 5657; x_wconf 83' lang='lat' dir='ltr'><strong>Christus,</strong></span> <span class='ocrx_word' id='word_1_818' title='bbox 3552 5610 3648 5663; x_wconf 87' lang='lat' dir='ltr'><strong>per</strong></span> 
     </span>
    </p>
   </div>
   <div class='ocr_carea' id='block_1_118' title="bbox 2059 5687 3637 5761">
    <p class='ocr_par' dir='ltr' id='par_1_118' title="bbox 2059 5687 3637 5761">
     <span class='ocr_line' id='line_1_118' title="bbox 2059 5687 3637 5761; baseline 0 -22"><span class='ocrx_word' id='word_1_819' title='bbox 2059 5702 2205 5754; x_wconf 79' lang='lat' dir='ltr'><strong>quem</strong></span> <span class='ocrx_word' id='word_1_820' title='bbox 2239 5689 2426 5755; x_wconf 82' lang='lat' dir='ltr'><strong>omnia,</strong></span> <span class='ocrx_word' id='word_1_821' title='bbox 2455 5698 2502 5742; x_wconf 90' lang='lat' dir='ltr'><strong>et</strong></span> <span class='ocrx_word' id='word_1_822' title='bbox 2531 5704 2623 5742; x_wconf 78' lang='lat' dir='ltr'><strong>nos</strong></span> <span class='ocrx_word' id='word_1_823' title='bbox 2650 5704 2738 5759; x_wconf 86' lang='lat' dir='ltr'><strong>per</strong></span> <span class='ocrx_word' id='word_1_824' title='bbox 2759 5690 2925 5758; x_wconf 84' lang='lat' dir='ltr'><strong>ipsum</strong></span> <span class='ocrx_word' id='word_1_825' title='bbox 2965 5687 3017 5761; x_wconf 92' lang='grc'><strong>(1</strong></span> <span class='ocrx_word' id='word_1_826' title='bbox 3048 5688 3167 5745; x_wconf 84' lang='lat' dir='ltr'><strong>Cor.</strong></span> <span class='ocrx_word' id='word_1_827' title='bbox 3198 5704 3308 5754; x_wconf 86' lang='lat' dir='ltr'><strong>vtu,</strong></span> <span class='ocrx_word' id='word_1_828' title='bbox 3333 5688 3408 5761; x_wconf 87' lang='lat'><strong>6).</strong></span> <span class='ocrx_word' id='word_1_829' title='bbox 3452 5688 3637 5757; x_wconf 79' lang='lat' dir='ltr'><strong>Sequi—</strong></span> 
     </span>
    </p>
   </div>
  </div>
