3952 6162
251 362 338 418 557
1147 353 1510 412 EXPOSITIO
1548 353 1613 410 IN
1654 354 2110 413 PSALTERIUM.
2157 357 2344 415 l’SAL.
2387 361 2620 419 LXXIV.

249 492 345 540 tur,
375 491 472 550 ego
493 474 730 547 justitias
750 471 1029 548 judicabo;
1060 480 1120 528 ut
1147 480 1462 543 compuncta
1491 471 1652 528 corda
1681 485 1824 527 mor-
1851 473 1903 534 A
1929 474 2205 530 stellarum
2233 477 2298 531 ad
2331 477 2544 547 aliquod
2572 479 2827 550 ﬂagitium
2854 495 2914 538 se
2941 484 3250 553 pervenisse
3269 525 3283 548 ,
3319 491 3380 538 ut
3409 484 3512 540 hoc

248 571 426 626 talium
457 576 582 622 ante
618 575 830 636 tempus
861 565 1046 636 iudicii
1081 566 1136 621 in
1167 567 1269 622 hoc
1298 579 1356 621 se
1389 565 1592 620 mundo
1623 565 1830 620 studio-

246 663 352 719 sius
378 669 730 728 precaremur
755 657 994 722 absolvi,
1028 671 1097 712 ne
1125 655 1400 712 venientes
1441 657 1494 711 in
1528 655 1704 710 futura
1738 655 1830 710 illa

248 753 628 822 disceptatione
674 750 1003 820 inopinatam
1055 750 1261 805 iudicis
1303 752 1621 807 sententiam
1667 750 1830 806 susti-

250 859 458 907 nerant.

317 943 474 996 Vers.
504 944 558 997 ’5.
591 940 886 1012 Liquefactu
916 951 988 995 est
1015 949 1169 1008 terra,
1197 951 1244 996 et
1273 959 1444 998 omnes
1465 944 1750 997 habitantes
1778 945 1832 998 in

247 1052 337 1098 ea;
368 1051 463 1106 ego
489 1035 783 1106 conﬁrmavi
814 1035 1077 1088 columnas
1106 1038 1239 1107 ejus.
1265 1036 1401 1090 Dicit
1425 1035 1682 1092 Dominus
1710 1045 1834 1092 ante

237 1127 539 1181 adventum
571 1142 724 1181 suum
757 1136 943 1180 terram
973 1142 1093 1182 esse
1119 1144 1284 1198 genus
1329 1128 1619 1184 humanum
1645 1172 1660 1196 ,
1693 1131 1833 1200 quod

247 1220 311 1274 ab
338 1219 430 1273 illa
464 1219 734 1274 soliditate
781 1220 1020 1274 veritatis
1057 1219 1108 1273 in
1147 1229 1489 1289 peccatorum
1538 1223 1656 1277 labe
1689 1237 1835 1277 resn-

244 1313 413 1365 lutum
456 1322 577 1374 est;
628 1312 825 1380 quippe
855 1311 994 1380 quod
1031 1312 1291 1367 derelicto
1336 1323 1553 1367 auctore
1592 1313 1834 1369 nefandis

243 1401 403 1457 idolis
433 1402 722 1456 serviebat.
763 1403 866 1457 Sed
910 1403 1356 1472 quemadmodum
1393 1403 1612 1457 salutari
1656 1405 1832 1458 incar-

247 1494 464 1547 natione
494 1493 804 1548 subvenerit
833 1503 980 1545 teme
1012 1483 1320 1562 liquefaette,
1352 1495 1718 1563 subsequitur,
1743 1511 1834 1565 ego

247 1583 548 1652 conﬁrmavi
580 1583 844 1636 columnas
873 1586 1008 1654 ejus.
1039 1582 1315 1638 Columnas
1357 1583 1626 1652 apostolos
1671 1584 1834 1640 debe-

247 1689 370 1728 mus
430 1673 708 1744 accipere,
759 1673 848 1744 qui
893 1675 1183 1742 conﬁrmati
1227 1685 1349 1729 sunt
1396 1667 1870 1743 resurrectione,‘

243 1778 366 1818 cum
412 1764 466 1818 in
515 1755 721 1818 Domini
760 1765 1010 1834 passione
1061 1763 1408 1822 nutaverant.
1449 1767 1580 1821 Nam
1620 1778 1675 1823 et
1720 1770 1833 1837 ipse

1936 566 2103 634 magis
2152 566 2376 635 imputet
2419 570 2740 638 Condituri,
2789 575 2930 643 quod
2982 576 3194 645 propria
3238 577 3514 631 voluntate
3556 593 3560 596 ’

1935 657 2196 721 peccavit.
2229 656 2335 713 Sed
2363 669 2562 728 quanto
2601 664 2847 720 veracius
2879 673 3187 736 quantoque
3215 667 3422 730 utilius,
3454 675 3513 721 ut

1937 763 2090 804 suum
2127 750 2448 805 confiteatur
2493 753 2698 818 scelus,
2737 755 2828 824 qui
2867 756 2986 809 cum
3029 757 3290 812 nefarium
3324 770 3515 824 perpe-

1935 853 2098 901 traret
2119 848 2338 908 facinus,
2371 856 2427 901 ut
2453 849 2768 904 liberaretur
2791 866 2822 904 a
2851 853 3090 920 crimine,
3122 853 3375 909 invocare
3404 869 3500 908 ne-

1934 936 2104 1006 glexit
2127 938 2362 991 omnium
2398 938 2830 1010 Redemptorem.

2009 1029 2157 1084 Vers.
2185 1031 2235 1086 6.
2270 1031 2402 1095 Quia
2423 1050 2582 1101 neque
2606 1034 2665 1086 ab
2690 1033 2916 1102 Oriente,
2942 1052 3100 1103 neque
3127 1037 3190 1090 ab
3217 1038 3512 1103 Occidente,

1939 1137 2098 1192 neque
2123 1139 2154 1175 a
2184 1123 2396 1178 desertis
2423 1126 2696 1193 montibus.
2731 1125 2929 1182 Versus
2955 1128 3056 1182 iste
3084 1128 3282 1198 aliquid
3307 1131 3510 1200 expetit

1937 1207 2380 1280 subaudiendum,
2423 1224 2482 1268 ut
2518 1215 2633 1284 ejus
2664 1215 2818 1269 nobis
2857 1214 3025 1272 lucida
3057 1219 3226 1286 possit
3254 1233 3515 1288 apparere

1936 1304 2224 1358 sententia.
2258 1304 2398 1358 Dicit
2422 1305 2594 1358 enim:
2632 1306 2764 1370 Quia
2793 1322 2952 1376 neque
2979 1307 3041 1360 ab
3077 1307 3316 1372 Oriente,
3354 1324 3512 1377 neque

1935 1395 1999 1447 ab
2033 1395 2322 1461 Occidente,
2357 1413 2514 1465 neque
2539 1414 2569 1449 α
2607 1399 2820 1451 desertis
2856 1401 3126 1466 montibus,
3161 1399 3464 1456 addendum
3492 1443 3508 1466 ,

1936 1489 2088 1544 deest
2114 1490 2386 1555 Dominus,
2417 1501 2474 1546 ut
2503 1502 2554 1547 te
2584 1493 2751 1561 possit
2779 1508 3093 1564 agnoscere,
3125 1510 3244 1550 cum
3272 1510 3392 1550 eum
3425 1505 3509 1548 to-

1941 1589 2048 1634 tum
2078 1581 2271 1650 ubique
2313 1593 2524 1637 constet
2555 1597 2676 1638 esse
2707 1595 3024 1653 praesentem
3052 1629 3066 1652 ,
3099 1587 3239 1642 sicut
3283 1589 3409 1642 alibi
3441 1587 3516 1642 le-

1935 1672 2077 1741 gitur
2102 1671 2124 1726 ε’
2159 1666 2382 1741 Spiritus
2411 1675 2618 1729 Domini
2646 1677 2853 1747 replevit
2878 1663 3049 1732 orbem
3081 1690 3329 1733 terrarum
3356 1680 3512 1753 (Sap.

1939 1779 1978 1829 ι,
2012 1763 2090 1833 7).
2118 1765 2247 1832 Quae
2275 1767 2438 1837 ﬁgura
2465 1769 2518 1821 in
2557 1771 2906 1826 saecularibus
2941 1773 3133 1827 litteris
3161 1775 3359 1829 dicitur
3386 1775 3516 1830 ccli-

242 1873 335 1911 eos
364 1858 719 1924 confirmavit,
751 1859 965 1928 quando
994 1858 1152 1912 Petro
1180 1861 1421 1928 apostolo
1451 1861 1583 1915 dixit
1609 1879 1622 1914 :
1657 1861 1828 1927 Ρεινε,
1865 1851 1910 1908 Β
1939 1855 2068 1924 psis,
2101 1855 2149 1909 id
2179 1865 2263 1910 est
2289 1857 2559 1924 defectus,
2593 1861 2804 1928 quoties
2831 1863 2986 1930 pleno
3026 1862 3319 1927 intellectui
3353 1865 3512 1920 verba

238 1951 442 2018 quoties
468 1951 704 2015 erpetivit
722 1966 806 2003 vos
833 1949 1057 2004 Satanas
1086 1961 1140 2004 ut
1160 1951 1402 2006 cribraret
1421 1954 1551 2007 sicut
1576 1956 1821 2008 triticum.

1939 1947 2109 2015 aliqua
2137 1947 2538 2003 subtrahuntur.
2577 1949 2684 2005 Sed
2734 1952 2834 2007 hoc
2873 1952 3070 2007 factum
3115 1962 3199 2008 est
3233 1969 3339 2007 non
3370 1955 3512 2008 indi-

241 2047 283 2091 et
313 2054 412 2107 ego
441 2039 618 2108 rogavi
649 2054 742 2107 pro
772 2049 850 2104 te,
891 2055 954 2092 ne
982 2040 1215 2108 deﬁceret
1247 2041 1375 2109 ﬁdes
1405 2053 1535 2107 tua;
1567 2051 1615 2095 et
1643 2052 1699 2109 tu
1733 2043 1835 2098 uli-

237 2128 452 2197 quando
481 2144 748 2182 conversus
778 2130 1030 2194 conﬁrma
1055 2132 1237 2200 fratres
1259 2143 1375 2184 tuos
1401 2132 1555 2205 (Luc.
1573 2150 1712 2199 ,xxtt,
1742 2136 1834 2203 5f,

237 2217 355 2288 32).
386 2219 450 2273 Et
473 2220 681 2286 respice
701 2220 988 2275 verborum
1013 2221 1344 2291 aptissimam
1365 2224 1832 2280 cantrarietatem.

238 2307 572 2379 Liquefactte
610 2309 752 2364 enim
785 2321 934 2364 terra:
956 2351 971 2376 ,
1019 2313 1334 2381 conﬁrmata:
1360 2315 1612 2370 columna:
1641 2319 1833 2371 merito

236 2404 529 2458 subvenire
558 2412 866 2471 potuerunt.
911 2403 1180 2458 Columnis
1209 2405 1353 2459 enim
1385 2407 1580 2462 merito
1603 2409 1831 2477 apostoli

235 2504 662 2564 comparantur,
704 2495 826 2564 quia
857 2503 1072 2549 terrena
1109 2497 1240 2552 vitia
1272 2497 1326 2550 in
1364 2498 1471 2553 imo
1501 2501 1826 2568 deprimunt,

235 2598 286 2642 et
325 2603 586 2656 supernae
625 2590 849 2644 virtutes
885 2591 952 2645 ad
992 2586 1220 2661 gratiam
1270 2595 1418 2664 regni
1459 2596 1693 2650 caelestis
1729 2613 1830 2652 ex-

236 2680 452 2733 tollunt.
605 2683 608 2686 ’

301 2771 466 2828 Vers.
499 2771 556 2826 4.
591 2771 714 2825 Dixi
742 2774 931 2842 iniquis
951 2789 969 2825 :
996 2772 1172 2828 Nolite
1195 2775 1370 2843 inique
1394 2793 1565 2846 agere;
1590 2769 1828 2851 etdelin—

229 2867 507 2934 quentibue
531 2880 552 2919 :
581 2864 753 2918 Nolite
781 2870 1008 2920 exultare
1035 2881 1213 2922 cornu.
1245 2867 1357 2923 Hoc
1386 2878 1468 2924 est
1497 2872 1636 2939 quod
1667 2863 1826 2941 supe-

161 2943 182 2974 l‘
229 2957 343 3011 rius
372 2957 548 3010 dixit:
587 2955 697 3026 Ego
732 2957 1028 3026 conﬁrmari
1049 2958 1310 3013 columnas
1341 2960 1475 3029 ejus.
1509 2961 1651 3016 Dixit
1676 2965 1822 3017 enim

228 3063 328 3117 per
356 3049 655 3118 prophetas
677 3057 836 3118 atque
853 3051 1131 3119 apostolos
1157 3053 1357 3106 monita
1385 3052 1513 3108 Novi
1538 3063 1592 3108 et
1616 3055 1822 3111 Veteris

228 3142 569 3218 Testamenti
594 3184 611 3211 ,
653 3155 720 3199 ne
747 3145 998 3199 scelerati
1039 3146 1180 3200 male
1223 3155 1461 3216 agerent,
1493 3148 1585 3202 sed
1618 3150 1682 3202 ad
1707 3153 1819 3205 Do-

1937 2038 2117 2106 gentia
2161 2040 2461 2107 sermonis,
2490 2040 2582 2095 sed
2625 2051 2682 2096 ut
2720 2042 3010 2097 studiosius
3056 2030 3325 2113 quaeratur
3369 2046 3510 2111 quod

1937 2128 2096 2182 fuerit
2139 2131 2436 2185 necessaria
2470 2131 2834 2188 taciturnitate
2875 2147 3243 2203 suppressum.
3270 2134 3513 2203 Quapro-

1934 2231 2054 2292 pter
2098 2222 2342 2278 desinant
2386 2225 2680 2294 blasphemi
2727 2227 2986 2298 sacrilega
3020 2228 3187 2281 verba
3231 2229 3507 2297 cogitare,

1933 2315 2143 2382 quando
2170 2330 2228 2370 se
2255 2315 2419 2370 Judex
2448 2318 2726 2386 profitetur
2748 2333 2870 2373 esse
2895 2331 3235 2387 praesentem,
3263 2321 3348 2374 cui
3381 2320 3506 2374 sub-

1927 2405 2069 2473 iacet
2113 2409 2289 2462 omnia
2319 2408 2419 2464 sub
2450 2410 2674 2466 veritate
2722 2425 3074 2480 cognoscere.
3109 2409 3172 2466 Et
3221 2427 3288 2467 ne
3319 2413 3511 2482 aliquis

1932 2499 2156 2554 miretur
2200 2501 2252 2554 in
2289 2501 2661 2570 complexione
2711 2503 2893 2556 mundi
2922 2503 3053 2556 duas
3083 2511 3285 2557 tantum
3333 2516 3509 2573 partes

1931 2590 2134 2658 positas
2163 2589 2344 2655 fuisse,
2375 2593 2474 2646 hoc
2517 2593 2705 2647 melius
2732 2593 3103 2660 Spiritualiter,
3128 2593 3173 2646 si
3197 2609 3508 2662 possumus,

1929 2672 2281 2750 exponamus.
2309 2675 2590 2749 Orientem,
2622 2698 2882 2751 ponamus
2914 2685 3161 2739 homines
3185 2683 3296 2753 jam
3331 2685 3508 2737 divina

1928 2772 2172 2826 claritate
2202 2774 2560 2840 conspicuos;
2595 2772 2942 2843 Occidentem,
2974 2782 3286 2844 peccatores
3314 2773 3508 2843 quibus

1908 2863 2101 2918 adhuc
2128 2864 2302 2918 lumen
2333 2865 2570 2918 veritatis
2606 2865 2980 2929 absctmditur;
3014 2865 3236 2918 desertos
3270 2874 3463 2917 montes
3490 2905 3507 2930 ,

1928 2959 2089 3012 falsos
2117 2956 2494 3026 praedicatores
2519 2956 2742 3012 forsitan
2773 2957 3032 3011 debemus
3061 2956 3345 3012 advertere
3369 2974 3384 3020 ;
3416 2956 3507 3026 qui

1927 3051 2048 3104 licet
2077 3049 2342 3113 montium,
2378 3048 2426 3101 id
2457 3057 2541 3102 cst
2571 3047 2974 3116 praedicandum
3017 3047 3116 3102 sibi
3147 3055 3402 3116 usurpent
3429 3047 3506 3100 lo-

1925 3158 2069 3204 cum,
2103 3151 2275 3196 tamen
2303 3137 2525 3196 veritate
2565 3140 2762 3196 deserti
2794 3151 2917 3195 sunt
2939 3183 2953 3208 ,
2997 3134 3136 3195 Sicut
3165 3149 3288 3195 sunt
3317 3155 3506 3194 omnes

228 3236 438 3290 minum
491 3236 601 3290 cito
642 3251 704 3291 se
755 3235 946 3290 humili
996 3236 1360 3293 satisfactione
1415 3250 1816 3298 converterent.
1846 3227 1891 3288 Ο
1926 3234 2160 3289 Ιιεετθῑῖεῑ
2207 3227 2286 3287 νει
2333 3234 2544 3305 pagani-
2589 3235 2730 3306 Ergo
2761 3249 2881 3290 cum
2931 3235 3182 3288 Omnibus
3211 3234 3502 3303 generibus

227 3326 354 3381 Pius
390 3341 584 3382 revera
614 3327 850 3381 medicus
871 3328 1264 3382 observantiam
1283 3328 1620 3385 salubritatis
1649 3331 1816 3400 dedit,

226 3433 294 3473 ne
325 3433 506 3498 usque
533 3419 598 3472 ad
640 3419 858 3474 morbos
891 3419 1078 3474 noxios
1122 3422 1352 3477 humana
1393 3423 1670 3481 inﬁrmitas
1703 3443 1821 3497 per-

226 3511 462 3565 veniret.
495 3509 659 3581 255
689 3509 962 3580 Sequitur,
989 3519 1038 3564 et
1067 3508 1476 3579 delinquentibus
1504 3516 1659 3569 nolite
1678 3518 1818 3570 exal-

225 3611 333 3653 tare
361 3601 550 3654 cornu.
583 3587 1016 3657 Suliaudieudum
1057 3612 1140 3658 est
1171 3617 1221 3658 et
1248 3604 1340 3659 hic
1369 3621 1580 3675 quoque
1603 3649 1616 3672 ,
1649 3606 1774 3663 Dixi
1798 3650 1814 3677 ,

222 3697 314 3750 sed
352 3699 508 3766 prius
537 3696 722 3764 iniquis
751 3698 858 3760 ait,
891 3706 948 3750 ut
972 3698 1148 3751 omnia
1188 3708 1403 3768 peccata
1442 3693 1810 3757 concluderet.

221 3786 378 3842 Nunc
419 3788 566 3841 venit
594 3787 662 3841 ad
693 3789 985 3841 niaximum
1032 3789 1218 3842 vitium
1269 3790 1625 3846 excusationis
1651 3833 1667 3858 ,
1710 3809 1815 3862 quo

221 3881 385 3934 valde
422 3880 632 3934 laborat
663 3881 961 3936 humanitas
986 3897 1012 3944 ;-
1034 3890 1100 3953 ut
1133 3896 1252 3936 cum
1301 3898 1360 3938 se
1388 3885 1510 3952 quis
1541 3900 1645 3940 non
1680 3889 1816 3955 pati-

221 3980 308 4024 tur
337 3972 526 4026 dicere
553 3971 870 4040 culpabilem
899 4015 913 4036 ,
955 3967 1020 4025 ad
1061 3973 1395 4028 excusandas
1442 3977 1816 4034 excusationes

217 4061 274 4114 in
304 4061 572 4129 peccatis,
605 4062 913 4131 peregrinas
935 4075 1281 4131 quascunque
1304 4064 1406 4118 sibi
1433 4079 1625 4120 causas
1656 4081 1815 4122 exco-

217 4158 354 4222 gitet
384 4155 436 4206 in
483 4169 583 4208 suo
613 4153 828 4220 delicto,
871 4153 1031 4207 modo
1056 4154 1324 4208 diabolum
1367 4171 1618 4226 arguens,
1653 4158 1815 4213 modo

216 4242 467 4297 sessoris
506 4243 667 4296 verba
713 4243 1033 4304 dilaceratus,
1076 4245 1170 4313 qui
1208 4259 1375 4300 cornu
1401 4253 1560 4301 suum
1602 4247 1814 4303 videtur

213 4340 454 4405 erigere,
475 4338 597 4404 quia
617 4344 890 4405 peceatum
913 4349 1072 4392 suum
1091 4339 1366 4408 proprium
1392 4355 1488 4409 per
1519 4343 1651 4397 alios
1682 4343 1811 4414 [ed.,
1845 4380 1848 4381 ν

213 4429 385 4502 alias]
416 4431 608 4484 nititur
631 4445 907 4486 excusare.
944 4431 1279 4500 Quapropter
1331 4433 1466 4488 tales
1499 4435 1565 4487 ad
1599 4437 1809 4490 veniam

210 4521 402 4574 redire
430 4535 540 4575 non
580 4530 824 4589 possunt,
865 4520 987 4589 quia
1014 4523 1365 4578 confessionis
1410 4525 1644 4579 remedia
1676 4540 1804 4595 per-

210 4611 505 4668 diderunt.
851 4657 856 4662 .

287 4703 454 4757 Vers.
485 4701 539 4756 5.
585 4701 766 4758 Nolite
805 4705 1045 4770 extollere
1071 4705 1128 4759 in
1162 4706 1326 4760 altum
1363 4723 1523 4762 cornu
1552 4717 1766 4763 vestrum
1793 4727 1809 4774 ;

207 4793 378 4846 nolite
402 4793 546 4860 loqui
571 4794 812 4848 adversus
841 4794 1007 4850 Deum
1037 4796 1377 4867 iniquitatem.
1412 4797 1652 4868 Repetite
1684 4814 1812 4856 con-

205 4887 440 4941 testatio
480 4885 818 4943 formidinem
880 4903 1088 4959 magnae
1125 4890 1343 4944 ultionis
1390 4892 1647 4958 ostendit,
1687 4894 1812 4962 quia

201 4988 434 5043 semper
454 4977 672 5041 gravius
699 4976 997 5032 vindicatur
1017 4977 1155 5047 quod
1187 4978 1376 5032 iterata
1398 4978 1638 5048 iussione
1666 4996 1806 5050 prte-

198 5065 432 5134 cipitur.
457 5065 592 5121 Nam
619 5083 740 5122 cum
767 5068 927 5122 dicit:
957 5068 1134 5123 Nolite
1157 5070 1387 5124 exaltare
1417 5073 1470 5124 in
1500 5073 1660 5126 altum
1690 5085 1810 5127 cor-

199 5171 276 5208 na
306 5167 558 5222 uestrum,
587 5158 780 5213 suadet
807 5169 862 5213 ut
885 5173 919 5213 a
947 5160 1256 5228 blaspheme
1280 5162 1602 5231 cogitatione
1628 5175 1808 5219 cesse-

198 5257 330 5312 tur,
367 5249 620 5318 quoniam
668 5251 760 5305 ille
797 5251 850 5305 in
896 5253 1060 5310 altum
1099 5255 1245 5323 erigit
1284 5271 1446 5308 cornu
1489 5257 1577 5325 qui
1618 5267 1803 5313 contra

194 5339 390 5395 Deum
438 5353 694 5412 mncepta
745 5343 1022 5412 iniquitate
1063 5354 1442 5401 remurmurat.
1495 5347 1627 5402 Nam
1677 5350 1800 5404 vide

191 5435 334 5503 quid
369 5437 631 5504 sequitur,
657 5438 812 5490 nolite
834 5438 975 5508 loqui
1003 5440 1247 5492 adversus
1272 5437 1435 5492 Deum
1462 5440 1804 5509 iniquitatem.

191 5523 406 5578 Adhuc
423 5526 475 5579 in
497 5526 860 5582 excusationis
876 5529 1255 5584 curandovitio
1273 5539 1600 5598 perseverat.
1624 5529 1804 5597 Loqui.

189 5624 284 5670 tur
308 5617 459 5670 enim
492 5628 668 5672 contra
697 5615 865 5672 Deum
894 5618 1240 5690 iniquitatem,
1273 5620 1487 5690 qttando
1509 5619 1700 5688 aliquis
1721 5622 1801 5675 sic

185 5711 445 5760 cstiumt
472 5711 824 5764 constitutum
853 5751 868 5774 ,
904 5719 962 5764 ut
1003 5695 1216 5780 peccata
1263 5711 1482 5766 minimc.
1526 5711 1800 5768 declinare

181 5798 497 5871 potuisset,
522 5800 748 5857 dicens:
806 5802 920 5858 Non
963 5804 1116 5875 culpa
1167 5820 1289 5873 sua,
1336 5805 1427 5864 sed
1478 5803 1797 5860 necessitate

1927 3323 2199 3378 hominum
2245 3323 2385 3378 Deus
2424 3338 2664 3392 praesens
2716 3333 2771 3379 et
2800 3325 3044 3392 cognitor
3083 3338 3205 3378 esse
3247 3333 3507 3377 monstre-

1921 3424 2048 3485 tur,
2081 3416 2209 3470 nihil
2261 3417 2366 3470 tale
2407 3417 2685 3486 quisquam
2736 3417 2896 3471 debet
2946 3430 3311 3484 pra-sumere,
3360 3415 3503 3486 quod

1921 3523 2040 3562 eum
2073 3507 2239 3576 possit
2264 3507 2315 3561 in
2346 3509 2432 3561 illa
2468 3508 2801 3576 jndicatione
2833 3507 3110 3562 damnare.

1995 3599 2146 3653 Vers.
2179 3599 2230 3652 7.
2268 3599 2522 3666 Quoniam
2564 3599 2701 3654 Dens
2719 3603 2886 3672 jar/ea:
2925 3610 3029 3655 est:
3059 3600 3194 3654 hunc
3233 3597 3498 3665 humiliat,

1918 3701 1964 3745 et
1994 3694 2129 3746 hunc
2157 3693 2368 3748 exultat.
2421 3694 2557 3749 Ecce
2590 3695 2765 3747 omnis
2800 3694 3026 3761 qumstio
3053 3689 3119 3748 de
3161 3694 3338 3747 medio
3380 3709 3496 3762 pro-

1919 3783 2040 3838 fana
2080 3785 2285 3838 sublata
2334 3798 2414 3839 est
2441 3803 2455 3840 :
2507 3785 2762 3850 Quoniam
2803 3785 2940 3839 Deus
2961 3784 3128 3856 judea:
3151 3795 3224 3838 est
3245 3827 3260 3850 ,
3291 3794 3347 3840 et
3376 3801 3496 3839 cum

1917 3875 1986 3926 sit
2003 3875 2194 3945 judex,
2230 3875 2428 3944 justum
2470 3875 2619 3928 illum
2665 3890 2783 3929 esse
2815 3891 2920 3929 non
2948 3875 3165 3928 dubium
3197 3887 3299 3928 est.
3328 3874 3499 3953 ludet:

1917 3967 2058 4024 enim
2090 3970 2212 4024 dum
2249 3971 2466 4035 dicitur,
2502 3973 2838 4042 aequissimus
2870 3976 2986 4028 sine
3012 3976 3342 4029 dubitatione
3371 3991 3494 4030 sen-

1915 4059 2063 4112 titur.
2098 4060 2165 4113 Et
2189 4069 2248 4113 ut
2278 4059 2377 4115 hoc
2407 4061 2458 4115 in
2491 4061 2594 4115 isto
2630 4063 2790 4116 verbo
2842 4059 3146 4117 dcclaretirr
3191 4065 3450 4117 inclusum
3477 4104 3492 4126 ,

1912 4163 2072 4202 causa
2112 4149 2352 4203 redditur
2396 4151 2604 4205 sincera
2649 4153 2832 4221 judicii
2860 4169 2878 4206 :
2911 4152 3078 4222 Hunc
3129 4153 3402 4220 humiliat,
3447 4163 3494 4207 ct

1915 4245 2048 4296 hunc
2073 4243 2281 4297 exultat.
2307 4242 2562 4298 Humiliat
2591 4247 2770 4316 utique
2817 4249 3130 4315 superbum,
3161 4249 3361 4302 exaltat
3399 4247 3497 4300 hn—

1913 4335 2090 4390 milem
2117 4376 2134 4400 ,
2163 4337 2284 4405 quia
2315 4338 2405 4391 ille
2443 4339 2493 4390 in
2525 4352 2603 4402 se,
2636 4339 2734 4391 iste
2776 4339 2996 4395 conlidit
3026 4341 3075 4392 in
3119 4339 3365 4393 Domino.
3405 4338 3492 4392 Sic

1911 4435 1966 4481 et
1989 4428 2040 4480 in
2067 4428 2355 4498 Evangelio
2395 4429 2584 4498 legitur
2611 4446 2624 4482 :
2679 4428 2855 4483 Omnis
2886 4430 2971 4498 qui
3007 4445 3059 4487 se
3095 4432 3289 4484 exultat
3321 4430 3492 4482 humi-

1913 4516 2143 4582 liabitur,
2171 4527 2217 4570 et
2248 4509 2413 4588 quise
2441 4520 2675 4572 ltumiliat
2706 4518 3019 4572 exaltabilur
3050 4519 3203 4590 (Luc.
3238 4535 3347 4583 xw,
3383 4521 3492 4585 Η).

1837 4607 1892 4667 D
1918 4609 2079 4664 Vides
2107 4624 2233 4680 ergo
2267 4593 2470 4679 justum
2489 4597 2722 4680 judicem
2757 4625 3044 4680 congruam
3089 4611 3327 4680 partibus
3369 4623 3494 4680 pru-

1916 4701 2054 4756 ferre
2085 4699 2423 4754 sententiam.

1990 4802 2143 4857 Vers.
2175 4802 2227 4857 8.
2263 4802 2396 4866 Quia
2425 4803 2560 4856 calix
2583 4803 2637 4856 in
2665 4818 2820 4856 manu
2860 4801 3067 4880 Domini
3095 4801 3196 4854 vini
3228 4802 3348 4855 meri
3385 4805 3494 4867 ple—

1915 4911 2010 4948 nus
2037 4904 2110 4949 est
2139 4896 2298 4948 mixto
2315 4911 2334 4959 ;
2359 4905 2406 4948 et
2434 4894 2695 4948 inclinavit
2726 4895 2908 4968 exltoc
2945 4897 3000 4948 in
3027 4897 3140 4947 hoc.
3173 4893 3326 4961 Saepe
3350 4893 3488 4946 dixie

1912 5001 2031 5041 mus
2073 4987 2280 5039 calicem
2329 5000 2630 5040 mensuram
2662 5000 2784 5041 esse
2834 4986 3118 5055 potabilem
3145 5023 3160 5050 ,
3202 4999 3303 5053 qua
3347 4998 3488 5054 aegra

1911 5079 1998 5133 siti
2030 5092 2252 5147 corpora
2284 5087 2632 5145 reparantur:
2663 5077 2836 5135 dictus
2865 5093 2893 5132 a
2921 5077 3089 5131 calida
3121 5077 3359 5145 potione,
3388 5092 3489 5142 qua

1911 5169 2216 5239 frequenter
2256 5170 2454 5224 utimur
2496 5172 2838 5238 convivantes
2880 5169 3037 5240 [rd.,
3068 5165 3487 5240 combiheutes],

1910 5261 1985 5316 Ita
2012 5262 2096 5316 lex
2127 5261 2331 5316 Domini
2360 5260 2586 5331 pulchre
2611 5261 2746 5316 calix
2771 5261 2996 5327 dicitur,
3034 5276 3150 5331 quae
3193 5259 3490 5313 ambienter

1909 5353 2106 5408 ebibita
2119 5362 2278 5424 atque
2291 5354 2580 5417 rccondita,
2600 5354 2876 5408 animabus
2893 5362 3107 5423 prmstat
3121 5354 3489 5407 suavissmam

1914 5443 2246 5511 sospitatem.
2281 5442 2552 5510 Sequitur,
2586 5444 2691 5497 vini
2717 5444 2838 5497 meri
2869 5445 3048 5514 plenus
3076 5452 3148 5497 est
3175 5443 3356 5495 mixto.
3392 5439 3488 5494 Vi?

1914 5550 2034 5586 nam
2082 5534 2132 5586 in
2164 5533 2362 5586 divinis
2401 5533 2690 5602 Scripturis
2734 5534 2999 5605 significat
3029 5534 3247 5588 cmleste
3291 5541 3489 5603 myste-

1911 5623 2068 5688 rium,
2097 5623 2234 5676 sicut
2262 5623 2312 5675 in
2344 5622 2448 5675 illis
2493 5622 2698 5694 hydriis
2728 5624 2926 5679 factum
2957 5633 3044 5679 est
3071 5639 3201 5694 quas
3233 5622 3487 5677 Dominus

1908 5728 2044 5783 aqua
2074 5712 2197 5767 fecit
2222 5713 2464 5783 impleri;
2507 5722 2564 5768 ut
2600 5714 2784 5771 latices
2823 5717 3045 5771 fontium
3088 5718 3333 5772 ruborem
3377 5715 3487 5777 viui

1909 5813 2108 5859 mutata
2147 5807 2401 5874 qualitate
2440 5806 2795 5878 susciperent,
2823 5823 2980 5880 quem
3025 5819 3210 5866 natura
3251 5823 3354 5864 non
3396 5807 3488 5863 ha-
