3952 6162
349 331 450 385 559

1531 314 1598 367 Μ.
1642 308 1918 365 AURELII
1961 305 2360 362 CASSIODURI

3492 295 3592 348 548

348 442 479 493 huit.
514 437 662 493 Unde
691 437 876 488 beatus
905 428 1219 485 Ambrosius
1251 427 1300 481 in
1332 427 1531 496 hymno
1569 432 1769 478 sancta:
1798 420 1916 489 Epi-
1954 428 2002 486 Α
2027 420 2144 489 guis
2188 415 2603 471 sublimitatibus
2649 415 2940 482 eriguntur.
2986 407 3294 480 BeSpiciant
3339 424 3466 478 ergo
3510 424 3598 461 su-

351 531 557 597 phanire
608 524 922 581 mirabiliter
966 520 1285 595 declamavit
1333 516 1763 586 splendidissima
1810 514 1925 566 luce

352 621 631 674 verborum
676 615 857 686 (Tom.
894 612 957 675 V,
1002 628 1119 681 pag.
1151 610 1255 664 556
1278 608 1317 679 ).
1364 607 1513 673 Quod
1546 614 1721 659 autem
1770 604 1920 666 dixit,

352 710 499 773 meri,
541 706 901 760 sinceritatem
940 702 1203 769 designat,
1251 698 1395 767 quod
1438 712 1648 762 semper
1699 710 1881 764 purum
1909 734 1923 758 ,

355 813 565 866 semper
593 804 676 850 est
708 793 1003 862 limpidum.
1032 792 1162 845 Nam
1199 790 1421 844 refer-tos
1454 790 1693 841 homines
1718 788 1780 839 ad
1809 786 1927 855 glu-

354 890 487 941 riarn
521 884 752 943 virtutis,
786 898 890 935 non
920 882 983 934 ad
1015 882 1198 934 vitium
1228 879 1503 933 ebrietatis
1533 878 1768 931 adducit.
1794 876 1929 928 sicut

357 977 407 1028 in
449 975 555 1028 alio
603 974 804 1041 psalmo
846 971 1014 1049 dicit:
1069 970 1130 1022 Et
1172 970 1411 1039 poculum
1451 975 1589 1019 tuum
1640 966 1926 1029 inebrians,

353 1083 506 1137 quam
537 1064 837 1136 praeclarum
868 1074 938 1117 est
964 1061 1134 1133 (Psal.
1166 1076 1299 1124 χχιι,
1331 1060 1419 1126 5)!
1456 1058 1645 1111 Plenus
1674 1071 1747 1111 est
1774 1058 1930 1110 mixto

357 1160 538 1228 utique
573 1156 778 1209 Domini
809 1156 983 1207 calix:
1017 1152 1154 1206 unde
1193 1153 1433 1220 qrrarnvis
1457 1149 1657 1218 jugiter
1684 1150 1929 1211 bibatur,

360 1264 624 1317 nunquam
655 1256 828 1300 limen
858 1241 1355 1312 expenditur.Quod
1381 1249 1555 1293 autem
1580 1239 1927 1303 dixit,mixto,

359 1340 563 1394 Novum
594 1337 860 1404 Vetusque
888 1334 1149 1403 signiﬁcat
1176 1333 1594 1397 Testamentum,
1634 1346 1750 1400 quze
1791 1339 1929 1384 utra-

360 1443 464 1499 que
492 1428 749 1497 permixta
790 1425 1087 1477 animarum
1135 1423 1373 1476 efficiunt
1400 1420 1802 1474 saluberrimam
1836 1435 1932 1489 po~

363 1520 584 1576 tionem.
612 1518 782 1573 Judaei
811 1516 950 1569 enim
982 1516 1153 1567 vinum
1196 1513 1466 1576 biberunt,
1512 1510 1603 1565 sed
1648 1526 1750 1563 non
1805 1512 1935 1562 mix-

363 1621 470 1665 tum
495 1654 511 1680 ,
543 1610 669 1678 quia
707 1608 836 1663 Novi
864 1606 1191 1661 Testamenti
1240 1604 1525 1657 noluerunt
1561 1602 1797 1671 recipere
1842 1616 1930 1656 so-

362 1705 632 1771 spitatern.
680 1701 915 1768 Itemque
962 1696 1238 1751 Manicbazi
1288 1711 1392 1749 non
1436 1696 1682 1749 biberunt
1722 1695 1935 1747 mixtum

361 1795 555 1858 vinum,
580 1792 698 1861 quia
726 1791 928 1845 Novum
948 1789 1346 1844 Testamentum
1365 1802 1429 1843 ex
1455 1796 1601 1855 parte
1616 1787 1935 1855 recipientes
1969 1820 2019 1880 Β

365 1889 558 1941 veteris
587 1885 717 1953 legis
743 1890 1077 1938 sacramenta
1108 1897 1239 1935 ausu
1272 1881 1555 1935 temerario
1595 1889 1933 1948 respuerant.

363 1975 599 2040 Addidit,
630 1984 677 2027 et
707 1974 969 2026 inclinavit
994 1988 1057 2025 ea:
1082 1973 1175 2025 hoc
1200 1973 1252 2023 in
1290 1970 1406 2024 hoc.
1437 1971 1532 2024 llic
1560 1970 1693 2023 duos
1718 1970 1938 2038 populos

362 2066 601 2120 absolute
621 2064 903 2135 significat,
922 2062 1224 2117 Jndteorum
1243 2062 1448 2115 scilicet
1468 2072 1518 2114 et
1535 2061 1796 2129 gentium,
1819 2073 1942 2127 quo-

365 2157 504 2210 niam
526 2170 593 2209 ex
616 2169 707 2207 ore
730 2154 851 2207 tulit
873 2168 977 2206 non
1002 2152 1337 2207 credentium
1360 2150 1665 2205 Judreorum
1689 2149 1829 2219 quod
1856 2166 1941 2217 po-

365 2246 582 2301 tandum
606 2246 875 2300 conversis
903 2246 1110 2313 populis
1136 2245 1373 2313 gentium
1400 2244 1681 2295 inclinavit.
1708 2243 1853 2296 Felix
1884 2251 1940 2295 et

367 2351 549 2391 secura
582 2336 802 2391 refectio
831 2336 899 2389 ab
930 2336 1018 2409 illo
1060 2335 1281 2388 calicem
1326 2334 1515 2389 salutis
1554 2333 1816 2401 accipere,
1850 2334 1939 2401 qui

368 2440 578 2493 semper
610 2424 755 2477 novit
783 2424 1055 2493 profutura
1089 2432 1361 2492 prcestarc.
1389 2423 1482 2476 llic
1510 2423 1695 2477 modus
1721 2424 1942 2477 locutio-

367 2517 451 2570 nis
480 2517 725 2585 proprius
755 2526 836 2571 est
864 2517 915 2569 in
959 2517 1146 2570 litteris
1189 2517 1385 2581 sacris,
1428 2516 1677 2584 quoniam
1714 2517 1765 2568 in
1804 2516 1942 2575 scri-

369 2612 537 2679 pturis
579 2610 920 2664 srecularibus
967 2611 1070 2680 (ut
1111 2606 1380 2679 arbitror)
1434 2609 1520 2661 vix
1571 2608 1822 2677 przevalet
1862 2610 1945 2663 in-

368 2700 559 2754 veniri.
1120 2756 1133 2761 ,

444 2791 593 2845 Vers.
625 2791 676 2845 9.
715 2790 1072 2844 Verumtamen
1112 2791 1213 2858 [rex
1250 2792 1360 2861 ejus
1394 2807 1494 2843 non
1532 2799 1604 2844 est
1641 2792 1944 2852 exinanita;

368 2883 533 2936 bibent
558 2899 620 2936 ea:
640 2900 698 2936 eo
726 2900 895 2936 omnes
929 2892 1217 2954 peccatores
1257 2892 1427 2937 terrm.
1473 2880 1648 2936 Fccces
1696 2884 1946 2938 dicuntur

371 2973 605 3041 reliquit!)
633 2974 742 3026 vini
773 2973 1113 3027 considentes
1138 2974 1189 3027 in
1217 2973 1591 3027 densissimam
1630 2974 1945 3028 crassitudi-

375 3079 519 3127 nem,
548 3063 613 3118 ad
641 3079 772 3133 quas
798 3064 934 3119 solet
974 3066 1251 3130 pervenire
1290 3065 1502 3133 quando
1536 3066 1707 3136 liquor
1741 3067 1828 3120 ille
1855 3082 1947 3121 su-

2029 510 2213 580 perbi,
2258 524 2413 578 quam
2463 510 2531 561 sit
2570 507 2655 559 hic
2701 515 2857 573 turpe
2900 505 3143 558 mutilum
3176 516 3336 571 pecus
3369 500 3598 559 imitari,

2028 610 2083 653 et
2132 598 2451 651 erubescant
2495 612 2554 649 se
2598 596 2719 650 inde
2766 593 3057 664 praeferre,
3102 594 3243 646 unde
3285 591 3456 645 futura
3499 591 3603 644 illis

2030 691 2343 747 deformitas
2373 690 2710 759 cognoscitur
2743 688 3041 740 innuinere.
3080 687 3351 754 Sequitur,
3383 697 3429 737 et
3459 685 3603 737 exal-

2028 782 2265 834 tabuntur
2295 795 2484 832 cornua
2501 778 2650 845 justi.
2682 778 2807 843 Quae
2838 776 3000 843 figura
3025 774 3218 827 dicitur
3245 773 3599 837 catachresis,

2030 871 2080 923 id
2112 880 2191 923 est
2221 871 2407 921 abusio
2434 910 2449 932 ,
2488 869 2695 935 quoties
2727 868 2900 920 aliena
2935 881 3109 919 rerum
3141 882 3171 916 ιι
3212 866 3353 917 mina
3378 881 3480 917 non
3513 866 3609 915 ha-

2032 959 2276 1011 bentibus
2321 958 2749 1010 eonrmodanlur.
2802 956 3003 1009 Cornua
3045 956 3177 1007 enim
3212 956 3339 1023 justi
3389 968 3607 1006 munera

2031 1058 2155 1102 sunt
2184 1047 2341 1101 futuri
2378 1048 2563 1116 judicii
2588 1088 2601 1110 ,
2647 1062 2761 1117 qum
2804 1061 2993 1100 revera
3033 1046 3255 1098 firmiter
3298 1045 3607 1113 eriguntur,

2033 1138 2282 1208 quoniam
2315 1139 2365 1192 in
2398 1148 2594 1192 alterna
2630 1138 3021 1205 pulchritudine
3050 1136 3450 1204 permanebunt.
3483 1134 3613 1186 I’ec-
3687 1170 3709 1185 υ

2034 1242 2258 1283 calorum
2292 1229 2375 1283 hic
2404 1245 2595 1281 Cornua
2629 1230 2889 1291 videmus,
2922 1245 3037 1297 qure
3072 1229 3143 1281 ibi
3184 1242 3288 1279 non
3312 1238 3497 1281 erunt:
3529 1226 3612 1294 ju-

2035 1330 2233 1373 storuru
2268 1321 2353 1372 hic
2386 1334 2489 1371 non
2531 1319 2817 1383 cernimus,
2852 1334 2964 1383 que
2996 1318 3063 1371 ibi
3112 1326 3365 1385 perpetuo
3395 1331 3614 1369 munere

2036 1411 2419 1465 conceduntur.
2447 1415 2486 1461 υ
2520 1411 2787 1462 humilitas
2817 1408 3009 1462 eximie
3041 1406 3359 1469 dccoranda,
3384 1422 3498 1474 qur-
3524 1408 3613 1457 hic

2036 1502 2269 1553 cerneris
2300 1501 2549 1554 destituta
2578 1501 2590 1552 !
2623 1499 2772 1564 Quod
2815 1498 2984 1566 majus
3028 1498 3251 1566 pretium
3295 1497 3487 1549 [rabere
3516 1511 3613 1563 po-

2038 1590 2159 1643 terit
2187 1591 2352 1644 decus
2382 1602 2549 1656 turrm,
2585 1606 2741 1659 quam
2774 1600 2827 1643 ut
2859 1589 2946 1642 ille
2975 1604 3089 1642 eam
3126 1589 3210 1642 hic
3240 1586 3611 1655 assurupscrit,

2038 1680 2103 1734 de
2131 1695 2236 1748 quo
2264 1690 2449 1734 cuncta
2485 1681 2754 1734 beatitudo
2783 1681 2896 1734 sine
2929 1680 3031 1732 fine
3062 1678 3305 1748 gaudebit
3338 1680 3360 1729 ἲ

2574 1787 2845 1843 Conclusio
2876 1790 3078 1857 psalmi.

2114 1904 2425 1959 Audivimus
2456 1905 2613 1959 verba
2649 1905 2854 1957 Domini
2896 1921 2998 1958 non
3036 1906 3104 1958 de
3136 1903 3409 1957 altitudine
3452 1903 3570 1956 caeli
3599 1943 3614 1965 ,

2041 1999 2133 2052 sed
2166 2000 2231 2053 de
2257 2008 2435 2053 sancta
2471 1998 2731 2066 scriptura
2764 1998 3005 2051 Psalterii
3033 2014 3045 2050 :
3078 1998 3161 2050 cui
3192 2005 3335 2050 tanto
3366 1996 3617 2049 libentius

2042 2103 2345 2157 pareamus,
2367 2097 2564 2157 quanto
2590 2103 2689 2141 nos
2712 2088 3067 2142 communiter
3090 2088 3358 2141 monuisse
3376 2088 3620 2155 dignatus

2041 2187 2141 2231 est.
2170 2177 2299 2231 Nam
2328 2191 2448 2231 cum
2482 2178 2736 2231 Dominus
2760 2178 2924 2248 Moysi
2954 2177 3159 2230 locutus
3180 2190 3260 2231 est
3286 2176 3479 2247 (Exod.
3507 2192 3616 2239 xix,

2043 2268 2152 2337 16),
2173 2266 2379 2337 fulgura
2406 2271 2722 2334 micuerunt,
2745 2278 3169 2335 concrepuerunt
3195 2268 3444 2331 tonitrua,
3463 2281 3619 2321 mons

2042 2373 2252 2428 quoque
2283 2360 2406 2414 Sina
2440 2368 2581 2413 totus
2611 2360 2852 2421 fumavit,
2874 2370 3095 2413 cunctos
3121 2369 3291 2413 terror
3319 2363 3502 2413 mortis
3533 2359 3619 2411 in-

2043 2451 2198 2517 vasil,
2226 2460 2280 2505 et
2312 2451 2474 2505 vitale
2519 2452 2825 2505 mandatum
2872 2452 2948 2505 sic
2988 2452 3225 2519 pervenit
3260 2452 3325 2505 ad
3364 2453 3617 2520 populos,

2045 2550 2101 2593 ut
2126 2556 2313 2607 magno
2342 2555 2401 2595 se
2433 2550 2675 2609 putarent
2704 2542 3012 2596 discrimine
3041 2545 3323 2611 perituros.
3351 2544 3427 2597 En
3456 2542 3623 2595 bene-

2044 2632 2161 2686 ficia
2196 2632 2406 2686 Domini
2444 2634 2765 2698 Salvatoris,
2796 2635 2837 2686 si
2886 2634 3262 2702 intelligantur,
3290 2634 3481 2703 jngiter
3522 2632 3621 2686 ad-

2047 2723 2304 2787 miranda,
2339 2724 2569 2792 linguam
2610 2723 2773 2793 ipsius
2803 2723 3037 2792 quotidie
3066 2722 3409 2793 gestamus‘in
3439 2718 3627 2779 mani-

2044 2815 2162 2869 bus.
2220 2804 2473 2869 Voluntas
2518 2817 2784 2870 dominica
2832 2826 2974 2884 patet
3024 2816 3178 2869 nobis
3237 2816 3426 2871 litteris
3474 2834 3627 2873 com-

2047 2906 2304 2975 prehensa
2324 2906 2603 2969 divinis,et
2624 2922 2721 2975 per
2740 2906 3069 2973 corporalem
3089 2915 3305 2975 praestat
3324 2918 3625 2975 aspectum,

2047 3005 2101 3049 ut
2124 2995 2264 3048 intus
2284 2994 2462 3047 cordis
2484 2995 2666 3049 oculus
2686 2995 2988 3048 salutariter
3012 2996 3328 3048 instruatur.
3348 2995 3626 3064 Nunquam

2049 3094 2187 3140 tacet
2214 3085 2259 3138 si
2288 3101 2407 3139 eum
2438 3086 2489 3139 in
2522 3086 2810 3153 Scripturis
2841 3086 2951 3139 suis
2970 3087 3251 3140 consulere
3281 3087 3627 3142 festinemus:

374 3153 553 3243 Pelio"
577 3153 829 3243 βὴίνιὺῖηυτ
856 3167 1139 3243 εει-θηδᾲυβο
1172 3153 1278 3207 sed
1308 3154 1424 3222 (Ιυίδ
1464 3154 1698 3207 anterius
1737 3156 1943 3224 Plenum
1972 3182 2016 3243 ο
2048 3189 2260 3240 semper
2286 3176 2349 3227 ad
2380 3175 2631 3228 salutaria
2660 3189 2910 3242 responsa
2936 3184 3151 3243 paratus
3178 3185 3281 3239 est,
3310 3189 3403 3230 nec
3433 3177 3632 3231 absens

373 3242 581 3294 calicem
610 3240 861 3307 diximus,
887 3240 1028 3309 juste
1054 3241 1139 3295 hic
1167 3243 1375 3309 negavit
1402 3246 1573 3310 [dacem
1610 3247 1720 3314 ejus
1764 3245 1940 3298 exina-

374 3332 557 3393 nitum,
590 3329 655 3382 ad
685 3344 841 3398 quam
884 3330 1150 3397 perveniri
1181 3330 1284 3399 fed.
1308 3371 1321 3394 ,
1364 3331 1664 3403 pervenire]
1706 3349 1807 3386 non
1848 3350 1939 3403 po-

376 3422 514 3484 tuit;
548 3422 798 3489 quoniam
828 3421 1032 3474 cunctis
1064 3421 1369 3490 potantibus
1399 3421 1516 3491 ejus
1549 3424 1819 3492 plenitudo
1841 3440 1945 3479 non

378 3511 577 3565 deficit.
613 3510 790 3565 ches
821 3511 962 3565 enim
995 3511 1081 3579 hic,
1111 3528 1215 3566 non
1248 3513 1456 3579 sordes,
1486 3515 1576 3568 sed
1608 3515 1709 3568 ima
1744 3515 1829 3569 illa
1870 3527 1949 3569 at-

375 3618 481 3671 que
520 3604 700 3658 ultima
746 3604 851 3657 viui
898 3604 1153 3657 debemus
1193 3604 1456 3673 accipere.
1504 3604 1632 3658 Nam
1681 3606 1947 3674 quomodo

377 3696 523 3764 fraces
556 3694 750 3749 habere
781 3694 966 3763 potuit,
998 3694 1135 3764 quod
1166 3709 1371 3747 merum
1400 3702 1559 3764 atque
1600 3711 1787 3764 purum
1826 3705 1950 3752 ante

378 3789 703 3843 declaravit?
734 3789 836 3845 Sed
867 3798 926 3842 ut
950 3789 1013 3842 ad
1048 3788 1201 3841 istam
1234 3786 1419 3841 fascem
1444 3803 1805 3858 cognosceres
1847 3790 1949 3843 mi—

379 3876 521 3933 nime
548 3878 709 3933 fuisse
736 3888 1065 3948 perventum,
1094 3880 1231 3934 redit
1260 3878 1324 3932 ad
1350 3879 1594 3947 poculum
1626 3878 1839 3947 plenum
1873 3881 1953 3934 di—

379 3987 504 4026 cens
530 3992 540 4026 :
570 3972 750 4026 Bibent
781 3990 843 4027 ea:
870 3990 927 4026 eo
959 3990 1125 4027 omnes
1154 3985 1437 4041 peccatores
1464 3984 1629 4028 terrm.
1667 3976 1760 4027 lfic
1788 3975 1954 4045 signi-

383 4063 505 4117 ficat
535 4064 696 4133 (quod
727 4078 869 4132 SIch
896 4062 1155 4133 diximus)
1185 4064 1397 4117 Iudaeos
1428 4066 1476 4117 in
1505 4065 1607 4118 fine
1632 4066 1805 4118 saeculi
1832 4080 1951 4117 cum

380 4150 498 4207 aliis
540 4153 905 4222 peccatoribus
941 4153 1007 4207 de
1046 4155 1146 4206 isto
1190 4153 1358 4206 calice
1399 4152 1700 4216 bibituros,
1742 4153 1954 4222 quando

382 4244 602 4297 credere
632 4244 942 4309 meruerint,
979 4257 1142 4309 seque
1186 4241 1347 4312 256
1385 4241 1637 4295 Ecclesize
1678 4242 1955 4295 catholica:

384 4337 606 4389 adunata
636 4335 736 4387 fide
761 4333 1149 4402 conjunxerint.
1170 4334 1365 4387 Omnes
1394 4334 1534 4387 enim
1575 4333 1640 4386 ad
1663 4334 1805 4386 illam
1833 4350 1957 4402 par-

386 4435 490 4478 tem
517 4426 800 4491 pertinent,
827 4440 943 4491 qua:
973 4425 1191 4476 credere
1222 4423 1473 4491 (Domino
1503 4425 1811 4491 pra‘stante)
1842 4438 1955 4477 me-

386 4516 572 4570 ruerit.
621 4514 766 4567 Multi
808 4513 946 4567 enim
992 4522 1329 4581 peccatorum
1381 4513 1431 4565 in
1468 4528 1563 4567 sua
1598 4513 1955 4567 obstinatione

388 4606 620 4660 mansuri
651 4614 789 4658 sunt.

462 4697 611 4750 Vers.
634 4697 718 4750 10.
738 4695 849 4767 Ego
873 4705 1037 4748 autem
1057 4695 1109 4749 in
1130 4697 1314 4749 tacula
1336 4695 1602 4765 gaudebo;
1624 4695 1835 4748 cantabo
1853 4696 1957 4750 Deo

389 4787 568 4842 Iacob.
598 4786 837 4840 Caudebo
864 4796 907 4840 et
932 4787 1171 4841 cantabo:
1196 4787 1438 4842 Christus
1463 4787 1590 4841 dicit
1616 4787 1683 4841 de
1707 4786 1958 4840 membris

391 4879 522 4942 suis,
568 4880 654 4948 qui
704 4879 896 4947 gaudet
933 4880 1058 4934 dum
1105 4880 1171 4935 ab
1201 4881 1279 4934 eis
1323 4880 1620 4948 gaudetur;
1665 4880 1753 4948 qui
1789 4886 1961 4931 cantat

396 4970 501 5023 Deo
525 4969 704 5035 Jacob,
737 4971 859 5024 dum
889 4972 1237 5040 psalmodiam
1262 4972 1395 5025 dicit
1422 4971 1677 5025 Ecclesia.
1703 4971 1962 5037 Quaecun-

394 5078 495 5130 que
524 5063 665 5116 enim
693 5062 929 5115 membra
962 5062 1095 5116 bene
1133 5071 1343 5131 gerunt,
1378 5061 1493 5115 h.r-c
1522 5062 1681 5131 (sicut
1712 5076 1852 5129 smpe
1879 5061 1961 5114 di-

393 5162 534 5205 ctum
567 5150 672 5218 est)
712 5150 883 5219 Capiti
919 5152 1303 5204 rationabiliter
1332 5152 1686 5219 applicantur.

468 5244 619 5297 Vers.
650 5244 733 5296 Η.
765 5241 829 5295 Et
858 5245 1027 5295 omnia
1055 5259 1248 5318 cornua
1276 5253 1591 5313 peccatorum
1615 5244 1965 5313 confringant;

396 5342 441 5385 et
473 5333 831 5387 eaaltabuntur
868 5350 1058 5387 cornua
1096 5336 1239 5399 iusti.
1276 5334 1413 5389 Ecce
1444 5350 1545 5388 vox
1572 5334 1773 5390 Judicis
1795 5376 1809 5399 ,
1840 5350 1964 5389 ecce

400 5439 497 5476 vox
544 5421 937 5493 Omnipotentis
969 5423 1218 5477 insonuit.
1248 5425 1375 5477 Nam
1423 5425 1513 5494 qui
1551 5436 1673 5479 ante
1710 5425 1968 5493 psallebat

398 5512 448 5566 in
481 5515 733 5571 membris
770 5515 898 5578 suis,
945 5515 1101 5569 modo
1138 5516 1411 5587 confringit
1450 5532 1637 5569 cornua
1665 5517 1963 5585 peccatoris.

400 5608 455 5661 ln
489 5609 573 5661 illa
604 5611 799 5678 quippe
822 5609 1147 5679 judicatione
1177 5609 1351 5663 omnis
1392 5618 1623 5677 potestas
1670 5608 1967 5662 humiliabi-

402 5713 483 5755 tur
510 5703 808 5770 impiorum,
834 5711 887 5757 et
923 5701 1191 5756 confracta
1224 5701 1546 5770 dispereunt,
1573 5715 1691 5769 qua)
1730 5699 1813 5754 hic
1854 5714 1966 5752 rna-

1986 4539 2032 4596 ι)

2051 3266 2336 3334 aliquando
2367 3265 2635 3330 redditur,
2669 3265 2711 3318 si
2750 3279 2869 3319 eum
2911 3265 3058 3333 puris
3099 3266 3366 3319 mentibus
3404 3277 3631 3334 appeto-

2051 3372 2191 3411 mus.
2219 3358 2552 3426 Quapropter
2578 3357 2890 3425 abjiciamus
2920 3357 3001 3428 (ut
3040 3358 3276 3426 psalmus
3308 3362 3509 3427 monet)
3538 3375 3632 3414 su-

2051 3448 2284 3516 perbiam
2310 3489 2326 3513 ,
2372 3463 2490 3516 quae
2533 3448 2823 3502 sceleratos
2861 3448 2930 3500 ab
2971 3448 3084 3516 ipso
3126 3448 3351 3501 dividit:
3391 3463 3637 3505 amemus

2051 3543 2426 3607 humilitatem,
2465 3558 2581 3611 quae
2606 3550 2819 3595 sanctos
2849 3540 2923 3595 illi
2969 3540 3175 3595 caelesti
3212 3540 3473 3595 charitate
3500 3555 3635 3595 con-

2045 3635 2243 3705 jungit.

2307 3743 2668 3799 EXPOSITIO
2696 3743 2761 3799 IN
2793 3742 3115 3799 PSALMUM
3148 3743 3356 3799 LXXV.

2052 3835 2117 3889 In
2144 3838 2314 3905 finem,
2351 3835 2403 3889 in
2438 3834 2673 3888 laudibus
2695 3876 2710 3900 ,
2751 3833 2973 3899 psalmus
3016 3833 3187 3903 Asaph
3213 3874 3227 3899 ,
3270 3833 3521 3886 canticum
3566 3834 3642 3888 ad

2686 3904 2942 3972 Assyrios.

2122 4018 2306 4074 Omnia
2340 4019 2496 4073 verba
2542 4017 2699 4085 hujus
2741 4016 2879 4071 tituli
2911 4031 2973 4071 ex
3007 4017 3428 4086 prmcedentibus
3464 4032 3648 4087 expo-

2053 4112 2334 4166 sitionibus
2372 4112 2569 4166 debent
2616 4125 2736 4165 esse
2773 4111 3071 4163 notissima.
3119 4111 3301 4165 Restat
3329 4126 3454 4180 ergo
3493 4114 3645 4181 quod

2056 4219 2246 4258 novum
2280 4203 2455 4256 intulit
2486 4204 2554 4255 ad
2582 4204 2811 4272 Assyrios
2841 4202 3147 4271 explanare.
3179 4206 3373 4273 Assyrii
3400 4204 3653 4274 dirigen-

2056 4304 2135 4349 tes
2159 4296 2595 4363 iuterpretantur,
2622 4296 2712 4363 qui
2740 4295 2847 4362 jam
2881 4296 3001 4349 ﬁdei
3046 4296 3239 4365 regulis
3280 4297 3442 4360 docti,
3475 4300 3650 4351 rectis

2056 4388 2258 4441 semitis
2286 4386 2557 4442 ambulare
2582 4386 2930 4441 contendunt.
2974 4388 3079 4441 Hos
3120 4390 3399 4457 alloquitur
3431 4392 3606 4461 Asaph
3631 4434 3648 4457 ,

2057 4479 2239 4533 laudes
2272 4478 2481 4545 Domini
2513 4479 2738 4533 mirabili
2768 4480 3024 4533 varietate
3055 4480 3361 4535 decantatis.

2638 4568 2832 4623 Divisio
2865 4573 3064 4638 psalmi.

2133 4663 2328 4730 Asaph,
2364 4661 2515 4730 cujus
2548 4663 2860 4715 vocabulum
2904 4663 3237 4731 interpretari
3269 4663 3494 4717 diximus
3541 4666 3651 4735 Sy-

2062 4768 2341 4822 nagogam,
2377 4754 2428 4805 in
2471 4754 2635 4820 prima
2678 4762 2824 4821 parte
2861 4753 3178 4822 dirigentes,
3212 4754 3261 4807 id
3293 4764 3411 4816 est,
3456 4755 3651 4808 ﬁdeles

2065 4845 2349 4913 alloquitur
2378 4843 2629 4899 Judaaos:
2664 4844 2947 4911 designans
2978 4844 3065 4897 ubi
3098 4860 3287 4897 nomen
3322 4846 3525 4898 Domini
3563 4848 3653 4899 fa-

2063 4942 2205 4987 cturn
2234 4934 2303 4987 sit
2348 4934 2595 4986 virtutum
2625 4933 2981 4986 declaratione
3008 4935 3363 4987 notissimum.
3396 4936 3649 4989 Secunda

2065 5033 2214 5091 parte
2259 5025 2386 5078 dicit
2431 5024 2741 5078 admiranda
2785 5042 2902 5094 qua:
2929 5027 3176 5093 gesserit.
3230 5026 3403 5079 Tertia
3452 5043 3652 5083 omnes

2066 5115 2284 5168 devotos
2306 5114 2576 5176 admonet,
2603 5126 2655 5167 ut
2684 5115 2789 5167 Deo
2814 5116 3032 5169 terribili
3064 5132 3279 5169 munera
3310 5117 3501 5170 offerre
3536 5135 3649 5170 non

2066 5204 2331 5267 desinant,
2378 5205 2465 5271 qui
2514 5205 2757 5271 spiritum
2809 5206 3100 5273 principum
3129 5206 3344 5260 salutari
3388 5208 3654 5261 eruenda-

2069 5296 2212 5347 tione
2240 5294 2499 5361 purificat.
2533 5294 2662 5360 Qua:
2695 5306 2868 5364 partes
2894 5294 3299 5364 diapsalrnatunt
3330 5308 3450 5350 sunt
3478 5298 3654 5351 inter-

2069 5382 2327 5450 positione
2353 5382 2540 5436 divisa.

2602 5492 2868 5563 Expositio
2896 5498 3099 5566 psalmi.

2142 5606 2294 5660 Vers.
2331 5608 2381 5659 1.
2416 5605 2581 5658 Notus
2612 5607 2661 5658 in
2692 5605 2875 5659 Juda’a
2920 5607 3090 5672 Dens;
3123 5610 3171 5660 in
3202 5608 3366 5661 Israel
3403 5626 3655 5678 magnum

2072 5714 2248 5751 nomen
2279 5698 2407 5768 ejus.
2442 5695 2619 5751 Potest
2650 5698 2734 5751 hic
2759 5712 2941 5751 versus
2972 5700 3273 5753 nor-nullan.
3305 5698 3476 5755 facere
3500 5720 3651 5771 qua:-
