3952 6162
244 319 327 370 liii

1124 321 1489 379 EXPOSITIU
1529 323 1594 378 ΙΝ
1639 323 2098 380 PSALTERIUM.
2143 325 2338 381 PSAL.
2384 327 2591 381 LXXV.

3390 330 3492 384 δη

243 437 481 501 stionem,
511 451 608 491 cur
637 437 833 492 dictum
875 439 966 504 sit,
994 440 1047 494 in
1074 439 1261 496 Judwa
1295 452 1472 497 notum
1507 444 1692 509 Deum,
1726 443 1811 499 ubi
1841 446 1889 500 Α
1919 443 2117 512 telligi;
2167 446 2406 512 miroque
2448 444 2609 499 modo
2653 445 2706 498 in
2754 446 2953 500 sanctis
2992 455 3192 500 tantum
3233 446 3495 500 mentibus

241 526 396 595 magis
435 526 704 581 Christum
760 531 1038 586 Dominum
1075 542 1284 587 constat
1320 551 1439 590 esse
1483 538 1816 590 cruciﬁxum.

239 621 332 673 Sed
356 621 482 688 quid
506 622 577 674 sit
595 619 780 675 Judtea
802 622 1058 679 debemus
1080 625 1374 694 inquirere,
1402 637 1456 681 ut
1480 629 1631 681 nobis
1654 630 1820 695 possit

241 712 425 765 veritas
469 716 748 767 sententia:
781 715 1036 771 relucere.
1079 717 1330 784 Quamvis
1360 721 1502 774 enim
1537 721 1586 774 in
1614 721 1819 776 duode-

236 803 328 856 cim
359 803 603 858 tribubus
628 803 935 860 Judtnorum
962 810 1122 862 tuerit
1169 811 1393 878 populus
1418 811 1754 879 distributus,
1785 828 1814 866 a

235 893 357 947 Juda
391 905 568 948 tamen
602 896 708 948 ﬁlio
734 896 896 951 Jacob
924 898 1141 953 Judaeos
1179 911 1388 954 constat
1413 916 1533 955 esse
1556 913 1772 957 vocatos
1797 921 1811 970 ;

236 1002 288 1036 et
318 985 473 1053 cujus
503 1001 702 1054 genere
731 1004 887 1059 reges
911 991 1010 1044 sibi
1042 991 1221 1045 divina
1243 993 1640 1062 dispensatione
1668 1011 1815 1050 crea-

237 1086 455 1140 verunt;
493 1087 548 1130 ut
574 1092 705 1131 vena
738 1079 826 1132 illa
855 1081 1048 1148 regalis
1070 1083 1274 1151 origine
1299 1085 1474 1136 carnis
1507 1085 1814 1151 proveniret

237 1181 394 1235 usque
433 1167 501 1220 ad
541 1167 802 1236 Principis
844 1171 1083 1226 caelestis
1125 1174 1430 1228 adventum.
1481 1175 1812 1245 Quapmpter

207 1255 464 1308 .ludwam
495 1272 675 1310 veram
708 1258 905 1312 Christi
947 1268 1156 1316 constat
1185 1276 1303 1317 esse
1343 1264 1680 1336 Ecclesiam.~
1704 1268 1806 1322 Ju-

235 1349 336 1398 dtra
380 1348 524 1399 enim
565 1349 826 1402 conﬁtens
871 1351 1286 1419 interpretatur:
1319 1356 1544 1410 credens
1574 1359 1624 1410 in
1658 1359 1805 1413 illum

235 1435 429 1503 Regem
464 1438 553 1504 qui
587 1451 683 1505 per
704 1437 973 1507 Virginem
1000 1441 1216 1495 Mariam
1240 1446 1381 1498 venit
1404 1461 1466 1498 ex
1493 1447 1627 1500 tribu
1653 1448 1804 1504 Juda.

231 1525 354 1577 Nam
385 1525 459 1579 illi
494 1525 658 1580 Judari
688 1529 898 1598 proprie
929 1545 1032 1584 non
1072 1531 1357 1599 dicuntur,
1391 1537 1477 1602 qui
1508 1551 1566 1590 se
1595 1551 1623 1589 a
1653 1537 1805 1592 Citri-

231 1625 328 1679 sto,
376 1616 428 1670 id
466 1629 547 1670 est
591 1633 620 1670 a
655 1618 806 1672 Juda:
854 1635 1052 1687 genere
1093 1634 1375 1678 extraneos
1423 1626 1800 1694 reddiderunt,

229 1707 364 1761 unde
398 1707 477 1761 eis
505 1724 696 1763 nomen
724 1720 930 1764 constat
955 1703 1278 1781 impositum.
1312 1715 1410 1784 ipsi
1443 1717 1582 1770 enim
1608 1719 1659 1771 in
1694 1719 1802 1773 Du-

1924 535 2259 602 requiescere
2282 535 2492 601 dicitur,
2517 536 2606 606 qui
2631 551 2841 591 omnem
2873 537 3045 591 locum
3073 538 3302 606 Spatiosa
3335 539 3496 608 largi-

1923 634 2028 678 tate
2061 626 2455 693 complectitur.

1990 722 2143 777 Vers.
2172 725 2224 776 5.
2254 723 2337 777 Ibi
2365 725 2613 795 confregit
2652 742 2842 777 cornua
2872 742 3100 789 arcuum,
3133 735 3350 789 scutum,
3385 728 3497 796 gla-

1919 815 2060 868 dium
2105 823 2150 866 et
2200 816 2402 869 bellant.
2448 814 2550 881 Ibi,
2598 817 2649 869 in
2695 816 2780 868 illa
2828 830 2956 884 pace
2984 817 3209 880 scilicet,
3242 825 3290 868 et
3323 816 3373 868 in
3405 815 3492 868 illa

1917 907 2364 973 contemplatione
2416 907 2635 960 Deitatis
2674 923 2829 975 quam
2883 907 3127 973 superius
3167 906 3318 960 dixit.
3359 906 3491 959 Nam

1916 996 2001 1048 ubi
2036 994 2292 1049 Dominus
2325 997 2468 1064 pacis
2511 995 2757 1050 habitare
2802 996 3070 1063 dignatur,
3102 995 3199 1049 ista
3244 997 3494 1066 frangun-

1915 1096 2028 1153 tur,
2060 1102 2170 1158 nec‘
2193 1097 2412 1153 possunt
2437 1087 2556 1139 talia
2585 1088 2893 1155 praevalere,
2927 1087 3028 1140 nisi
3057 1087 3144 1140 ubi
3175 1102 3233 1141 se
3262 1087 3491 1141 humana

1913 1179 2240 1232 concertatio
2274 1180 2528 1247 probatur
2567 1179 2882 1232 accendere.
2918 1177 3123 1231 Cornua
3167 1193 3380 1230 arcuum
3419 1178 3492 1231 si-

1912 1267 2161 1338 gniﬁcant
2202 1269 2458 1322 malitiam
2502 1267 2875 1336 superborum,
2923 1282 2988 1321 ex
3039 1266 3233 1336 quibus
3272 1267 3493 1320 veniunt

1878 1415 1881 1418 _
1911 1357 2145 1412 innoxiis
2178 1359 2396 1412 vulnera
2429 1367 2482 1412 et
2512 1349 2736 1413 nefanda
2773 1359 3100 1412 discrimina.
3153 1357 3368 1412 Scutum
3400 1357 3488 1412 hic

1908 1452 2276 1518 accipiendum
2323 1459 2404 1505 est
2445 1452 2508 1503 ad
2556 1451 2985 1504 concertationes
3033 1450 3390 1520 iniquissimus
3434 1460 3488 1504 et

1909 1541 2170 1595 diabolica
2219 1541 2405 1594 fraude
2453 1552 2821 1610 prtesomptas.
2850 1539 3069 1594 Gladius
3094 1543 3158 1594 ad
3191 1542 3484 1609 periculosa

1907 1641 2066 1698 atque
2110 1631 2388 1684 manifesta
2420 1634 2660 1683 vulnera.
2705 1630 3037 1684 Postremum
3068 1630 3244 1684 intulit
3274 1626 3484 1698 bellum,

1866 1720 1876 1732 “
1907 1723 2045 1791 quod
2076 1723 2321 1776 absolute
2352 1725 2464 1791 paci
2495 1730 2822 1775 monstratur
2849 1735 2967 1774 esse
2990 1723 3334 1784 contrarium.
3363 1711 3488 1775 ΙΙωο

229 1798 351 1850 mini
389 1798 673 1852 traditione
719 1801 1002 1854 dixerunt:
1046 1801 1158 1856 Nos
1193 1820 1359 1874 regem
1402 1823 1501 1858 non
1537 1807 1803 1875 habemus,
1836 1817 1882 1874 Β
1911 1812 2086 1866 omnia
2129 1824 2310 1865 notum
2352 1824 2433 1866 est
2474 1813 2735 1881 confracta
2765 1819 2923 1877 atque
2962 1810 3160 1862 minuta
3189 1810 3485 1872 discedere,

226 1893 318 1944 nisi
347 1891 602 1945 Casuram
633 1891 814 1964 (Joan.
847 1910 960 1959 XIX,
995 1895 1108 1965 15).
1140 1896 1291 1952 Unde
1329 1915 1456 1967 ergo
1495 1899 1662 1954 Judmi
1709 1916 1802 1955 ve-

227 1984 424 2035 raciter
461 1981 567 2036 dici
607 1995 847 2052 possunt,
891 1987 978 2054 qui
1023 2002 1128 2040 non
1172 1988 1367 2056 Regem
1399 1990 1688 2058 Christum,
1711 1993 1803 2047 sed

225 2074 494 2129 Cresarem
525 2089 582 2130 se
607 2076 800 2132 habere
825 2079 1048 2146 professi
1075 2081 1240 2134 sunt?
1265 2081 1535 2149 Sequitur,
1565 2085 1616 2136 in
1639 2083 1806 2138 Israel

223 2182 468 2240 magnum
495 2182 676 2220 nomen
705 2169 836 2236 ejus.
869 2168 1037 2223 Israel
1067 2171 1400 2240 interpretari
1440 2174 1692 2240 diximus,
1724 2177 1806 2230 vir

225 2259 415 2312 videns
446 2257 635 2312 Deum.
665 2260 730 2313 Et
757 2262 1023 2329 quomodo
1048 2263 1146 2317 sibi
1179 2263 1314 2319 istud
1352 2281 1546 2320 nomen
1576 2269 1803 2322 rationa-

225 2351 405 2404 biliter
435 2351 704 2406 vindicare
737 2363 978 2419 possunt,
1004 2355 1094 2422 qui
1119 2355 1282 2410 Deum
1306 2373 1409 2412 non
1433 2369 1802 2426 aguoSreutt-s.

224 2451 475 2510 tanquam
528 2441 800 2496 hominem
848 2444 1167 2514 cruciﬁgere
1219 2446 1610 2514 decreverunt,
1669 2454 1802 2504 sicut

219 2532 343 2586 dicit
371 2533 664 2600 Apostolus
692 2552 704 2588 :
738 2534 800 2588 Si
836 2538 1200 2604 cognovissent,
1236 2554 1490 2608 nunquam
1534 2540 1802 2594 Dominum

217 2626 398 2692 gloriae
426 2624 798 2685 cruciﬁxisscnt
847 2625 893 2694 (Ι
939 2625 1055 2680 Cor.
1100 2642 1156 2692 tt,
1188 2627 1286 2696 8)?
1328 2628 1633 2683 Amiscrunt
1675 2646 1802 2700 ergo

217 2729 266 2771 et
296 2717 445 2771 istud
478 2732 698 2781 nomen,
731 2719 818 2788 qui
865 2717 1128 2785 majestati
1159 2718 1275 2788 ejus
1321 2721 1649 2790 nequaquam
1683 2737 1800 2776 ere-

215 2809 341 2864 dere
372 2809 676 2862 voluerunt.
708 2809 985 2864 Miserritni
1013 2809 1282 2864 hominum
1311 2814 1323 2863 ε
1357 2812 1445 2880 qui
1472 2826 1588 2865 cum
1618 2828 1802 2868 mune-

211 2899 363 2954 ribus
393 2901 568 2953 sacris
592 2899 752 2952 simul
801 2908 854 2953 et
899 2899 1112 2954 nomina
1159 2900 1523 2968 perdiderunt.
1558 2902 1636 2954 Ad
1683 2902 1800 2956 illos

213 3008 340 3061 ergo
370 2995 458 3062 (ut
485 2991 749 3062 diximus)
779 2993 861 3046 hic
887 2996 1119 3061 psalmus
1149 2994 1400 3064 loquitur,
1434 2993 1520 3063 qui
1562 3009 1689 3048 vero
1722 2995 1801 3049 lu-

213 3089 358 3142 mine
389 3087 586 3142 radiati
631 3102 659 3139 a
699 3087 1017 3155 perﬁdorum
1061 3087 1341 3156 iniquitate
1382 3087 1594 3142 discreti
1632 3097 1794 3142 sunt:

1910 1903 1994 1956 ubi
2023 1903 2206 1956 venire
2237 1910 2440 1956 certum
2485 1911 2566 1954 est
2612 1902 2754 1970 pacis
2799 1908 3096 1953 auctorem.
3139 1900 3267 1964 Qum
3315 1899 3483 1968 ﬁgura

1909 1992 2102 2048 dicitur
2139 1995 2376 2064 energia,
2409 1993 2459 2046 id
2506 2006 2580 2046 ρει
2637 1993 2966 2062 ἱηιθεῑηειιὶο,
3017 2006 3136 2061 quae
3179 2000 3353 2046 actum
3407 1992 3486 2048 rei

1909 2084 2237 2154 incorporeis
2267 2083 2434 2137 oculis
2464 2083 2857 2136 subministrat.
3169 2094 3176 2100 ·

1979 2184 2131 2238 Vers.
2161 2184 2214 2236 ὁ.
2249 2182 2556 2236 Illuminans
2589 2192 2642 2234 tu
2674 2183 2968 2237 mirabiliter
2994 2201 3025 2236 a
3057 2185 3310 2238 montibus
3339 2196 3488 2239 mter-

1907 2273 2003 2325 nis.
2045 2272 2196 2326 Venit
2232 2272 2296 2324 ad
2333 2271 2618 2325 secundam
2654 2283 2880 2337 partem,
2911 2275 2997 2327 ubi
3027 2269 3235 2329 diversa
3269 2275 3480 2330 Domini

1908 2366 2158 2418 miracula
2208 2371 2595 2432 consequenter
2640 2367 2876 2431 exponit.
2929 2365 2991 2418 Et
3036 2381 3104 2420 ne
3150 2375 3480 2435 quaereretur

1906 2455 2006 2509 ista
2046 2454 2359 2508 illtnninatio
2406 2453 2546 2508 unde
2599 2455 2880 2520 provenire
2930 2456 3209 2524 patuisset,
3254 2442 3480 2521 addidit,

1905 2560 1934 2596 a
1973 2545 2222 2596 montibus
2254 2543 2477 2604 (sternis,
2511 2543 2560 2595 id
2607 2553 2688 2596 est
2729 2544 3184 2612 prmdicatoribus,
3217 2547 3306 2614 qui
3355 2561 3480 2599 vere

1904 2642 2097 2685 montes
2133 2633 2306 2684 ωηινηὶ
2351 2640 2496 2694 sunt,
2530 2631 2651 2700 quia
2692 2643 2943 2701 perpetua
2975 2644 3027 2687 et
3055 2634 3478 2690 incommutabili

1902 2722 2222 2776 sublimitate
2258 2719 2577 2773 consistunt.
2610 2718 2828 2775 Terreni
2861 2721 3002 2774 enim
3043 2731 3239 2776 montes
3276 2733 3482 2791 tempo-

1902 2812 2039 2866 rales
2066 2822 2119 2866 et
2147 2810 2418 2866 inanimati
2447 2819 2568 2863 sunt
2600 2828 2611 2862 :
2647 2810 2725 2866 illi
2767 2825 2986 2864 munere
3029 2811 3234 2865 Domini
3266 2827 3482 2881 semper

1900 2900 2166 2970 sapientes
2196 2908 2389 2955 norunt
2415 2915 2534 2954 esse
2565 2901 2824 2970 perpetui.
2872 2900 2936 2953 Et
2985 2901 3204 2968 pulchre
3244 2903 3480 2956 veritatis

1899 2992 2143 3046 ordinem
2191 2990 2495 3046 custodivit.
2544 2989 2854 3044 Illuminare
2899 2991 3034 3045 dixit
3075 2991 3354 3046 Dominum
3389 3008 3481 3057 ter

1901 3090 2106 3136 montes
2136 3090 2386 3147 mternos,
2419 3082 2541 3150 quia
2578 3082 2692 3150 ipse
2733 3081 3004 3150 prophetis
3035 3091 3193 3150 atque
3223 3084 3478 3148 apostolis

210 3179 408 3246 quibus
439 3194 631 3233 revera
669 3195 913 3248 magnum
955 3195 1138 3232 nomen
1177 3187 1259 3232 est
1301 3178 1508 3232 Dooﬁni
1532 3220 1545 3244 ,
1588 3181 1798 3247 quando
1827 3191 1872 3254 ρ
1903 3173 2068 3238 dedit,
2100 3173 2240 3242 quod
2276 3189 2369 3240 per
2397 3181 2563 3226 totum
2593 3173 2846 3226 mundum
2891 3173 3266 3240 praedicatione
3297 3185 3477 3227 sancta

207 3285 329 3324 eum
365 3286 505 3338 puro
533 3269 696 3324 corde
731 3270 1052 3324 conﬁtentur
1089 3271 1276 3340 Regem
1305 3287 1510 3343 regum,
1553 3282 1596 3326 et
1624 3271 1802 3326 Domi-

209 3378 330 3413 num
358 3361 746 3414 dominantium
777 3362 955 3430 (Apoc.
983 3377 1094 3428 xu,
1127 3361 1236 3429 16).
1289 3395 1298 3403 -

275 3450 448 3522 257
469 3449 625 3503 Vers.
640 3451 695 3504 2.
719 3448 784 3501 Et
806 3449 970 3518 factus
988 3461 1060 3504 est
1087 3453 1138 3504 in
1162 3467 1286 3523 pace
1309 3452 1449 3506 locus
1462 3455 1588 3523 ejus,
1603 3463 1648 3508 et
1665 3452 1804 3506 habi-

211 3544 338 3594 tario
349 3547 472 3614 ejus
494 3543 550 3592 in
567 3541 715 3595 Sion.
735 3541 984 3595 Mirabilts
999 3541 1281 3611 brevisque
1293 3545 1574 3611 sententia,
1591 3545 1802 3612 quando

205 3634 378 3684 locum
413 3631 627 3685 Domini
661 3649 832 3700 pacem
861 3647 981 3686 esse
1012 3632 1285 3700 professus
1315 3645 1417 3696 est,
1473 3634 1592 3703 quia
1634 3635 1802 3689 nescit

203 3738 254 3774 tn
286 3725 402 3777 alio
452 3723 813 3790 requiescere,
849 3723 946 3776 nisi
985 3723 1075 3792 qui
1118 3738 1178 3778 se
1209 3723 1354 3777 novit
1386 3724 1633 3792 (Domino
1663 3741 1798 3794 pra:-

204 3813 416 3882 stante)
463 3813 748 3880 tranquilla
794 3813 1199 3868 conversatione
1231 3823 1474 3879 tractare,
1507 3816 1641 3868 sicut
1670 3815 1802 3868 scri-

198 3917 358 3974 ptum
391 3917 481 3961 est
509 3923 524 3958 :
554 3905 725 3975 Super
764 3922 912 3974 quem
951 3907 1216 3975 requiescit
1261 3905 1485 3976 Spiritus
1515 3922 1675 3971 meus,
1704 3905 1803 3958 nisi

196 4015 362 4067 super
407 3994 683 4060 humilem,
725 4004 771 4048 et
815 3995 1062 4066 quietum,
1102 4006 1148 4050 et
1183 3991 1473 4052 ueniente»:
1504 3997 1651 4050 verba
1692 4012 1800 4049 mea

191 4089 365 4155 (Ιωὶ.
402 4102 554 4148 Lxrt,
581 4086 680 4155 ‘2)?
707 4086 812 4140 Sed
841 4087 930 4140 ille
955 4087 1209 4153 probatur
1239 4103 1416 4156 pacem
1458 4087 1654 4141 habere
1679 4103 1797 4142 cum

195 4178 466 4244 Domino,
499 4178 588 4247 qui
630 4179 914 4231 adversum
961 4176 1210 4231 mandata
1258 4177 1374 4245 ejus
1412 4178 1674 4232 contraria
1706 4193 1802 4233 vo-

190 4271 415 4325 luntate
448 4286 560 4324 non
590 4270 780 4336 litigat,
815 4271 903 4330 qui
934 4268 1174 4337 sequitur
1202 4268 1346 4338 jussa
1378 4269 1720 4336 dominantis,
1745 4278 1801 4326 et

186 4369 254 4419 ad
289 4383 470 4422 omne
500 4376 826 4436 prmeeptum
859 4364 1095 4418 divinum
1125 4378 1277 4418 suum
1301 4363 1463 4418 ﬂectit
1495 4364 1795 4421 arbitrium.

187 4455 316 4512 Pa:
351 4460 507 4516 enim
541 4471 667 4512 vera
694 4465 774 4509 est
801 4455 1141 4509 concordiam
1187 4453 1383 4508 habere
1411 4468 1530 4506 cum
1559 4453 1796 4509 moribus

1904 3262 2169 3331 vulgatum
2199 3270 2297 3316 est.
2329 3263 2392 3314 Et
2420 3261 2672 3314 memoria
2703 3261 2936 3314 reconde
2965 3262 3085 3330 quia
3119 3277 3212 3329 per
3242 3263 3339 3315 hoc
3363 3264 3476 3331 epi—

1905 3352 2110 3417 theton,
2151 3353 2373 3416 azternis,
2411 3367 2567 3406 veros
2605 3352 2982 3421 prmdicamtes
3029 3367 3059 3405 a
3100 3352 3246 3405 falsis
3288 3369 3480 3423 seque-

1902 3443 2088 3497 stravit
2118 3441 2401 3496 lnereticis.
2432 3442 2505 3495 llli
2538 3443 2680 3496 enim
2713 3442 2888 3496 teterni
2928 3442 3032 3495 dici
3077 3457 3182 3495 non
3228 3454 3472 3511 possunt,

1901 3534 1989 3603 qui
2039 3533 2398 3602 perversitatis
2429 3533 2624 3587 caduca
2669 3533 2942 3598 docentes,
2971 3548 3088 3587 cum
3119 3534 3228 3586 suis
3255 3533 3474 3603 dogma-

1905 3627 2041 3679 tibus
2067 3626 2365 3680 abolentur.

1977 3725 2124 3778 Vers.
2158 3723 2208 3777 5.
2241 3724 2451 3777 Turbati
2474 3734 2588 3778 sunt
2618 3741 2786 3778 omnes
2826 3724 3117 3794 insipientes
3143 3723 3327 3786 corde;
3359 3724 3480 3777 dor-

1902 3816 2116 3866 mierunt
2155 3830 2387 3866 somnum
2422 3831 2589 3878 suum,
2629 3826 2678 3868 et
2707 3814 2838 3867 nihil
2868 3816 3160 3868 invenerunt
3187 3831 3356 3867 omnes
3386 3815 3479 3866 viri

1901 3906 2194 3958 divitiarum
2236 3907 2288 3956 in
2336 3905 2563 3956 manibus
2599 3906 2726 3957 suis.
2768 3904 3024 3973 Superius
3061 3905 3196 3958 dixit
3233 3905 3415 3958 ﬁdeles
3445 3919 3478 3959 a

1903 3996 2128 4051 Domino
2150 3996 2474 4049 illuminatos
2499 3985 2620 4050 esse
2651 4011 2744 4063 per
2767 4005 2990 4060 montes,
3017 4011 3155 4050 nunc
3183 3997 3476 4064 insipientes

1901 4092 2052 4143 corde
2082 4089 2307 4142 turbatos
2338 4089 2510 4157 posuit
2539 4097 2695 4155 atque
2732 4089 3000 4141 confusos.
3039 4089 3151 4140 Non
3181 4087 3470 4153 immerito,

1902 4178 2153 4248 quoniam
2183 4177 2248 4231 de
2281 4175 2742 4245 praedicationibus
2787 4177 2982 4230 sanctis
3021 4175 3157 4229 unde
3193 4175 3473 4229 illuminati

1900 4279 2021 4323 sunt
2047 4267 2198 4338 justi,
2223 4268 2514 4334 insipientes
2541 4265 2664 4319 inde
2693 4267 2879 4317 turbati
2909 4274 3046 4328 sunt,
3075 4273 3130 4318 et
3162 4264 3474 4318 recedentes

1900 4377 1932 4414 u
1955 4376 2078 4415 vero
2102 4360 2321 4425 lumine,
2347 4360 2622 4412 tenebrosa
2650 4357 2828 4410 mundi
2854 4355 3114 4410 desideria
3139 4365 3261 4410 sunt
3285 4357 3474 4410 secuti.

1902 4449 1993 4504 Isti
2025 4451 2332 4504 dormierunt
2376 4449 2676 4519 vigilantes,
2709 4463 3046 4516 somnumque
3076 4447 3128 4500 in
3158 4448 3309 4501 hunis
3339 4449 3471 4502 acti-

183 4551 418 4617 probis.
452 4557 506 4602 et
549 4547 758 4616 litigare
788 4561 910 4600 cum
957 4546 1120 4600 vitiis.
1167 4544 1560 4613 lnspiciendum
1590 4559 1797 4611 quoque
1825 4551 1878 4611 ι)
1902 4544 1998 4598 bus
2027 4544 2344 4607 habuerunt,
2380 4543 2468 4610 qui
2506 4539 2740 4595 confusis
2781 4554 2994 4608 sunper
3033 4539 3365 4592 turbabantur
3392 4555 3477 4594 er-

176 4642 338 4708 quod
395 4643 572 4694 locum
624 4638 848 4692 Domino
887 4637 1054 4701 dedit,
1086 4640 1171 4707 qui
1206 4636 1323 4690 loco
1365 4650 1468 4689 non
1498 4633 1793 4700 clauditur;

179 4733 284 4786 sed
321 4748 464 4786 cum
496 4729 699 4797 ubique
737 4728 808 4782 sit
841 4736 1002 4791 totus,
1033 4742 1130 4780 nec
1157 4725 1420 4796 aliquibus
1461 4725 1646 4793 spatiis
1685 4740 1797 4777 am-

177 4823 405 4886 biatur,
437 4820 680 4875 localiter
707 4829 882 4874 tamen
909 4819 1082 4873 inesse
1105 4818 1299 4872 dicitur
1320 4817 1513 4884 quibus
1539 4816 1797 4883 prepitius

172 4932 203 4966 a
248 4929 398 4969 esse
435 4915 706 4978 dignatur.
746 4911 1016 4979 Sequitur,
1048 4921 1092 4963 et
1120 4908 1366 4962 habitatio
1411 4909 1522 4975 ejus
1561 4908 1613 4961 in
1646 4907 1794 4962 Sion.

170 5007 322 5062 Sion
359 5005 539 5072 (sicut
569 5017 713 5071 szpe
743 5002 996 5071 diximus)
1021 5017 1173 5056 mons
1198 5013 1281 5055 est
1302 4999 1648 5069 Jerosolymis
1673 5014 1803 5054 con-

165 5105 457 5159 stitutus,
485 5094 573 5148 cui
604 5093 835 5147 nominis
864 5092 1232 5161 interpretatio
1259 5099 1342 5146 est
1370 5091 1680 5156 speculatio,
1707 5104 1802 5158 per

162 5203 358 5263 quam
399 5186 548 5240 ncus
577 5185 809 5240 ﬁdelium
838 5185 1000 5238 corde
1029 5185 1351 5254 prospicitur
1370 5182 1489 5253 [ms.
1522 5183 1607 5247 A.,
1639 5184 1800 5236 corda

163 5275 518 5350 prospicit].
554 5277 684 5330 Nam
715 5292 836 5330 cum
869 5290 928 5330 se
959 5277 1132 5329 oculis
1170 5274 1472 5330 carnalibus
1502 5274 1678 5327 Deitas
1712 5291 1798 5328 re-

159 5369 452 5424 verenda
503 5381 609 5419 non
663 5365 881 5434 pandat,
927 5365 1232 5432 cogitationi
1280 5373 1470 5416 tamen-
1503 5363 1795 5430 purissith

152 5480 222 5517 se
259 5458 566 5515 Divinitas
594 5473 805 5511 summa
841 5472 946 5509 non
975 5457 1230 5524 denegat;
1275 5470 1338 5509 ex
1385 5454 1498 5523 ipsa
1547 5456 1685 5508 enim
1720 5455 1797 5508 vi-

155 5557 344 5606 detur
387 5561 573 5619 parte,
605 5547 744 5602 unde
774 5547 890 5617 ejus
933 5557 1205 5614 portamus
1249 5545 1550 5614 imaginem.
1585 5545 1714 5598 Nam
1744 5553 1795 5598 et

149 5652 285 5717 ipse
321 5656 509 5698 mons
550 5642 606 5694 ﬁt
650 5639 802 5704 Sion,
835 5640 922 5708 qui
951 5654 1070 5692 eum
1102 5639 1358 5694 meruerit
1384 5641 1590 5693 sincera
1619 5645 1796 5690 mente

151 5737 550 5808 ιρτιιιιίςετε.
578 5731 635 5787 In
667 5731 757 5787 illo
789 5745 919 5800 ergo
950 5728 1168 5795 habitat,
1200 5743 1229 5783 a
1271 5746 1374 5800 quo
1418 5728 1669 5799 probatur
1710 5731 1793 5781 in-

1902 4636 2130 4690 roribus.
2183 4635 2322 4688 Bene
2363 4645 2538 4686 autem
2581 4647 2811 4686 somnum
2855 4631 3141 4699 appellavit
3184 4633 3472 4686 inﬁdelium

1901 4727 2079 4789 vitam,
2112 4727 2232 4794 quia
2276 4724 2494 4794 vigilare
2532 4739 2634 4777 non
2680 4731 2757 4776 est
2807 4723 3080 4792 profutura
3126 4723 3393 4790 negligere
3413 4732 3474 4800 et

1900 4820 2094 4875 caduCa
2123 4819 2450 4892 perquirere.
2504 4816 2567 4868 Et
2615 4817 2748 4870 bene
2787 4815 2990 4867 addidit
3026 4830 3193 4876 suum,
3240 4823 3296 4865 ut
3325 4828 3416 4866 eos
3443 4829 3472 4867 a

1901 4913 2175 4967 beatorum
2206 4909 2382 4978 quiete
2409 4907 2758 4961 discerneret.
2794 4905 2922 4959 Nam
2958 4907 3058 4960 iste
3086 4921 3288 4956 somnus
3317 4904 3470 4956 fallax

1900 5013 2060 5070 atquc
2104 5001 2357 5068 deceptor
2402 5006 2514 5062 est,
2555 5010 2610 5049 ttt
2652 4997 2809 5049 modo
2853 5011 2910 5049 sc
2955 4997 3212 5064 gaudeant
3259 4995 3472 5048 divitias

1902 5093 2241 5164 acquisiisse,
2289 5093 2448 5146 modo
2494 5090 2824 5144 nobilissimo
2872 5085 3119 5156 conjugio
3167 5085 3468 5154 copulatus,

1904 5188 2060 5239 modo
2106 5183 2264 5239 claris
2315 5182 2603 5236 honoribus
2647 5181 2806 5234 luisse
2854 5179 3157 5232 subvectus.
3207 5177 3310 5230 Sed
3352 5176 3472 5229 vide

1903 5277 2076 5346 qualis
2113 5289 2206 5329 eos
2243 5273 2484 5328 conlusio
2525 5271 2897 5338 subsequatur,
2928 5279 2972 5321 et
3015 5267 3142 5323 nihil
3178 5268 3470 5320 invenerunt

1898 5367 1990 5420 viri
2037 5365 2326 5418 divitiarum
2374 5363 2426 5415 in
2479 5361 2712 5412 manibus
2757 5361 2864 5412 suis
2895 5400 2908 5423 ,
2950 5369 3006 5411 ut
3047 5359 3144 5411 soli
3197 5357 3466 5410 hominum

1900 5454 2126 5524 perdant
2150 5454 2268 5526 [ηις.
2287 5455 2372 5514 Α.,
2397 5449 2656 5520 qua-rant]
2683 5449 2820 5518 quod
2856 5449 3072 5502 minime
3101 5447 3463 5515 possederunt,

1900 5547 2095 5613 liatque
2143 5543 2244 5595 illis
2283 5542 2331 5593 in
2365 5541 2548 5592 insana
2590 5539 2878 5592 amissione
2909 5541 3094 5600 luctus,
3124 5535 3212 5602 qui
3242 5551 3343 5588 non
3377 5535 3468 5587 Ita-

1900 5638 2127 5691 bucruut
2154 5633 2373 5688 fruendo
2404 5632 2662 5684 laetitiam.
2694 5630 2755 5685 Et
2784 5627 2994 5682 intende
3019 5627 3462 5695 quemadmodum

1899 5740 2087 5781 avaros
2113 5724 2352 5793 designat
2379 5732 2537 5792 atque
2567 5719 2768 5777 deﬁnit.
2813 5719 2948 5773 Dicit
2995 5717 3163 5787 enim,
3207 5717 3300 5798 viri
3343 5718 3468 5770 diri-
