  <div class='ocr_page' id='page_1' title='image "/cluster/home/n/w/nwhite01/storage/ocr_20150623/70/hvd.32044054758735/277.png"; bbox 0 0 3952 6162; ppageno 0'>
   <div class='ocr_carea' id='block_1_1' title="bbox 483 354 586 409">
    <p class='ocr_par' dir='ltr' id='par_1_1' title="bbox 483 354 586 409">
     <span class='ocr_line' id='line_1_1' title="bbox 483 354 586 409; baseline 0.019 -2"><span class='ocrx_word' id='word_1_1' title='bbox 483 354 586 409; x_wconf 67' lang='lat' dir='ltr'>M3</span> 
     </span>
    </p>
   </div>
   <div class='ocr_carea' id='block_1_2' title="bbox 1642 310 2472 386">
    <p class='ocr_par' dir='ltr' id='par_1_2' title="bbox 1642 310 2472 386">
     <span class='ocr_line' id='line_1_2' title="bbox 1642 310 2472 386; baseline -0.024 0"><span class='ocrx_word' id='word_1_2' title='bbox 1642 332 1712 386; x_wconf 80' lang='grc' dir='ltr'><strong>Μ.</strong></span> <span class='ocrx_word' id='word_1_3' title='bbox 1755 322 2034 384; x_wconf 75' lang='lat' dir='ltr'><strong>AURELll</strong></span> <span class='ocrx_word' id='word_1_4' title='bbox 2074 310 2472 374; x_wconf 67' lang='lat' dir='ltr'><strong>CASSIODURI</strong></span> 
     </span>
    </p>
   </div>
   <div class='ocr_carea' id='block_1_3' title="bbox 3592 303 3683 355">
    <p class='ocr_par' dir='ltr' id='par_1_3' title="bbox 3592 303 3683 355">
     <span class='ocr_line' id='line_1_3' title="bbox 3592 303 3683 355; baseline -0.011 0"><span class='ocrx_word' id='word_1_5' title='bbox 3592 303 3683 355; x_wconf 62' lang='grc' dir='ltr'>ΒΗ</span> 
     </span>
    </p>
   </div>
   <div class='ocr_carea' id='block_1_4' title="bbox 488 411 3686 533">
    <p class='ocr_par' dir='ltr' id='par_1_4' title="bbox 488 411 3686 533">
     <span class='ocr_line' id='line_1_4' title="bbox 488 411 3686 533; baseline -0.004 -51"><span class='ocrx_word' id='word_1_6' title='bbox 488 471 700 533; x_wconf 53' lang='lat' dir='ltr'><strong>mrum,</strong></span> <span class='ocrx_word' id='word_1_7' title='bbox 732 459 935 518; x_wconf 53' lang='lat' dir='ltr'><strong>scilicet</strong></span> <span class='ocrx_word' id='word_1_8' title='bbox 961 455 1052 527; x_wconf 67' lang='lat' dir='ltr'><strong>qui</strong></span> <span class='ocrx_word' id='word_1_9' title='bbox 1095 451 1334 525; x_wconf 66' lang='lat' dir='ltr'><strong>pecuniis</strong></span> <span class='ocrx_word' id='word_1_10' title='bbox 1370 448 1482 506; x_wconf 65' lang='lat' dir='ltr'><strong>suis</strong></span> <span class='ocrx_word' id='word_1_11' title='bbox 1522 445 1729 516; x_wconf 62' lang='grc' dir='ltr'><strong>ωριίνε</strong></span> <span class='ocrx_word' id='word_1_12' title='bbox 1761 447 1938 495; x_wconf 70' lang='lat' dir='ltr'><strong>mente</strong></span> <span class='ocrx_word' id='word_1_13' title='bbox 1965 436 2055 490; x_wconf 75' lang='lat' dir='ltr'><strong>de-</strong></span> <span class='ocrx_word' id='word_1_14' title='bbox 2086 436 2130 493; x_wconf 80' lang='grc' dir='ltr'>Α</span> <span class='ocrx_word' id='word_1_15' title='bbox 2161 431 2345 497; x_wconf 79' lang='lat' dir='ltr'><strong>faceret</strong></span> <span class='ocrx_word' id='word_1_16' title='bbox 2387 439 2558 479; x_wconf 85' lang='lat' dir='ltr'><strong>omnes</strong></span> <span class='ocrx_word' id='word_1_17' title='bbox 2583 421 2772 491; x_wconf 87' lang='lat' dir='ltr'><strong>quietos</strong></span> <span class='ocrx_word' id='word_1_18' title='bbox 2803 416 2955 490; x_wconf 87' lang='lat' dir='ltr'><strong>[mss.</strong></span> <span class='ocrx_word' id='word_1_19' title='bbox 2985 413 3074 480; x_wconf 88' lang='lat' dir='ltr'><strong>G.,</strong></span> <span class='ocrx_word' id='word_1_20' title='bbox 3117 411 3204 474; x_wconf 74' lang='grc' dir='ltr'><strong>Α..</strong></span> <span class='ocrx_word' id='word_1_21' title='bbox 3237 421 3522 483; x_wconf 72' lang='grc' dir='ltr'><strong>ηιαηειιειοι]</strong></span> <span class='ocrx_word' id='word_1_22' title='bbox 3543 424 3686 472; x_wconf 73' lang='lat' dir='ltr'><strong>ten-tr.</strong></span> 
     </span>
     <span class='ocr_line' id='line_1_5' title="bbox 1849 503 3686 533; baseline 0 0"><span class='ocrx_word' id='word_1_23' title='bbox 1849 532 1874 533; x_wconf 38' lang='grc' dir='ltr'>ρ</span> <span class='ocrx_word' id='word_1_24' title='bbox 2015 528 2026 533; x_wconf 92' lang='grc'><strong>-</strong></span> <span class='ocrx_word' id='word_1_25' title='bbox 2168 519 2209 533; x_wconf 69' lang='grc' dir='ltr'><strong>εν</strong></span> <span class='ocrx_word' id='word_1_26' title='bbox 2283 523 2290 533; x_wconf 66' lang='grc' dir='ltr'><em>ι</em></span> <span class='ocrx_word' id='word_1_27' title='bbox 2395 517 2485 533; x_wconf 24' lang='grc' dir='ltr'><strong>οῖ.-</strong></span> <span class='ocrx_word' id='word_1_28' title='bbox 2522 512 2582 533; x_wconf 25' lang='grc'><strong>-.1</strong></span> <span class='ocrx_word' id='word_1_29' title='bbox 2615 509 2886 533; x_wconf 70' lang='grc'><strong>-----..2,.....</strong></span> <span class='ocrx_word' id='word_1_30' title='bbox 2931 505 3221 533; x_wconf 70' lang='grc' dir='ltr'><strong>ειιηηησι.ὶιιο</strong></span> <span class='ocrx_word' id='word_1_31' title='bbox 3247 512 3322 533; x_wconf 64' lang='lat' dir='ltr'><strong>Au.</strong></span> <span class='ocrx_word' id='word_1_32' title='bbox 3376 503 3500 533; x_wconf 66' lang='grc' dir='ltr'><strong>Πζηῖο</strong></span> <span class='ocrx_word' id='word_1_33' title='bbox 3529 505 3647 533; x_wconf 57' lang='lat' dir='ltr'><strong>nni.“</strong></span> <span class='ocrx_word' id='word_1_34' title='bbox 3678 525 3686 533; x_wconf 94' lang='lat'><strong>.</strong></span> 
     </span>
    </p>
   </div>
   <div class='ocr_carea' id='block_1_5' title="bbox 488 528 2062 623">
    <p class='ocr_par' dir='ltr' id='par_1_5' title="bbox 488 528 2062 623">
     <span class='ocr_line' id='line_1_6' title="bbox 488 528 2062 623; baseline -0.025 -4"><span class='ocrx_word' id='word_1_35' title='bbox 488 528 746 618; x_wconf 82' lang='lat' dir='ltr'><strong>serviunt.</strong></span> <span class='ocrx_word' id='word_1_36' title='bbox 795 553 1045 623; x_wconf 77' lang='lat' dir='ltr'><strong>Sequitur</strong></span> <span class='ocrx_word' id='word_1_37' title='bbox 1092 546 1312 617; x_wconf 86' lang='lat' dir='ltr'><strong>pulchra</strong></span> <span class='ocrx_word' id='word_1_38' title='bbox 1361 538 1654 610; x_wconf 80' lang='lat' dir='ltr'><strong>emphasis,</strong></span> <span class='ocrx_word' id='word_1_39' title='bbox 1700 544 1757 588; x_wconf 90' lang='lat' dir='ltr'><strong>ut</strong></span> <span class='ocrx_word' id='word_1_40' title='bbox 1798 532 1971 586; x_wconf 90' lang='lat' dir='ltr'><strong>adhuc</strong></span> <span class='ocrx_word' id='word_1_41' title='bbox 2010 528 2062 580; x_wconf 88' lang='lat' dir='ltr'><strong>in</strong></span> 
     </span>
    </p>
   </div>
   <div class='ocr_carea' id='block_1_6' title="bbox 490 625 2066 711">
    <p class='ocr_par' dir='ltr' id='par_1_6' title="bbox 490 625 2066 711">
     <span class='ocr_line' id='line_1_7' title="bbox 490 625 2066 711; baseline -0.024 -5"><span class='ocrx_word' id='word_1_42' title='bbox 490 651 721 706; x_wconf 77' lang='lat' dir='ltr'><strong>manibus</strong></span> <span class='ocrx_word' id='word_1_43' title='bbox 761 644 870 700; x_wconf 83' lang='lat' dir='ltr'><strong>suis</strong></span> <span class='ocrx_word' id='word_1_44' title='bbox 909 647 1170 711; x_wconf 53' lang='lat' dir='ltr'><strong>quaerant,</strong></span> <span class='ocrx_word' id='word_1_45' title='bbox 1197 650 1317 691; x_wconf 89' lang='lat' dir='ltr'><strong>cum</strong></span> <span class='ocrx_word' id='word_1_46' title='bbox 1347 647 1408 687; x_wconf 89' lang='lat' dir='ltr'><strong>se</strong></span> <span class='ocrx_word' id='word_1_47' title='bbox 1435 628 1570 685; x_wconf 85' lang='lat' dir='ltr'><strong>nihil</strong></span> <span class='ocrx_word' id='word_1_48' title='bbox 1602 625 1836 681; x_wconf 82' lang='lat' dir='ltr'><strong>tenuisse</strong></span> <span class='ocrx_word' id='word_1_49' title='bbox 1868 632 2066 687; x_wconf 86' lang='lat' dir='ltr'><strong>cogno-</strong></span> 
     </span>
    </p>
   </div>
   <div class='ocr_carea' id='block_1_7' title="bbox 492 715 2066 802">
    <p class='ocr_par' dir='ltr' id='par_1_7' title="bbox 492 715 2066 802">
     <span class='ocr_line' id='line_1_8' title="bbox 492 715 2066 802; baseline -0.022 -6"><span class='ocrx_word' id='word_1_50' title='bbox 492 749 663 796; x_wconf 88' lang='lat' dir='ltr'><strong>scant.</strong></span> <span class='ocrx_word' id='word_1_51' title='bbox 698 733 978 802; x_wconf 87' lang='lat' dir='ltr'><strong>Emphasis</strong></span> <span class='ocrx_word' id='word_1_52' title='bbox 1005 730 1201 800; x_wconf 89' lang='lat' dir='ltr'><strong>quippe</strong></span> <span class='ocrx_word' id='word_1_53' title='bbox 1233 735 1317 782; x_wconf 89' lang='lat' dir='ltr'><strong>est</strong></span> <span class='ocrx_word' id='word_1_54' title='bbox 1342 719 1678 791; x_wconf 72' lang='lat' dir='ltr'><strong>exaggeratio</strong></span> <span class='ocrx_word' id='word_1_55' title='bbox 1701 715 1896 784; x_wconf 83' lang='lat' dir='ltr'><strong>duplex</strong></span> <span class='ocrx_word' id='word_1_56' title='bbox 1923 730 1935 765; x_wconf 91' lang='lat'><strong>:</strong></span> <span class='ocrx_word' id='word_1_57' title='bbox 1963 725 2066 765; x_wconf 88' lang='lat' dir='ltr'><strong>una</strong></span> 
     </span>
    </p>
   </div>
   <div class='ocr_carea' id='block_1_8' title="bbox 492 803 2068 899">
    <p class='ocr_par' dir='ltr' id='par_1_8' title="bbox 492 803 2068 899">
     <span class='ocr_line' id='line_1_9' title="bbox 492 803 2068 899; baseline -0.02 -16"><span class='ocrx_word' id='word_1_58' title='bbox 492 843 612 899; x_wconf 71' lang='lat' dir='ltr'><strong>qua:</strong></span> <span class='ocrx_word' id='word_1_59' title='bbox 660 826 779 895; x_wconf 89' lang='lat' dir='ltr'><strong>plus</strong></span> <span class='ocrx_word' id='word_1_60' title='bbox 825 821 1088 891; x_wconf 85' lang='lat' dir='ltr'><strong>signiﬁcat</strong></span> <span class='ocrx_word' id='word_1_61' title='bbox 1117 831 1276 887; x_wconf 87' lang='lat' dir='ltr'><strong>quam</strong></span> <span class='ocrx_word' id='word_1_62' title='bbox 1305 812 1460 879; x_wconf 90' lang='lat' dir='ltr'><strong>dicit,</strong></span> <span class='ocrx_word' id='word_1_63' title='bbox 1503 809 1666 863; x_wconf 85' lang='lat' dir='ltr'><strong>altera</strong></span> <span class='ocrx_word' id='word_1_64' title='bbox 1695 819 1815 873; x_wconf 71' lang='lat' dir='ltr'><strong>qua:</strong></span> <span class='ocrx_word' id='word_1_65' title='bbox 1843 803 2068 854; x_wconf 84' lang='lat' dir='ltr'><strong>demon-</strong></span> 
     </span>
    </p>
   </div>
   <div class='ocr_carea' id='block_1_9' title="bbox 497 888 2070 980">
    <p class='ocr_par' dir='ltr' id='par_1_9' title="bbox 497 888 2070 980">
     <span class='ocr_line' id='line_1_10' title="bbox 497 888 2070 980; baseline -0.02 -7"><span class='ocrx_word' id='word_1_66' title='bbox 497 888 629 973; x_wconf 75' lang='lat' dir='ltr'><strong>strat</strong></span> <span class='ocrx_word' id='word_1_67' title='bbox 655 888 811 971; x_wconf 79' lang='lat' dir='ltr'><strong>etiam</strong></span> <span class='ocrx_word' id='word_1_68' title='bbox 844 888 896 966; x_wconf 83' lang='lat' dir='ltr'><strong>id</strong></span> <span class='ocrx_word' id='word_1_69' title='bbox 927 909 1068 980; x_wconf 90' lang='lat' dir='ltr'><strong>quod</strong></span> <span class='ocrx_word' id='word_1_70' title='bbox 1107 923 1209 961; x_wconf 88' lang='lat' dir='ltr'><strong>non</strong></span> <span class='ocrx_word' id='word_1_71' title='bbox 1241 903 1392 959; x_wconf 88' lang='lat' dir='ltr'><strong>dicit.</strong></span> <span class='ocrx_word' id='word_1_72' title='bbox 1430 901 1534 955; x_wconf 87' lang='lat' dir='ltr'><strong>Sed</strong></span> <span class='ocrx_word' id='word_1_73' title='bbox 1567 898 1653 951; x_wconf 89' lang='lat' dir='ltr'><strong>hic</strong></span> <span class='ocrx_word' id='word_1_74' title='bbox 1682 896 1772 950; x_wconf 90' lang='lat' dir='ltr'><strong>illa</strong></span> <span class='ocrx_word' id='word_1_75' title='bbox 1803 905 1925 965; x_wconf 89' lang='lat' dir='ltr'><strong>pars</strong></span> <span class='ocrx_word' id='word_1_76' title='bbox 1949 888 2070 959; x_wconf 86' lang='lat' dir='ltr'><strong>ejus</strong></span> 
     </span>
    </p>
   </div>
   <div class='ocr_carea' id='block_1_10' title="bbox 499 986 2074 1075">
    <p class='ocr_par' dir='ltr' id='par_1_10' title="bbox 499 986 2074 1075">
     <span class='ocr_line' id='line_1_11' title="bbox 499 986 2074 1075; baseline -0.018 -11"><span class='ocrx_word' id='word_1_77' title='bbox 499 1019 600 1074; x_wconf 90' lang='lat' dir='ltr'><strong>est,</strong></span> <span class='ocrx_word' id='word_1_78' title='bbox 631 1023 748 1075; x_wconf 67' lang='lat' dir='ltr'><strong>qua:</strong></span> <span class='ocrx_word' id='word_1_79' title='bbox 791 1004 1054 1073; x_wconf 80' lang='lat' dir='ltr'><strong>signiﬁcat</strong></span> <span class='ocrx_word' id='word_1_80' title='bbox 1103 999 1262 1054; x_wconf 87' lang='lat' dir='ltr'><strong>etiam</strong></span> <span class='ocrx_word' id='word_1_81' title='bbox 1311 994 1451 1065; x_wconf 88' lang='lat' dir='ltr'><strong>quod</strong></span> <span class='ocrx_word' id='word_1_82' title='bbox 1492 1007 1596 1045; x_wconf 88' lang='lat' dir='ltr'><strong>non</strong></span> <span class='ocrx_word' id='word_1_83' title='bbox 1627 989 1775 1042; x_wconf 87' lang='lat' dir='ltr'><strong>dicit.</strong></span> <span class='ocrx_word' id='word_1_84' title='bbox 1813 986 1942 1038; x_wconf 84' lang='lat' dir='ltr'><strong>Nam</strong></span> <span class='ocrx_word' id='word_1_85' title='bbox 1976 998 2074 1052; x_wconf 88' lang='lat' dir='ltr'><strong>po-</strong></span> 
     </span>
    </p>
   </div>
   <div class='ocr_carea' id='block_1_11' title="bbox 503 1075 2076 1154">
    <p class='ocr_par' dir='ltr' id='par_1_11' title="bbox 503 1075 2076 1154">
     <span class='ocr_line' id='line_1_12' title="bbox 503 1075 2076 1154; baseline -0.018 1"><span class='ocrx_word' id='word_1_86' title='bbox 503 1099 678 1154; x_wconf 90' lang='lat' dir='ltr'><strong>nendo</strong></span> <span class='ocrx_word' id='word_1_87' title='bbox 717 1097 850 1148; x_wconf 83' lang='lat' dir='ltr'><strong>viros</strong></span> <span class='ocrx_word' id='word_1_88' title='bbox 897 1093 1211 1148; x_wconf 85' lang='lat' dir='ltr'><strong>divitiarum,</strong></span> <span class='ocrx_word' id='word_1_89' title='bbox 1257 1087 1419 1139; x_wconf 84' lang='lat' dir='ltr'><strong>totius</strong></span> <span class='ocrx_word' id='word_1_90' title='bbox 1460 1079 1642 1136; x_wconf 91' lang='lat' dir='ltr'><strong>mundi</strong></span> <span class='ocrx_word' id='word_1_91' title='bbox 1679 1075 1944 1132; x_wconf 78' lang='lat' dir='ltr'><strong>desideria</strong></span> <span class='ocrx_word' id='word_1_92' title='bbox 1981 1086 2076 1127; x_wconf 84' lang='lat' dir='ltr'><strong>eos</strong></span> 
     </span>
    </p>
   </div>
   <div class='ocr_carea' id='block_1_12' title="bbox 505 1164 2074 1253">
    <p class='ocr_par' dir='ltr' id='par_1_12' title="bbox 505 1164 2074 1253">
     <span class='ocr_line' id='line_1_13' title="bbox 505 1164 2074 1253; baseline -0.017 -10"><span class='ocrx_word' id='word_1_93' title='bbox 505 1187 756 1243; x_wconf 85' lang='lat' dir='ltr'><strong>habuisse</strong></span> <span class='ocrx_word' id='word_1_94' title='bbox 777 1183 1038 1253; x_wconf 74' lang='lat' dir='ltr'><strong>designat,</strong></span> <span class='ocrx_word' id='word_1_95' title='bbox 1063 1188 1120 1233; x_wconf 90' lang='lat' dir='ltr'><strong>ut</strong></span> <span class='ocrx_word' id='word_1_96' title='bbox 1142 1193 1234 1248; x_wconf 89' lang='lat' dir='ltr'><strong>per</strong></span> <span class='ocrx_word' id='word_1_97' title='bbox 1259 1172 1660 1230; x_wconf 88' lang='lat' dir='ltr'><strong>similitudinem</strong></span> <span class='ocrx_word' id='word_1_98' title='bbox 1682 1167 1845 1224; x_wconf 80' lang='lat' dir='ltr'><strong>somni</strong></span> <span class='ocrx_word' id='word_1_99' title='bbox 1867 1164 2074 1223; x_wconf 82' lang='lat' dir='ltr'><strong>diversa</strong></span> 
     </span>
    </p>
   </div>
   <div class='ocr_carea' id='block_1_13' title="bbox 511 1265 1594 1341">
    <p class='ocr_par' dir='ltr' id='par_1_13' title="bbox 511 1265 1594 1341">
     <span class='ocr_line' id='line_1_14' title="bbox 511 1265 1594 1341; baseline -0.018 -8"><span class='ocrx_word' id='word_1_100' title='bbox 511 1276 758 1334; x_wconf 84' lang='lat' dir='ltr'><strong>desiderii</strong></span> <span class='ocrx_word' id='word_1_101' title='bbox 783 1274 863 1328; x_wconf 91' lang='lat' dir='ltr'><strong>sui</strong></span> <span class='ocrx_word' id='word_1_102' title='bbox 894 1270 1234 1341; x_wconf 79' lang='lat' dir='ltr'><strong>perceptione</strong></span> <span class='ocrx_word' id='word_1_103' title='bbox 1267 1265 1594 1320; x_wconf 80' lang='lat' dir='ltr'><strong>ludereutur.</strong></span> 
     </span>
    </p>
   </div>
   <div class='ocr_carea' id='block_1_14' title="bbox 577 1345 2079 1434">
    <p class='ocr_par' dir='ltr' id='par_1_14' title="bbox 577 1345 2079 1434">
     <span class='ocr_line' id='line_1_15' title="bbox 577 1345 2079 1434; baseline -0.019 -11"><span class='ocrx_word' id='word_1_104' title='bbox 577 1370 731 1425; x_wconf 81' lang='lat' dir='ltr'><strong>Vers.</strong></span> <span class='ocrx_word' id='word_1_105' title='bbox 760 1366 812 1420; x_wconf 85' lang='lat'><strong>6.</strong></span> <span class='ocrx_word' id='word_1_106' title='bbox 840 1366 912 1419; x_wconf 84' lang='lat' dir='ltr'><strong>Ab</strong></span> <span class='ocrx_word' id='word_1_107' title='bbox 935 1362 1280 1434; x_wconf 82' lang='lat' dir='ltr'><strong>increpatione</strong></span> <span class='ocrx_word' id='word_1_108' title='bbox 1315 1369 1421 1420; x_wconf 84' lang='lat' dir='ltr'><strong>tua,</strong></span> <span class='ocrx_word' id='word_1_109' title='bbox 1455 1355 1589 1410; x_wconf 85' lang='lat' dir='ltr'><strong>Deus</strong></span> <span class='ocrx_word' id='word_1_110' title='bbox 1612 1347 1797 1413; x_wconf 77' lang='lat' dir='ltr'><strong>Iacob,</strong></span> <span class='ocrx_word' id='word_1_111' title='bbox 1828 1345 2079 1398; x_wconf 87' lang='lat' dir='ltr'><strong>dormita-</strong></span> 
     </span>
    </p>
   </div>
   <div class='ocr_carea' id='block_1_15' title="bbox 415 1432 2083 1527">
    <p class='ocr_par' dir='ltr' id='par_1_15' title="bbox 415 1432 2083 1527">
     <span class='ocr_line' id='line_1_16' title="bbox 415 1432 2083 1527; baseline -0.019 -11"><span class='ocrx_word' id='word_1_112' title='bbox 415 1461 418 1464; x_wconf 39' lang='grc'><strong>⁴</strong></span> <span class='ocrx_word' id='word_1_113' title='bbox 513 1466 683 1514; x_wconf 80' lang='lat' dir='ltr'><strong>verunt</strong></span> <span class='ocrx_word' id='word_1_114' title='bbox 712 1457 799 1527; x_wconf 90' lang='lat' dir='ltr'><strong>qui</strong></span> <span class='ocrx_word' id='word_1_115' title='bbox 827 1432 1162 1509; x_wconf 81' lang='lat' dir='ltr'><strong>ascenderunt</strong></span> <span class='ocrx_word' id='word_1_116' title='bbox 1190 1465 1362 1518; x_wconf 83' lang='lat' dir='ltr'><strong>equos.</strong></span> <span class='ocrx_word' id='word_1_117' title='bbox 1399 1444 1532 1500; x_wconf 92' lang='lat' dir='ltr'><strong>Cum</strong></span> <span class='ocrx_word' id='word_1_118' title='bbox 1577 1440 1744 1496; x_wconf 80' lang='lat' dir='ltr'><strong>soleat</strong></span> <span class='ocrx_word' id='word_1_119' title='bbox 1789 1432 2083 1504; x_wconf 85' lang='lat' dir='ltr'><strong>increpatio</strong></span> 
     </span>
    </p>
   </div>
   <div class='ocr_carea' id='block_1_16' title="bbox 515 1524 2085 1609">
    <p class='ocr_par' dir='ltr' id='par_1_16' title="bbox 515 1524 2085 1609">
     <span class='ocr_line' id='line_1_17' title="bbox 515 1524 2085 1609; baseline -0.017 -3"><span class='ocrx_word' id='word_1_120' title='bbox 515 1524 761 1606; x_wconf 81' lang='lat' dir='ltr'><strong>strenuos</strong></span> <span class='ocrx_word' id='word_1_121' title='bbox 790 1547 936 1600; x_wconf 87' lang='lat' dir='ltr'><strong>viros</strong></span> <span class='ocrx_word' id='word_1_122' title='bbox 971 1551 1158 1598; x_wconf 91' lang='lat' dir='ltr'><strong>cautos</strong></span> <span class='ocrx_word' id='word_1_123' title='bbox 1204 1549 1364 1609; x_wconf 87' lang='lat' dir='ltr'><strong>atque</strong></span> <span class='ocrx_word' id='word_1_124' title='bbox 1401 1535 1678 1606; x_wconf 84' lang='lat' dir='ltr'><strong>vigilantes</strong></span> <span class='ocrx_word' id='word_1_125' title='bbox 1706 1530 1940 1592; x_wconf 83' lang='lat' dir='ltr'><strong>efﬁcere,</strong></span> <span class='ocrx_word' id='word_1_126' title='bbox 1999 1524 2085 1580; x_wconf 89' lang='lat' dir='ltr'><strong>hic</strong></span> 
     </span>
    </p>
   </div>
   <div class='ocr_carea' id='block_1_17' title="bbox 517 1617 2085 1707">
    <p class='ocr_par' dir='ltr' id='par_1_17' title="bbox 517 1617 2085 1707">
     <span class='ocr_line' id='line_1_18' title="bbox 517 1617 2085 1707; baseline -0.018 -11"><span class='ocrx_word' id='word_1_127' title='bbox 517 1640 577 1696; x_wconf 83' lang='lat' dir='ltr'><strong>ab</strong></span> <span class='ocrx_word' id='word_1_128' title='bbox 605 1637 948 1707; x_wconf 83' lang='lat' dir='ltr'><strong>increpatione</strong></span> <span class='ocrx_word' id='word_1_129' title='bbox 978 1631 1208 1694; x_wconf 91' lang='lat' dir='ltr'><strong>Domini,</strong></span> <span class='ocrx_word' id='word_1_130' title='bbox 1239 1629 1328 1700; x_wconf 87' lang='lat' dir='ltr'><strong>qui</strong></span> <span class='ocrx_word' id='word_1_131' title='bbox 1372 1635 1455 1682; x_wconf 89' lang='lat' dir='ltr'><strong>est</strong></span> <span class='ocrx_word' id='word_1_132' title='bbox 1498 1624 1634 1678; x_wconf 88' lang='lat' dir='ltr'><strong>Deus</strong></span> <span class='ocrx_word' id='word_1_133' title='bbox 1672 1617 1864 1684; x_wconf 81' lang='lat' dir='ltr'><strong>Jacob,&#39;</strong></span> <span class='ocrx_word' id='word_1_134' title='bbox 1897 1617 2085 1670; x_wconf 88' lang='lat' dir='ltr'><strong>dormi-</strong></span> 
     </span>
    </p>
   </div>
   <div class='ocr_carea' id='block_1_18' title="bbox 518 1708 2086 1789">
    <p class='ocr_par' dir='ltr' id='par_1_18' title="bbox 518 1708 2086 1789">
     <span class='ocr_line' id='line_1_19' title="bbox 518 1708 2086 1789; baseline -0.016 -3"><span class='ocrx_word' id='word_1_135' title='bbox 518 1741 649 1785; x_wconf 79' lang='lat' dir='ltr'><strong>tum</strong></span> <span class='ocrx_word' id='word_1_136' title='bbox 695 1728 824 1784; x_wconf 90' lang='lat' dir='ltr'><strong>dicit</strong></span> <span class='ocrx_word' id='word_1_137' title='bbox 877 1723 1211 1788; x_wconf 86' lang='lat' dir='ltr'><strong>incredulos;</strong></span> <span class='ocrx_word' id='word_1_138' title='bbox 1259 1719 1459 1789; x_wconf 89' lang='lat' dir='ltr'><strong>utique,</strong></span> <span class='ocrx_word' id='word_1_139' title='bbox 1494 1715 1614 1786; x_wconf 87' lang='lat' dir='ltr'><strong>quia</strong></span> <span class='ocrx_word' id='word_1_140' title='bbox 1667 1721 1845 1768; x_wconf 86' lang='lat' dir='ltr'><strong>sancta</strong></span> <span class='ocrx_word' id='word_1_141' title='bbox 1888 1708 2086 1764; x_wconf 91' lang='lat' dir='ltr'><strong>monita</strong></span> 
     </span>
    </p>
   </div>
   <div class='ocr_carea' id='block_1_19' title="bbox 521 1794 2488 1890">
    <p class='ocr_par' dir='ltr' id='par_1_19' title="bbox 521 1794 2488 1890">
     <span class='ocr_line' id='line_1_20' title="bbox 521 1794 2488 1890; baseline -0.016 -14"><span class='ocrx_word' id='word_1_142' title='bbox 521 1820 855 1890; x_wconf 79' lang='lat' dir='ltr'><strong>negligenter</strong></span> <span class='ocrx_word' id='word_1_143' title='bbox 881 1827 1041 1885; x_wconf 88' lang='lat' dir='ltr'><strong>atque</strong></span> <span class='ocrx_word' id='word_1_144' title='bbox 1070 1813 1298 1882; x_wconf 91' lang='lat' dir='ltr'><strong>stupidis</strong></span> <span class='ocrx_word' id='word_1_145' title='bbox 1341 1809 1610 1866; x_wconf 88' lang='lat' dir='ltr'><strong>mentibus</strong></span> <span class='ocrx_word' id='word_1_146' title='bbox 1642 1804 1951 1860; x_wconf 86' lang='lat' dir='ltr'><strong>audierunt.</strong></span> <span class='ocrx_word' id='word_1_147' title='bbox 1990 1800 2093 1855; x_wconf 85' lang='lat' dir='ltr'><strong>Sed</strong></span> <span class='ocrx_word' id='word_1_148' title='bbox 2126 1800 2172 1858; x_wconf 94' lang='lat' dir='ltr'><strong>B</strong></span> <span class='ocrx_word' id='word_1_149' title='bbox 2200 1794 2488 1867; x_wconf 90' lang='lat' dir='ltr'><strong>probantur</strong></span> 
     </span>
    </p>
   </div>
   <div class='ocr_carea' id='block_1_20' title="bbox 521 1891 2095 1980">
    <p class='ocr_par' dir='ltr' id='par_1_20' title="bbox 521 1891 2095 1980">
     <span class='ocr_line' id='line_1_21' title="bbox 521 1891 2095 1980; baseline -0.013 -16"><span class='ocrx_word' id='word_1_150' title='bbox 521 1913 609 1980; x_wconf 91' lang='lat' dir='ltr'><strong>qui</strong></span> <span class='ocrx_word' id='word_1_151' title='bbox 635 1910 741 1963; x_wconf 88' lang='lat' dir='ltr'><strong>sint</strong></span> <span class='ocrx_word' id='word_1_152' title='bbox 762 1907 849 1963; x_wconf 90' lang='lat' dir='ltr'><strong>isti</strong></span> <span class='ocrx_word' id='word_1_153' title='bbox 871 1907 959 1976; x_wconf 88' lang='lat' dir='ltr'><strong>qui</strong></span> <span class='ocrx_word' id='word_1_154' title='bbox 985 1905 1402 1967; x_wconf 85' lang='lat' dir='ltr'><strong>dormitaverunt,</strong></span> <span class='ocrx_word' id='word_1_155' title='bbox 1428 1905 1815 1966; x_wconf 84' lang='lat' dir='ltr'><strong>consequenter</strong></span> <span class='ocrx_word' id='word_1_156' title='bbox 1844 1891 2095 1958; x_wconf 78' lang='lat' dir='ltr'><strong>exponit:</strong></span> 
     </span>
    </p>
   </div>
   <div class='ocr_carea' id='block_1_21' title="bbox 521 1983 2103 2070">
    <p class='ocr_par' dir='ltr' id='par_1_21' title="bbox 521 1983 2103 2070">
     <span class='ocr_line' id='line_1_22' title="bbox 521 1983 2103 2070; baseline -0.011 -19"><span class='ocrx_word' id='word_1_157' title='bbox 521 1999 610 2070; x_wconf 78' lang='lat' dir='ltr'><strong>qui</strong></span> <span class='ocrx_word' id='word_1_158' title='bbox 646 1997 985 2050; x_wconf 86' lang='lat' dir='ltr'><strong>ascenderunt</strong></span> <span class='ocrx_word' id='word_1_159' title='bbox 1024 2001 1204 2063; x_wconf 80' lang='lat' dir='ltr'><strong>equos,</strong></span> <span class='ocrx_word' id='word_1_160' title='bbox 1231 1991 1283 2045; x_wconf 89' lang='lat' dir='ltr'><strong>id</strong></span> <span class='ocrx_word' id='word_1_161' title='bbox 1312 1989 1508 2058; x_wconf 89' lang='lat' dir='ltr'><strong>estqui</strong></span> <span class='ocrx_word' id='word_1_162' title='bbox 1551 1988 1601 2039; x_wconf 90' lang='lat' dir='ltr'><strong>in</strong></span> <span class='ocrx_word' id='word_1_163' title='bbox 1640 1983 1939 2053; x_wconf 83' lang='lat' dir='ltr'><strong>superbiam</strong></span> <span class='ocrx_word' id='word_1_164' title='bbox 1971 1996 2103 2034; x_wconf 90' lang='lat' dir='ltr'><strong>cre-</strong></span> 
     </span>
    </p>
   </div>
   <div class='ocr_carea' id='block_1_22' title="bbox 526 2072 2102 2155">
    <p class='ocr_par' dir='ltr' id='par_1_22' title="bbox 526 2072 2102 2155">
     <span class='ocr_line' id='line_1_23' title="bbox 526 2072 2102 2155; baseline -0.013 -13"><span class='ocrx_word' id='word_1_165' title='bbox 526 2097 758 2152; x_wconf 77' lang='lat' dir='ltr'><strong>scentes,</strong></span> <span class='ocrx_word' id='word_1_166' title='bbox 786 2080 934 2155; x_wconf 85' lang='lat' dir='ltr'><strong>quasi</strong></span> <span class='ocrx_word' id='word_1_167' title='bbox 965 2076 1118 2153; x_wconf 84' lang='lat' dir='ltr'><strong>equis</strong></span> <span class='ocrx_word' id='word_1_168' title='bbox 1147 2079 1483 2136; x_wconf 89' lang='lat' dir='ltr'><strong>currentibus</strong></span> <span class='ocrx_word' id='word_1_169' title='bbox 1511 2075 1694 2131; x_wconf 90' lang='lat' dir='ltr'><strong>mundi</strong></span> <span class='ocrx_word' id='word_1_170' title='bbox 1724 2073 1878 2128; x_wconf 85' lang='lat' dir='ltr'><strong>istius</strong></span> <span class='ocrx_word' id='word_1_171' title='bbox 1921 2072 2102 2124; x_wconf 86' lang='lat' dir='ltr'><strong>illece-</strong></span> 
     </span>
    </p>
   </div>
   <div class='ocr_carea' id='block_1_23' title="bbox 527 2161 2106 2246">
    <p class='ocr_par' dir='ltr' id='par_1_23' title="bbox 527 2161 2106 2246">
     <span class='ocr_line' id='line_1_24' title="bbox 527 2161 2106 2246; baseline -0.011 -14"><span class='ocrx_word' id='word_1_172' title='bbox 527 2177 650 2232; x_wconf 85' lang='lat' dir='ltr'><strong>bras</strong></span> <span class='ocrx_word' id='word_1_173' title='bbox 677 2185 1056 2246; x_wconf 79' lang='lat' dir='ltr'><strong>pervagantur.</strong></span> <span class='ocrx_word' id='word_1_174' title='bbox 1080 2173 1147 2226; x_wconf 84' lang='lat' dir='ltr'><strong>Et</strong></span> <span class='ocrx_word' id='word_1_175' title='bbox 1173 2172 1217 2226; x_wconf 90' lang='lat' dir='ltr'><strong>si</strong></span> <span class='ocrx_word' id='word_1_176' title='bbox 1246 2183 1461 2226; x_wconf 87' lang='lat' dir='ltr'><strong>causam</strong></span> <span class='ocrx_word' id='word_1_177' title='bbox 1491 2175 1648 2222; x_wconf 76' lang='lat' dir='ltr'><strong>tantm</strong></span> <span class='ocrx_word' id='word_1_178' title='bbox 1671 2161 2106 2233; x_wconf 72' lang='lat' dir='ltr'><strong>praecipitationis</strong></span> 
     </span>
    </p>
   </div>
   <div class='ocr_carea' id='block_1_24' title="bbox 529 2251 2105 2331">
    <p class='ocr_par' dir='ltr' id='par_1_24' title="bbox 529 2251 2105 2331">
     <span class='ocr_line' id='line_1_25' title="bbox 529 2251 2105 2331; baseline -0.013 -9"><span class='ocrx_word' id='word_1_179' title='bbox 529 2267 809 2331; x_wconf 77' lang='lat' dir='ltr'><strong>excutias,</strong></span> <span class='ocrx_word' id='word_1_180' title='bbox 868 2265 1050 2319; x_wconf 81' lang='lat' dir='ltr'><strong>fervor</strong></span> <span class='ocrx_word' id='word_1_181' title='bbox 1101 2261 1194 2318; x_wconf 88' lang='lat' dir='ltr'><strong>ille</strong></span> <span class='ocrx_word' id='word_1_182' title='bbox 1245 2261 1523 2323; x_wconf 87' lang='lat' dir='ltr'><strong>dormitat,</strong></span> <span class='ocrx_word' id='word_1_183' title='bbox 1575 2254 1847 2310; x_wconf 79' lang='lat' dir='ltr'><strong>festinatio</strong></span> <span class='ocrx_word' id='word_1_184' title='bbox 1904 2251 2105 2315; x_wconf 87' lang='lat' dir='ltr'><strong>stertit,</strong></span> 
     </span>
    </p>
   </div>
   <div class='ocr_carea' id='block_1_25' title="bbox 530 2341 2110 2428">
    <p class='ocr_par' dir='ltr' id='par_1_25' title="bbox 530 2341 2110 2428">
     <span class='ocr_line' id='line_1_26' title="bbox 530 2341 2110 2428; baseline -0.013 -15"><span class='ocrx_word' id='word_1_185' title='bbox 530 2370 784 2428; x_wconf 86' lang='lat' dir='ltr'><strong>actusque</strong></span> <span class='ocrx_word' id='word_1_186' title='bbox 810 2358 924 2426; x_wconf 87' lang='lat' dir='ltr'><strong>ipse</strong></span> <span class='ocrx_word' id='word_1_187' title='bbox 951 2365 1054 2410; x_wconf 90' lang='lat' dir='ltr'><strong>tam</strong></span> <span class='ocrx_word' id='word_1_188' title='bbox 1087 2367 1327 2424; x_wconf 63' lang='lat' dir='ltr'><strong>praeceps</strong></span> <span class='ocrx_word' id='word_1_189' title='bbox 1354 2365 1543 2405; x_wconf 90' lang='lat' dir='ltr'><strong>somno</strong></span> <span class='ocrx_word' id='word_1_190' title='bbox 1570 2347 1809 2416; x_wconf 88' lang='lat' dir='ltr'><strong>sepultus</strong></span> <span class='ocrx_word' id='word_1_191' title='bbox 1837 2351 1938 2397; x_wconf 88' lang='lat' dir='ltr'><strong>est.</strong></span> <span class='ocrx_word' id='word_1_192' title='bbox 1964 2341 2110 2396; x_wconf 88' lang='lat' dir='ltr'><strong>Talis</strong></span> 
     </span>
    </p>
   </div>
   <div class='ocr_carea' id='block_1_26' title="bbox 533 2436 2106 2517">
    <p class='ocr_par' dir='ltr' id='par_1_26' title="bbox 533 2436 2106 2517">
     <span class='ocr_line' id='line_1_27' title="bbox 533 2436 2106 2517; baseline -0.01 -13"><span class='ocrx_word' id='word_1_193' title='bbox 533 2451 627 2506; x_wconf 87' lang='lat' dir='ltr'><strong>fuit</strong></span> <span class='ocrx_word' id='word_1_194' title='bbox 669 2451 760 2504; x_wconf 90' lang='lat' dir='ltr'><strong>ille</strong></span> <span class='ocrx_word' id='word_1_195' title='bbox 796 2450 1003 2503; x_wconf 79' lang='lat' dir='ltr'><strong>Pharao</strong></span> <span class='ocrx_word' id='word_1_196' title='bbox 1031 2436 1121 2517; x_wconf 81' lang='lat' dir='ltr'><strong>qui</strong></span> <span class='ocrx_word' id='word_1_197' title='bbox 1148 2445 1446 2501; x_wconf 89' lang='lat' dir='ltr'><strong>ascendens</strong></span> <span class='ocrx_word' id='word_1_198' title='bbox 1485 2456 1673 2498; x_wconf 90' lang='lat' dir='ltr'><strong>currus</strong></span> <span class='ocrx_word' id='word_1_199' title='bbox 1717 2448 1876 2508; x_wconf 90' lang='lat' dir='ltr'><strong>atque</strong></span> <span class='ocrx_word' id='word_1_200' title='bbox 1918 2451 2106 2505; x_wconf 89' lang='lat' dir='ltr'><strong>equos,</strong></span> 
     </span>
    </p>
   </div>
   <div class='ocr_carea' id='block_1_27' title="bbox 539 2527 2116 2612">
    <p class='ocr_par' dir='ltr' id='par_1_27' title="bbox 539 2527 2116 2612">
     <span class='ocr_line' id='line_1_28' title="bbox 539 2527 2116 2612; baseline -0.013 -14"><span class='ocrx_word' id='word_1_201' title='bbox 539 2542 933 2612; x_wconf 87' lang='lat' dir='ltr'><strong>increpationes</strong></span> <span class='ocrx_word' id='word_1_202' title='bbox 962 2539 1173 2594; x_wconf 92' lang='lat' dir='ltr'><strong>Domini</strong></span> <span class='ocrx_word' id='word_1_203' title='bbox 1198 2537 1460 2592; x_wconf 79' lang='lat' dir='ltr'><strong>ohsduata</strong></span> <span class='ocrx_word' id='word_1_204' title='bbox 1487 2542 1665 2588; x_wconf 89' lang='lat' dir='ltr'><strong>mente</strong></span> <span class='ocrx_word' id='word_1_205' title='bbox 1694 2527 2037 2596; x_wconf 88' lang='lat' dir='ltr'><strong>contempsit,</strong></span> <span class='ocrx_word' id='word_1_206' title='bbox 2063 2535 2116 2579; x_wconf 91' lang='lat' dir='ltr'><strong>et</strong></span> 
     </span>
    </p>
   </div>
   <div class='ocr_carea' id='block_1_28' title="bbox 537 2615 2115 2701">
    <p class='ocr_par' dir='ltr' id='par_1_28' title="bbox 537 2615 2115 2701">
     <span class='ocr_line' id='line_1_29' title="bbox 537 2615 2115 2701; baseline -0.012 -14"><span class='ocrx_word' id='word_1_207' title='bbox 537 2633 866 2688; x_wconf 85' lang='lat' dir='ltr'><strong>dormitando</strong></span> <span class='ocrx_word' id='word_1_208' title='bbox 895 2629 1139 2701; x_wconf 86' lang='lat' dir='ltr'><strong>pervenit</strong></span> <span class='ocrx_word' id='word_1_209' title='bbox 1168 2627 1232 2684; x_wconf 91' lang='lat' dir='ltr'><strong>ad</strong></span> <span class='ocrx_word' id='word_1_210' title='bbox 1265 2636 1524 2682; x_wconf 64' lang='lat' dir='ltr'><strong>aeternum</strong></span> <span class='ocrx_word' id='word_1_211' title='bbox 1555 2635 1824 2687; x_wconf 89' lang='lat' dir='ltr'><strong>somnum,</strong></span> <span class='ocrx_word' id='word_1_212' title='bbox 1854 2618 1940 2672; x_wconf 87' lang='lat' dir='ltr'><strong>ubi</strong></span> <span class='ocrx_word' id='word_1_213' title='bbox 1974 2615 2115 2670; x_wconf 86' lang='lat' dir='ltr'><strong>nulla</strong></span> 
     </span>
    </p>
   </div>
   <div class='ocr_carea' id='block_1_29' title="bbox 539 2721 1070 2792">
    <p class='ocr_par' dir='ltr' id='par_1_29' title="bbox 539 2721 1070 2792">
     <span class='ocr_line' id='line_1_30' title="bbox 539 2721 1070 2792; baseline -0.009 -14"><span class='ocrx_word' id='word_1_214' title='bbox 539 2724 752 2792; x_wconf 84' lang='lat' dir='ltr'><strong>requies</strong></span> <span class='ocrx_word' id='word_1_215' title='bbox 780 2721 1070 2775; x_wconf 84' lang='lat' dir='ltr'><strong>invenitur.</strong></span> 
     </span>
    </p>
   </div>
   <div class='ocr_carea' id='block_1_30' title="bbox 621 2801 2121 2873">
    <p class='ocr_par' dir='ltr' id='par_1_30' title="bbox 621 2801 2121 2873">
     <span class='ocr_line' id='line_1_31' title="bbox 621 2801 2121 2873; baseline -0.012 -4"><span class='ocrx_word' id='word_1_216' title='bbox 621 2814 770 2869; x_wconf 75' lang='lat' dir='ltr'><strong>Vera.</strong></span> <span class='ocrx_word' id='word_1_217' title='bbox 814 2813 867 2867; x_wconf 87' lang='lat'><strong>7.</strong></span> <span class='ocrx_word' id='word_1_218' title='bbox 901 2811 978 2865; x_wconf 88' lang='lat' dir='ltr'><strong>Tu</strong></span> <span class='ocrx_word' id='word_1_219' title='bbox 1019 2808 1263 2864; x_wconf 86' lang='lat' dir='ltr'><strong>terribilis</strong></span> <span class='ocrx_word' id='word_1_220' title='bbox 1293 2823 1366 2873; x_wconf 86' lang='lat' dir='ltr'><strong>es,</strong></span> <span class='ocrx_word' id='word_1_221' title='bbox 1397 2816 1440 2861; x_wconf 85' lang='lat' dir='ltr'><strong>et</strong></span> <span class='ocrx_word' id='word_1_222' title='bbox 1469 2806 1581 2871; x_wconf 78' lang='lat' dir='ltr'><strong>quis</strong></span> <span class='ocrx_word' id='word_1_223' title='bbox 1618 2804 1814 2858; x_wconf 74' lang='lat' dir='ltr'><strong>resistet</strong></span> <span class='ocrx_word' id='word_1_224' title='bbox 1843 2801 1969 2855; x_wconf 85' lang='lat' dir='ltr'><strong>tibi?</strong></span> <span class='ocrx_word' id='word_1_225' title='bbox 2004 2807 2121 2852; x_wconf 88' lang='lat' dir='ltr'><strong>tunc</strong></span> 
     </span>
    </p>
   </div>
   <div class='ocr_carea' id='block_1_31' title="bbox 540 2893 2122 2976">
    <p class='ocr_par' dir='ltr' id='par_1_31' title="bbox 540 2893 2122 2976">
     <span class='ocr_line' id='line_1_32' title="bbox 540 2893 2122 2976; baseline -0.011 -15"><span class='ocrx_word' id='word_1_226' title='bbox 540 2907 603 2962; x_wconf 89' lang='lat' dir='ltr'><strong>ab</strong></span> <span class='ocrx_word' id='word_1_227' title='bbox 631 2907 711 2960; x_wconf 89' lang='lat' dir='ltr'><strong>ira</strong></span> <span class='ocrx_word' id='word_1_228' title='bbox 736 2915 823 2958; x_wconf 88' lang='lat' dir='ltr'><strong>tua</strong></span> <span class='ocrx_word' id='word_1_229' title='bbox 852 2903 974 2976; x_wconf 82' lang='lat' dir='ltr'><strong>[ms.</strong></span> <span class='ocrx_word' id='word_1_230' title='bbox 1009 2905 1099 2966; x_wconf 77' lang='lat' dir='ltr'><strong>A.,</strong></span> <span class='ocrx_word' id='word_1_231' title='bbox 1145 2917 1207 2955; x_wconf 80' lang='lat' dir='ltr'><strong>ea:</strong></span> <span class='ocrx_word' id='word_1_232' title='bbox 1244 2910 1362 2955; x_wconf 82' lang='lat' dir='ltr'><strong>tunc</strong></span> <span class='ocrx_word' id='word_1_233' title='bbox 1395 2899 1475 2951; x_wconf 88' lang='lat' dir='ltr'><strong>ira</strong></span> <span class='ocrx_word' id='word_1_234' title='bbox 1503 2894 1633 2967; x_wconf 77' lang='lat' dir='ltr'><strong>tua].</strong></span> <span class='ocrx_word' id='word_1_235' title='bbox 1677 2895 1840 2948; x_wconf 85' lang='lat' dir='ltr'><strong>Paulo</strong></span> <span class='ocrx_word' id='word_1_236' title='bbox 1869 2893 2122 2946; x_wconf 79' lang='lat' dir='ltr'><strong>attentius</strong></span> 
     </span>
    </p>
   </div>
   <div class='ocr_carea' id='block_1_32' title="bbox 546 2982 2121 3065">
    <p class='ocr_par' dir='ltr' id='par_1_32' title="bbox 546 2982 2121 3065">
     <span class='ocr_line' id='line_1_33' title="bbox 546 2982 2121 3065; baseline -0.014 -9"><span class='ocrx_word' id='word_1_237' title='bbox 546 2992 848 3056; x_wconf 79' lang='lat' dir='ltr'><strong>intueamur</strong></span> <span class='ocrx_word' id='word_1_238' title='bbox 880 2995 1008 3065; x_wconf 86' lang='lat' dir='ltr'><strong>quid</strong></span> <span class='ocrx_word' id='word_1_239' title='bbox 1037 3004 1224 3049; x_wconf 89' lang='lat' dir='ltr'><strong>versus</strong></span> <span class='ocrx_word' id='word_1_240' title='bbox 1256 2992 1358 3045; x_wconf 86' lang='lat' dir='ltr'><strong>iste</strong></span> <span class='ocrx_word' id='word_1_241' title='bbox 1388 2990 1714 3060; x_wconf 89' lang='lat' dir='ltr'><strong>pronuntiet.</strong></span> <span class='ocrx_word' id='word_1_242' title='bbox 1754 2985 2012 3053; x_wconf 88' lang='lat' dir='ltr'><strong>Superius</strong></span> <span class='ocrx_word' id='word_1_243' title='bbox 2039 2982 2121 3034; x_wconf 89' lang='lat' dir='ltr'><strong>di-</strong></span> 
     </span>
    </p>
   </div>
   <div class='ocr_carea' id='block_1_33' title="bbox 547 3069 2124 3157">
    <p class='ocr_par' dir='ltr' id='par_1_33' title="bbox 547 3069 2124 3157">
     <span class='ocr_line' id='line_1_34' title="bbox 547 3069 2124 3157; baseline -0.014 -12"><span class='ocrx_word' id='word_1_244' title='bbox 547 3091 625 3146; x_wconf 79' lang='lat' dir='ltr'><strong>xit</strong></span> <span class='ocrx_word' id='word_1_245' title='bbox 648 3090 933 3157; x_wconf 88' lang='lat' dir='ltr'><strong>increpare</strong></span> <span class='ocrx_word' id='word_1_246' title='bbox 980 3072 1259 3138; x_wconf 87' lang='lat' dir='ltr'><strong>Dominum</strong></span> <span class='ocrx_word' id='word_1_247' title='bbox 1292 3095 1385 3135; x_wconf 89' lang='lat' dir='ltr'><strong>eos</strong></span> <span class='ocrx_word' id='word_1_248' title='bbox 1415 3079 1501 3148; x_wconf 91' lang='lat' dir='ltr'><strong>qui</strong></span> <span class='ocrx_word' id='word_1_249' title='bbox 1529 3075 1818 3132; x_wconf 79' lang='lat' dir='ltr'><strong>ascendunt</strong></span> <span class='ocrx_word' id='word_1_250' title='bbox 1851 3087 2041 3141; x_wconf 88' lang='lat' dir='ltr'><strong>equos,</strong></span> <span class='ocrx_word' id='word_1_251' title='bbox 2073 3069 2124 3124; x_wconf 92' lang='lat' dir='ltr'><strong>id</strong></span> 
     </span>
    </p>
   </div>
   <div class='ocr_carea' id='block_1_34' title="bbox 552 3155 2123 3249">
    <p class='ocr_par' dir='ltr' id='par_1_34' title="bbox 552 3155 2123 3249">
     <span class='ocr_line' id='line_1_35' title="bbox 552 3155 2123 3249; baseline -0.015 -13"><span class='ocrx_word' id='word_1_252' title='bbox 552 3179 754 3249; x_wconf 88' lang='lat' dir='ltr'><strong>estqui</strong></span> <span class='ocrx_word' id='word_1_253' title='bbox 783 3155 846 3232; x_wconf 78' lang='lat' dir='ltr'><strong>ad</strong></span> <span class='ocrx_word' id='word_1_254' title='bbox 873 3175 1177 3244; x_wconf 88' lang='lat' dir='ltr'><strong>superbiam</strong></span> <span class='ocrx_word' id='word_1_255' title='bbox 1208 3155 1513 3240; x_wconf 83' lang='lat' dir='ltr'><strong>prosiliunt.</strong></span> <span class='ocrx_word' id='word_1_256' title='bbox 1557 3168 1612 3220; x_wconf 91' lang='lat' dir='ltr'><strong>lu</strong></span> <span class='ocrx_word' id='word_1_257' title='bbox 1652 3167 1735 3220; x_wconf 84' lang='lat' dir='ltr'><strong>illa</strong></span> <span class='ocrx_word' id='word_1_258' title='bbox 1772 3175 1948 3217; x_wconf 88' lang='lat' dir='ltr'><strong>autem</strong></span> <span class='ocrx_word' id='word_1_259' title='bbox 1983 3161 2123 3228; x_wconf 85' lang='lat' dir='ltr'><strong>iudi-</strong></span> 
     </span>
    </p>
   </div>
   <div class='ocr_carea' id='block_1_35' title="bbox 553 3251 2130 3326">
    <p class='ocr_par' dir='ltr' id='par_1_35' title="bbox 553 3251 2130 3326">
     <span class='ocr_line' id='line_1_36' title="bbox 553 3251 2130 3326; baseline -0.013 -2"><span class='ocrx_word' id='word_1_260' title='bbox 553 3271 764 3324; x_wconf 89' lang='lat' dir='ltr'><strong>catione</strong></span> <span class='ocrx_word' id='word_1_261' title='bbox 785 3267 991 3321; x_wconf 87' lang='lat' dir='ltr'><strong>cunctis</strong></span> <span class='ocrx_word' id='word_1_262' title='bbox 1014 3264 1143 3318; x_wconf 89' lang='lat' dir='ltr'><strong>dicit</strong></span> <span class='ocrx_word' id='word_1_263' title='bbox 1167 3275 1286 3316; x_wconf 88' lang='lat' dir='ltr'><strong>esse</strong></span> <span class='ocrx_word' id='word_1_264' title='bbox 1315 3259 1628 3320; x_wconf 90' lang='lat' dir='ltr'><strong>terribilem,</strong></span> <span class='ocrx_word' id='word_1_265' title='bbox 1655 3255 1867 3326; x_wconf 86' lang='lat' dir='ltr'><strong>quando</strong></span> <span class='ocrx_word' id='word_1_266' title='bbox 1891 3255 1941 3306; x_wconf 92' lang='lat' dir='ltr'><strong>in</strong></span> <span class='ocrx_word' id='word_1_267' title='bbox 1966 3251 2130 3321; x_wconf 79' lang='lat' dir='ltr'><strong>gloria</strong></span> 
     </span>
    </p>
   </div>
   <div class='ocr_carea' id='block_1_36' title="bbox 557 3341 2134 3431">
    <p class='ocr_par' dir='ltr' id='par_1_36' title="bbox 557 3341 2134 3431">
     <span class='ocr_line' id='line_1_37' title="bbox 557 3341 2134 3431; baseline -0.015 -15"><span class='ocrx_word' id='word_1_268' title='bbox 557 3360 851 3431; x_wconf 89' lang='lat' dir='ltr'><strong>maiestatis</strong></span> <span class='ocrx_word' id='word_1_269' title='bbox 877 3371 986 3413; x_wconf 66' lang='lat' dir='ltr'><strong>suae</strong></span> <span class='ocrx_word' id='word_1_270' title='bbox 1017 3355 1236 3410; x_wconf 87' lang='lat' dir='ltr'><strong>veniens</strong></span> <span class='ocrx_word' id='word_1_271' title='bbox 1270 3351 1527 3419; x_wconf 90' lang='lat' dir='ltr'><strong>superbos</strong></span> <span class='ocrx_word' id='word_1_272' title='bbox 1557 3347 1842 3411; x_wconf 82' lang='lat' dir='ltr'><strong>addixerit,</strong></span> <span class='ocrx_word' id='word_1_273' title='bbox 1873 3353 1927 3397; x_wconf 90' lang='lat' dir='ltr'><strong>et</strong></span> <span class='ocrx_word' id='word_1_274' title='bbox 1954 3341 2134 3394; x_wconf 88' lang='lat' dir='ltr'><strong>humi-</strong></span> 
     </span>
    </p>
   </div>
   <div class='ocr_carea' id='block_1_37' title="bbox 561 3431 2139 3516">
    <p class='ocr_par' dir='ltr' id='par_1_37' title="bbox 561 3431 2139 3516">
     <span class='ocr_line' id='line_1_38' title="bbox 561 3431 2139 3516; baseline -0.016 -9"><span class='ocrx_word' id='word_1_275' title='bbox 561 3453 701 3507; x_wconf 90' lang='lat' dir='ltr'><strong>libus</strong></span> <span class='ocrx_word' id='word_1_276' title='bbox 743 3449 904 3504; x_wconf 91' lang='lat' dir='ltr'><strong>corde</strong></span> <span class='ocrx_word' id='word_1_277' title='bbox 959 3455 1268 3516; x_wconf 88' lang='lat' dir='ltr'><strong>perpetuam</strong></span> <span class='ocrx_word' id='word_1_278' title='bbox 1318 3439 1608 3495; x_wconf 83' lang='lat' dir='ltr'><strong>contulerit</strong></span> <span class='ocrx_word' id='word_1_279' title='bbox 1654 3435 1984 3504; x_wconf 82' lang='lat' dir='ltr'><strong>dignitatem.</strong></span> <span class='ocrx_word' id='word_1_280' title='bbox 2042 3431 2139 3484; x_wconf 89' lang='lat' dir='ltr'><strong>llic</strong></span> 
     </span>
    </p>
   </div>
   <div class='ocr_carea' id='block_1_38' title="bbox 563 3523 2140 3602">
    <p class='ocr_par' dir='ltr' id='par_1_38' title="bbox 563 3523 2140 3602">
     <span class='ocr_line' id='line_1_39' title="bbox 563 3523 2140 3602; baseline -0.015 -6"><span class='ocrx_word' id='word_1_281' title='bbox 563 3541 705 3597; x_wconf 89' lang='lat' dir='ltr'><strong>enim</strong></span> <span class='ocrx_word' id='word_1_282' title='bbox 738 3539 886 3594; x_wconf 87' lang='lat' dir='ltr'><strong>multi</strong></span> <span class='ocrx_word' id='word_1_283' title='bbox 918 3536 1174 3591; x_wconf 88' lang='lat' dir='ltr'><strong>resistunt</strong></span> <span class='ocrx_word' id='word_1_284' title='bbox 1203 3529 1480 3602; x_wconf 68' lang='lat' dir='ltr'><strong>praeceptis</strong></span> <span class='ocrx_word' id='word_1_285' title='bbox 1505 3529 1640 3596; x_wconf 85' lang='lat' dir='ltr'><strong>eius,</strong></span> <span class='ocrx_word' id='word_1_286' title='bbox 1671 3524 1880 3595; x_wconf 88' lang='lat' dir='ltr'><strong>quando</strong></span> <span class='ocrx_word' id='word_1_287' title='bbox 1911 3523 2000 3577; x_wconf 89' lang='lat' dir='ltr'><strong>illa</strong></span> <span class='ocrx_word' id='word_1_288' title='bbox 2029 3538 2140 3575; x_wconf 86' lang='lat' dir='ltr'><strong>ma-</strong></span> 
     </span>
    </p>
   </div>
   <div class='ocr_carea' id='block_1_39' title="bbox 567 3619 2142 3706">
    <p class='ocr_par' dir='ltr' id='par_1_39' title="bbox 567 3619 2142 3706">
     <span class='ocr_line' id='line_1_40' title="bbox 567 3619 2142 3706; baseline -0.013 -18"><span class='ocrx_word' id='word_1_289' title='bbox 567 3634 650 3706; x_wconf 85' lang='lat' dir='ltr'><strong>gis</strong></span> <span class='ocrx_word' id='word_1_290' title='bbox 689 3639 945 3702; x_wconf 89' lang='lat' dir='ltr'><strong>appetunt</strong></span> <span class='ocrx_word' id='word_1_291' title='bbox 987 3643 1104 3698; x_wconf 72' lang='lat' dir='ltr'><strong>qua:</strong></span> <span class='ocrx_word' id='word_1_292' title='bbox 1155 3625 1323 3694; x_wconf 90' lang='lat' dir='ltr'><strong>ipsius</strong></span> <span class='ocrx_word' id='word_1_293' title='bbox 1367 3621 1582 3676; x_wconf 91' lang='lat' dir='ltr'><strong>monitis</strong></span> <span class='ocrx_word' id='word_1_294' title='bbox 1623 3619 1929 3671; x_wconf 86' lang='lat' dir='ltr'><strong>inhibentur</strong></span> <span class='ocrx_word' id='word_1_295' title='bbox 1967 3633 1980 3668; x_wconf 90' lang='lat'>:</span> <span class='ocrx_word' id='word_1_296' title='bbox 2019 3625 2142 3668; x_wconf 92' lang='lat' dir='ltr'><strong>tunc</strong></span> 
     </span>
    </p>
   </div>
   <div class='ocr_carea' id='block_1_40' title="bbox 569 3708 2141 3798">
    <p class='ocr_par' dir='ltr' id='par_1_40' title="bbox 569 3708 2141 3798">
     <span class='ocr_line' id='line_1_41' title="bbox 569 3708 2141 3798; baseline -0.015 -16"><span class='ocrx_word' id='word_1_297' title='bbox 569 3739 745 3783; x_wconf 90' lang='lat' dir='ltr'><strong>autem</strong></span> <span class='ocrx_word' id='word_1_298' title='bbox 773 3727 887 3798; x_wconf 82' lang='lat' dir='ltr'><strong>quis</strong></span> <span class='ocrx_word' id='word_1_299' title='bbox 915 3723 1130 3791; x_wconf 80' lang='lat' dir='ltr'><strong>resistet</strong></span> <span class='ocrx_word' id='word_1_300' title='bbox 1151 3719 1278 3789; x_wconf 86' lang='lat' dir='ltr'><strong>tibi?</strong></span> <span class='ocrx_word' id='word_1_301' title='bbox 1309 3717 1418 3770; x_wconf 88' lang='lat' dir='ltr'><strong>lloc</strong></span> <span class='ocrx_word' id='word_1_302' title='bbox 1458 3712 1699 3782; x_wconf 85' lang='lat' dir='ltr'><strong>negative</strong></span> <span class='ocrx_word' id='word_1_303' title='bbox 1733 3708 2009 3780; x_wconf 83' lang='lat' dir='ltr'><strong>legendum</strong></span> <span class='ocrx_word' id='word_1_304' title='bbox 2039 3716 2141 3771; x_wconf 87' lang='lat' dir='ltr'><strong>est,</strong></span> 
     </span>
    </p>
   </div>
   <div class='ocr_carea' id='block_1_41' title="bbox 567 3800 2148 3890">
    <p class='ocr_par' dir='ltr' id='par_1_41' title="bbox 567 3800 2148 3890">
     <span class='ocr_line' id='line_1_42' title="bbox 567 3800 2148 3890; baseline -0.015 -15"><span class='ocrx_word' id='word_1_305' title='bbox 567 3821 690 3890; x_wconf 89' lang='lat' dir='ltr'><strong>quia</strong></span> <span class='ocrx_word' id='word_1_306' title='bbox 729 3832 886 3873; x_wconf 89' lang='lat' dir='ltr'><strong>nemo</strong></span> <span class='ocrx_word' id='word_1_307' title='bbox 920 3813 990 3868; x_wconf 85' lang='lat' dir='ltr'><strong>ibi</strong></span> <span class='ocrx_word' id='word_1_308' title='bbox 1022 3821 1196 3881; x_wconf 89' lang='lat' dir='ltr'><strong>potest</strong></span> <span class='ocrx_word' id='word_1_309' title='bbox 1234 3809 1592 3878; x_wconf 79' lang='lat' dir='ltr'><strong>improborum</strong></span> <span class='ocrx_word' id='word_1_310' title='bbox 1641 3803 1910 3864; x_wconf 88' lang='lat' dir='ltr'><strong>resistere,</strong></span> <span class='ocrx_word' id='word_1_311' title='bbox 1941 3800 2027 3853; x_wconf 92' lang='lat' dir='ltr'><strong>ubi</strong></span> <span class='ocrx_word' id='word_1_312' title='bbox 2059 3814 2148 3852; x_wconf 88' lang='lat' dir='ltr'><strong>co-</strong></span> 
     </span>
    </p>
   </div>
   <div class='ocr_carea' id='block_1_42' title="bbox 566 3887 2147 3980">
    <p class='ocr_par' dir='ltr' id='par_1_42' title="bbox 566 3887 2147 3980">
     <span class='ocr_line' id='line_1_43' title="bbox 566 3887 2147 3980; baseline -0.013 -17"><span class='ocrx_word' id='word_1_313' title='bbox 566 3917 830 3980; x_wconf 81' lang='lat' dir='ltr'><strong>gnoscunt</strong></span> <span class='ocrx_word' id='word_1_314' title='bbox 876 3905 1156 3961; x_wconf 90' lang='lat' dir='ltr'><strong>Dominum</strong></span> <span class='ocrx_word' id='word_1_315' title='bbox 1185 3900 1361 3955; x_wconf 88' lang='lat' dir='ltr'><strong>omnia</strong></span> <span class='ocrx_word' id='word_1_316' title='bbox 1391 3897 1649 3954; x_wconf 88' lang='lat' dir='ltr'><strong>scelerata</strong></span> <span class='ocrx_word' id='word_1_317' title='bbox 1680 3887 1952 3946; x_wconf 83' lang='lat' dir='ltr'><strong>damnare.</strong></span> <span class='ocrx_word' id='word_1_318' title='bbox 2004 3890 2044 3943; x_wconf 85' lang='grc' dir='ltr'><strong><em>Τ</em></strong></span> <span class='ocrx_word' id='word_1_319' title='bbox 2049 3905 2147 3942; x_wconf 86' lang='lat' dir='ltr'><strong>unc</strong></span> 
     </span>
    </p>
   </div>
   <div class='ocr_carea' id='block_1_43' title="bbox 573 3981 2149 4062">
    <p class='ocr_par' dir='ltr' id='par_1_43' title="bbox 573 3981 2149 4062">
     <span class='ocr_line' id='line_1_44' title="bbox 573 3981 2149 4062; baseline -0.016 -5"><span class='ocrx_word' id='word_1_320' title='bbox 573 4002 714 4056; x_wconf 89' lang='lat' dir='ltr'><strong>enim</strong></span> <span class='ocrx_word' id='word_1_321' title='bbox 749 3999 895 4062; x_wconf 92' lang='lat' dir='ltr'><strong>dicit,</strong></span> <span class='ocrx_word' id='word_1_322' title='bbox 938 3996 989 4050; x_wconf 91' lang='lat' dir='ltr'><strong>id</strong></span> <span class='ocrx_word' id='word_1_323' title='bbox 1035 4005 1119 4049; x_wconf 91' lang='lat' dir='ltr'><strong>est</strong></span> <span class='ocrx_word' id='word_1_324' title='bbox 1164 4003 1402 4060; x_wconf 91' lang='lat' dir='ltr'><strong>tempore</strong></span> <span class='ocrx_word' id='word_1_325' title='bbox 1443 3986 1646 4058; x_wconf 90' lang='lat' dir='ltr'><strong>iudicii,</strong></span> <span class='ocrx_word' id='word_1_326' title='bbox 1677 3984 1765 4053; x_wconf 90' lang='lat' dir='ltr'><strong>qui</strong></span> <span class='ocrx_word' id='word_1_327' title='bbox 1802 3981 1964 4053; x_wconf 77' lang='lat'><strong>258</strong></span> <span class='ocrx_word' id='word_1_328' title='bbox 1990 3981 2149 4035; x_wconf 89' lang='lat' dir='ltr'><strong>etiam</strong></span> 
     </span>
    </p>
   </div>
   <div class='ocr_carea' id='block_1_44' title="bbox 576 4074 2153 4149">
    <p class='ocr_par' dir='ltr' id='par_1_44' title="bbox 576 4074 2153 4149">
     <span class='ocr_line' id='line_1_45' title="bbox 576 4074 2153 4149; baseline -0.017 0"><span class='ocrx_word' id='word_1_329' title='bbox 576 4093 692 4149; x_wconf 88' lang='lat' dir='ltr'><strong>dies</strong></span> <span class='ocrx_word' id='word_1_330' title='bbox 741 4091 834 4146; x_wconf 67' lang='lat' dir='ltr'><strong>irae</strong></span> <span class='ocrx_word' id='word_1_331' title='bbox 871 4089 1065 4143; x_wconf 89' lang='lat' dir='ltr'><strong>dicitur</strong></span> <span class='ocrx_word' id='word_1_332' title='bbox 1109 4093 1164 4140; x_wconf 90' lang='lat' dir='ltr'><strong>et</strong></span> <span class='ocrx_word' id='word_1_333' title='bbox 1208 4081 1400 4136; x_wconf 89' lang='lat' dir='ltr'><strong>furoris</strong></span> <span class='ocrx_word' id='word_1_334' title='bbox 1436 4096 1448 4132; x_wconf 90' lang='lat'>:</span> <span class='ocrx_word' id='word_1_335' title='bbox 1479 4078 1599 4147; x_wconf 90' lang='lat' dir='ltr'><strong>quia</strong></span> <span class='ocrx_word' id='word_1_336' title='bbox 1637 4075 1767 4130; x_wconf 88' lang='lat' dir='ltr'><strong>nihil</strong></span> <span class='ocrx_word' id='word_1_337' title='bbox 1809 4074 2029 4127; x_wconf 74' lang='lat' dir='ltr'><strong>ulterius</strong></span> <span class='ocrx_word' id='word_1_338' title='bbox 2061 4083 2153 4138; x_wconf 90' lang='lat' dir='ltr'><strong>per</strong></span> 
     </span>
    </p>
   </div>
   <div class='ocr_carea' id='block_1_45' title="bbox 576 4163 2156 4257">
    <p class='ocr_par' dir='ltr' id='par_1_45' title="bbox 576 4163 2156 4257">
     <span class='ocr_line' id='line_1_46' title="bbox 576 4163 2156 4257; baseline -0.015 -18"><span class='ocrx_word' id='word_1_339' title='bbox 576 4185 880 4257; x_wconf 82' lang='lat' dir='ltr'><strong>patientiam</strong></span> <span class='ocrx_word' id='word_1_340' title='bbox 930 4176 1389 4240; x_wconf 83' lang='lat' dir='ltr'><strong>dissimulabitur,</strong></span> <span class='ocrx_word' id='word_1_341' title='bbox 1443 4169 1656 4241; x_wconf 90' lang='lat' dir='ltr'><strong>quando</strong></span> <span class='ocrx_word' id='word_1_342' title='bbox 1703 4167 1812 4237; x_wconf 90' lang='lat' dir='ltr'><strong>iam</strong></span> <span class='ocrx_word' id='word_1_343' title='bbox 1861 4164 1916 4219; x_wconf 92' lang='lat' dir='ltr'><strong>in</strong></span> <span class='ocrx_word' id='word_1_344' title='bbox 1965 4163 2156 4234; x_wconf 88' lang='lat' dir='ltr'><strong>impios</strong></span> 
     </span>
    </p>
   </div>
   <div class='ocr_carea' id='block_1_46' title="bbox 578 4276 898 4332">
    <p class='ocr_par' dir='ltr' id='par_1_46' title="bbox 578 4276 898 4332">
     <span class='ocr_line' id='line_1_47' title="bbox 578 4276 898 4332; baseline -0.009 -2"><span class='ocrx_word' id='word_1_345' title='bbox 578 4276 898 4332; x_wconf 77' lang='lat' dir='ltr'><strong>vindicatur.</strong></span> 
     </span>
    </p>
   </div>
   <div class='ocr_carea' id='block_1_47' title="bbox 653 4346 2163 4430">
    <p class='ocr_par' dir='ltr' id='par_1_47' title="bbox 653 4346 2163 4430">
     <span class='ocr_line' id='line_1_48' title="bbox 653 4346 2163 4430; baseline -0.017 -8"><span class='ocrx_word' id='word_1_346' title='bbox 653 4365 876 4421; x_wconf 78' lang='lat' dir='ltr'><strong>Vers.8.</strong></span> <span class='ocrx_word' id='word_1_347' title='bbox 911 4363 984 4416; x_wconf 88' lang='lat' dir='ltr'><strong>De</strong></span> <span class='ocrx_word' id='word_1_348' title='bbox 1005 4363 1129 4415; x_wconf 76' lang='lat' dir='ltr'><strong>creto</strong></span> <span class='ocrx_word' id='word_1_349' title='bbox 1151 4357 1406 4430; x_wconf 82' lang='lat' dir='ltr'><strong>judicium</strong></span> <span class='ocrx_word' id='word_1_350' title='bbox 1421 4353 1682 4426; x_wconf 85' lang='lat' dir='ltr'><strong>jaculatus</strong></span> <span class='ocrx_word' id='word_1_351' title='bbox 1703 4350 1829 4424; x_wconf 70' lang='lat' dir='ltr'><strong>(ms.</strong></span> <span class='ocrx_word' id='word_1_352' title='bbox 1853 4346 1941 4411; x_wconf 82' lang='lat' dir='ltr'><strong>A.,</strong></span> <span class='ocrx_word' id='word_1_353' title='bbox 1958 4346 2163 4417; x_wconf 87' lang='lat' dir='ltr'><strong>jacula-</strong></span> 
     </span>
    </p>
   </div>
   <div class='ocr_carea' id='block_1_48' title="bbox 580 4439 2163 4530">
    <p class='ocr_par' dir='ltr' id='par_1_48' title="bbox 580 4439 2163 4530">
     <span class='ocr_line' id='line_1_49' title="bbox 580 4439 2163 4530; baseline -0.016 -16"><span class='ocrx_word' id='word_1_354' title='bbox 580 4457 710 4530; x_wconf 86' lang='lat' dir='ltr'><strong>tum]</strong></span> <span class='ocrx_word' id='word_1_355' title='bbox 754 4465 859 4521; x_wconf 80' lang='lat' dir='ltr'><strong>est;</strong></span> <span class='ocrx_word' id='word_1_356' title='bbox 907 4463 1041 4508; x_wconf 86' lang='lat' dir='ltr'><strong>terra</strong></span> <span class='ocrx_word' id='word_1_357' title='bbox 1086 4454 1288 4505; x_wconf 86' lang='lat' dir='ltr'><strong>tremuit</strong></span> <span class='ocrx_word' id='word_1_358' title='bbox 1345 4456 1393 4500; x_wconf 86' lang='lat' dir='ltr'><strong>et</strong></span> <span class='ocrx_word' id='word_1_359' title='bbox 1433 4447 1638 4517; x_wconf 87' lang='lat' dir='ltr'><strong>quievit.</strong></span> <span class='ocrx_word' id='word_1_360' title='bbox 1685 4444 1782 4498; x_wconf 81' lang='lat' dir='ltr'><strong>llic</strong></span> <span class='ocrx_word' id='word_1_361' title='bbox 1837 4441 2000 4494; x_wconf 85' lang='lat' dir='ltr'><strong>virtus</strong></span> <span class='ocrx_word' id='word_1_362' title='bbox 2052 4439 2163 4508; x_wconf 86' lang='lat' dir='ltr'><strong>ipsa</strong></span> 
     </span>
    </p>
   </div>
   <div class='ocr_carea' id='block_1_49' title="bbox 2168 503 3690 579">
    <p class='ocr_par' dir='ltr' id='par_1_49' title="bbox 2168 503 3690 579">
     <span class='ocr_line' id='line_1_50' title="bbox 2168 503 3690 579; baseline -0.009 -7"><span class='ocrx_word' id='word_1_363' title='bbox 2168 519 2366 574; x_wconf 63' lang='lat' dir='ltr'><strong>Veritus</strong></span> <span class='ocrx_word' id='word_1_364' title='bbox 2395 517 2494 570; x_wconf 88' lang='lat' dir='ltr'><strong>iste</strong></span> <span class='ocrx_word' id='word_1_365' title='bbox 2519 512 2583 567; x_wconf 91' lang='lat' dir='ltr'><strong>ad</strong></span> <span class='ocrx_word' id='word_1_366' title='bbox 2613 509 2889 579; x_wconf 87' lang='lat' dir='ltr'><strong>superiora</strong></span> <span class='ocrx_word' id='word_1_367' title='bbox 2929 505 3224 576; x_wconf 81' lang='lat' dir='ltr'><strong>iungendus</strong></span> <span class='ocrx_word' id='word_1_368' title='bbox 3246 512 3343 558; x_wconf 87' lang='lat' dir='ltr'><strong>est.</strong></span> <span class='ocrx_word' id='word_1_369' title='bbox 3376 503 3505 558; x_wconf 84' lang='lat' dir='ltr'><strong>Dicit</strong></span> <span class='ocrx_word' id='word_1_370' title='bbox 3528 505 3651 558; x_wconf 86' lang='lat' dir='ltr'><strong>enim</strong></span> <span class='ocrx_word' id='word_1_371' title='bbox 3678 525 3690 558; x_wconf 89' lang='lat'>:</span> 
     </span>
    </p>
   </div>
   <div class='ocr_carea' id='block_1_50' title="bbox 2165 595 3696 672">
    <p class='ocr_par' dir='ltr' id='par_1_50' title="bbox 2165 595 3696 672">
     <span class='ocr_line' id='line_1_51' title="bbox 2165 595 3696 672; baseline -0.012 -6"><span class='ocrx_word' id='word_1_372' title='bbox 2165 613 2328 666; x_wconf 80' lang='lat' dir='ltr'><strong>Terra</strong></span> <span class='ocrx_word' id='word_1_373' title='bbox 2375 607 2573 662; x_wconf 84' lang='lat' dir='ltr'><strong>tremuit</strong></span> <span class='ocrx_word' id='word_1_374' title='bbox 2616 611 2663 657; x_wconf 86' lang='lat' dir='ltr'><strong>et</strong></span> <span class='ocrx_word' id='word_1_375' title='bbox 2703 599 2921 672; x_wconf 84' lang='lat' dir='ltr'><strong>quievit,</strong></span> <span class='ocrx_word' id='word_1_376' title='bbox 2968 612 3082 650; x_wconf 89' lang='lat' dir='ltr'><strong>cum</strong></span> <span class='ocrx_word' id='word_1_377' title='bbox 3128 604 3408 665; x_wconf 70' lang='lat' dir='ltr'><strong>exsurgeret</strong></span> <span class='ocrx_word' id='word_1_378' title='bbox 3449 595 3496 647; x_wconf 86' lang='lat' dir='ltr'><strong>in</strong></span> <span class='ocrx_word' id='word_1_379' title='bbox 3527 596 3696 666; x_wconf 80' lang='lat' dir='ltr'><strong>judicio</strong></span> 
     </span>
    </p>
   </div>
   <div class='ocr_carea' id='block_1_51' title="bbox 2173 683 3695 756">
    <p class='ocr_par' dir='ltr' id='par_1_51' title="bbox 2173 683 3695 756">
     <span class='ocr_line' id='line_1_52' title="bbox 2173 683 3695 756; baseline -0.015 1"><span class='ocrx_word' id='word_1_380' title='bbox 2173 702 2330 756; x_wconf 89' lang='lat' dir='ltr'><strong>Deus.</strong></span> <span class='ocrx_word' id='word_1_381' title='bbox 2375 699 2518 753; x_wconf 88' lang='lat' dir='ltr'><strong>Bene</strong></span> <span class='ocrx_word' id='word_1_382' title='bbox 2558 702 2733 749; x_wconf 87' lang='lat' dir='ltr'><strong>autem</strong></span> <span class='ocrx_word' id='word_1_383' title='bbox 2763 689 2960 745; x_wconf 89' lang='lat' dir='ltr'><strong>dicitur</strong></span> <span class='ocrx_word' id='word_1_384' title='bbox 2996 700 3265 754; x_wconf 72' lang='lat' dir='ltr'><strong>exsurgere</strong></span> <span class='ocrx_word' id='word_1_385' title='bbox 3297 685 3346 737; x_wconf 89' lang='lat' dir='ltr'><strong>in</strong></span> <span class='ocrx_word' id='word_1_386' title='bbox 3379 683 3560 754; x_wconf 87' lang='lat' dir='ltr'><strong>judicio</strong></span> <span class='ocrx_word' id='word_1_387' title='bbox 3596 699 3695 748; x_wconf 82' lang='lat' dir='ltr'><strong>suo,</strong></span> 
     </span>
    </p>
   </div>
   <div class='ocr_carea' id='block_1_52' title="bbox 2171 774 3701 865">
    <p class='ocr_par' dir='ltr' id='par_1_52' title="bbox 2171 774 3701 865">
     <span class='ocr_line' id='line_1_53' title="bbox 2171 774 3701 865; baseline -0.014 -17"><span class='ocrx_word' id='word_1_388' title='bbox 2171 795 2419 865; x_wconf 90' lang='lat' dir='ltr'><strong>quoniam</strong></span> <span class='ocrx_word' id='word_1_389' title='bbox 2467 789 2553 841; x_wconf 88' lang='lat' dir='ltr'><strong>hic</strong></span> <span class='ocrx_word' id='word_1_390' title='bbox 2593 786 2803 856; x_wconf 89' lang='lat' dir='ltr'><strong>quietus</strong></span> <span class='ocrx_word' id='word_1_391' title='bbox 2839 778 3018 835; x_wconf 88' lang='lat' dir='ltr'><strong>omnia</strong></span> <span class='ocrx_word' id='word_1_392' title='bbox 3062 775 3296 845; x_wconf 91' lang='lat' dir='ltr'><strong>pertulit,</strong></span> <span class='ocrx_word' id='word_1_393' title='bbox 3319 789 3433 828; x_wconf 90' lang='lat' dir='ltr'><strong>cum</strong></span> <span class='ocrx_word' id='word_1_394' title='bbox 3464 774 3701 842; x_wconf 81' lang='lat' dir='ltr'><strong>iudicatus</strong></span> 
     </span>
    </p>
   </div>
   <div class='ocr_carea' id='block_1_53' title="bbox 2173 863 3705 944">
    <p class='ocr_par' dir='ltr' id='par_1_53' title="bbox 2173 863 3705 944">
     <span class='ocr_line' id='line_1_54' title="bbox 2173 863 3705 944; baseline -0.014 -6"><span class='ocrx_word' id='word_1_395' title='bbox 2173 863 2256 940; x_wconf 81' lang='lat' dir='ltr'><strong>est</strong></span> <span class='ocrx_word' id='word_1_396' title='bbox 2283 881 2552 944; x_wconf 87' lang='lat' dir='ltr'><strong>Christus,</strong></span> <span class='ocrx_word' id='word_1_397' title='bbox 2584 873 2828 944; x_wconf 90' lang='lat' dir='ltr'><strong>quamvis</strong></span> <span class='ocrx_word' id='word_1_398' title='bbox 2853 878 2906 925; x_wconf 89' lang='lat' dir='ltr'><strong>et</strong></span> <span class='ocrx_word' id='word_1_399' title='bbox 2938 867 3006 922; x_wconf 90' lang='lat' dir='ltr'><strong>ibi</strong></span> <span class='ocrx_word' id='word_1_400' title='bbox 3035 874 3221 921; x_wconf 91' lang='lat' dir='ltr'><strong>cuncta</strong></span> <span class='ocrx_word' id='word_1_401' title='bbox 3249 863 3344 917; x_wconf 91' lang='lat' dir='ltr'><strong>sub</strong></span> <span class='ocrx_word' id='word_1_402' title='bbox 3367 863 3705 931; x_wconf 71' lang='lat' dir='ltr'><strong>tranquillitate</strong></span> 
     </span>
    </p>
   </div>
   <div class='ocr_carea' id='block_1_54' title="bbox 2176 953 3709 1044">
    <p class='ocr_par' dir='ltr' id='par_1_54' title="bbox 2176 953 3709 1044">
     <span class='ocr_line' id='line_1_55' title="bbox 2176 953 3709 1044; baseline -0.02 -14"><span class='ocrx_word' id='word_1_403' title='bbox 2176 958 2444 1044; x_wconf 73' lang='lat' dir='ltr'><strong>diiudicat.</strong></span> <span class='ocrx_word' id='word_1_404' title='bbox 2469 967 2573 1024; x_wconf 84' lang='lat' dir='ltr'><strong>Sed</strong></span> <span class='ocrx_word' id='word_1_405' title='bbox 2599 979 2811 1035; x_wconf 74' lang='lat' dir='ltr'><strong>exsttrge</strong></span> <span class='ocrx_word' id='word_1_406' title='bbox 2839 970 3060 1014; x_wconf 87' lang='lat' dir='ltr'><strong>tractum</strong></span> <span class='ocrx_word' id='word_1_407' title='bbox 3091 967 3174 1011; x_wconf 89' lang='lat' dir='ltr'><strong>est</strong></span> <span class='ocrx_word' id='word_1_408' title='bbox 3199 970 3227 1007; x_wconf 86' lang='lat' dir='ltr'><strong>a</strong></span> <span class='ocrx_word' id='word_1_409' title='bbox 3245 953 3501 1023; x_wconf 84' lang='lat' dir='ltr'><strong>iudicibus</strong></span> <span class='ocrx_word' id='word_1_410' title='bbox 3528 953 3709 1014; x_wconf 68' lang='lat' dir='ltr'><strong>mundi,</strong></span> 
     </span>
    </p>
   </div>
   <div class='ocr_carea' id='block_1_55' title="bbox 2176 1044 3711 1139">
    <p class='ocr_par' dir='ltr' id='par_1_55' title="bbox 2176 1044 3711 1139">
     <span class='ocr_line' id='line_1_56' title="bbox 2176 1044 3711 1139; baseline -0.02 -17"><span class='ocrx_word' id='word_1_411' title='bbox 2176 1067 2286 1139; x_wconf 90' lang='lat' dir='ltr'><strong>qui,</strong></span> <span class='ocrx_word' id='word_1_412' title='bbox 2315 1060 2530 1134; x_wconf 88' lang='lat' dir='ltr'><strong>quando</strong></span> <span class='ocrx_word' id='word_1_413' title='bbox 2579 1055 2776 1125; x_wconf 87' lang='lat' dir='ltr'><strong>aliquid</strong></span> <span class='ocrx_word' id='word_1_414' title='bbox 2822 1050 3059 1106; x_wconf 89' lang='lat' dir='ltr'><strong>districta</strong></span> <span class='ocrx_word' id='word_1_415' title='bbox 3103 1046 3384 1101; x_wconf 85' lang='lat' dir='ltr'><strong>severitate</strong></span> <span class='ocrx_word' id='word_1_416' title='bbox 3421 1044 3711 1105; x_wconf 85' lang='lat' dir='ltr'><strong>censuerint,</strong></span> 
     </span>
    </p>
   </div>
   <div class='ocr_carea' id='block_1_56' title="bbox 2177 1135 3716 1222">
    <p class='ocr_par' dir='ltr' id='par_1_56' title="bbox 2177 1135 3716 1222">
     <span class='ocr_line' id='line_1_57' title="bbox 2177 1135 3716 1222; baseline -0.018 -8"><span class='ocrx_word' id='word_1_417' title='bbox 2177 1159 2426 1214; x_wconf 87' lang='lat' dir='ltr'><strong>dicuntur</strong></span> <span class='ocrx_word' id='word_1_418' title='bbox 2447 1163 2738 1222; x_wconf 74' lang='lat' dir='ltr'><strong>exsurgere,</strong></span> <span class='ocrx_word' id='word_1_419' title='bbox 2781 1145 2902 1214; x_wconf 90' lang='lat' dir='ltr'><strong>quia</strong></span> <span class='ocrx_word' id='word_1_420' title='bbox 2923 1139 3172 1196; x_wconf 89' lang='lat' dir='ltr'><strong>commoti</strong></span> <span class='ocrx_word' id='word_1_421' title='bbox 3203 1135 3443 1191; x_wconf 86' lang='lat' dir='ltr'><strong>videntur</strong></span> <span class='ocrx_word' id='word_1_422' title='bbox 3466 1135 3716 1188; x_wconf 62' lang='lat' dir='ltr'><strong>cummis-sa</strong></span> 
     </span>
    </p>
   </div>
   <div class='ocr_carea' id='block_1_57' title="bbox 2180 1223 3716 1305">
    <p class='ocr_par' dir='ltr' id='par_1_57' title="bbox 2180 1223 3716 1305">
     <span class='ocr_line' id='line_1_58' title="bbox 2180 1223 3716 1305; baseline -0.019 -2"><span class='ocrx_word' id='word_1_423' title='bbox 2180 1246 2402 1305; x_wconf 86' lang='lat' dir='ltr'><strong>crimina</strong></span> <span class='ocrx_word' id='word_1_424' title='bbox 2447 1241 2739 1297; x_wconf 86' lang='lat' dir='ltr'><strong>vindicare.</strong></span> <span class='ocrx_word' id='word_1_425' title='bbox 2788 1234 2852 1289; x_wconf 88' lang='lat' dir='ltr'><strong>Et</strong></span> <span class='ocrx_word' id='word_1_426' title='bbox 2893 1249 2960 1287; x_wconf 90' lang='lat' dir='ltr'><strong>ne</strong></span> <span class='ocrx_word' id='word_1_427' title='bbox 3001 1230 3259 1301; x_wconf 82' lang='lat' dir='ltr'><strong>judicium</strong></span> <span class='ocrx_word' id='word_1_428' title='bbox 3309 1224 3435 1280; x_wconf 90' lang='lat' dir='ltr'><strong>illud</strong></span> <span class='ocrx_word' id='word_1_429' title='bbox 3472 1225 3533 1276; x_wconf 91' lang='lat' dir='ltr'><strong>ad</strong></span> <span class='ocrx_word' id='word_1_430' title='bbox 3574 1223 3716 1277; x_wconf 85' lang='lat' dir='ltr'><strong>solam</strong></span> 
     </span>
    </p>
   </div>
   <div class='ocr_carea' id='block_1_58' title="bbox 2181 1315 3722 1395">
    <p class='ocr_par' dir='ltr' id='par_1_58' title="bbox 2181 1315 3722 1395">
     <span class='ocr_line' id='line_1_59' title="bbox 2181 1315 3722 1395; baseline -0.019 0"><span class='ocrx_word' id='word_1_431' title='bbox 2181 1335 2577 1395; x_wconf 85' lang='lat' dir='ltr'><strong>damnationem</strong></span> <span class='ocrx_word' id='word_1_432' title='bbox 2629 1327 2894 1384; x_wconf 87' lang='lat' dir='ltr'><strong>malorum</strong></span> <span class='ocrx_word' id='word_1_433' title='bbox 2951 1321 3200 1379; x_wconf 83' lang='lat' dir='ltr'><strong>crederes</strong></span> <span class='ocrx_word' id='word_1_434' title='bbox 3251 1331 3371 1372; x_wconf 89' lang='lat' dir='ltr'><strong>esse</strong></span> <span class='ocrx_word' id='word_1_435' title='bbox 3427 1315 3722 1378; x_wconf 86' lang='lat' dir='ltr'><strong>faciendum,</strong></span> 
     </span>
    </p>
   </div>
   <div class='ocr_carea' id='block_1_59' title="bbox 2185 1405 3725 1493">
    <p class='ocr_par' dir='ltr' id='par_1_59' title="bbox 2185 1405 3725 1493">
     <span class='ocr_line' id='line_1_60' title="bbox 2185 1405 3725 1493; baseline -0.022 -6"><span class='ocrx_word' id='word_1_436' title='bbox 2185 1429 2412 1493; x_wconf 88' lang='lat' dir='ltr'><strong>addidit,</strong></span> <span class='ocrx_word' id='word_1_437' title='bbox 2442 1435 2495 1479; x_wconf 89' lang='lat' dir='ltr'><strong>ut</strong></span> <span class='ocrx_word' id='word_1_438' title='bbox 2523 1423 2687 1477; x_wconf 82' lang='lat' dir='ltr'><strong>salvos</strong></span> <span class='ocrx_word' id='word_1_439' title='bbox 2718 1419 2905 1489; x_wconf 76' lang='lat' dir='ltr'><strong>faceret</strong></span> <span class='ocrx_word' id='word_1_440' title='bbox 2923 1419 3102 1467; x_wconf 80' lang='lat' dir='ltr'><strong>omnes</strong></span> <span class='ocrx_word' id='word_1_441' title='bbox 3143 1410 3340 1480; x_wconf 83' lang='lat' dir='ltr'><strong>quietos</strong></span> <span class='ocrx_word' id='word_1_442' title='bbox 3383 1416 3542 1461; x_wconf 69' lang='lat' dir='ltr'><strong>terrae.</strong></span> <span class='ocrx_word' id='word_1_443' title='bbox 3584 1405 3681 1470; x_wconf 70' lang='lat' dir='ltr'><strong>Qui.</strong></span> <span class='ocrx_word' id='word_1_444' title='bbox 3696 1405 3725 1454; x_wconf 83' lang='lat' dir='ltr'><strong>ti</strong></span> 
     </span>
    </p>
   </div>
   <div class='ocr_carea' id='block_1_60' title="bbox 2188 1497 3728 1586">
    <p class='ocr_par' dir='ltr' id='par_1_60' title="bbox 2188 1497 3728 1586">
     <span class='ocr_line' id='line_1_61' title="bbox 2188 1497 3728 1586; baseline -0.019 -12"><span class='ocrx_word' id='word_1_445' title='bbox 2188 1527 2336 1577; x_wconf 77' lang='lat' dir='ltr'><strong>tet-rte</strong></span> <span class='ocrx_word' id='word_1_446' title='bbox 2365 1527 2488 1573; x_wconf 88' lang='lat' dir='ltr'><strong>sunt</strong></span> <span class='ocrx_word' id='word_1_447' title='bbox 2517 1514 2604 1586; x_wconf 91' lang='lat' dir='ltr'><strong>qui</strong></span> <span class='ocrx_word' id='word_1_448' title='bbox 2650 1509 2812 1566; x_wconf 77' lang='lat' dir='ltr'><strong>nullis</strong></span> <span class='ocrx_word' id='word_1_449' title='bbox 2846 1505 2989 1562; x_wconf 86' lang='lat' dir='ltr'><strong>vitiis</strong></span> <span class='ocrx_word' id='word_1_450' title='bbox 3035 1501 3214 1558; x_wconf 89' lang='lat' dir='ltr'><strong>mundi</strong></span> <span class='ocrx_word' id='word_1_451' title='bbox 3256 1497 3409 1568; x_wconf 88' lang='lat' dir='ltr'><strong>huius</strong></span> <span class='ocrx_word' id='word_1_452' title='bbox 3441 1497 3728 1551; x_wconf 79' lang='lat' dir='ltr'><strong>inﬂammata</strong></span> 
     </span>
    </p>
   </div>
   <div class='ocr_carea' id='block_1_61' title="bbox 2187 1588 3732 1674">
    <p class='ocr_par' dir='ltr' id='par_1_61' title="bbox 2187 1588 3732 1674">
     <span class='ocr_line' id='line_1_62' title="bbox 2187 1588 3732 1674; baseline -0.021 -4"><span class='ocrx_word' id='word_1_453' title='bbox 2187 1613 2461 1670; x_wconf 83' lang='lat' dir='ltr'><strong>voluntate</strong></span> <span class='ocrx_word' id='word_1_454' title='bbox 2513 1607 2810 1674; x_wconf 91' lang='lat' dir='ltr'><strong>rapiuntur,</strong></span> <span class='ocrx_word' id='word_1_455' title='bbox 2865 1598 2956 1654; x_wconf 89' lang='lat' dir='ltr'><strong>sed</strong></span> <span class='ocrx_word' id='word_1_456' title='bbox 3008 1592 3255 1664; x_wconf 69' lang='lat' dir='ltr'><strong>mquahili</strong></span> <span class='ocrx_word' id='word_1_457' title='bbox 3303 1605 3360 1646; x_wconf 90' lang='lat' dir='ltr'><strong>se</strong></span> <span class='ocrx_word' id='word_1_458' title='bbox 3407 1588 3732 1644; x_wconf 76' lang='lat' dir='ltr'><strong>moderatione</strong></span> 
     </span>
    </p>
   </div>
   <div class='ocr_carea' id='block_1_62' title="bbox 2192 1680 3736 1772">
    <p class='ocr_par' dir='ltr' id='par_1_62' title="bbox 2192 1680 3736 1772">
     <span class='ocr_line' id='line_1_63' title="bbox 2192 1680 3736 1772; baseline -0.021 -11"><span class='ocrx_word' id='word_1_459' title='bbox 2192 1713 2479 1761; x_wconf 85' lang='lat' dir='ltr'><strong>tractantes</strong></span> <span class='ocrx_word' id='word_1_460' title='bbox 2512 1699 2669 1772; x_wconf 92' lang='lat' dir='ltr'><strong>(sicut</strong></span> <span class='ocrx_word' id='word_1_461' title='bbox 2700 1693 2942 1763; x_wconf 88' lang='lat' dir='ltr'><strong>superius</strong></span> <span class='ocrx_word' id='word_1_462' title='bbox 2969 1689 3167 1743; x_wconf 89' lang='lat' dir='ltr'><strong>dictum</strong></span> <span class='ocrx_word' id='word_1_463' title='bbox 3204 1685 3338 1752; x_wconf 88' lang='lat' dir='ltr'><strong>est),</strong></span> <span class='ocrx_word' id='word_1_464' title='bbox 3368 1696 3544 1752; x_wconf 83' lang='lat' dir='ltr'><strong>pacem</strong></span> <span class='ocrx_word' id='word_1_465' title='bbox 3569 1680 3736 1733; x_wconf 60' lang='lat' dir='ltr'><strong>mentis</strong></span> 
     </span>
    </p>
   </div>
   <div class='ocr_carea' id='block_1_63' title="bbox 2532 1773 3739 1850">
    <p class='ocr_par' dir='ltr' id='par_1_63' title="bbox 2532 1773 3739 1850">
     <span class='ocr_line' id='line_1_64' title="bbox 2532 1773 3739 1850; baseline -0.019 -7"><span class='ocrx_word' id='word_1_466' title='bbox 2532 1787 2730 1843; x_wconf 87' lang='lat' dir='ltr'><strong>habere</strong></span> <span class='ocrx_word' id='word_1_467' title='bbox 2782 1780 3138 1850; x_wconf 87' lang='lat' dir='ltr'><strong>tranquillam.</strong></span> <span class='ocrx_word' id='word_1_468' title='bbox 3185 1775 3250 1830; x_wconf 85' lang='lat' dir='ltr'><strong>Hi</strong></span> <span class='ocrx_word' id='word_1_469' title='bbox 3301 1774 3430 1827; x_wconf 90' lang='lat' dir='ltr'><strong>salvi</strong></span> <span class='ocrx_word' id='word_1_470' title='bbox 3475 1773 3613 1833; x_wconf 87' lang='lat' dir='ltr'><strong>fiunt,</strong></span> <span class='ocrx_word' id='word_1_471' title='bbox 3640 1783 3739 1821; x_wconf 89' lang='lat' dir='ltr'><strong>cum</strong></span> 
     </span>
    </p>
   </div>
   <div class='ocr_carea' id='block_1_64' title="bbox 2199 1866 3425 1948">
    <p class='ocr_par' dir='ltr' id='par_1_64' title="bbox 2199 1866 3425 1948">
     <span class='ocr_line' id='line_1_65' title="bbox 2199 1866 3425 1948; baseline -0.02 -8"><span class='ocrx_word' id='word_1_472' title='bbox 2199 1866 2338 1940; x_wconf 83' lang='lat' dir='ltr'><strong>dono</strong></span> <span class='ocrx_word' id='word_1_473' title='bbox 2368 1878 2574 1936; x_wconf 91' lang='lat' dir='ltr'><strong>Domini</strong></span> <span class='ocrx_word' id='word_1_474' title='bbox 2607 1874 2826 1948; x_wconf 63' lang='lat' dir='ltr'><strong>praemia</strong></span> <span class='ocrx_word' id='word_1_475' title='bbox 2850 1870 3111 1941; x_wconf 87' lang='lat' dir='ltr'><strong>promissa</strong></span> <span class='ocrx_word' id='word_1_476' title='bbox 3139 1866 3425 1936; x_wconf 81' lang='lat' dir='ltr'><strong>recipiunt.</strong></span> 
     </span>
    </p>
   </div>
   <div class='ocr_carea' id='block_1_65' title="bbox 2271 1950 3747 2033">
    <p class='ocr_par' dir='ltr' id='par_1_65' title="bbox 2271 1950 3747 2033">
     <span class='ocr_line' id='line_1_66' title="bbox 2271 1950 3747 2033; baseline -0.019 -5"><span class='ocrx_word' id='word_1_477' title='bbox 2271 1973 2427 2028; x_wconf 78' lang='lat' dir='ltr'><strong>Vers.</strong></span> <span class='ocrx_word' id='word_1_478' title='bbox 2454 1972 2540 2026; x_wconf 77' lang='grc'><strong>10.</strong></span> <span class='ocrx_word' id='word_1_479' title='bbox 2572 1963 2704 2032; x_wconf 83' lang='lat' dir='ltr'><strong>Quia</strong></span> <span class='ocrx_word' id='word_1_480' title='bbox 2726 1961 2963 2033; x_wconf 85' lang='lat' dir='ltr'><strong>cogitatio</strong></span> <span class='ocrx_word' id='word_1_481' title='bbox 2995 1958 3218 2013; x_wconf 81' lang='lat' dir='ltr'><strong>hominis</strong></span> <span class='ocrx_word' id='word_1_482' title='bbox 3256 1953 3566 2023; x_wconf 82' lang='lat' dir='ltr'><strong>conﬁtebitur</strong></span> <span class='ocrx_word' id='word_1_483' title='bbox 3590 1950 3687 2014; x_wconf 86' lang='lat' dir='ltr'><strong>tibi,</strong></span> <span class='ocrx_word' id='word_1_484' title='bbox 3709 1959 3747 2002; x_wconf 87' lang='lat' dir='ltr'><strong>et</strong></span> 
     </span>
    </p>
   </div>
   <div class='ocr_carea' id='block_1_66' title="bbox 2202 2038 3746 2134">
    <p class='ocr_par' dir='ltr' id='par_1_66' title="bbox 2202 2038 3746 2134">
     <span class='ocr_line' id='line_1_67' title="bbox 2202 2038 3746 2134; baseline -0.019 -16"><span class='ocrx_word' id='word_1_485' title='bbox 2202 2064 2431 2134; x_wconf 70' lang='lat' dir='ltr'><strong>reliquiae</strong></span> <span class='ocrx_word' id='word_1_486' title='bbox 2451 2058 2811 2129; x_wconf 84' lang='lat' dir='ltr'><strong>cogitationum</strong></span> <span class='ocrx_word' id='word_1_487' title='bbox 2838 2053 2968 2104; x_wconf 86' lang='lat' dir='ltr'><strong>diem</strong></span> <span class='ocrx_word' id='word_1_488' title='bbox 2994 2056 3177 2117; x_wconf 78' lang='lat' dir='ltr'><strong>[estum</strong></span> <span class='ocrx_word' id='word_1_489' title='bbox 3209 2054 3360 2115; x_wconf 85' lang='lat' dir='ltr'><strong>agent</strong></span> <span class='ocrx_word' id='word_1_490' title='bbox 3391 2044 3496 2097; x_wconf 87' lang='lat' dir='ltr'><strong>tibi.</strong></span> <span class='ocrx_word' id='word_1_491' title='bbox 3533 2041 3672 2094; x_wconf 66' lang='lat' dir='ltr'><strong>Venit</strong></span> <span class='ocrx_word' id='word_1_492' title='bbox 3695 2038 3746 2090; x_wconf 86' lang='lat' dir='ltr'><strong>ad</strong></span> 
     </span>
    </p>
   </div>
   <div class='ocr_carea' id='block_1_67' title="bbox 2208 2120 3752 2222">
    <p class='ocr_par' dir='ltr' id='par_1_67' title="bbox 2208 2120 3752 2222">
     <span class='ocr_line' id='line_1_68' title="bbox 2208 2120 3752 2222; baseline -0.019 -10"><span class='ocrx_word' id='word_1_493' title='bbox 2208 2157 2412 2211; x_wconf 89' lang='lat' dir='ltr'><strong>tertiam</strong></span> <span class='ocrx_word' id='word_1_494' title='bbox 2442 2160 2669 2222; x_wconf 88' lang='lat' dir='ltr'><strong>partem,</strong></span> <span class='ocrx_word' id='word_1_495' title='bbox 2705 2158 2926 2200; x_wconf 87' lang='lat' dir='ltr'><strong>monens</strong></span> <span class='ocrx_word' id='word_1_496' title='bbox 2957 2150 3034 2206; x_wconf 87' lang='lat' dir='ltr'><strong>ut,</strong></span> <span class='ocrx_word' id='word_1_497' title='bbox 3071 2139 3191 2209; x_wconf 91' lang='lat' dir='ltr'><strong>quia</strong></span> <span class='ocrx_word' id='word_1_498' title='bbox 3241 2139 3388 2191; x_wconf 87' lang='lat' dir='ltr'><strong>solus</strong></span> <span class='ocrx_word' id='word_1_499' title='bbox 3417 2145 3496 2190; x_wconf 89' lang='lat' dir='ltr'><strong>est</strong></span> <span class='ocrx_word' id='word_1_500' title='bbox 3531 2120 3752 2187; x_wconf 85' lang='lat' dir='ltr'><strong>Dominus</strong></span> 
     </span>
    </p>
   </div>
   <div class='ocr_carea' id='block_1_68' title="bbox 2211 2219 3753 2300">
    <p class='ocr_par' dir='ltr' id='par_1_68' title="bbox 2211 2219 3753 2300">
     <span class='ocr_line' id='line_1_69' title="bbox 2211 2219 3753 2300; baseline -0.022 0"><span class='ocrx_word' id='word_1_501' title='bbox 2211 2247 2296 2300; x_wconf 89' lang='lat' dir='ltr'><strong>cui</strong></span> <span class='ocrx_word' id='word_1_502' title='bbox 2324 2219 2581 2298; x_wconf 73' lang='lat' dir='ltr'><strong>festivitas</strong></span> <span class='ocrx_word' id='word_1_503' title='bbox 2611 2247 2816 2292; x_wconf 89' lang='lat' dir='ltr'><strong>summa</strong></span> <span class='ocrx_word' id='word_1_504' title='bbox 2847 2233 2894 2285; x_wconf 65' lang='lat' dir='ltr'><strong>de</strong></span> <span class='ocrx_word' id='word_1_505' title='bbox 2915 2231 3126 2291; x_wconf 88' lang='lat' dir='ltr'><strong>beatnr,</strong></span> <span class='ocrx_word' id='word_1_506' title='bbox 3159 2226 3389 2281; x_wconf 84' lang='lat' dir='ltr'><strong>reddant</strong></span> <span class='ocrx_word' id='word_1_507' title='bbox 3418 2221 3630 2294; x_wconf 79' lang='lat' dir='ltr'><strong>[ms.A.,</strong></span> <span class='ocrx_word' id='word_1_508' title='bbox 3653 2219 3753 2271; x_wconf 89' lang='lat' dir='ltr'><strong>red-</strong></span> 
     </span>
    </p>
   </div>
   <div class='ocr_carea' id='block_1_69' title="bbox 2211 2312 3757 2402">
    <p class='ocr_par' dir='ltr' id='par_1_69' title="bbox 2211 2312 3757 2402">
     <span class='ocr_line' id='line_1_70' title="bbox 2211 2312 3757 2402; baseline -0.022 -11"><span class='ocrx_word' id='word_1_509' title='bbox 2211 2331 2424 2402; x_wconf 80' lang='lat' dir='ltr'><strong>dantur]</strong></span> <span class='ocrx_word' id='word_1_510' title='bbox 2452 2339 2569 2385; x_wconf 89' lang='lat' dir='ltr'><strong>vota</strong></span> <span class='ocrx_word' id='word_1_511' title='bbox 2603 2330 2712 2382; x_wconf 85' lang='lat' dir='ltr'><strong>Deo</strong></span> <span class='ocrx_word' id='word_1_512' title='bbox 2742 2323 2983 2388; x_wconf 90' lang='lat' dir='ltr'><strong>terribili,</strong></span> <span class='ocrx_word' id='word_1_513' title='bbox 3013 2322 3100 2389; x_wconf 90' lang='lat' dir='ltr'><strong>qui</strong></span> <span class='ocrx_word' id='word_1_514' title='bbox 3142 2316 3452 2388; x_wconf 80' lang='lat' dir='ltr'><strong>snperbiam</strong></span> <span class='ocrx_word' id='word_1_515' title='bbox 3493 2312 3757 2382; x_wconf 87' lang='lat' dir='ltr'><strong>principum</strong></span> 
     </span>
    </p>
   </div>
   <div class='ocr_carea' id='block_1_70' title="bbox 2213 2399 3759 2488">
    <p class='ocr_par' dir='ltr' id='par_1_70' title="bbox 2213 2399 3759 2488">
     <span class='ocr_line' id='line_1_71' title="bbox 2213 2399 3759 2488; baseline -0.021 -8"><span class='ocrx_word' id='word_1_516' title='bbox 2213 2431 2524 2481; x_wconf 82' lang='lat' dir='ltr'><strong>convertere</strong></span> <span class='ocrx_word' id='word_1_517' title='bbox 2557 2425 2730 2488; x_wconf 88' lang='lat' dir='ltr'><strong>potest</strong></span> <span class='ocrx_word' id='word_1_518' title='bbox 2757 2415 2821 2468; x_wconf 88' lang='lat' dir='ltr'><strong>ad</strong></span> <span class='ocrx_word' id='word_1_519' title='bbox 2853 2411 3204 2466; x_wconf 87' lang='lat' dir='ltr'><strong>humillimam</strong></span> <span class='ocrx_word' id='word_1_520' title='bbox 3257 2407 3602 2462; x_wconf 85' lang='lat' dir='ltr'><strong>sanctitatem.</strong></span> <span class='ocrx_word' id='word_1_521' title='bbox 3631 2399 3759 2467; x_wconf 64' lang='lat' dir='ltr'><strong>Cogi-</strong></span> 
     </span>
    </p>
   </div>
   <div class='ocr_carea' id='block_1_71' title="bbox 2216 2491 3762 2574">
    <p class='ocr_par' dir='ltr' id='par_1_71' title="bbox 2216 2491 3762 2574">
     <span class='ocr_line' id='line_1_72' title="bbox 2216 2491 3762 2574; baseline -0.019 -5"><span class='ocrx_word' id='word_1_522' title='bbox 2216 2517 2339 2570; x_wconf 87' lang='lat' dir='ltr'><strong>tatio</strong></span> <span class='ocrx_word' id='word_1_523' title='bbox 2362 2527 2488 2566; x_wconf 89' lang='lat' dir='ltr'><strong>vero</strong></span> <span class='ocrx_word' id='word_1_524' title='bbox 2519 2516 2698 2562; x_wconf 90' lang='lat' dir='ltr'><strong>nostra</strong></span> <span class='ocrx_word' id='word_1_525' title='bbox 2730 2493 2960 2574; x_wconf 83' lang='lat' dir='ltr'><strong>primum</strong></span> <span class='ocrx_word' id='word_1_526' title='bbox 2988 2499 3261 2567; x_wconf 68' lang='lat' dir='ltr'><strong>confitetur</strong></span> <span class='ocrx_word' id='word_1_527' title='bbox 3285 2497 3416 2561; x_wconf 82' lang='lat' dir='ltr'><strong>Deo,</strong></span> <span class='ocrx_word' id='word_1_528' title='bbox 3441 2491 3639 2563; x_wconf 87' lang='lat' dir='ltr'><strong>quando</strong></span> <span class='ocrx_word' id='word_1_529' title='bbox 3663 2502 3762 2554; x_wconf 80' lang='lat' dir='ltr'><strong>pec-</strong></span> 
     </span>
    </p>
   </div>
   <div class='ocr_carea' id='block_1_72' title="bbox 2218 2577 3763 2672">
    <p class='ocr_par' dir='ltr' id='par_1_72' title="bbox 2218 2577 3763 2672">
     <span class='ocr_line' id='line_1_73' title="bbox 2218 2577 3763 2672; baseline -0.023 -11"><span class='ocrx_word' id='word_1_530' title='bbox 2218 2616 2334 2661; x_wconf 85' lang='lat' dir='ltr'><strong>cata</strong></span> <span class='ocrx_word' id='word_1_531' title='bbox 2379 2599 2640 2672; x_wconf 66' lang='lat' dir='ltr'><strong>praeterita</strong></span> <span class='ocrx_word' id='word_1_532' title='bbox 2680 2595 2862 2650; x_wconf 87' lang='lat' dir='ltr'><strong>humili</strong></span> <span class='ocrx_word' id='word_1_533' title='bbox 2908 2589 3278 2646; x_wconf 83' lang='lat' dir='ltr'><strong>satisfactione</strong></span> <span class='ocrx_word' id='word_1_534' title='bbox 3310 2582 3653 2640; x_wconf 66' lang='lat' dir='ltr'><strong>damnaverit.</strong></span> <span class='ocrx_word' id='word_1_535' title='bbox 3680 2577 3763 2632; x_wconf 67' lang='lat' dir='ltr'><strong>Sed</strong></span> 
     </span>
    </p>
   </div>
   <div class='ocr_carea' id='block_1_73' title="bbox 2220 2667 3767 2766">
    <p class='ocr_par' dir='ltr' id='par_1_73' title="bbox 2220 2667 3767 2766">
     <span class='ocr_line' id='line_1_74' title="bbox 2220 2667 3767 2766; baseline -0.018 -20"><span class='ocrx_word' id='word_1_536' title='bbox 2220 2701 2344 2766; x_wconf 85' lang='lat' dir='ltr'><strong>quia</strong></span> <span class='ocrx_word' id='word_1_537' title='bbox 2383 2667 2642 2762; x_wconf 78' lang='lat' dir='ltr'><strong>fragilitas</strong></span> <span class='ocrx_word' id='word_1_538' title='bbox 2686 2688 2920 2740; x_wconf 90' lang='lat' dir='ltr'><strong>humana</strong></span> <span class='ocrx_word' id='word_1_539' title='bbox 2969 2694 3184 2747; x_wconf 88' lang='lat' dir='ltr'><strong>semper</strong></span> <span class='ocrx_word' id='word_1_540' title='bbox 3241 2678 3402 2732; x_wconf 90' lang='lat' dir='ltr'><strong>debet</strong></span> <span class='ocrx_word' id='word_1_541' title='bbox 3447 2675 3619 2743; x_wconf 83' lang='lat' dir='ltr'><strong>lugere</strong></span> <span class='ocrx_word' id='word_1_542' title='bbox 3647 2667 3767 2738; x_wconf 82' lang='lat' dir='ltr'><strong>quod</strong></span> 
     </span>
    </p>
   </div>
   <div class='ocr_carea' id='block_1_74' title="bbox 2225 2765 3769 2858">
    <p class='ocr_par' dir='ltr' id='par_1_74' title="bbox 2225 2765 3769 2858">
     <span class='ocr_line' id='line_1_75' title="bbox 2225 2765 3769 2858; baseline -0.023 -15"><span class='ocrx_word' id='word_1_543' title='bbox 2225 2765 2428 2858; x_wconf 68' lang='lat' dir='ltr'><strong>peccat,</strong></span> <span class='ocrx_word' id='word_1_544' title='bbox 2462 2781 2688 2845; x_wconf 77' lang='lat' dir='ltr'><strong>addidit,</strong></span> <span class='ocrx_word' id='word_1_545' title='bbox 2709 2786 2760 2844; x_wconf 8' lang='lat' dir='ltr'><strong>(et</strong></span> <span class='ocrx_word' id='word_1_546' title='bbox 2797 2775 3022 2845; x_wconf 71' lang='lat' dir='ltr'><strong>reliquid:</strong></span> <span class='ocrx_word' id='word_1_547' title='bbox 3057 2772 3428 2842; x_wconf 74' lang='lat' dir='ltr'><strong>cogitationum</strong></span> <span class='ocrx_word' id='word_1_548' title='bbox 3459 2768 3586 2819; x_wconf 56' lang='lat' dir='ltr'><strong>diem</strong></span> <span class='ocrx_word' id='word_1_549' title='bbox 3615 2765 3769 2832; x_wconf 73' lang='lat' dir='ltr'><strong>festum</strong></span> 
     </span>
    </p>
   </div>
   <div class='ocr_carea' id='block_1_75' title="bbox 2225 2852 3776 2949">
    <p class='ocr_par' dir='ltr' id='par_1_75' title="bbox 2225 2852 3776 2949">
     <span class='ocr_line' id='line_1_76' title="bbox 2225 2852 3776 2949; baseline -0.019 -18"><span class='ocrx_word' id='word_1_550' title='bbox 2225 2852 2372 2949; x_wconf 73' lang='lat' dir='ltr'><strong>agent</strong></span> <span class='ocrx_word' id='word_1_551' title='bbox 2405 2852 2512 2928; x_wconf 79' lang='lat' dir='ltr'><strong>tibi.</strong></span> <span class='ocrx_word' id='word_1_552' title='bbox 2567 2870 2812 2938; x_wconf 73' lang='lat' dir='ltr'><strong>Reliquia:</strong></span> <span class='ocrx_word' id='word_1_553' title='bbox 2853 2865 3216 2937; x_wconf 87' lang='lat' dir='ltr'><strong>cogitationum</strong></span> <span class='ocrx_word' id='word_1_554' title='bbox 3257 2869 3405 2925; x_wconf 87' lang='lat' dir='ltr'><strong>sunt,</strong></span> <span class='ocrx_word' id='word_1_555' title='bbox 3455 2865 3571 2927; x_wconf 85' lang='lat' dir='ltr'><strong>post</strong></span> <span class='ocrx_word' id='word_1_556' title='bbox 3613 2852 3776 2908; x_wconf 76' lang='lat' dir='ltr'><strong>ell&#39;usas</strong></span> 
     </span>
    </p>
   </div>
   <div class='ocr_carea' id='block_1_76' title="bbox 2229 2939 3779 3037">
    <p class='ocr_par' dir='ltr' id='par_1_76' title="bbox 2229 2939 3779 3037">
     <span class='ocr_line' id='line_1_77' title="bbox 2229 2939 3779 3037; baseline -0.022 -14"><span class='ocrx_word' id='word_1_557' title='bbox 2229 2970 2493 3037; x_wconf 86' lang='lat' dir='ltr'><strong>lacrymas</strong></span> <span class='ocrx_word' id='word_1_558' title='bbox 2521 2973 2573 3017; x_wconf 93' lang='lat' dir='ltr'><strong>et</strong></span> <span class='ocrx_word' id='word_1_559' title='bbox 2602 2959 2871 3015; x_wconf 90' lang='lat' dir='ltr'><strong>assiduam</strong></span> <span class='ocrx_word' id='word_1_560' title='bbox 2903 2953 3286 3009; x_wconf 88' lang='lat' dir='ltr'><strong>contritionem</strong></span> <span class='ocrx_word' id='word_1_561' title='bbox 3330 2948 3528 3011; x_wconf 87' lang='lat' dir='ltr'><strong>cordis,</strong></span> <span class='ocrx_word' id='word_1_562' title='bbox 3573 2939 3779 3012; x_wconf 71' lang='lat' dir='ltr'><strong>prrctet‘i-</strong></span> 
     </span>
    </p>
   </div>
   <div class='ocr_carea' id='block_1_77' title="bbox 2231 3029 3781 3112">
    <p class='ocr_par' dir='ltr' id='par_1_77' title="bbox 2231 3029 3781 3112">
     <span class='ocr_line' id='line_1_78' title="bbox 2231 3029 3781 3112; baseline -0.02 0"><span class='ocrx_word' id='word_1_563' title='bbox 2231 3069 2401 3112; x_wconf 92' lang='lat' dir='ltr'><strong>torum</strong></span> <span class='ocrx_word' id='word_1_564' title='bbox 2444 3053 2725 3108; x_wconf 90' lang='lat' dir='ltr'><strong>criminum</strong></span> <span class='ocrx_word' id='word_1_565' title='bbox 2765 3045 3041 3103; x_wconf 88' lang='lat' dir='ltr'><strong>recordata</strong></span> <span class='ocrx_word' id='word_1_566' title='bbox 3089 3043 3387 3112; x_wconf 89' lang='lat' dir='ltr'><strong>pernicies.</strong></span> <span class='ocrx_word' id='word_1_567' title='bbox 3430 3038 3552 3092; x_wconf 70' lang='lat' dir='ltr'><strong>llaec</strong></span> <span class='ocrx_word' id='word_1_568' title='bbox 3587 3029 3781 3086; x_wconf 72' lang='lat' dir='ltr'><strong>Domino</strong></span> 
     </span>
    </p>
   </div>
   <div class='ocr_carea' id='block_1_78' title="bbox 2155 3129 3784 3222">
    <p class='ocr_par' dir='ltr' id='par_1_78' title="bbox 2155 3129 3784 3222">
     <span class='ocr_line' id='line_1_79' title="bbox 2155 3129 3784 3222; baseline -0.023 -17"><span class='ocrx_word' id='word_1_569' title='bbox 2155 3156 2202 3217; x_wconf 70' lang='grc' dir='ltr'><strong>(ζ</strong></span> <span class='ocrx_word' id='word_1_570' title='bbox 2233 3151 2336 3222; x_wconf 83' lang='lat' dir='ltr'><strong>agit</strong></span> <span class='ocrx_word' id='word_1_571' title='bbox 2364 3148 2494 3200; x_wconf 85' lang='lat' dir='ltr'><strong>diem</strong></span> <span class='ocrx_word' id='word_1_572' title='bbox 2531 3145 2733 3215; x_wconf 65' lang='lat' dir='ltr'><strong>[es-tum,</strong></span> <span class='ocrx_word' id='word_1_573' title='bbox 2765 3136 2976 3208; x_wconf 90' lang='lat' dir='ltr'><strong>quando</strong></span> <span class='ocrx_word' id='word_1_574' title='bbox 3003 3149 3061 3189; x_wconf 89' lang='lat' dir='ltr'><strong>se</strong></span> <span class='ocrx_word' id='word_1_575' title='bbox 3086 3134 3153 3188; x_wconf 90' lang='lat' dir='ltr'><strong>ab</strong></span> <span class='ocrx_word' id='word_1_576' title='bbox 3187 3134 3282 3187; x_wconf 87' lang='lat' dir='ltr'><strong>illo</strong></span> <span class='ocrx_word' id='word_1_577' title='bbox 3327 3129 3544 3184; x_wconf 89' lang='lat' dir='ltr'><strong>interitu</strong></span> <span class='ocrx_word' id='word_1_578' title='bbox 3577 3130 3784 3190; x_wconf 83' lang='lat' dir='ltr'><strong>peccato-</strong></span> 
     </span>
    </p>
   </div>
   <div class='ocr_carea' id='block_1_79' title="bbox 2237 3207 3786 3296">
    <p class='ocr_par' dir='ltr' id='par_1_79' title="bbox 2237 3207 3786 3296">
     <span class='ocr_line' id='line_1_80' title="bbox 2237 3207 3786 3296; baseline -0.026 0"><span class='ocrx_word' id='word_1_579' title='bbox 2237 3207 2353 3296; x_wconf 69' lang='lat' dir='ltr'><strong>rum</strong></span> <span class='ocrx_word' id='word_1_580' title='bbox 2396 3239 2558 3291; x_wconf 88' lang='lat' dir='ltr'><strong>sentit</strong></span> <span class='ocrx_word' id='word_1_581' title='bbox 2597 3247 2717 3287; x_wconf 89' lang='lat' dir='ltr'><strong>esse</strong></span> <span class='ocrx_word' id='word_1_582' title='bbox 2762 3207 3057 3284; x_wconf 85' lang='lat' dir='ltr'><strong>liberatam.</strong></span> <span class='ocrx_word' id='word_1_583' title='bbox 3107 3224 3249 3278; x_wconf 85' lang='lat' dir='ltr'><strong>Hinc</strong></span> <span class='ocrx_word' id='word_1_584' title='bbox 3295 3231 3380 3277; x_wconf 88' lang='lat' dir='ltr'><strong>est</strong></span> <span class='ocrx_word' id='word_1_585' title='bbox 3428 3216 3564 3290; x_wconf 84' lang='lat' dir='ltr'><strong>quod</strong></span> <span class='ocrx_word' id='word_1_586' title='bbox 3611 3207 3786 3267; x_wconf 68' lang='lat' dir='ltr'><strong>lichrszi</strong></span> 
     </span>
    </p>
   </div>
   <div class='ocr_carea' id='block_1_80' title="bbox 2237 3305 3788 3393">
    <p class='ocr_par' dir='ltr' id='par_1_80' title="bbox 2237 3305 3788 3393">
     <span class='ocr_line' id='line_1_81' title="bbox 2237 3305 3788 3393; baseline -0.023 -4"><span class='ocrx_word' id='word_1_587' title='bbox 2237 3329 2505 3389; x_wconf 84' lang='lat' dir='ltr'><strong>emundati</strong></span> <span class='ocrx_word' id='word_1_588' title='bbox 2533 3327 2777 3382; x_wconf 83' lang='lat' dir='ltr'><strong>sordibus</strong></span> <span class='ocrx_word' id='word_1_589' title='bbox 2816 3332 3176 3393; x_wconf 89' lang='lat' dir='ltr'><strong>peccatorum,</strong></span> <span class='ocrx_word' id='word_1_590' title='bbox 3216 3318 3470 3371; x_wconf 82' lang='lat' dir='ltr'><strong>festivum</strong></span> <span class='ocrx_word' id='word_1_591' title='bbox 3500 3323 3677 3364; x_wconf 91' lang='lat' dir='ltr'><strong>munus</strong></span> <span class='ocrx_word' id='word_1_592' title='bbox 3703 3305 3788 3356; x_wconf 87' lang='lat' dir='ltr'><strong>Do-</strong></span> 
     </span>
    </p>
   </div>
   <div class='ocr_carea' id='block_1_81' title="bbox 2239 3393 3789 3489">
    <p class='ocr_par' dir='ltr' id='par_1_81' title="bbox 2239 3393 3789 3489">
     <span class='ocr_line' id='line_1_82' title="bbox 2239 3393 3789 3489; baseline -0.021 -12"><span class='ocrx_word' id='word_1_593' title='bbox 2239 3425 2385 3477; x_wconf 87' lang='lat' dir='ltr'><strong>mino</strong></span> <span class='ocrx_word' id='word_1_594' title='bbox 2411 3420 2663 3489; x_wconf 90' lang='lat' dir='ltr'><strong>iubentur</strong></span> <span class='ocrx_word' id='word_1_595' title='bbox 2693 3413 2911 3475; x_wconf 82' lang='lat' dir='ltr'><strong>olferre;</strong></span> <span class='ocrx_word' id='word_1_596' title='bbox 2935 3408 3074 3479; x_wconf 91' lang='lat' dir='ltr'><strong>quod</strong></span> <span class='ocrx_word' id='word_1_597' title='bbox 3099 3414 3151 3460; x_wconf 84' lang='lat' dir='ltr'><strong>et</strong></span> <span class='ocrx_word' id='word_1_598' title='bbox 3181 3403 3650 3476; x_wconf 77' lang='lat' dir='ltr'><strong>quinquagesimus</strong></span> <span class='ocrx_word' id='word_1_599' title='bbox 3679 3393 3789 3462; x_wconf 86' lang='lat' dir='ltr'><strong>psal-</strong></span> 
     </span>
    </p>
   </div>
   <div class='ocr_carea' id='block_1_82' title="bbox 2241 3487 3795 3571">
    <p class='ocr_par' dir='ltr' id='par_1_82' title="bbox 2241 3487 3795 3571">
     <span class='ocr_line' id='line_1_83' title="bbox 2241 3487 3795 3571; baseline -0.019 0"><span class='ocrx_word' id='word_1_600' title='bbox 2241 3530 2359 3570; x_wconf 92' lang='lat' dir='ltr'><strong>mus</strong></span> <span class='ocrx_word' id='word_1_601' title='bbox 2388 3487 2516 3567; x_wconf 84' lang='lat' dir='ltr'><strong>mihi</strong></span> <span class='ocrx_word' id='word_1_602' title='bbox 2553 3507 2760 3562; x_wconf 89' lang='lat' dir='ltr'><strong>videtur</strong></span> <span class='ocrx_word' id='word_1_603' title='bbox 2802 3513 3039 3571; x_wconf 84' lang='lat' dir='ltr'><strong>tangere.</strong></span> <span class='ocrx_word' id='word_1_604' title='bbox 3083 3499 3221 3552; x_wconf 89' lang='lat' dir='ltr'><strong>Nam</strong></span> <span class='ocrx_word' id='word_1_605' title='bbox 3270 3513 3393 3551; x_wconf 91' lang='lat' dir='ltr'><strong>cum</strong></span> <span class='ocrx_word' id='word_1_606' title='bbox 3431 3495 3596 3548; x_wconf 89' lang='lat' dir='ltr'><strong>dicit:</strong></span> <span class='ocrx_word' id='word_1_607' title='bbox 3631 3487 3795 3554; x_wconf 66' lang='lat' dir='ltr'><strong>U:quc’-</strong></span> 
     </span>
    </p>
   </div>
   <div class='ocr_carea' id='block_1_83' title="bbox 2243 3581 3798 3676">
    <p class='ocr_par' dir='ltr' id='par_1_83' title="bbox 2243 3581 3798 3676">
     <span class='ocr_line' id='line_1_84' title="bbox 2243 3581 3798 3676; baseline -0.023 -18"><span class='ocrx_word' id='word_1_608' title='bbox 2243 3619 2439 3676; x_wconf 82' lang='lat' dir='ltr'><strong>quaque</strong></span> <span class='ocrx_word' id='word_1_609' title='bbox 2485 3601 2598 3653; x_wconf 87' lang='lat' dir='ltr'><strong>lava</strong></span> <span class='ocrx_word' id='word_1_610' title='bbox 2645 3606 2724 3650; x_wconf 77' lang='lat' dir='ltr'><strong>me</strong></span> <span class='ocrx_word' id='word_1_611' title='bbox 2762 3595 2823 3647; x_wconf 90' lang='lat' dir='ltr'><strong>ab</strong></span> <span class='ocrx_word' id='word_1_612' title='bbox 2867 3591 3120 3662; x_wconf 84' lang='lat' dir='ltr'><strong>injustitia</strong></span> <span class='ocrx_word' id='word_1_613' title='bbox 3165 3604 3308 3652; x_wconf 87' lang='lat' dir='ltr'><strong>mea,</strong></span> <span class='ocrx_word' id='word_1_614' title='bbox 3355 3595 3401 3639; x_wconf 89' lang='lat' dir='ltr'><strong>et</strong></span> <span class='ocrx_word' id='word_1_615' title='bbox 3439 3600 3471 3636; x_wconf 92' lang='lat' dir='ltr'><strong>a</strong></span> <span class='ocrx_word' id='word_1_616' title='bbox 3505 3581 3676 3634; x_wconf 84' lang='lat' dir='ltr'><strong>delicto</strong></span> <span class='ocrx_word' id='word_1_617' title='bbox 3712 3586 3798 3624; x_wconf 73' lang='lat' dir='ltr'><strong>mro</strong></span> 
     </span>
    </p>
   </div>
   <div class='ocr_carea' id='block_1_84' title="bbox 2247 3664 3803 3758">
    <p class='ocr_par' dir='ltr' id='par_1_84' title="bbox 2247 3664 3803 3758">
     <span class='ocr_line' id='line_1_85' title="bbox 2247 3664 3803 3758; baseline -0.025 -9"><span class='ocrx_word' id='word_1_618' title='bbox 2247 3695 2440 3748; x_wconf 84' lang='lat' dir='ltr'><strong>munda</strong></span> <span class='ocrx_word' id='word_1_619' title='bbox 2478 3706 2556 3743; x_wconf 88' lang='lat' dir='ltr'><strong>me</strong></span> <span class='ocrx_word' id='word_1_620' title='bbox 2592 3687 2760 3758; x_wconf 85' lang='lat' dir='ltr'><strong>(Psal.</strong></span> <span class='ocrx_word' id='word_1_621' title='bbox 2789 3701 2842 3746; x_wconf 77' lang='lat'><strong>1.,</strong></span> <span class='ocrx_word' id='word_1_622' title='bbox 2870 3684 2948 3751; x_wconf 72' lang='grc'><strong>4),</strong></span> <span class='ocrx_word' id='word_1_623' title='bbox 2989 3678 3254 3748; x_wconf 66' lang='lat' dir='ltr'><strong>praeteriti</strong></span> <span class='ocrx_word' id='word_1_624' title='bbox 3289 3673 3548 3744; x_wconf 88' lang='lat' dir='ltr'><strong>temporis</strong></span> <span class='ocrx_word' id='word_1_625' title='bbox 3577 3664 3803 3735; x_wconf 71' lang='lat' dir='ltr'><strong>pernicies</strong></span> 
     </span>
    </p>
   </div>
   <div class='ocr_carea' id='block_1_85' title="bbox 2247 3753 3799 3844">
    <p class='ocr_par' dir='ltr' id='par_1_85' title="bbox 2247 3753 3799 3844">
     <span class='ocr_line' id='line_1_86' title="bbox 2247 3753 3799 3844; baseline -0.023 -5"><span class='ocrx_word' id='word_1_626' title='bbox 2247 3791 2394 3838; x_wconf 87' lang='lat' dir='ltr'><strong>metu</strong></span> <span class='ocrx_word' id='word_1_627' title='bbox 2438 3753 2647 3834; x_wconf 82' lang='lat' dir='ltr'><strong>venturi</strong></span> <span class='ocrx_word' id='word_1_628' title='bbox 2695 3773 2878 3844; x_wconf 90' lang='lat' dir='ltr'><strong>iudicii</strong></span> <span class='ocrx_word' id='word_1_629' title='bbox 2929 3768 3154 3824; x_wconf 89' lang='lat' dir='ltr'><strong>Domino</strong></span> <span class='ocrx_word' id='word_1_630' title='bbox 3199 3766 3510 3822; x_wconf 88' lang='lat' dir='ltr'><strong>confitetur.</strong></span> <span class='ocrx_word' id='word_1_631' title='bbox 3557 3760 3642 3812; x_wconf 80' lang='lat' dir='ltr'><strong>Vis</strong></span> <span class='ocrx_word' id='word_1_632' title='bbox 3673 3753 3799 3808; x_wconf 71' lang='lat' dir='ltr'><strong>etiam</strong></span> 
     </span>
    </p>
   </div>
   <div class='ocr_carea' id='block_1_86' title="bbox 2251 3845 3806 3941">
    <p class='ocr_par' dir='ltr' id='par_1_86' title="bbox 2251 3845 3806 3941">
     <span class='ocr_line' id='line_1_87' title="bbox 2251 3845 3806 3941; baseline -0.024 -11"><span class='ocrx_word' id='word_1_633' title='bbox 2251 3875 2437 3930; x_wconf 84' lang='lat' dir='ltr'><strong>audire</strong></span> <span class='ocrx_word' id='word_1_634' title='bbox 2482 3879 2713 3941; x_wconf 84' lang='lat' dir='ltr'><strong>agentem</strong></span> <span class='ocrx_word' id='word_1_635' title='bbox 2761 3863 3073 3934; x_wconf 64' lang='lat' dir='ltr'><strong>p‘roixhctam</strong></span> <span class='ocrx_word' id='word_1_636' title='bbox 3122 3858 3178 3913; x_wconf 90' lang='lat' dir='ltr'><strong>in</strong></span> <span class='ocrx_word' id='word_1_637' title='bbox 3225 3860 3422 3929; x_wconf 84' lang='lat' dir='ltr'><strong>spiritu</strong></span> <span class='ocrx_word' id='word_1_638' title='bbox 3466 3857 3594 3908; x_wconf 83' lang='lat' dir='ltr'><strong>diem</strong></span> <span class='ocrx_word' id='word_1_639' title='bbox 3629 3845 3806 3920; x_wconf 78' lang='lat' dir='ltr'><strong>festum?</strong></span> 
     </span>
    </p>
   </div>
   <div class='ocr_carea' id='block_1_87' title="bbox 2254 3939 3806 4026">
    <p class='ocr_par' dir='ltr' id='par_1_87' title="bbox 2254 3939 3806 4026">
     <span class='ocr_line' id='line_1_88' title="bbox 2254 3939 3806 4026; baseline -0.02 -6"><span class='ocrx_word' id='word_1_640' title='bbox 2254 3965 2380 4022; x_wconf 87' lang='lat' dir='ltr'><strong>Post</strong></span> <span class='ocrx_word' id='word_1_641' title='bbox 2411 3939 2572 4016; x_wconf 84' lang='lat' dir='ltr'><strong>multa</strong></span> <span class='ocrx_word' id='word_1_642' title='bbox 2604 3957 2949 4026; x_wconf 87' lang='lat' dir='ltr'><strong>consequitur</strong></span> <span class='ocrx_word' id='word_1_643' title='bbox 2983 3970 2995 4006; x_wconf 89' lang='lat'>:</span> <span class='ocrx_word' id='word_1_644' title='bbox 3031 3950 3173 4005; x_wconf 85' lang='lat' dir='ltr'><strong>Tunc</strong></span> <span class='ocrx_word' id='word_1_645' title='bbox 3206 3949 3508 4018; x_wconf 81' lang='lat' dir='ltr'><strong>acceptabis</strong></span> <span class='ocrx_word' id='word_1_646' title='bbox 3539 3939 3806 4008; x_wconf 78' lang='lat' dir='ltr'><strong>sacriﬁcium</strong></span> 
     </span>
    </p>
   </div>
   <div class='ocr_carea' id='block_1_88' title="bbox 2255 4028 3809 4129">
    <p class='ocr_par' dir='ltr' id='par_1_88' title="bbox 2255 4028 3809 4129">
     <span class='ocr_line' id='line_1_89' title="bbox 2255 4028 3809 4129; baseline -0.023 -18"><span class='ocrx_word' id='word_1_647' title='bbox 2255 4055 2486 4129; x_wconf 70' lang='lat' dir='ltr'><strong>justitiaz,</strong></span> <span class='ocrx_word' id='word_1_648' title='bbox 2528 4050 2806 4106; x_wconf 82' lang='lat' dir='ltr'><strong>oblationes</strong></span> <span class='ocrx_word' id='word_1_649' title='bbox 2837 4056 2881 4099; x_wconf 88' lang='lat' dir='ltr'><strong>et</strong></span> <span class='ocrx_word' id='word_1_650' title='bbox 2909 4045 3247 4106; x_wconf 80' lang='lat' dir='ltr'><strong>holocausta;</strong></span> <span class='ocrx_word' id='word_1_651' title='bbox 3285 4052 3410 4092; x_wconf 81' lang='lat' dir='ltr'><strong>tunc</strong></span> <span class='ocrx_word' id='word_1_652' title='bbox 3452 4028 3809 4102; x_wconf 69' lang='lat' dir='ltr'><strong>imponentlms.</strong></span> 
     </span>
    </p>
   </div>
   <div class='ocr_carea' id='block_1_89' title="bbox 2259 4116 3812 4208">
    <p class='ocr_par' dir='ltr' id='par_1_89' title="bbox 2259 4116 3812 4208">
     <span class='ocr_line' id='line_1_90' title="bbox 2259 4116 3812 4208; baseline -0.025 -5"><span class='ocrx_word' id='word_1_653' title='bbox 2259 4116 2324 4202; x_wconf 49' lang='grc' dir='ltr'><strong>λῖν.</strong></span> <span class='ocrx_word' id='word_1_654' title='bbox 2357 4157 2410 4202; x_wconf 90' lang='lat' dir='ltr'><strong>et</strong></span> <span class='ocrx_word' id='word_1_655' title='bbox 2439 4116 2550 4208; x_wconf 85' lang='lat' dir='ltr'><strong>ed.,</strong></span> <span class='ocrx_word' id='word_1_656' title='bbox 2591 4136 2872 4207; x_wconf 83' lang='lat' dir='ltr'><strong>imponam]</strong></span> <span class='ocrx_word' id='word_1_657' title='bbox 2894 4149 3044 4197; x_wconf 81' lang='lat' dir='ltr'><strong>super</strong></span> <span class='ocrx_word' id='word_1_658' title='bbox 3079 4132 3253 4183; x_wconf 86' lang='lat' dir='ltr'><strong>altare</strong></span> <span class='ocrx_word' id='word_1_659' title='bbox 3279 4139 3430 4182; x_wconf 86' lang='lat' dir='ltr'><strong>tuum</strong></span> <span class='ocrx_word' id='word_1_660' title='bbox 3458 4124 3637 4179; x_wconf 76' lang='lat' dir='ltr'><strong>vitulos</strong></span> <span class='ocrx_word' id='word_1_661' title='bbox 3659 4116 3777 4187; x_wconf 83' lang='lat' dir='ltr'><strong>(Ibid</strong></span> <span class='ocrx_word' id='word_1_662' title='bbox 3801 4153 3812 4174; x_wconf 90' lang='lat'><strong>,</strong></span> 
     </span>
    </p>
   </div>
   <div class='ocr_carea' id='block_1_90' title="bbox 2260 4203 3817 4307">
    <p class='ocr_par' dir='ltr' id='par_1_90' title="bbox 2260 4203 3817 4307">
     <span class='ocr_line' id='line_1_91' title="bbox 2260 4203 3817 4307; baseline -0.021 -15"><span class='ocrx_word' id='word_1_663' title='bbox 2260 4239 2374 4307; x_wconf 82' lang='lat' dir='ltr'><strong>2i).</strong></span> <span class='ocrx_word' id='word_1_664' title='bbox 2423 4235 2513 4289; x_wconf 90' lang='lat' dir='ltr'><strong>Sic</strong></span> <span class='ocrx_word' id='word_1_665' title='bbox 2553 4203 2707 4286; x_wconf 81' lang='lat' dir='ltr'><strong>beata</strong></span> <span class='ocrx_word' id='word_1_666' title='bbox 2757 4203 3080 4299; x_wconf 79' lang='lat' dir='ltr'><strong>germanitas</strong></span> <span class='ocrx_word' id='word_1_667' title='bbox 3125 4221 3471 4289; x_wconf 87' lang='lat' dir='ltr'><strong>psalmorum</strong></span> <span class='ocrx_word' id='word_1_668' title='bbox 3521 4220 3691 4268; x_wconf 90' lang='lat' dir='ltr'><strong>mutua</strong></span> <span class='ocrx_word' id='word_1_669' title='bbox 3740 4203 3817 4257; x_wconf 54' lang='lat' dir='ltr'><strong>sibi</strong></span> 
     </span>
    </p>
   </div>
   <div class='ocr_carea' id='block_1_91' title="bbox 2263 4325 2801 4387">
    <p class='ocr_par' dir='ltr' id='par_1_91' title="bbox 2263 4325 2801 4387">
     <span class='ocr_line' id='line_1_92' title="bbox 2263 4325 2801 4387; baseline -0.022 1"><span class='ocrx_word' id='word_1_670' title='bbox 2263 4333 2486 4387; x_wconf 87' lang='lat' dir='ltr'><strong>veritate</strong></span> <span class='ocrx_word' id='word_1_671' title='bbox 2517 4325 2801 4384; x_wconf 86' lang='lat' dir='ltr'><strong>consentit.</strong></span> 
     </span>
    </p>
   </div>
   <div class='ocr_carea' id='block_1_92' title="bbox 2339 4397 3821 4478">
    <p class='ocr_par' dir='ltr' id='par_1_92' title="bbox 2339 4397 3821 4478">
     <span class='ocr_line' id='line_1_93' title="bbox 2339 4397 3821 4478; baseline -0.02 -3"><span class='ocrx_word' id='word_1_672' title='bbox 2339 4424 2494 4478; x_wconf 81' lang='lat' dir='ltr'><strong>Vers.</strong></span> <span class='ocrx_word' id='word_1_673' title='bbox 2544 4419 2631 4472; x_wconf 79' lang='lat' dir='ltr'><strong>ll.</strong></span> <span class='ocrx_word' id='word_1_674' title='bbox 2677 4415 2862 4471; x_wconf 83' lang='lat' dir='ltr'><strong>Vovete</strong></span> <span class='ocrx_word' id='word_1_675' title='bbox 2907 4420 2953 4465; x_wconf 89' lang='lat' dir='ltr'><strong>et</strong></span> <span class='ocrx_word' id='word_1_676' title='bbox 2995 4407 3195 4462; x_wconf 82' lang='lat' dir='ltr'><strong>reddite</strong></span> <span class='ocrx_word' id='word_1_677' title='bbox 3235 4405 3467 4458; x_wconf 85' lang='lat' dir='ltr'><strong>Domino</strong></span> <span class='ocrx_word' id='word_1_678' title='bbox 3506 4399 3612 4453; x_wconf 85' lang='lat' dir='ltr'><strong>Deo</strong></span> <span class='ocrx_word' id='word_1_679' title='bbox 3650 4397 3821 4446; x_wconf 68' lang='lat' dir='ltr'><strong>vestro.</strong></span> 
     </span>
    </p>
   </div>
   <div class='ocr_carea' id='block_1_93' title="bbox 583 4476 2126 4621">
    <p class='ocr_par' dir='ltr' id='par_1_93' title="bbox 583 4476 2126 4621">
     <span class='ocr_line' id='line_1_94' title="bbox 583 4476 2126 4530; baseline -0.016 -16"><span class='ocrx_word' id='word_1_680' title='bbox 583 4476 710 4530; x_wconf 70' lang='lat' dir='ltr'><strong>tum]</strong></span> <span class='ocrx_word' id='word_1_681' title='bbox 754 4476 859 4521; x_wconf 79' lang='lat' dir='ltr'><strong>est;</strong></span> <span class='ocrx_word' id='word_1_682' title='bbox 907 4476 1041 4508; x_wconf 76' lang='lat' dir='ltr'><strong>terra</strong></span> <span class='ocrx_word' id='word_1_683' title='bbox 1086 4476 1287 4505; x_wconf 69' lang='lat' dir='ltr'><strong>tremuit</strong></span> <span class='ocrx_word' id='word_1_684' title='bbox 1345 4476 1393 4500; x_wconf 71' lang='lat' dir='ltr'><strong>ct</strong></span> <span class='ocrx_word' id='word_1_685' title='bbox 1433 4476 1638 4517; x_wconf 65' lang='lat' dir='ltr'><strong>quantm.</strong></span> <span class='ocrx_word' id='word_1_686' title='bbox 1687 4476 1782 4498; x_wconf 69' lang='grc' dir='ltr'>ιιιυ</span> <span class='ocrx_word' id='word_1_687' title='bbox 1843 4476 2000 4494; x_wconf 70' lang='lat' dir='ltr'><strong>unua</strong></span> <span class='ocrx_word' id='word_1_688' title='bbox 2054 4476 2126 4508; x_wconf 66' lang='lat' dir='ltr'><strong>Ira</strong></span> 
     </span>
     <span class='ocr_line' id='line_1_95' title="bbox 583 4536 2126 4621; baseline -0.016 -14"><span class='ocrx_word' id='word_1_689' title='bbox 583 4547 927 4621; x_wconf 90' lang='lat' dir='ltr'><strong>iudicationis</strong></span> <span class='ocrx_word' id='word_1_690' title='bbox 953 4543 1256 4614; x_wconf 77' lang='lat' dir='ltr'><strong>exponitur,</strong></span> <span class='ocrx_word' id='word_1_691' title='bbox 1282 4541 1402 4611; x_wconf 87' lang='lat' dir='ltr'><strong>quia</strong></span> <span class='ocrx_word' id='word_1_692' title='bbox 1431 4541 1498 4593; x_wconf 91' lang='lat' dir='ltr'><strong>de</strong></span> <span class='ocrx_word' id='word_1_693' title='bbox 1526 4539 1613 4592; x_wconf 89' lang='lat' dir='ltr'><strong>illa</strong></span> <span class='ocrx_word' id='word_1_694' title='bbox 1643 4536 1951 4592; x_wconf 90' lang='lat' dir='ltr'><strong>summitate</strong></span> <span class='ocrx_word' id='word_1_695' title='bbox 1977 4540 2126 4602; x_wconf 84' lang='lat' dir='ltr'><strong>poten</strong></span> 
     </span>
    </p>
   </div>
   <div class='ocr_carea' id='block_1_94' title="bbox 2230 4476 3825 4621">
    <p class='ocr_par' dir='ltr' id='par_1_94' title="bbox 2230 4476 3825 4621">
     <span class='ocr_line' id='line_1_96' title="bbox 2230 4476 3825 4582; baseline -0.028 -11"><span class='ocrx_word' id='word_1_696' title='bbox 2230 4524 2437 4574; x_wconf 75' lang='lat' dir='ltr'><strong>lomnes</strong></span> <span class='ocrx_word' id='word_1_697' title='bbox 2479 4512 2566 4582; x_wconf 88' lang='lat' dir='ltr'><strong>qui</strong></span> <span class='ocrx_word' id='word_1_698' title='bbox 2605 4511 2656 4563; x_wconf 87' lang='lat' dir='ltr'><strong>in</strong></span> <span class='ocrx_word' id='word_1_699' title='bbox 2693 4507 2908 4559; x_wconf 86' lang='lat' dir='ltr'><strong>circuitu</strong></span> <span class='ocrx_word' id='word_1_700' title='bbox 2945 4503 3054 4571; x_wconf 86' lang='lat' dir='ltr'><strong>ejus</strong></span> <span class='ocrx_word' id='word_1_701' title='bbox 3099 4497 3303 4565; x_wconf 68' lang='lat' dir='ltr'><strong>offertis</strong></span> <span class='ocrx_word' id='word_1_702' title='bbox 3378 4505 3589 4548; x_wconf 84' lang='lat' dir='ltr'><strong>munera</strong></span> <span class='ocrx_word' id='word_1_703' title='bbox 3629 4476 3825 4538; x_wconf 77' lang='lat' dir='ltr'><strong>terribib.</strong></span> 
     </span>
     <span class='ocr_line' id='line_1_97' title="bbox 2275 4572 3825 4621; baseline -0.017 27"><span class='ocrx_word' id='word_1_704' title='bbox 2275 4611 2308 4621; x_wconf 84' lang='lat'>&quot;</span> <span class='ocrx_word' id='word_1_705' title='bbox 2567 4603 2607 4621; x_wconf 84' lang='lat'>&#39;—</span> <span class='ocrx_word' id='word_1_706' title='bbox 2644 4607 2905 4621; x_wconf 63' lang='lat' dir='ltr'><strong>——-u--«</strong></span> <span class='ocrx_word' id='word_1_707' title='bbox 2940 4592 3143 4621; x_wconf 62' lang='grc' dir='ltr'><strong>ηιι-ηε-ις</strong></span> <span class='ocrx_word' id='word_1_708' title='bbox 3174 4605 3278 4621; x_wconf 65' lang='lat' dir='ltr'><strong>nnc</strong></span> <span class='ocrx_word' id='word_1_709' title='bbox 3307 4586 3538 4621; x_wconf 49' lang='lat' dir='ltr'><strong>nunt...“</strong></span> <span class='ocrx_word' id='word_1_710' title='bbox 3564 4572 3825 4621; x_wconf 75' lang='lat' dir='ltr'><strong>mnvenial.</strong></span> 
     </span>
    </p>
   </div>
   <div class='ocr_carea' id='block_1_95' title="bbox 590 4624 2162 4704">
    <p class='ocr_par' dir='ltr' id='par_1_95' title="bbox 590 4624 2162 4704">
     <span class='ocr_line' id='line_1_98' title="bbox 590 4624 2162 4704; baseline -0.013 -8"><span class='ocrx_word' id='word_1_711' title='bbox 590 4642 676 4696; x_wconf 75' lang='lat' dir='ltr'><strong>tia:</strong></span> <span class='ocrx_word' id='word_1_712' title='bbox 707 4639 786 4694; x_wconf 89' lang='lat' dir='ltr'><strong>sic</strong></span> <span class='ocrx_word' id='word_1_713' title='bbox 816 4635 1086 4693; x_wconf 86' lang='lat' dir='ltr'><strong>descendit</strong></span> <span class='ocrx_word' id='word_1_714' title='bbox 1106 4632 1364 4704; x_wconf 83' lang='lat' dir='ltr'><strong>judicium</strong></span> <span class='ocrx_word' id='word_1_715' title='bbox 1395 4639 1642 4698; x_wconf 90' lang='lat' dir='ltr'><strong>tanquam</strong></span> <span class='ocrx_word' id='word_1_716' title='bbox 1677 4624 1960 4679; x_wconf 88' lang='lat' dir='ltr'><strong>fortissima</strong></span> <span class='ocrx_word' id='word_1_717' title='bbox 1984 4630 2162 4677; x_wconf 84' lang='lat' dir='ltr'><strong>certa-</strong></span> 
     </span>
    </p>
   </div>
   <div class='ocr_carea' id='block_1_96' title="bbox 588 4715 2169 4804">
    <p class='ocr_par' dir='ltr' id='par_1_96' title="bbox 588 4715 2169 4804">
     <span class='ocr_line' id='line_1_99' title="bbox 588 4715 2169 4804; baseline -0.014 -15"><span class='ocrx_word' id='word_1_718' title='bbox 588 4748 692 4804; x_wconf 90' lang='lat' dir='ltr'><strong>que</strong></span> <span class='ocrx_word' id='word_1_719' title='bbox 724 4746 880 4786; x_wconf 86' lang='lat' dir='ltr'><strong>manu</strong></span> <span class='ocrx_word' id='word_1_720' title='bbox 914 4727 1154 4799; x_wconf 89' lang='lat' dir='ltr'><strong>iaculum</strong></span> <span class='ocrx_word' id='word_1_721' title='bbox 1189 4725 1534 4780; x_wconf 90' lang='lat' dir='ltr'><strong>destinatum.</strong></span> <span class='ocrx_word' id='word_1_722' title='bbox 1579 4720 1680 4775; x_wconf 90' lang='lat' dir='ltr'><strong>Sed</strong></span> <span class='ocrx_word' id='word_1_723' title='bbox 1711 4719 1894 4772; x_wconf 88' lang='lat' dir='ltr'><strong>lancea</strong></span> <span class='ocrx_word' id='word_1_724' title='bbox 1924 4717 2021 4770; x_wconf 87' lang='lat' dir='ltr'><strong>ista</strong></span> <span class='ocrx_word' id='word_1_725' title='bbox 2055 4715 2169 4784; x_wconf 90' lang='lat' dir='ltr'><strong>pla-</strong></span> 
     </span>
    </p>
   </div>
   <div class='ocr_carea' id='block_1_97' title="bbox 589 4808 2167 4896">
    <p class='ocr_par' dir='ltr' id='par_1_97' title="bbox 589 4808 2167 4896">
     <span class='ocr_line' id='line_1_100' title="bbox 589 4808 2167 4896; baseline -0.013 -16"><span class='ocrx_word' id='word_1_726' title='bbox 589 4840 708 4896; x_wconf 84' lang='lat' dir='ltr'><strong>gam</strong></span> <span class='ocrx_word' id='word_1_727' title='bbox 736 4822 901 4879; x_wconf 88' lang='lat' dir='ltr'><strong>eflicit</strong></span> <span class='ocrx_word' id='word_1_728' title='bbox 926 4817 1271 4888; x_wconf 88' lang='lat' dir='ltr'><strong>temporalem</strong></span> <span class='ocrx_word' id='word_1_729' title='bbox 1298 4833 1312 4870; x_wconf 90' lang='lat'><strong>:</strong></span> <span class='ocrx_word' id='word_1_730' title='bbox 1338 4814 1462 4870; x_wconf 90' lang='lat' dir='ltr'><strong>illud</strong></span> <span class='ocrx_word' id='word_1_731' title='bbox 1495 4822 1669 4868; x_wconf 90' lang='lat' dir='ltr'><strong>autem</strong></span> <span class='ocrx_word' id='word_1_732' title='bbox 1691 4811 1947 4880; x_wconf 84' lang='lat' dir='ltr'><strong>judicium</strong></span> <span class='ocrx_word' id='word_1_733' title='bbox 1976 4808 2167 4877; x_wconf 92' lang='lat' dir='ltr'><strong>impios</strong></span> 
     </span>
    </p>
   </div>
   <div class='ocr_carea' id='block_1_98' title="bbox 593 4905 2170 4980">
    <p class='ocr_par' dir='ltr' id='par_1_98' title="bbox 593 4905 2170 4980">
     <span class='ocr_line' id='line_1_101' title="bbox 593 4905 2170 4980; baseline -0.013 -4"><span class='ocrx_word' id='word_1_734' title='bbox 593 4929 795 4976; x_wconf 61' lang='lat' dir='ltr'><strong>aeterno</strong></span> <span class='ocrx_word' id='word_1_735' title='bbox 823 4917 1040 4971; x_wconf 91' lang='lat' dir='ltr'><strong>vulnere</strong></span> <span class='ocrx_word' id='word_1_736' title='bbox 1084 4913 1361 4968; x_wconf 89' lang='lat' dir='ltr'><strong>sauciabit.</strong></span> <span class='ocrx_word' id='word_1_737' title='bbox 1409 4909 1679 4980; x_wconf 87' lang='lat' dir='ltr'><strong>Sequitur,</strong></span> <span class='ocrx_word' id='word_1_738' title='bbox 1711 4919 1846 4963; x_wconf 87' lang='lat' dir='ltr'><strong>terra</strong></span> <span class='ocrx_word' id='word_1_739' title='bbox 1891 4905 2092 4960; x_wconf 85' lang='lat' dir='ltr'><strong>tremuit</strong></span> <span class='ocrx_word' id='word_1_740' title='bbox 2124 4911 2170 4959; x_wconf 89' lang='lat' dir='ltr'><strong>et</strong></span> 
     </span>
    </p>
   </div>
   <div class='ocr_carea' id='block_1_99' title="bbox 592 4994 2175 5082">
    <p class='ocr_par' dir='ltr' id='par_1_99' title="bbox 592 4994 2175 5082">
     <span class='ocr_line' id='line_1_102' title="bbox 592 4994 2175 5082; baseline -0.01 -18"><span class='ocrx_word' id='word_1_741' title='bbox 592 5011 803 5082; x_wconf 85' lang='lat' dir='ltr'><strong>quievit.</strong></span> <span class='ocrx_word' id='word_1_742' title='bbox 851 5007 1005 5061; x_wconf 87' lang='lat' dir='ltr'><strong>Terra</strong></span> <span class='ocrx_word' id='word_1_743' title='bbox 1036 5005 1198 5075; x_wconf 85' lang='lat' dir='ltr'><strong>(sicut</strong></span> <span class='ocrx_word' id='word_1_744' title='bbox 1245 5017 1388 5071; x_wconf 77' lang='lat' dir='ltr'><strong>smpe</strong></span> <span class='ocrx_word' id='word_1_745' title='bbox 1431 5001 1629 5055; x_wconf 87' lang='lat' dir='ltr'><strong>dictum</strong></span> <span class='ocrx_word' id='word_1_746' title='bbox 1662 4997 1767 5069; x_wconf 90' lang='lat' dir='ltr'><strong>est)</strong></span> <span class='ocrx_word' id='word_1_747' title='bbox 1799 4997 1882 5050; x_wconf 88' lang='lat' dir='ltr'><strong>hic</strong></span> <span class='ocrx_word' id='word_1_748' title='bbox 1911 4994 2175 5067; x_wconf 80' lang='lat' dir='ltr'><strong>signiﬁcat</strong></span> 
     </span>
    </p>
   </div>
   <div class='ocr_carea' id='block_1_100' title="bbox 602 5088 2174 5170">
    <p class='ocr_par' dir='ltr' id='par_1_100' title="bbox 602 5088 2174 5170">
     <span class='ocr_line' id='line_1_103' title="bbox 602 5088 2174 5170; baseline -0.011 -12"><span class='ocrx_word' id='word_1_749' title='bbox 602 5102 944 5170; x_wconf 85' lang='lat' dir='ltr'><strong>corpulentos</strong></span> <span class='ocrx_word' id='word_1_750' title='bbox 986 5108 1039 5151; x_wconf 90' lang='lat' dir='ltr'><strong>et</strong></span> <span class='ocrx_word' id='word_1_751' title='bbox 1079 5095 1422 5166; x_wconf 84' lang='lat' dir='ltr'><strong>gravissimos</strong></span> <span class='ocrx_word' id='word_1_752' title='bbox 1473 5100 1795 5162; x_wconf 88' lang='lat' dir='ltr'><strong>peccatores,</strong></span> <span class='ocrx_word' id='word_1_753' title='bbox 1843 5088 1934 5158; x_wconf 91' lang='lat' dir='ltr'><strong>qui</strong></span> <span class='ocrx_word' id='word_1_754' title='bbox 1978 5088 2174 5142; x_wconf 85' lang='lat' dir='ltr'><strong>divinae</strong></span> 
     </span>
    </p>
   </div>
   <div class='ocr_carea' id='block_1_101' title="bbox 601 5177 2178 5250">
    <p class='ocr_par' dir='ltr' id='par_1_101' title="bbox 601 5177 2178 5250">
     <span class='ocr_line' id='line_1_104' title="bbox 601 5177 2178 5250; baseline -0.012 0"><span class='ocrx_word' id='word_1_755' title='bbox 601 5192 882 5250; x_wconf 76' lang='lat' dir='ltr'><strong>sententia:</strong></span> <span class='ocrx_word' id='word_1_756' title='bbox 913 5189 1226 5243; x_wconf 86' lang='lat' dir='ltr'><strong>auctoritate</strong></span> <span class='ocrx_word' id='word_1_757' title='bbox 1257 5183 1540 5239; x_wconf 81' lang='lat' dir='ltr'><strong>damnandi</strong></span> <span class='ocrx_word' id='word_1_758' title='bbox 1583 5191 1725 5236; x_wconf 78' lang='lat' dir='ltr'><strong>sunt.</strong></span> <span class='ocrx_word' id='word_1_759' title='bbox 1771 5180 1831 5233; x_wconf 90' lang='lat' dir='ltr'><strong>Ili</strong></span> <span class='ocrx_word' id='word_1_760' title='bbox 1880 5177 2178 5231; x_wconf 83' lang='lat' dir='ltr'><strong>trem&#39;elient</strong></span> 
     </span>
    </p>
   </div>
   <div class='ocr_carea' id='block_1_102' title="bbox 600 5266 2176 5346">
    <p class='ocr_par' dir='ltr' id='par_1_102' title="bbox 600 5266 2176 5346">
     <span class='ocr_line' id='line_1_105' title="bbox 600 5266 2176 5346; baseline -0.015 -6"><span class='ocrx_word' id='word_1_761' title='bbox 600 5300 725 5340; x_wconf 84' lang='lat' dir='ltr'><strong>cum</strong></span> <span class='ocrx_word' id='word_1_762' title='bbox 758 5281 1023 5335; x_wconf 89' lang='lat' dir='ltr'><strong>audierint</strong></span> <span class='ocrx_word' id='word_1_763' title='bbox 1058 5295 1070 5332; x_wconf 90' lang='lat'>:</span> <span class='ocrx_word' id='word_1_764' title='bbox 1101 5275 1179 5330; x_wconf 81' lang='lat' dir='ltr'><strong>Ite</strong></span> <span class='ocrx_word' id='word_1_765' title='bbox 1217 5277 1271 5329; x_wconf 87' lang='lat' dir='ltr'><strong>in</strong></span> <span class='ocrx_word' id='word_1_766' title='bbox 1311 5274 1477 5346; x_wconf 85' lang='lat' dir='ltr'><strong>ignem</strong></span> <span class='ocrx_word' id='word_1_767' title='bbox 1515 5281 1757 5325; x_wconf 62' lang='lat' dir='ltr'><strong>afternum</strong></span> <span class='ocrx_word' id='word_1_768' title='bbox 1790 5266 2004 5338; x_wconf 81' lang='lat' dir='ltr'><strong>(Matth.</strong></span> <span class='ocrx_word' id='word_1_769' title='bbox 2051 5281 2176 5330; x_wconf 76' lang='lat' dir='ltr'><strong>xxv,</strong></span> 
     </span>
    </p>
   </div>
   <div class='ocr_carea' id='block_1_103' title="bbox 600 5356 2177 5448">
    <p class='ocr_par' dir='ltr' id='par_1_103' title="bbox 600 5356 2177 5448">
     <span class='ocr_line' id='line_1_106' title="bbox 600 5356 2177 5448; baseline -0.016 -16"><span class='ocrx_word' id='word_1_770' title='bbox 600 5377 715 5448; x_wconf 67' lang='grc'><strong>41).</strong></span> <span class='ocrx_word' id='word_1_771' title='bbox 765 5373 1052 5438; x_wconf 80' lang='lat' dir='ltr'><strong>Quiesccnt,</strong></span> <span class='ocrx_word' id='word_1_772' title='bbox 1099 5381 1217 5422; x_wconf 87' lang='lat' dir='ltr'><strong>cum</strong></span> <span class='ocrx_word' id='word_1_773' title='bbox 1269 5367 1319 5419; x_wconf 92' lang='lat' dir='ltr'><strong>in</strong></span> <span class='ocrx_word' id='word_1_774' title='bbox 1369 5370 1616 5432; x_wconf 88' lang='lat' dir='ltr'><strong>perpetua</strong></span> <span class='ocrx_word' id='word_1_775' title='bbox 1656 5357 1994 5413; x_wconf 90' lang='lat' dir='ltr'><strong>damnatione</strong></span> <span class='ocrx_word' id='word_1_776' title='bbox 2037 5356 2177 5408; x_wconf 81' lang='lat' dir='ltr'><strong>reci-</strong></span> 
     </span>
    </p>
   </div>
   <div class='ocr_carea' id='block_1_104' title="bbox 607 5446 2180 5537">
    <p class='ocr_par' dir='ltr' id='par_1_104' title="bbox 607 5446 2180 5537">
     <span class='ocr_line' id='line_1_107' title="bbox 607 5446 2180 5537; baseline -0.015 -15"><span class='ocrx_word' id='word_1_777' title='bbox 607 5446 837 5537; x_wconf 85' lang='lat' dir='ltr'><strong>pientur.</strong></span> <span class='ocrx_word' id='word_1_778' title='bbox 883 5461 986 5516; x_wconf 90' lang='lat' dir='ltr'><strong>Sed</strong></span> <span class='ocrx_word' id='word_1_779' title='bbox 1019 5459 1168 5528; x_wconf 90' lang='lat' dir='ltr'><strong>quies</strong></span> <span class='ocrx_word' id='word_1_780' title='bbox 1214 5455 1313 5508; x_wconf 73' lang='lat' dir='ltr'><strong>ista</strong></span> <span class='ocrx_word' id='word_1_781' title='bbox 1364 5454 1481 5507; x_wconf 92' lang='lat' dir='ltr'><strong>sine</strong></span> <span class='ocrx_word' id='word_1_782' title='bbox 1522 5449 1705 5520; x_wconf 90' lang='lat' dir='ltr'><strong>requie</strong></span> <span class='ocrx_word' id='word_1_783' title='bbox 1739 5457 1820 5502; x_wconf 89' lang='lat' dir='ltr'><strong>est</strong></span> <span class='ocrx_word' id='word_1_784' title='bbox 1853 5463 1865 5498; x_wconf 90' lang='lat'><strong>:</strong></span> <span class='ocrx_word' id='word_1_785' title='bbox 1898 5446 2180 5516; x_wconf 89' lang='lat' dir='ltr'><strong>quiescunt</strong></span> 
     </span>
    </p>
   </div>
   <div class='ocr_carea' id='block_1_105' title="bbox 607 5537 2183 5619">
    <p class='ocr_par' dir='ltr' id='par_1_105' title="bbox 607 5537 2183 5619">
     <span class='ocr_line' id='line_1_108' title="bbox 607 5537 2183 5619; baseline -0.015 -5"><span class='ocrx_word' id='word_1_786' title='bbox 607 5559 749 5616; x_wconf 87' lang='lat' dir='ltr'><strong>enim</strong></span> <span class='ocrx_word' id='word_1_787' title='bbox 790 5571 818 5609; x_wconf 87' lang='lat' dir='ltr'><strong>a</strong></span> <span class='ocrx_word' id='word_1_788' title='bbox 865 5553 1018 5610; x_wconf 90' lang='lat' dir='ltr'><strong>malis</strong></span> <span class='ocrx_word' id='word_1_789' title='bbox 1063 5548 1332 5619; x_wconf 89' lang='lat' dir='ltr'><strong>operibus,</strong></span> <span class='ocrx_word' id='word_1_790' title='bbox 1367 5544 1459 5599; x_wconf 92' lang='lat' dir='ltr'><strong>sed</strong></span> <span class='ocrx_word' id='word_1_791' title='bbox 1507 5545 1557 5596; x_wconf 94' lang='lat' dir='ltr'><strong>iu</strong></span> <span class='ocrx_word' id='word_1_792' title='bbox 1605 5541 1865 5611; x_wconf 88' lang='lat' dir='ltr'><strong>supplicio</strong></span> <span class='ocrx_word' id='word_1_793' title='bbox 1900 5554 2005 5594; x_wconf 93' lang='lat' dir='ltr'><strong>non</strong></span> <span class='ocrx_word' id='word_1_794' title='bbox 2037 5537 2183 5607; x_wconf 90' lang='lat' dir='ltr'><strong>quie-</strong></span> 
     </span>
    </p>
   </div>
   <div class='ocr_carea' id='block_1_106' title="bbox 608 5629 2076 5716">
    <p class='ocr_par' dir='ltr' id='par_1_106' title="bbox 608 5629 2076 5716">
     <span class='ocr_line' id='line_1_109' title="bbox 608 5629 2076 5716; baseline -0.015 -13"><span class='ocrx_word' id='word_1_795' title='bbox 608 5655 784 5714; x_wconf 76' lang='lat' dir='ltr'><strong>scunt,</strong></span> <span class='ocrx_word' id='word_1_796' title='bbox 817 5645 1010 5716; x_wconf 90' lang='lat' dir='ltr'><strong>quippe</strong></span> <span class='ocrx_word' id='word_1_797' title='bbox 1037 5639 1127 5712; x_wconf 92' lang='lat' dir='ltr'><strong>qui</strong></span> <span class='ocrx_word' id='word_1_798' title='bbox 1169 5646 1367 5693; x_wconf 69' lang='lat' dir='ltr'><strong>aeterna</strong></span> <span class='ocrx_word' id='word_1_799' title='bbox 1398 5634 1606 5690; x_wconf 82' lang='lat' dir='ltr'><strong>ﬂamma</strong></span> <span class='ocrx_word' id='word_1_800' title='bbox 1635 5629 1903 5686; x_wconf 89' lang='lat' dir='ltr'><strong>cruciandi</strong></span> <span class='ocrx_word' id='word_1_801' title='bbox 1935 5636 2076 5683; x_wconf 92' lang='lat' dir='ltr'><strong>sunt.</strong></span> 
     </span>
    </p>
   </div>
   <div class='ocr_carea' id='block_1_107' title="bbox 683 5718 2186 5804">
    <p class='ocr_par' dir='ltr' id='par_1_107' title="bbox 683 5718 2186 5804">
     <span class='ocr_line' id='line_1_110' title="bbox 683 5718 2186 5804; baseline -0.015 -10"><span class='ocrx_word' id='word_1_802' title='bbox 683 5738 814 5804; x_wconf 76' lang='lat' dir='ltr'><strong>Vcrs</strong></span> <span class='ocrx_word' id='word_1_803' title='bbox 879 5736 932 5792; x_wconf 88' lang='lat'><strong>9.</strong></span> <span class='ocrx_word' id='word_1_804' title='bbox 970 5733 1096 5788; x_wconf 86' lang='lat' dir='ltr'><strong>Cum</strong></span> <span class='ocrx_word' id='word_1_805' title='bbox 1131 5736 1420 5799; x_wconf 74' lang='lat' dir='ltr'><strong>exsurgeret</strong></span> <span class='ocrx_word' id='word_1_806' title='bbox 1449 5727 1501 5781; x_wconf 88' lang='lat' dir='ltr'><strong>in</strong></span> <span class='ocrx_word' id='word_1_807' title='bbox 1531 5724 1733 5798; x_wconf 87' lang='lat' dir='ltr'><strong>judicio</strong></span> <span class='ocrx_word' id='word_1_808' title='bbox 1761 5719 1916 5789; x_wconf 77' lang='lat' dir='ltr'><strong>Deus,</strong></span> <span class='ocrx_word' id='word_1_809' title='bbox 1941 5728 1996 5773; x_wconf 89' lang='lat' dir='ltr'><strong>ut</strong></span> <span class='ocrx_word' id='word_1_810' title='bbox 2024 5718 2186 5773; x_wconf 77' lang='lat' dir='ltr'><strong>salvos</strong></span> 
     </span>
    </p>
   </div>
   <div class='ocr_carea' id='block_1_108' title="bbox 2270 4572 3828 4672">
    <p class='ocr_par' dir='ltr' id='par_1_108' title="bbox 2270 4572 3828 4672">
     <span class='ocr_line' id='line_1_111' title="bbox 2270 4572 3828 4672; baseline -0.029 -7"><span class='ocrx_word' id='word_1_811' title='bbox 2270 4611 2402 4665; x_wconf 78' lang='lat' dir='ltr'><strong>Cum</strong></span> <span class='ocrx_word' id='word_1_812' title='bbox 2438 4603 2614 4660; x_wconf 91' lang='lat' dir='ltr'><strong>omnia</strong></span> <span class='ocrx_word' id='word_1_813' title='bbox 2644 4607 2908 4672; x_wconf 61' lang='lat' dir='ltr'><strong>praecepta</strong></span> <span class='ocrx_word' id='word_1_814' title='bbox 2940 4592 3146 4648; x_wconf 89' lang='lat' dir='ltr'><strong>Domini</strong></span> <span class='ocrx_word' id='word_1_815' title='bbox 3174 4605 3282 4644; x_wconf 90' lang='lat' dir='ltr'><strong>nos</strong></span> <span class='ocrx_word' id='word_1_816' title='bbox 3307 4586 3538 4657; x_wconf 89' lang='lat' dir='ltr'><strong>implere</strong></span> <span class='ocrx_word' id='word_1_817' title='bbox 3564 4572 3828 4635; x_wconf 87' lang='lat' dir='ltr'><strong>conveniat,</strong></span> 
     </span>
    </p>
   </div>
   <div class='ocr_carea' id='block_1_109' title="bbox 2272 4662 3828 4767">
    <p class='ocr_par' dir='ltr' id='par_1_109' title="bbox 2272 4662 3828 4767">
     <span class='ocr_line' id='line_1_112' title="bbox 2272 4662 3828 4767; baseline -0.023 -14"><span class='ocrx_word' id='word_1_818' title='bbox 2272 4700 2449 4767; x_wconf 85' lang='lat' dir='ltr'><strong>sitque</strong></span> <span class='ocrx_word' id='word_1_819' title='bbox 2479 4692 2631 4747; x_wconf 85' lang='lat' dir='ltr'><strong>nobis</strong></span> <span class='ocrx_word' id='word_1_820' title='bbox 2676 4702 2896 4743; x_wconf 89' lang='lat' dir='ltr'><strong>necesse</strong></span> <span class='ocrx_word' id='word_1_821' title='bbox 2945 4696 3129 4737; x_wconf 78' lang='lat' dir='ltr'><strong>vocem</strong></span> <span class='ocrx_word' id='word_1_822' title='bbox 3175 4680 3305 4749; x_wconf 79' lang='lat' dir='ltr'><strong>eius</strong></span> <span class='ocrx_word' id='word_1_823' title='bbox 3355 4673 3615 4746; x_wconf 88' lang='lat' dir='ltr'><strong>iussionis</strong></span> <span class='ocrx_word' id='word_1_824' title='bbox 3655 4662 3828 4718; x_wconf 61' lang='lat' dir='ltr'><strong>audire.</strong></span> 
     </span>
    </p>
   </div>
   <div class='ocr_carea' id='block_1_110' title="bbox 2276 4755 3831 4850">
    <p class='ocr_par' dir='ltr' id='par_1_110' title="bbox 2276 4755 3831 4850">
     <span class='ocr_line' id='line_1_113' title="bbox 2276 4755 3831 4850; baseline -0.023 -5"><span class='ocrx_word' id='word_1_825' title='bbox 2276 4755 2638 4846; x_wconf 45' lang='lat' dir='ltr'><strong>hic.admonet</strong></span> <span class='ocrx_word' id='word_1_826' title='bbox 2672 4783 2840 4850; x_wconf 78' lang='lat' dir='ltr'><strong>Asaph</strong></span> <span class='ocrx_word' id='word_1_827' title='bbox 2887 4790 2944 4833; x_wconf 90' lang='lat' dir='ltr'><strong>ut</strong></span> <span class='ocrx_word' id='word_1_828' title='bbox 2988 4777 3222 4848; x_wconf 89' lang='lat' dir='ltr'><strong>primum</strong></span> <span class='ocrx_word' id='word_1_829' title='bbox 3273 4789 3496 4836; x_wconf 79' lang='lat' dir='ltr'><strong>vovere,</strong></span> <span class='ocrx_word' id='word_1_830' title='bbox 3541 4773 3709 4838; x_wconf 87' lang='lat' dir='ltr'><strong>postea</strong></span> <span class='ocrx_word' id='word_1_831' title='bbox 3736 4755 3831 4810; x_wconf 82' lang='lat' dir='ltr'><strong>red-</strong></span> 
     </span>
    </p>
   </div>
   <div class='ocr_carea' id='block_1_111' title="bbox 2277 4857 3836 4939">
    <p class='ocr_par' dir='ltr' id='par_1_111' title="bbox 2277 4857 3836 4939">
     <span class='ocr_line' id='line_1_114' title="bbox 2277 4857 3836 4939; baseline -0.024 0"><span class='ocrx_word' id='word_1_832' title='bbox 2277 4885 2395 4939; x_wconf 83' lang='lat' dir='ltr'><strong>dere</strong></span> <span class='ocrx_word' id='word_1_833' title='bbox 2427 4880 2728 4936; x_wconf 87' lang='lat' dir='ltr'><strong>debeamus.</strong></span> <span class='ocrx_word' id='word_1_834' title='bbox 2762 4873 2878 4928; x_wconf 85' lang='lat' dir='ltr'><strong>Non</strong></span> <span class='ocrx_word' id='word_1_835' title='bbox 2912 4868 3203 4930; x_wconf 87' lang='lat' dir='ltr'><strong>immerito,</strong></span> <span class='ocrx_word' id='word_1_836' title='bbox 3235 4867 3366 4935; x_wconf 90' lang='lat' dir='ltr'><strong>quia</strong></span> <span class='ocrx_word' id='word_1_837' title='bbox 3407 4869 3534 4917; x_wconf 90' lang='lat' dir='ltr'><strong>sunt</strong></span> <span class='ocrx_word' id='word_1_838' title='bbox 3564 4857 3713 4912; x_wconf 87' lang='lat' dir='ltr'><strong>multa</strong></span> <span class='ocrx_word' id='word_1_839' title='bbox 3741 4859 3836 4916; x_wconf 56' lang='lat' dir='ltr'><strong>qua!</strong></span> 
     </span>
    </p>
   </div>
   <div class='ocr_carea' id='block_1_112' title="bbox 2281 4945 3837 5040">
    <p class='ocr_par' dir='ltr' id='par_1_112' title="bbox 2281 4945 3837 5040">
     <span class='ocr_line' id='line_1_115' title="bbox 2281 4945 3837 5040; baseline -0.022 -9"><span class='ocrx_word' id='word_1_840' title='bbox 2281 4977 2438 5031; x_wconf 92' lang='lat' dir='ltr'><strong>etiam</strong></span> <span class='ocrx_word' id='word_1_841' title='bbox 2467 4987 2571 5027; x_wconf 90' lang='lat' dir='ltr'><strong>non</strong></span> <span class='ocrx_word' id='word_1_842' title='bbox 2602 4967 2978 5040; x_wconf 87' lang='lat' dir='ltr'><strong>promittentes</strong></span> <span class='ocrx_word' id='word_1_843' title='bbox 3016 4961 3323 5016; x_wconf 89' lang='lat' dir='ltr'><strong>debeamus</strong></span> <span class='ocrx_word' id='word_1_844' title='bbox 3369 4954 3675 5012; x_wconf 77' lang='lat' dir='ltr'><strong>exsolvere,</strong></span> <span class='ocrx_word' id='word_1_845' title='bbox 3702 4951 3753 4996; x_wconf 88' lang='lat' dir='ltr'><strong>ut</strong></span> <span class='ocrx_word' id='word_1_846' title='bbox 3775 4945 3837 4990; x_wconf 66' lang='grc' dir='ltr'><strong>ρει</strong></span> 
     </span>
    </p>
   </div>
   <div class='ocr_carea' id='block_1_113' title="bbox 2280 5031 3837 5133">
    <p class='ocr_par' dir='ltr' id='par_1_113' title="bbox 2280 5031 3837 5133">
     <span class='ocr_line' id='line_1_116' title="bbox 2280 5031 3837 5133; baseline -0.023 -9"><span class='ocrx_word' id='word_1_847' title='bbox 2280 5068 2432 5133; x_wconf 80' lang='lat' dir='ltr'><strong>illud,</strong></span> <span class='ocrx_word' id='word_1_848' title='bbox 2459 5065 2580 5120; x_wconf 90' lang='lat' dir='ltr'><strong>Non</strong></span> <span class='ocrx_word' id='word_1_849' title='bbox 2605 5061 2825 5128; x_wconf 85' lang='lat' dir='ltr'><strong>occides,</strong></span> <span class='ocrx_word' id='word_1_850' title='bbox 2851 5074 2951 5110; x_wconf 86' lang='lat' dir='ltr'><strong>non</strong></span> <span class='ocrx_word' id='word_1_851' title='bbox 2981 5052 3342 5114; x_wconf 71' lang='lat' dir='ltr'><strong>moechaberis,</strong></span> <span class='ocrx_word' id='word_1_852' title='bbox 3373 5065 3479 5103; x_wconf 87' lang='lat' dir='ltr'><strong>non</strong></span> <span class='ocrx_word' id='word_1_853' title='bbox 3507 5050 3694 5116; x_wconf 73' lang='lat' dir='ltr'><strong>furtum</strong></span> <span class='ocrx_word' id='word_1_854' title='bbox 3713 5031 3837 5104; x_wconf 59' lang='lat' dir='ltr'><strong>{add</strong></span> 
     </span>
    </p>
   </div>
   <div class='ocr_carea' id='block_1_114' title="bbox 2284 5126 3841 5238">
    <p class='ocr_par' dir='ltr' id='par_1_114' title="bbox 2284 5126 3841 5238">
     <span class='ocr_line' id='line_1_117' title="bbox 2284 5126 3841 5238; baseline -0.021 -20"><span class='ocrx_word' id='word_1_855' title='bbox 2284 5163 2477 5238; x_wconf 76' lang='lat' dir='ltr'><strong>(Exod.</strong></span> <span class='ocrx_word' id='word_1_856' title='bbox 2507 5178 2597 5228; x_wconf 79' lang='lat' dir='ltr'><strong>xx,</strong></span> <span class='ocrx_word' id='word_1_857' title='bbox 2635 5158 2743 5229; x_wconf 78' lang='lat' dir='ltr'><strong>l5),</strong></span> <span class='ocrx_word' id='word_1_858' title='bbox 2771 5167 2826 5213; x_wconf 93' lang='lat' dir='ltr'><strong>et</strong></span> <span class='ocrx_word' id='word_1_859' title='bbox 2852 5163 3046 5210; x_wconf 64' lang='lat' dir='ltr'><strong>caetera</strong></span> <span class='ocrx_word' id='word_1_860' title='bbox 3075 5149 3280 5205; x_wconf 88' lang='lat' dir='ltr'><strong>delicta</strong></span> <span class='ocrx_word' id='word_1_861' title='bbox 3323 5162 3449 5219; x_wconf 73' lang='lat' dir='ltr'><strong>qute</strong></span> <span class='ocrx_word' id='word_1_862' title='bbox 3495 5151 3722 5201; x_wconf 84' lang='lat' dir='ltr'><strong>vetamur</strong></span> <span class='ocrx_word' id='word_1_863' title='bbox 3747 5126 3841 5187; x_wconf 80' lang='lat' dir='ltr'><strong>elﬁ-</strong></span> 
     </span>
    </p>
   </div>
   <div class='ocr_carea' id='block_1_115' title="bbox 2286 5222 3841 5321">
    <p class='ocr_par' dir='ltr' id='par_1_115' title="bbox 2286 5222 3841 5321">
     <span class='ocr_line' id='line_1_118' title="bbox 2286 5222 3841 5321; baseline -0.021 -6"><span class='ocrx_word' id='word_1_864' title='bbox 2286 5274 2432 5314; x_wconf 90' lang='lat' dir='ltr'><strong>ccre.</strong></span> <span class='ocrx_word' id='word_1_865' title='bbox 2476 5255 2592 5310; x_wconf 85' lang='lat' dir='ltr'><strong>Alia</strong></span> <span class='ocrx_word' id='word_1_866' title='bbox 2632 5259 2756 5306; x_wconf 90' lang='lat' dir='ltr'><strong>sunt</strong></span> <span class='ocrx_word' id='word_1_867' title='bbox 2799 5263 2916 5321; x_wconf 78' lang='lat' dir='ltr'><strong>quae</strong></span> <span class='ocrx_word' id='word_1_868' title='bbox 2956 5247 3055 5301; x_wconf 88' lang='lat' dir='ltr'><strong>nisi</strong></span> <span class='ocrx_word' id='word_1_869' title='bbox 3100 5258 3432 5306; x_wconf 83' lang='lat' dir='ltr'><strong>voveamus,</strong></span> <span class='ocrx_word' id='word_1_870' title='bbox 3477 5237 3694 5306; x_wconf 88' lang='lat' dir='ltr'><strong>implere</strong></span> <span class='ocrx_word' id='word_1_871' title='bbox 3727 5222 3841 5279; x_wconf 64' lang='lat' dir='ltr'><strong>nulla</strong></span> 
     </span>
    </p>
   </div>
   <div class='ocr_carea' id='block_1_116' title="bbox 2287 5325 3841 5422">
    <p class='ocr_par' dir='ltr' id='par_1_116' title="bbox 2287 5325 3841 5422">
     <span class='ocr_line' id='line_1_119' title="bbox 2287 5325 3841 5422; baseline -0.021 -17"><span class='ocrx_word' id='word_1_872' title='bbox 2287 5353 2407 5422; x_wconf 86' lang='lat' dir='ltr'><strong>lege</strong></span> <span class='ocrx_word' id='word_1_873' title='bbox 2435 5343 2867 5415; x_wconf 86' lang='lat' dir='ltr'><strong>coustringimur,</strong></span> <span class='ocrx_word' id='word_1_874' title='bbox 2894 5348 2954 5394; x_wconf 92' lang='lat' dir='ltr'><strong>ut</strong></span> <span class='ocrx_word' id='word_1_875' title='bbox 2978 5337 3345 5406; x_wconf 88' lang='lat' dir='ltr'><strong>virginitatem</strong></span> <span class='ocrx_word' id='word_1_876' title='bbox 3379 5342 3618 5391; x_wconf 87' lang='lat' dir='ltr'><strong>servare,</strong></span> <span class='ocrx_word' id='word_1_877' title='bbox 3641 5325 3841 5378; x_wconf 86' lang='lat' dir='ltr'><strong>eremum</strong></span> 
     </span>
    </p>
   </div>
   <div class='ocr_carea' id='block_1_117' title="bbox 2288 5415 3842 5511">
    <p class='ocr_par' dir='ltr' id='par_1_117' title="bbox 2288 5415 3842 5511">
     <span class='ocr_line' id='line_1_120' title="bbox 2288 5415 3842 5511; baseline -0.021 -16"><span class='ocrx_word' id='word_1_878' title='bbox 2288 5451 2488 5511; x_wconf 87' lang='lat' dir='ltr'><strong>petere,</strong></span> <span class='ocrx_word' id='word_1_879' title='bbox 2521 5446 2575 5491; x_wconf 91' lang='lat' dir='ltr'><strong>et</strong></span> <span class='ocrx_word' id='word_1_880' title='bbox 2618 5434 2924 5503; x_wconf 87' lang='lat' dir='ltr'><strong>quotidiana</strong></span> <span class='ocrx_word' id='word_1_881' title='bbox 2967 5443 3064 5484; x_wconf 90' lang='lat' dir='ltr'><strong>nos</strong></span> <span class='ocrx_word' id='word_1_882' title='bbox 3102 5420 3483 5482; x_wconf 79' lang='lat' dir='ltr'><strong>maceratione</strong></span> <span class='ocrx_word' id='word_1_883' title='bbox 3525 5415 3702 5491; x_wconf 86' lang='lat' dir='ltr'><strong>ieiunii</strong></span> <span class='ocrx_word' id='word_1_884' title='bbox 3737 5421 3842 5464; x_wconf 84' lang='lat' dir='ltr'><strong>con-</strong></span> 
     </span>
    </p>
   </div>
   <div class='ocr_carea' id='block_1_118' title="bbox 2289 5495 3846 5597">
    <p class='ocr_par' dir='ltr' id='par_1_118' title="bbox 2289 5495 3846 5597">
     <span class='ocr_line' id='line_1_121' title="bbox 2289 5495 3846 5597; baseline -0.026 -11"><span class='ocrx_word' id='word_1_885' title='bbox 2289 5495 2570 5597; x_wconf 69' lang='lat' dir='ltr'><strong>stringere.</strong></span> <span class='ocrx_word' id='word_1_886' title='bbox 2603 5525 2749 5580; x_wconf 84' lang='lat' dir='ltr'><strong>Talia</strong></span> <span class='ocrx_word' id='word_1_887' title='bbox 2779 5537 2906 5592; x_wconf 84' lang='lat' dir='ltr'><strong>ergo</strong></span> <span class='ocrx_word' id='word_1_888' title='bbox 2940 5519 3126 5575; x_wconf 89' lang='lat' dir='ltr'><strong>invitat</strong></span> <span class='ocrx_word' id='word_1_889' title='bbox 3157 5517 3436 5586; x_wconf 87' lang='lat' dir='ltr'><strong>promitti,</strong></span> <span class='ocrx_word' id='word_1_890' title='bbox 3468 5528 3585 5584; x_wconf 69' lang='lat' dir='ltr'><strong>quae</strong></span> <span class='ocrx_word' id='word_1_891' title='bbox 3609 5505 3702 5564; x_wconf 90' lang='lat' dir='ltr'><strong>nisi</strong></span> <span class='ocrx_word' id='word_1_892' title='bbox 3724 5495 3846 5572; x_wconf 41' lang='lat' dir='ltr'><strong>polli.</strong></span> 
     </span>
    </p>
   </div>
   <div class='ocr_carea' id='block_1_119' title="bbox 2291 5596 3848 5688">
    <p class='ocr_par' dir='ltr' id='par_1_119' title="bbox 2291 5596 3848 5688">
     <span class='ocr_line' id='line_1_122' title="bbox 2291 5596 3848 5688; baseline -0.024 -8"><span class='ocrx_word' id='word_1_893' title='bbox 2291 5637 2529 5688; x_wconf 85' lang='lat' dir='ltr'><strong>ceamur,</strong></span> <span class='ocrx_word' id='word_1_894' title='bbox 2579 5615 2897 5674; x_wconf 90' lang='lat' dir='ltr'><strong>omnimodis</strong></span> <span class='ocrx_word' id='word_1_895' title='bbox 2946 5628 3050 5668; x_wconf 89' lang='lat' dir='ltr'><strong>non</strong></span> <span class='ocrx_word' id='word_1_896' title='bbox 3097 5609 3392 5665; x_wconf 87' lang='lat' dir='ltr'><strong>debemus.</strong></span> <span class='ocrx_word' id='word_1_897' title='bbox 3452 5606 3596 5662; x_wconf 85' lang='lat' dir='ltr'><strong>Licet</strong></span> <span class='ocrx_word' id='word_1_898' title='bbox 3639 5596 3765 5653; x_wconf 88' lang='lat' dir='ltr'><strong>enim</strong></span> <span class='ocrx_word' id='word_1_899' title='bbox 3807 5596 3848 5639; x_wconf 77' lang='lat' dir='ltr'><strong>ei</strong></span> 
     </span>
    </p>
   </div>
   <div class='ocr_carea' id='block_1_120' title="bbox 2293 5676 3850 5784">
    <p class='ocr_par' dir='ltr' id='par_1_120' title="bbox 2293 5676 3850 5784">
     <span class='ocr_line' id='line_1_123' title="bbox 2293 5676 3850 5784; baseline -0.021 -13"><span class='ocrx_word' id='word_1_900' title='bbox 2293 5711 2597 5784; x_wconf 90' lang='lat' dir='ltr'><strong>coniugium</strong></span> <span class='ocrx_word' id='word_1_901' title='bbox 2625 5721 2884 5781; x_wconf 82' lang='lat' dir='ltr'><strong>quaerere,</strong></span> <span class='ocrx_word' id='word_1_902' title='bbox 2908 5713 2962 5760; x_wconf 91' lang='lat' dir='ltr'><strong>et</strong></span> <span class='ocrx_word' id='word_1_903' title='bbox 2991 5704 3042 5758; x_wconf 94' lang='lat' dir='ltr'><strong>in</strong></span> <span class='ocrx_word' id='word_1_904' title='bbox 3068 5709 3263 5757; x_wconf 80' lang='lat' dir='ltr'><strong>sancta</strong></span> <span class='ocrx_word' id='word_1_905' title='bbox 3288 5676 3850 5775; x_wconf 76' lang='lat' dir='ltr'><strong>Ecclesiacommorari.</strong></span> 
     </span>
    </p>
   </div>
  </div>
