4000 6172
288 370 377 427 ῖέὶῧ

1155 371 1506 427 [XPOSlTlO
1545 371 1605 443 ΙΝ
1650 370 2100 427 PSALTERIUM.
2146 370 2335 429 [‘SAL.
2380 376 2609 432 LXXVI.

3426 387 3531 439 διδ

287 492 333 533 et
383 479 709 550 competenti
754 479 1047 535 refectione
1092 482 1321 549 gaudere
1364 500 1375 533 :
1410 482 1500 537 sed
1549 492 1723 536 tamen
1771 482 1853 538 his
1881 484 1926 542 Α
1956 482 2366 555 congregatione
2394 488 2716 553 cantabitur,
2749 504 2867 558 qua:
2911 491 3082 559 Asuph
3122 494 3337 550 nomine
3359 498 3531 552 conti-

282 569 494 623 meliora
528 583 646 621 cum
679 567 942 638 promissa
983 567 1198 635 fuerint,
1236 570 1387 638 jubet
1427 587 1532 624 esse
1563 572 1845 636 reddenda,

280 661 413 714 sicut
437 659 565 714 dicit
586 659 871 724 Apostolus
900 677 911 710 :
942 660 1040 725 Qui
1068 661 1390 713 matrimonio
1412 662 1585 732 jungit
1607 662 1847 732 virginem

280 772 443 820 suam,
469 755 589 807 bene
619 753 777 823 facit;
805 763 850 807 et
870 756 957 821 qui
978 771 1076 807 non
1097 756 1283 825 jungit,
1310 756 1488 808 melius
1509 755 1629 823 facit
1651 752 1703 824 (I
1726 753 1844 808 Cor.

287 859 377 906 ut,
540 841 778 902 Addidit,
818 842 919 894 Deo
942 853 1123 909 vestro,
1161 853 1216 896 ut
1243 844 1502 911 significet
1532 844 1732 907 fideles,
1758 844 1846 914 qui

278 935 487 989 cultura
527 943 725 986 sam-ta:
756 933 1031 1013 'l‘rinitatis
1058 934 1349 987 exsultant.
1378 934 1649 1003 Sequitur,
1674 950 1848 988 omnes

277 1029 361 1097 qui
401 1028 455 1080 in
494 1027 708 1079 circuitu
747 1027 859 1096 ejus
896 1025 1089 1093 oﬂ'ertis
1128 1043 1355 1080 munera.
1390 1027 1479 1080 Isti
1510 1038 1635 1081 sunt
1675 1043 1845 1080 omnes

276 1116 466 1184 quibus
492 1115 662 1169 dixit:
700 1114 885 1168 Vovete
908 1125 953 1169 et
994 1118 1209 1184 reddite,
1245 1132 1347 1171 non
1379 1118 1640 1171 haereticis
1666 1119 1846 1186 utique

277 1222 374 1261 nec
415 1207 653 1275 paganis,
680 1205 778 1260 sed
818 1206 895 1259 eis
924 1206 1013 1274 qui
1044 1208 1195 1260 altari
1224 1208 1339 1276 ejus
1376 1223 1589 1261 munera
1622 1207 1844 1261 reddere

273 1303 535 1355 catholica
568 1301 901 1356 institutione
925 1303 1192 1355 festinant.
1224 1302 1287 1352 ln
1308 1301 1519 1353 circuitu
1541 1302 1734 1367 quippe
1760 1313 1843 1353 res

272 1395 464 1459 agtur,
506 1407 625 1445 cum
666 1408 877 1445 munera
918 1391 1149 1445 fidelium
1187 1390 1557 1445 sacratissimis
1588 1390 1841 1443 altaribus

271 1482 576 1546 o/feruulur.
607 1480 736 1535 Nam
763 1481 903 1549 quod
929 1482 1026 1545 ait,
1048 1482 1281 1548 terribili,
1305 1482 1606 1550 specialiter
1628 1481 1842 1548 res,iicit

271 1573 334 1625 ad
386 1574 628 1638 devotos,
676 1575 867 1643 quibus
909 1576 1067 1635 etiam
1122 1575 1300 1628 suavis
1339 1590 1457 1628 esse
1494 1564 1837 1642 dignoscitur,

268 1665 404 1716 sicut
433 1665 619 1732 ’egitnr
649 1682 663 1717 :
696 1665 891 1719 Seruite
914 1665 1127 1717 Domino
1158 1667 1209 1717 in
1235 1668 1432 1729 timore,
1464 1675 1509 1717 et
1535 1664 1779 1717 vxsultate
1798 1666 1841 1717 ei

266 1773 383 1808 cuni
405 1766 622 1809 tremore
646 1757 816 1826 (Psal.
851 1774 908 1824 ιι,
943 1756 1050 1827 Η).
1077 1759 1205 1812 Nam
1236 1760 1409 1827 pravis
1433 1770 1485 1814 et
1510 1769 1842 1826 contempto-

267 1848 416 1899 ribus
444 1847 685 1900 terribilis
716 1864 818 1901 non
847 1858 960 1911 est;
988 1864 1108 1902 nam
1134 1851 1176 1904 si
1208 1850 1485 1903 Dominum
1519 1858 1838 1917 metuerent,
1876 1847 1917 1904 Β

265 1939 449 2005 utique
473 1938 696 1992 honeSta
720 1954 777 1993 se
803 1940 1213 1995 conversatione
1244 1949 1555 1994 tractarent.

339 2027 490 2080 \‘ers.
527 2028 610 2081 12.
646 2027 711 2080 Et
746 2030 789 2081 ei
819 2030 907 2098 qui
932 2028 1098 2097 aufert
1128 2031 1364 2099 spiritum
1395 2032 1703 2101 principum,
1732 2041 1834 2083 ter—

261 2117 401 2170 ribili
428 2119 571 2183 apud
594 2134 733 2188 reges
755 2128 919 2173 teme.
945 2121 1133 2173 Adhuc
1160 2120 1601 2188 magnificentiam
1632 2122 1837 2175 Domini

263 2209 294 2260 ft
318 2207 438 2261 telis
465 2208 784 2276 praedicator
811 2211 1047 2277 exponit.
1098 2208 1236 2264 Dicit
1268 2211 1410 2265 enim
1453 2209 1731 2263 vovendum
1758 2210 1838 2263 illi

260 2296 499 2359 terribili,
528 2297 615 2364 qui
657 2297 824 2366 aufert
860 2299 1095 2365 spiritum
1126 2300 1433 2366 principum,
1467 2298 1516 2351 id
1546 2308 1626 2352 est
1653 2313 1839 2367 super-

260 2387 363 2438 bia:
394 2386 478 2439 vel
512 2388 754 2441 tumoris.
787 2388 851 2441 Et
879 2398 933 2443 ut
963 2403 1249 2444 conversos
1278 2390 1502 2445 deberes
1531 2391 1834 2456 advertere,

262 2477 395 2531 mtul
423 2486 463 2542 t,
514 2477 655 2549 apud
704 2494 842 2550 reges
892 2489 1058 2547 terror,
1106 2482 1285 2552 utique
1325 2481 1412 2553 qui
1452 2495 1644 2553 corpus
1683 2496 1834 2539 suum

261 2586 449 2639 regere
477 2585 539 2625 ac
566 2572 830 2627 moderari
872 2573 1080 2628 Domini
1114 2590 1334 2631 munere
1373 2587 1699 2631 meruerunt.
1742 2577 1837 2632 llic

259 2664 404 2716 enim
442 2666 707 2732 superbiae
752 2668 941 2734 Spiritu
989 2678 1237 2723 vacuatos
1276 2685 1417 2740 reges
1453 2670 1829 2739 intelligamus,

262 2775 368 2811 non
401 2769 665 2827 potestate
711 2770 1106 2829 pra'tumentes,
1137 2762 1257 2831 quia
1289 2763 1454 2832 magis
1480 2763 1531 2816 in
1560 2764 1657 2816 ista
1686 2772 1835 2829 parte

259 2849 577 2904 miraculum
602 2860 684 2905 est
706 2853 845 2920 quod
873 2854 1122 2917 superbia
1145 2854 1327 2908 tumidi
1362 2869 1464 2908 non
1488 2864 1610 2909 sunt
1638 2856 1831 2924 puniti,

258 2939 353 2994 sed
388 2941 567 3009 potius
597 2941 798 2996 indulta
831 2944 1181 2998 conversione
1215 2944 1441 2997 liberati.

794 3050 1059 3107 Conclusio
1096 3055 1302 3124 psalmi.

330 3162 473 3217 Ecce
518 3162 611 3217 ille
657 3163 851 3231 Asaph,
894 3164 983 3233 qui
1028 3165 1078 3218 in
1111 3166 1263 3221 titulo
1288 3165 1459 3220 dictus
1491 3174 1571 3220 est
1597 3180 1830 3220 commo-

259 3268 391 3309 nere
414 3254 728 3323 dirigentes,
760 3271 924 3324 usque
945 3254 1011 3309 ad
1040 3256 1245 3309 Domini
1274 3256 1471 3310 Christi
1498 3264 1827 3311 sacramenta

262 3346 504 3414 pervenit
536 3361 551 3400 :
587 3346 877 3401 terribLlem
907 3346 1120 3417 regibus
1149 3346 1509 3415 pronuntians,
1535 3361 1689 3414 quem
1713 3360 1835 3400 cru-

258 3442 579 3512 ciﬁgendum
619 3443 956 3499 Hebraeorum
981 3443 1222 3498 clamavit
1252 3443 1475 3497 insania.
1501 3443 1833 3512 Quapropter

256 3536 561 3604 intelligite,
596 3536 911 3603 pertinaces,
951 3535 1075 3605 quia
1116 3536 1405 3605 dirigentes
1434 3550 1537 3589 non
1566 3536 1711 3599 estis,
1738 3533 1832 3589 sed

259 3630 435 3697 potius
477 3637 739 3693 errantes,
770 3630 858 3698 qui
898 3629 1082 3685 audire
1128 3628 1371 3683 noluistis
1412 3637 1516 3683 tam
1548 3627 1835 3682 saluberri-

260 3736 404 3774 mum
443 3736 536 3789 per
576 3731 764 3775 cuncta
812 3721 1156 3776 monitorem.
1204 3722 1271 3774 Et.
1316 3719 1436 3774 ideo
1477 3719 1703 3789 dispersi
1744 3734 1836 3787 per

261 3812 435 3865 aliena
479 3826 640 3881 regna
679 3813 877 3876 vivitis,
917 3810 1179 3866 sacriﬁcia
1209 3827 1313 3866 non
1347 3810 1572 3878 habetis,
1604 3813 1691 3882 qui
1720 3827 1836 3867 sce-

261 3915 437 3971 ptrum
470 3905 713 3958 noluistis
743 3905 1076 3972 patrioticum
1109 3904 1351 3973 diligere,
1385 3904 1476 3958 sed
1514 3904 1833 3957 Romanum.

258 3994 391 4048 Nam
419 3995 543 4049 dum
567 3996 879 4050 confitentes
902 3995 1089 4049 Latino
1110 4009 1359 4049 sermone
1379 3994 1623 4049 dicantur
1643 3994 1832 4061 Judaei,

257 4086 704 4153 quemadmodum
755 4088 831 4142 sic
875 4087 1130 4156 appellari
1182 4087 1400 4155 potestis
1452 4096 1557 4139 tam
1606 4087 1838 4155 graviter

256 4177 547 4230 obstinati?
572 4174 680 4231 Cur
720 4191 848 4245 ergo
876 4177 1128 4231 ultionem
1160 4185 1359 4230 tantam
1398 4192 1501 4231 non
1533 4176 1833 4242 advertitis,

254 4269 343 4334 qui
396 4268 565 4336 ipsum
613 4283 826 4337 quoque
874 4282 1067 4321 nomen
1120 4277 1237 4337 post
1277 4267 1455 4321 omnia
1495 4265 1837 4335 perdidistis?

258 4358 573 4411 Dimidiatus
601 4367 681 4412 est
710 4359 794 4412 hic
822 4366 998 4412 textus
1024 4357 1372 4423 Psalmorum,
1403 4365 1455 4411 et
1481 4366 1704 4427 quantos
1737 4358 1839 4410 Do-

257 4451 386 4504 mini
427 4450 667 4519 largitate
715 4449 1076 4519 transivimus,
1108 4451 1236 4504 tanti
1276 4450 1429 4504 nobis
1459 4449 1524 4503 ad
1566 4449 1720 4503 finem
1752 4463 1841 4503 su-

256 4553 479 4607 peresse
530 4547 846 4592 noscuntur.
892 4541 1116 4594 Oremus
1169 4548 1226 4593 ut
1279 4540 1366 4610 qui
1419 4540 1572 4593 nobis
1618 4539 1837 4608 gratiam

256 4628 503 4697 praestitit
534 4628 587 4681 in
627 4627 933 4697 praeteritis,
960 4628 1074 4698 ipse
1108 4629 1262 4684 nobis
1298 4629 1548 4683 auxilium
1579 4627 1839 4684 concedat

256 4718 551 4774 efﬁcaciter
585 4718 635 4772 in
667 4718 877 4774 futuris.

396 4858 561 4930 259
596 4821 969 4915 uxrosmo'
993 4859 1056 4912 lN
1090 4858 1412 4916 essanun
1452 4859 1682 4917 LXXVI.

425 4967 491 5023 In
529 4971 684 5039 ﬁnem
708 5007 723 5034 ,
765 4986 857 5038 pro
887 4968 1148 5033 Iditltum,
1191 4970 1417 5039 psalmus
1450 4969 1650 5040 Asaplt.

335 5108 395 5165 in
420 5108 594 5179 ﬁnem,
626 5116 808 5164 notum
846 5118 932 5164 est
958 5108 1248 5177 significari
1278 5109 1556 5163 Dominum
1586 5108 1825 5164 Salvato-

247 5218 392 5256 rem.
419 5201 653 5255 Militum
674 5215 884 5270 quoque
910 5201 1209 5255 transiliens
1237 5215 1350 5266 eos,
1385 5201 1435 5254 in
1467 5200 1828 5269 superioribus

254 5296 424 5349 titulo
467 5293 701 5346 diximus
743 5306 934 5346 nomen
985 5291 1122 5345 istud
1157 5290 1285 5360 quid
1331 5289 1518 5345 debeat
1567 5291 1825 5349 indicare.

254 5383 426 5451 Amph
452 5382 915 5452 congregationem
948 5382 1200 5450 appellari
1237 5380 1577 5436 manifestum
1606 5391 1703 5435 est.
1739 5382 1825 5437 Sic

254 5476 483 5529 istorum
523 5474 798 5527 nominum
828 5473 1162 5541 expOsitione
1203 5479 1445 5539 tractata,
1488 5473 1830 5541 congregatio

254 5567 415 5621 debet
444 5565 677 5629 adverti,
708 5580 827 5633 qua:
853 5563 979 5617 vitia
1005 5563 1154 5616 istius
1179 5562 1361 5617 saiculi
1387 5563 1635 5632 gloriosis
1662 5563 1832 5631 passi-

258 5657 359 5708 bus
384 5654 689 5719 transilivit,
721 5666 776 5708 et
805 5654 870 5707 ad
912 5654 1055 5707 illum
1083 5654 1233 5719 finem
1275 5654 1535 5721 pervenit,
1566 5654 1653 5706 cui
1698 5653 1837 5707 nihil

261 5756 436 5814 potest
460 5746 638 5801 simile
658 5746 898 5813 reperiri.
924 5743 1091 5798 Totus
1111 5758 1236 5813 ergo
1261 5745 1494 5813 psalmus
1525 5744 1605 5797 hic
1631 5759 1661 5796 a
1693 5744 1834 5799 fideli

1955 588 2134 632 netur.

2520 669 2585 721 Di
2590 671 2711 723 visio
2753 673 2957 738 psalmi.

1997 756 2190 827 ‘Asaph
2222 758 2338 824 iste,
2382 776 2536 828 quem
2565 762 2794 817 diximus
2828 766 3073 819 vitiorum
3106 752 3515 833 trausilitoiem,

1948 847 1999 900 in
2026 849 2192 915 prima
2226 854 2527 903 narratione
2553 854 2738 919 psalmi
2773 855 2835 906 ad
2878 855 3158 911 Dominum
3202 873 3260 912 se
3289 861 3525 913 clamare

1948 945 2194 1005 teSIatur,
2229 949 2280 993 et
2314 942 2739 997 tribulationibus
2779 944 2891 998 suis
2923 946 3084 1014 (quod
3112 950 3247 1001 solet
3282 949 3522 1003 ﬁtit‘llbllﬁ

1947 1028 2210 1097 accidere)
2245 1046 2302 1085 se
2326 1033 2491 1101 magis
2532 1035 2765 1087 insinuat
2802 1037 3089 1090 eruditum.
3124 1038 3363 1093 Secunda
3397 1055 3520 1093 uar-

1946 1122 2152 1174 ratione
2181 1122 2527 1191 cogitationes
2548 1134 2848 1192 enumerat,
2883 1144 2998 1196 quze
3028 1129 3201 1182 solent
3231 1132 3442 1197 pulsare
3468 1133 3519 1184 in

1947 1211 2045 1265 hoc
2079 1215 2276 1268 mundo
2326 1215 2485 1269 corda
2518 1215 2892 1272 laborantium.
2922 1219 3100 1273 Tertia
3140 1220 3398 1275 beneficio
3430 1224 3519 1275 Di-

1947 1301 2178 1355 vinitatis
2210 1304 2259 1357 in
2295 1306 2567 1359 meliorem
2596 1320 2810 1360 sensam
2844 1321 2900 1361 se
2930 1294 3120 1363 asserit
3142 1321 3517 1378 permutatum,

1946 1404 2001 1447 ut
2029 1409 2242 1462 operam
2274 1397 2666 1465 potentiamque
2700 1398 2787 1451 Dei
2843 1399 2944 1451 lixa
2998 1410 3175 1453 mente
3218 1402 3515 1469 cogitaret:

1943 1483 2131 1550 quibus
2163 1485 2317 1539 rebus
2359 1487 2693 1553 cognoscitur
2736 1489 2949 1541 assidua
2985 1490 3372 1544 exercitatione
3404 1506 3522 1558 pro-

1947 1573 2149 1626 fecisse.
2190 1574 2383 1640 Quarta
2416 1577 2716 1630 narratione
2766 1580 3123 1644 prosequitur,
3173 1579 3520 1647 quemadmo-

1943 1661 2066 1715 dum
2109 1676 2203 1730 per
2249 1662 2526 1715 Dominum
2568 1663 2894 1739 Salvatorem
2924 1666 3060 1719 facta
3091 1668 3197 1721 sint
3231 1670 3280 1721 in
3313 1668 3529 1737 populis

1947 1750 2125 1804 divina
2154 1753 2426 1805 miracula.

2463 1843 2729 1911 Expositio
2771 1845 2978 1915 psalmi.
3060 1840 3067 1843 Α

2018 1935 2164 1990 Vers.
2204 1935 2251 1988 l.
2286 1935 2421 1989 Voce
2443 1953 2551 1989 mea
2577 1938 2644 1989 ad
2682 1937 2952 1989 Dominum
2980 1936 3195 1990 cluuiani
3222 1953 3241 1989 :
3272 1954 3366 1991 vox
3389 1937 3514 2009 [ηις.

1941 2024 2039 2090 Α.,
2068 2024 2218 2096 voce]
2269 2042 2379 2079 mea
2412 2028 2477 2079 ad
2521 2026 2713 2091 Deum,
2774 2037 2820 2081 et
2869 2028 3082 2081 intendit
3144 2029 3288 2080 mihi.
3347 2029 3518 2097 Λεαρή

1941 2116 2041 2169 iste
2076 2116 2460 2170 mundanorum
2508 2118 2890 2170 desideriorum
2940 2118 3234 2172 transilitor
3269 2118 3516 2185 eximius,

1940 2224 2043 2261 non
2106 2223 2201 2277 pro
2258 2194 2623 2263 incolumitate
2674 2210 2952 2276 corporis,
3020 2224 3123 2262 non
3169 2224 3264 2277 pro
3320 2208 3523 2263 divitiis

1938 2300 2290 2366 aepiirendis,
2344 2316 2446 2354 non
2499 2316 2592 2369 pro
2642 2302 2841 2355 honore
2880 2302 3161 2369 capiendo,
3192 2302 3284 2355 sed
3332 2317 3521 2357 arnore

1940 2390 2167 2456 Domini,
2200 2394 2285 2460 qui
2323 2392 2430 2459 jam
2460 2392 2710 2460 perfeCtis
2739 2391 3066 2457 infunditur,
3092 2393 3281 2445 clamat
3308 2394 3376 2445 ad
3407 2393 3515 2445 Do-

1938 2482 2162 2547 minum;
2190 2492 2248 2536 ut
2276 2483 2326 2536 in
2362 2482 2461 2536 hoc
2493 2484 2766 2553 gymnasio
2806 2482 3155 2537 confessionis
3181 2484 3511 2552 contempla-

1939 2576 2012 2627 tio
2036 2575 2331 2627 Divinitatis
2354 2590 2473 2629 eum
2498 2575 2841 2643 spiritualiter
2863 2574 3188 2629 consoletur.
3211 2573 3341 2628 Nam
3365 2574 3507 2644 quod

1936 2664 2103 2717 dicit:
2163 2664 2296 2718 Voce
2340 2682 2468 2729 mea,
2517 2667 2702 2719 modus
2742 2666 2828 2719 ille
2873 2666 3155 2720 locutionis
3193 2675 3305 2730 est,
3346 2680 3502 2734 quem

1929 2754 2038 2825 jam
2063 2754 2114 2807 in
2142 2766 2292 2821 septu
2314 2756 2532 2823 :gesimo
2562 2756 2717 2809 tertio
2740 2756 2943 2824 psalmo
2969 2756 3261 2819 posuimus,
3282 2754 3371 2807 ubi
3396 2755 3506 2808 ait:

1934 2846 2276 2901 Incenderunt
2299 2849 2401 2917 igni
2438 2849 2781 2900 sanctuarium
2813 2857 2957 2899 tuum
2980 2846 3159 2914 (Psal.
3192 2861 3387 2910 LXXIII,
3416 2845 3506 2915 7),

1935 2948 1988 2992 et
2012 2939 2091 2992 his
2121 2939 2333 2992 similia.
2361 2938 2486 3005 Quae
2510 2938 2674 3006 figura
2700 2939 2750 2991 in
2776 2938 2966 2991 litteris
2987 2936 3332 2991 sa-cularibus
3357 2936 3506 3004 pleo-

1936 3045 2149 3084 nasmos
2170 3030 2495 3099 appellatur;
2527 3044 2681 3099 quam
2707 3043 2802 3083 nos
2824 3043 3032 3098 quoque
3063 3042 3318 3088 cenamus
3340 3028 3505 3082 intre-

1933 3121 2061 3191 pidi,
2093 3135 2211 3174 cum
2243 3130 2297 3175 et
2333 3120 2487 3175 Pater
2518 3125 2861 3190 Augustinus,
2890 3120 2941 3173 in
2972 3119 3144 3173 m-idis
3176 3120 3499 3173 locutionum

1858 3215 1902 3276 C
1933 3212 2359 3280 frequentissime
2406 3226 2523 3264 eam
2576 3223 3027 3264 commemorasse
3072 3221 3344 3262 noscatur.
3394 3207 3505 3263 Sed

1933 3302 2455 3356 animadvertendum
2488 3310 2571 3355 est
2597 3301 2845 3370 quoniam
2880 3300 2965 3354 ille
2991 3308 3188 3353 tantum
3219 3298 3400 3352 clamet
3431 3300 3507 3352 ad'

1936 3391 2226 3457 Dominum,
2253 3393 2342 3462 qui
2364 3407 2482 3447 eum
2509 3392 2627 3445 talia
2654 3392 2805 3459 petit,
2830 3391 3005 3459 qualia
3029 3404 3086 3443 se
3112 3390 3358 3443 daturum
3381 3389 3511 3444 lider

1934 3484 2075 3540 libus
2105 3484 2400 3554 pollicetur.
2433 3483 2561 3535 Nam
2594 3483 2681 3551 qui
2712 3497 2833 3535 eum
2861 3495 2955 3548 pro
2990 3480 3152 3534 rebus
3182 3478 3516 3535 transitoriis‘

1935 3584 2119 3645 rogat,‘
2138 3590 2242 3629 non
2272 3576 2340 3627 ad
2370 3574 2645 3627 Dominum
2673 3573 2896 3625 clamare
2924 3571 3500 3641 cognoscitur,~quani-

1936 3668 2013 3722 vis
2047 3669 2218 3735 ipsum
2264 3674 2443 3733 petere
2486 3664 2743 3717 videatu".
2779 3662 3018 3731 Repetit,
3066 3670 3112 3713 et
3154 3675 3249 3713 vos:
3289 3674 3398 3711 mea
3435 3658 3513 3710 ad;

1938 3757 2119 3819 Deum,
2142 3754 2560 3810 subaudiendum
2594 3753 2854 3821 pervenit.
2886 3750 2991 3805 Sed
3036 3750 3161 3817 quid
3205 3759 3379 3802 tamen
3407 3762 3503 3801 ex-

1938 3853 2141 3916 peteret
2162 3860 2266 3898 nou
2296 3842 2565 3912 designat;
2591 3842 2799 3905 merito,
2825 3840 2945 3909 quia
2975 3854 3081 3891 non
3110 3850 3191 3891 est
3221 3838 3294 3891 illi
3320 3851 3513 3891 necesv

1937 3941 2134 3993 sarium
2165 3935 2344 3990 dicere
2375 3933 2512 4003 quod
2561 3942 2793 4001 prmstet,
2828 3932 2916 3999 qui
2958 3932 3103 3985 solus
3134 3931 3280 3995 novit
3320 3930 3500 3997 largiri

1937 4029 2077 4098 quod
2102 4026 2335 4095 expedit.
2365 4025 2697 4090 Quapropter
2736 4036 2858 4075 vere
2905 4020 3172 4087 sapientes
3217 4027 3373 4083 sunt,
3408 4017 3497 4085 qui

1939 4135 1998 4174 se
2028 4117 2273 4189 potestati
2325 4114 2622 4168 Divinitatis
2663 4112 3089 4179 ordinationiqne
3129 4108 3505 4171 committunt;

1942 4214 2111 4279 ipsum
2133 4209 2306 4262 solum
2328 4214 2601 4275 expetunt,
2631 4216 2683 4259 et
2703 4204 2877 4257 omnia
2904 4216 3154 4272 prospera
3174 4214 3511 4270 consequun-

1943 4311 2047 4354 tur.
2078 4300 2168 4354 Sic
2194 4298 2356 4352 lsaias
2381 4296 2635 4365 propheta
2677 4294 2806 4349 dicit
2841 4311 2853 4345 :
2889 4293 3102 4346 Domine
3148 4291 3283 4345 Deus
3314 4300 3517 4353 noster,

1941 4409 2115 4465 pacem
2152 4403 2294 4445 tuam
2332 4390 2399 4442 da
2429 4388 2569 4443 nobis
2605 4403 2622 4441 :
2665 4388 2835 4441 omnia
2871 4387 3004 4441 enim
3034 4384 3314 4453 prrestitisti
3360 4382 3514 4435 nobis

1943 4484 2095 4553 (lsai.
2129 4496 2272 4548 xxvi,
2304 4480 2413 4548 12).
2444 4479 2713 4549 Sequitur,
2738 4487 2784 4531 et
2810 4478 3025 4531 intendit
3057 4476 3200 4530 mihi.
3237 4475 3373 4529 Ecce
3408 4489 3514 4528 vos

1869 4581 1917 4640 ι)
1945 4574 2033 4626 illa
2063 4571 2260 4637 brevis,
2287 4568 2379 4623 sed
2405 4570 2601 4636 pietate
2630 4567 2925 4635 magnifica,
2955 4565 3019 4619 ad
3044 4565 3324 4619 Dominum
3353 4564 3524 4618 missa

1937 4661 2039 4717 hoc
2075 4662 2205 4729 egit,
2233 4669 2289 4713 ut
2332 4660 2635 4727 dignaretur
2666 4657 2943 4711 intendere.
2973 4655 3079 4711 Sed
3119 4655 3244 4725 quid
3284 4656 3355 4709 ibi
3405 4670 3523 4709 non

1938 4754 2217 4824 prmstitit,
2267 4750 2478 4820 quando
2522 4749 2645 4805 talia
2710 4750 2993 4802 miseratus
3055 4747 3315 4801 indulsit?
3366 4746 3524 4801 Illius

1941 4845 2138 4915 quippe
2160 4842 2448 4909 respicere,
2473 4840 2699 4895 liberare
2720 4848 2820 4902 est,
2836 4849 2889 4893 et
2914 4849 3017 4892 tam
3041 4851 3227 4906 magna
3240 4835 3519 4903 conferre,

1938 4936 2109 5005 qualia
2132 4947 2235 4988 non
2262 4932 2516 5000 praevalet
2542 4931 2727 4984 avidus
2754 4937 2999 4998 precator
3028 4938 3298 4996 expetere.
3334 4952 3337 4955 ι

2003 5026 2150 5081 Vers.
2180 5024 2235 5077 2.
2258 5021 2319 5075 In
2342 5022 2423 5076 die
2445 5022 2779 5075 tribulationis
2800 5036 2923 5073 mea:
2946 5019 3104 5073 Deum
3128 5019 3372 5088 exquisivi
3396 5034 3515 5071 ma-r

1930 5115 2076 5168 nibus
2100 5113 2219 5167 meis
2250 5120 2392 5165 nocte
2419 5128 2591 5165 coram
2622 5128 2702 5176 eo,
2733 5121 2780 5164 et
2820 5127 2919 5163 non
2950 5127 3063 5171 sum
3101 5110 3340 5177 deceptus
3371 5124 3389 5162 :
3420 5123 3517 5161 ned

1932 5190 2326 5274 gari'consolari
2352 5203 2573 5255 animam
2605 5217 2788 5255 meam.
2817 5199 2856 5255 S
2877 5201 3005 5255 ilent
3049 5200 3329 5254 mundanis
3360 5199 3503 5252 desi-

1934 5295 2098 5347 deriis
2125 5293 2368 5360 occupati
2408 5295 2459 5346 in
2494 5291 2920 5347 tribulationibus
2950 5300 3153 5358 aptare,
3197 5300 3252 5342 ut
3296 5291 3361 5343 ab
3412 5289 3511 5340 illa»

1935 5384 2172 5453 possint,
2206 5400 2363 5452 quam
2404 5386 2702 5448 su3tineut,
2729 5383 3045 5437 necessitate
3087 5381 3299 5435 liberari
3333 5398 3345 5432 :
3377 5393 3429 5431 ut
3461 5380 3514 5433 si‘

1934 5488 2163 5542 aagrotus
2180 5484 2282 5537 est,
2299 5474 2581 5527 sanitatem
2594 5482 2826 5541 quaerat;
2852 5472 2897 5526 si
2912 5470 3237 5540 peregrinus,
3260 5468 3513 5537 patriam;

1935 5566 1979 5619 si
2012 5578 2231 5631 pauper,
2274 5578 2556 5630 expensas.
2590 5560 2715 5629 ls'te,
2756 5575 2813 5619 ut
2854 5565 2998 5618 brevi
3042 5564 3299 5632 petitione
3330 5566 3505 5614 omnia

1937 5656 2212 5724 profutura
2258 5653 2621 5719 concluderet,
2656 5656 2786 5708 nihil
2818 5655 2885 5710 de
2921 5655 3033 5709 suis
3075 5668 3181 5723 ang
3220 5654 3334 5707 stiis
3368 5656 3510 5705 voci-

1940 5744 2140 5800 feratus
2168 5750 2271 5813 est,
2296 5757 2393 5799 nec
2414 5744 2752 5814 impatienter
2780 5761 2900 5815 quas
2930 5745 3230 5799 sustinebat
3259 5744 3510 5816 ingessit;
