3952 6162
502 347 599 401 in"?

1717 342 1783 397 M.
1826 340 2104 398 AURELll
2141 341 2538 399 CASSIODORI
3622 352 3708 403 :‘i'tS

499 464 590 515 sed
623 470 869 527 tanquam
894 459 1104 528 quietus
1134 471 1192 512 ac
1223 457 1482 512 malorum
1509 472 1725 510 suorum
1757 456 1994 520 nescius,
2018 457 2071 507 in
2103 462 2146 517 Α
2181 457 2302 508 vitia
2342 456 2610 511 mundana
2644 455 3073 510 transcenderat.
3106 453 3289 508 Tacuit
3332 468 3467 524 ergo.
3496 459 3707 524 quoniam

497 555 580 605 dte
608 552 943 605 tribulationis
971 567 1077 603 sua:
1106 560 1217 605 to'.o
1257 548 1526 603 desiderio
1563 549 2071 615 contemplationem

500 644 704 695 Domini
735 641 1087 711 perquirebat.
1118 640 1356 702 Addidit,
1389 641 1623 693 manibus
1655 642 1777 692 meis
1813 650 1957 692 nocte
1987 657 2074 691 co-

496 750 607 786 ram
638 750 713 796 eo,
740 744 784 785 et
822 749 920 784 non
945 749 1054 785 sum
1083 733 1338 799 deceptus.
1377 733 1470 785 llic
1498 732 1867 799 complectitur
1894 747 2076 799 quem-

498 824 777 879 admodum
806 824 1086 877 Dominnm
1116 824 1343 878 viriliter
1390 824 1679 892 inquisivit,
1723 830 1778 875 et
1823 824 1940 892 quis
1970 822 2079 875 fru-

496 923 613 968 ctus
645 912 760 982 ejus
792 914 1019 967 actionis
1049 917 1315 983 apparuit.
1372 914 1614 967 Manibus
1646 916 1788 977 meis,
1824 914 2077 981 operibus

496 1005 623 1059 dicit
652 1005 824 1069 bonis,
855 1021 974 1073 qua:
992 1006 1186 1059 divinis
1216 1016 1508 1059 noscuntur
1534 1006 1823 1059 convenire
1857 1004 2078 1058 manda-

497 1096 580 1148 tis.
618 1093 781 1148 Nocte
825 1094 1006 1149 mundi
1054 1095 1207 1149 istius
1241 1096 1507 1165 significat
1532 1096 1722 1157 vitam,
1753 1111 1869 1163 qua:
1892 1111 2078 1163 qnam-

497 1192 577 1244 vis
627 1192 799 1244 lucem
855 1190 1050 1243 habere
1081 1190 1341 1254 videatur,
1389 1200 1723 1259 peccatorum
1756 1199 1933 1243 tamen
1978 1190 2075 1243 ob-

497 1284 749 1336 scurilate
780 1282 977 1335 fuscata
1004 1290 1107 1335 est.
1136 1282 1325 1335 Coram
1352 1298 1430 1347 eo,
1467 1283 1516 1334 id
1548 1292 1626 1335 est
1654 1297 1755 1332 non
1787 1279 1853 1333 ad
1884 1279 2073 1333 faciem

498 1374 802 1438 hominum,
837 1374 927 1428 sed
961 1376 1011 1427 in
1044 1374 1390 1441 abscondito,
1425 1375 1561 1427 sicut
1594 1376 1704 1439 ipse
1738 1372 1863 1425 dicit
1897 1390 1909 1425 :
1964 1371 2076 1425 Νο-

499 1466 583 1518 lite
614 1467 779 1534 facere
799 1467 1057 1535 justitiam
1079 1476 1297 1517 vestram
1336 1482 1507 1523 coram
1546 1465 1833 1517 hominibus
1863 1462 2074 1533 (Matth.

497 1571 568 1621 Vt,
603 1558 679 1625 l),
712 1567 813 1609 etc.
849 1557 943 1610 Illo
971 1556 1115 1609 enim
1150 1564 1409 1623 praesente
1443 1556 1527 1619 lit,
1557 1553 1771 1621 quando
1810 1552 2076 1606 humanus

500 1667 603 1703 non
651 1650 924 1703 affectatur
977 1658 1251 1715 aSpeclllS,
1302 1654 1369 1700 ut‘
1388 1649 1537 1701 vanis
1572 1646 1817 1700 laudibus
1850 1647 2079 1699 intume-

496 1752 627 1807 seat,
668 1756 785 1793 eum
818 1756 875 1794 se
905 1740 1100 1807 aliquis
1132 1739 1255 1791 boni
1286 1738 1569 1808 quidquam
1615 1737 1803 1792 fecisse
1834 1736 2077 1792 dissenti-

2179 549 2437 614 profunda
2484 559 2641 601 nocte
2670 563 2773 601 non
2808 547 3035 602 habebat
3066 547 3315 601 snlatinm
3355 548 3551 602 humani
3575 552 3714 605 collo-

2178 640 2285 706 quii
2314 657 2326 691 :
2358 654 2462 707 quo
2511 648 2750 719 tempore
2797 639 3006 693 cautius
3055 637 3251 706 cogitat
3298 640 3575 709 quicunque
3602 643 3714 697 deli~

2181 730 2350 783 berat.

2253 829 2401 882 Vers.
2435 828 2482 882 :‘i.
2525 828 2752 899 Cogitavi
2796 831 2903 882 dies
2946 831 3210 898 antiquos,
3242 842 3286 882 et
3323 846 3473 884 annos
3510 844 3709 887 a'tcrnos.

2182 917 2480 985 Ingreditur
2526 917 2932 973 deliberativum
2982 918 3193 971 dicendi
3224 932 3404 989 genus,
3448 921 3576 988 quod
3618 925 3715 976 suis

2179 1006 2435 1059 membris
2464 1009 2750 1076 diligenter
2780 1009 3109 1075 explicitum.
3157 1008 3208 1061 in
3258 1008 3409 1075 hujus
3443 1012 3593 1077 partis
3634 1013 3719 1065 fine

2182 1100 2618 1151 monstrabimus.
2668 1100 2804 1153 Dicit
2844 1101 2988 1153 enim
3015 1116 3179 1167 quare
3223 1100 3457 1153 turbatus
3477 1110 3553 1154 cst
3581 1118 3594 1154 :
3618 1118 3722 1172 quo-

2181 1189 2319 1241 niam
2372 1187 2489 1241 dies
2532 1188 2770 1258 cogitavit
2810 1190 3064 1256 antiquos,
3113 1188 3242 1241 Adae
3275 1188 3530 1253 videlicet,
3560 1191 3721 1259 quibus

2182 1276 2471 1330 lmmanum
2510 1292 2679 1345 genus
2729 1280 2963 1345 peccatis
2997 1278 3277 1331 tenebatur
3318 1278 3583 1334 obnoxium
3611 1284 3723 1336 z-dc

2181 1367 2373 1434 quibus
2422 1375 2475 1419 et
2521 1367 2623 1420 alio
2653 1366 2775 1421 loco
2813 1366 2982 1421 dicit:
3026 1366 3159 1421 Ecce
3195 1377 3380 1421 veteres
3411 1372 3607 1438 posuisti
3638 1371 3727 1423 dies

2180 1473 2317 1510 meos
2344 1456 2513 1521 (Psal.
2546 1474 2776 1523 xxxvut,
2809 1458 2888 1529 6).
2952 1458 3057 1514 Sed
3109 1460 3191 1514 isti
3246 1464 3551 1528 temporales
3591 1474 3725 1531 atque

2183 1548 2369 1603 caduci
2403 1560 2550 1613 sunt,
2586 1560 2639 1603 et
2686 1550 2829 1604 labili
2877 1552 3131 1605 varietate
3170 1551 3400 1620 fugitivi.
3449 1554 3546 1608 Sed
3573 1567 3726 1610 contra

2182 1642 2290 1696 dies
2332 1644 2589 1712 antiquos,
2622 1660 2783 1697 annos
2828 1645 2977 1713 punit
3023 1656 3277 1710 wternos,
3330 1647 3447 1715 quia
3493 1648 3617 1700 sicut
3660 1651 3728 1702 isti

2183 1744 2455 1788 momento
2482 1742 2725 1802 pereunt,
2749 1735 2827 1788 sic
2852 1735 3012 1789 futuri
3040 1740 3265 1804 perenni
3292 1737 3609 1805 longazvitate
3626 1752 3733 1792 con-

498 1842 605 1885 nat.
632 1832 899 1899 Sequitur,
926 1840 973 1883 et
996 1846 1094 1881 non
1118 1846 1232 1882 sum
1256 1830 1514 1898 deceptus.
1542 1828 1634 1882 llle
1658 1842 1841 1883 revera
1864 1843 1967 1881 non
1985 1826 2077 1881 de-
2107 1822 2152 1881 B
2181 1826 2375 1879 sistunt
2406 1840 2418 1875 :
2449 1826 2501 1879 in
2533 1825 2649 1879 istis
2686 1840 2831 1879 mors
2871 1826 3199 1891 dominatur,
3238 1827 3291 1880 in
3326 1827 3428 1881 illis
3454 1828 3731 1897 regnatvita

496 1922 719 1990 cipitur,
746 1920 830 1973 cui
878 1921 1138 1988 promissa
1170 1918 1528 1994 eompletttttr.
1560 1918 1860 1973 Sollicitius
1899 1925 2076 1970 autem

496 2012 905 2081 perquirentlum
975 2022 1058 2065 est
1120 2025 1282 2079 quare
1338 2010 1525 2064 dicat:
1580 2009 1774 2080 Negavi
1824 2010 2081 2063 consolari

496 2110 717 2160 animam
739 2122 929 2169 meam,
959 2106 1050 2173 qui
1076 2105 1187 2173 jam
1226 2104 1432 2157 Domini
1461 2102 1914 2172 contemplatione
1948 2117 2081 2171 gau-

495 2201 675 2256 debat.
726 2201 950 2255 Sanctus
992 2200 1069 2253 vir
1117 2198 1239 2267 jure
1281 2210 1429 2266 negat
1475 2198 1579 2251 illis
1623 2198 1782 2251 rebus
1826 2197 2083 2250 consolari

496 2294 721 2347 animam
753 2307 924 2357 suam,
959 2305 1078 2362 qua:
1113 2290 1361 2344 humanis
1399 2288 1683 2342 desideriis
1713 2296 2077 2357 appetuntur;

498 2395 553 2438 ut
581 2386 624 2438 si
650 2386 895 2453 fatigatur
922 2383 1131 2451 vigiliis,
1165 2382 1447 2435 remissam
1480 2378 1815 2446 vagationcm
1845 2386 2079 2445 quaerat;

498 2480 543 2531 si
568 2478 805 2546 jejuniis,
830 2492 1021 2545 corpus
1056 2490 1209 2529 suum
1240 2488 1476 2543 congrua
1521 2470 1794 2526 hilaritate
1832 2469 2079 2534 reficiat;

499 2572 544 2626 si
573 2571 737 2625 tristis
753 2580 867 2635 est,
909 2571 1203 2625 amicorum
1244 2564 1767 2621 confabulationibus
1795 2561 2084 2617 transfera-

502 2672 608 2716 tur.
642 2662 730 2715 lsti
762 2676 889 2716 vero
920 2676 1019 2714 una
1053 2660 1151 2713 fuit
1193 2658 1506 2721 consolatio,
1548 2654 1898 2711 intentionem
1931 2667 2081 2707 suam

505 2766 703 2820 ponere
731 2766 945 2817 semper
975 2752 1027 2803 itt
1061 2750 1313 2803 Domino.

570 2844 722 2898 νει-ς.
751 2848 802 2899 5.
848 2843 1044 2895 Memor
1075 2844 1149 2913 fui
1184 2841 1275 2893 Dei
1306 2850 1351 2893 et
1388 2841 1505 2893 dele
1528 2849 1661 2893 tatus
1704 2855 1849 2903 sum;
1890 2839 2085 2891 exerci-

499 2947 632 2989 tatus
680 2952 812 3000 sum,
850 2945 897 2987 et
953 2935 1131 3001 defecit
1180 2934 1437 3002 paulisper
1493 2932 1702 2999 spiritus
1741 2946 1902 2982 meus.
1946 2926 2085 2982 Ecce

500 3027 944 3097 quemadmodum
976 3026 1203 3079 refectus
1234 3034 1336 3087 est,
1369 3023 1459 3091 qui
1483 3021 1766 3075 mundanis
1789 3021 1950 3074 rebus
1972 3020 2087 3073 ani-

499 3133 639 3169 mam
682 3132 831 3169 suam
862 3116 1187 3169 consolatam
1238 3114 1400 3167 fuisse
1443 3112 1749 3181 denegavit.
1787 3111 1916 3164 Nam
1964 3125 2085 3164 eum

504 3205 594 3258 Dei
627 3222 864 3257 memores
892 3222 1084 3266 sumus,
1136 3206 1295 3256 totius
1328 3218 1547 3256 munere
1593 3202 1875 3255 suavitatis
1903 3202 2084 3267 eXpIe-
2111 3188 2156 3248 Ο

501 3310 650 3357 tuttr;
687 3310 781 3348 nec
814 3304 983 3361 potest
1023 3294 1219 3361 aliquid
1265 3309 1358 3361 par
1398 3308 1542 3355 esse,
1574 3292 1787 3360 quando
1829 3307 1925 3344 nos
1968 3307 2083 3346 eue-

502 3386 636 3454 perit
661 3385 824 3453 gratia
859 3385 1033 3437 divina
1073 3386 1288 3438 Saliare.
1332 3385 1603 3451 Sequitur,
1641 3385 1943 3436 exercitatus
1973 3398 2084 3434 sum

499 3488 547 3531 et
574 3477 753 3544 defecit
779 3477 1036 3544 paulisper
1056 3477 1266 3545 spiritus
1306 3490 1464 3526 meus.
1504 3474 1853 3527 Exercitatum
1874 3488 1931 3526 se
1958 3473 2085 3527 dicit

503 3570 557 3622 in
597 3568 683 3621 illa
718 3567 1166 3636 contemplatione
1192 3567 1391 3628 divina,
1436 3580 1556 3618 cum
1592 3572 1843 3617 tractaret
1865 3580 1969 3633 qua
1999 3579 2085 3617 sa-

503 3660 697 3728 pientia
728 3668 912 3712 cuneta
945 3658 1214 3726 dvsponat,
1250 3658 1386 3726 quali
1417 3656 1651 3725 potentia
1681 3656 1929 3709 universa
1958 3670 2085 3708 con-

503 3754 700 3804 tineat:
729 3750 906 3802 omnia
947 3748 1105 3802 simul
1138 3749 1359 3811 faciens,
1409 3759 1464 3802 et
1508 3757 1613 3800 tam
1660 3746 1822 3799 multa
1858 3746 2085 3799 mirabili

502 3842 836 3896 ordinatione
860 3840 1196 3907 dispensans.
1228 3840 1289 3892 Et
1318 3853 1539 3893 necesse
1561 3848 1676 3892 erat
1704 3847 1759 3889 ut
1784 3837 2085 3890 intellectus

501 3933 617 4001 ejus
639 3932 914 3999 deﬁceret,
941 3946 1061 3985 cum
1082 3946 1139 3984 se
1174 3930 1223 3983 in
1249 3945 1351 3982 una
1384 3927 1763 3983 retractatione
1793 3936 1900 3979 tam
1934 3926 2085 3978 innu-

502 4026 796 4089 merabilia,
827 4036 933 4079 tam
990 4026 1220 4094 ingentia
1272 4030 1719 4091 congregassent,
1772 4021 1909 4073 sicut
1961 4020 2083 4072 alibi

501 4119 731 4188 legitur:
763 4117 1095 4171 Consideravi
1124 4133 1276 4185 opera
1315 4125 1421 4180 tua,
1454 4124 1500 4168 et
1534 4113 1715 4183 επραυὶ
1742 4111 1963 4182 (Habac.
1997 4125 2082 4173 Ill,

497 4208 578 4277 ‘2).
612 4210 753 4263 Bene
795 4218 971 4263 autem
1025 4209 1221 4276 posuit,
1271 4208 1554 4275 paulisper,
1604 4205 1855 4273 quoniam
1888 4202 1984 4255 etsi
2019 4201 2083 4253 ad

500 4313 708 4369 tempus
748 4302 890 4355 visus
919 4309 1001 4354 est
1030 4300 1293 4369 defecisse,
1327 4299 1484 4365 paulo
1515 4306 1634 4364 post
1661 4293 1970 4363 intelligitur
1992 4307 2086 4361 pu-

501 4394 667 4446 tuisse
699 4394 951 4447 recreari.
1244 4450 1255 4458 ,

570 4482 721 4537 Vers.
754 4483 806 4534 4.
850 4484 1262 4550 Anticipwerunt
1296 4483 1492 4550 vigilias
1514 4481 1649 4533 oculi
1676 4483 1772 4533 mei
1803 4496 1821 4533 :
1853 4481 2079 4535 turbatus

499 4592 632 4638 sum,
664 4585 709 4627 et
740 4591 838 4628 non
868 4591 980 4627 sum
1008 4576 1226 4627 locutus.
1268 4574 1419 4626 Venit
1447 4573 1510 4624 ad
1548 4572 1838 4626 secandam
1889 4586 2079 4624 narra-
2114 4556 2163 4613 D

499 4669 733 4733 tionem,
781 4668 963 4734 inqua
1010 4668 1392 4735 cogitationum
1444 4680 1658 4717 suarum
1710 4675 1872 4716 :estns
1920 4664 2084 4733 260

498 4769 794 4813 enumerat.
826 4757 963 4810 Dicit
991 4758 1129 4810 enim
1158 4758 1331 4808 oculos
1371 4772 1490 4808 suos
1531 4756 1838 4823 anticipasse
1858 4756 2078 4824 vigilias,

496 4866 627 4918 quas
660 4853 710 4903 in
738 4851 828 4904 Dei
858 4850 1101 4904 laudibus
1130 4850 1443 4903 solemniter
1462 4849 1766 4903 exhibebat.
1793 4850 1925 4902 Istas
1952 4862 2077 4901 usus

498 4955 676 4997 noster
709 4945 981 4996 consuevit
1019 4944 1212 4997 vocare
1264 4952 1573 4995 nocturnos.
1620 4941 1729 4993 Hoc
1775 4940 1919 4993 enim
1971 4939 2078 4994 illis

497 5050 714 5090 necesse
740 5046 822 5088 est
861 5026 1192 5105 contingere,
1235 5036 1323 5104 qui
1353 5035 1417 5087 ad
1462 5032 1765 5102 spirituales
1799 5034 2079 5101 cogitatio-

496 5144 589 5182 nes
615 5142 828 5197 semper
860 5129 1046 5182 intenti
1067 5136 1209 5181 sunt.
1245 5127 1437 5182 Reddit
1462 5131 1599 5181 enim
1629 5144 1756 5183 cura
1791 5129 2075 5198 pervigiles

494 5232 715 5285 sensus,
749 5233 844 5271 nec
866 5232 1111 5270 somnum
1142 5218 1376 5285 capiunt,
1408 5218 1508 5270 ιιἰηὶ
1537 5219 1623 5286 qui
1649 5220 1892 5273 universa
1930 5218 2078 5272 solli-

494 5310 729 5364 citudine
756 5319 1061 5363 vacuantur.
1085 5310 1355 5376 Sequitur,
1381 5310 1606 5361 turbatus
1623 5326 1756 5373 sum,
1778 5323 1821 5361 et
1846 5327 1945 5363 non
1964 5327 2074 5363 sum

494 5402 711 5451 locutus.
757 5398 999 5451 Ostendit
1026 5414 1209 5450 revera
1268 5409 1475 5465 tempus
1536 5400 1698 5452 fuisse
1732 5410 2071 5459 nocturnum,

496 5490 705 5554 quando
731 5491 843 5555 ipse
890 5494 1047 5541 homo
1079 5489 1381 5557 recogitans
1412 5490 1572 5543 animi
1609 5492 1689 5543 sui
1722 5500 1929 5545 secreta
1958 5505 2073 5557 per-

495 5580 676 5647 quirit.
710 5579 963 5633 Turbatus
994 5588 1065 5633 est
1089 5580 1280 5649 quippe
1307 5581 1676 5636 recordatione
1707 5584 2036 5651 peccantium
2056 5622 2071 5647 ,

496 5672 613 5736 quia
656 5670 939 5725 humanum
987 5688 1152 5740 genus
1183 5674 1235 5727 itt
1277 5673 1591 5727 delictorum
1630 5674 1919 5743 praecipitia
1952 5689 2071 5726 cor-

498 5758 701 5824 ruebat,
729 5770 778 5812 et
805 5762 889 5829 pio
916 5762 1101 5817 dolore
1142 5779 1237 5831 pro
1279 5764 1397 5819 aliis
1435 5765 1787 5831 cruciabatur,
1837 5766 1923 5832 qui
1958 5764 2066 5831 jam

2181 1926 2475 1987 perpetua;
2533 1917 2619 1970 isti
2667 1916 2816 1970 edaci
2867 1918 3081 1971 trisutia
3132 1919 3511 1983 corroduntur,
3558 1920 3607 1973 in
3647 1921 3734 1975 illis

2176 2008 2302 2078 justi
2330 2023 2516 2061 secura
2548 2006 2798 2061 felicitate
2826 2008 3161 2077 gaudebunt;
3199 2010 3254 2061 in
3286 2009 3404 2063 istis
3427 2010 3641 2079 denique
3670 2011 3735 2064 fu.

2180 2101 2256 2169 git
2285 2114 2444 2153 omne
2465 2098 2604 2167 quod
2636 2098 2865 2163 venerit,
2892 2098 2945 2151 in
2978 2097 3082 2151 illis
3112 2098 3283 2152 stabit
3306 2099 3553 2169 quidquid
3583 2115 3739 2153 acces-

2182 2191 2330 2245 serit.
2365 2189 2471 2245 Sed
2498 2190 2620 2257 quid
2652 2198 2735 2243 est
2768 2189 2889 2252 hoc,
2922 2189 3061 2257 quod
3095 2188 3198 2243 iste
3230 2191 3313 2244 vir
3346 2190 3456 2259 jam
3491 2192 3590 2244 Deo
3614 2190 3739 2243 dedi-

2190 2290 2296 2344 tus,
2329 2290 2513 2333 contra
2540 2279 2645 2333 dies
2671 2280 2909 2348 antiquos
2930 2280 3291 2333 teterttitatcm
3319 2281 3464 2348 ponit
3484 2279 3740 2332 annorum?

2183 2372 2453 2444 Cogitabat
2493 2372 2633 2425 enim
2687 2387 2783 2426 cur
2827 2371 3068 2425 labentes
3124 2370 3257 2437 dies,
3314 2383 3367 2427 et
3413 2387 3539 2441 quos
3585 2380 3743 2425 tenere

2186 2478 2344 2517 nemo
2358 2463 2546 2531 possit,
2573 2470 2846 2530 tantopere
2863 2461 3419 2532 desideretctqumrat
3439 2461 3737 2518 humanitas;

2185 2563 2241 2609 et
2269 2555 2393 2609 illos
2438 2564 2652 2608 internas
2683 2554 2775 2623 qui
2817 2553 2915 2606 soli
2940 2553 3094 2606 nobis
3133 2563 3262 2606 sunt
3293 2569 3338 2620 si
3358 2552 3589 2606 ecialiter
3612 2564 3747 2618 appe-

2188 2647 2333 2703 tendi
2363 2648 2710 2717 negligamns,
2744 2654 3172 2710 contemnamus,
3206 2660 3307 2700 nec
3328 2645 3602 2699 credamus
3626 2656 3745 2701 esse.

2187 2739 2311 2794 dum
2341 2754 2436 2794 eos
2473 2740 2799 2804 itnprmseati
2844 2755 2947 2791 nou
2979 2739 3227 2792 valemus
3265 2739 3541 2808 aSpicere?
3589 2738 3751 2792 Merito

2189 2849 2316 2903 ergo
2338 2835 2567 2886 lttrbalus
2598 2841 2699 2897 est,
2731 2833 2816 2901 qui
2848 2842 2951 2885 tam
2980 2832 3157 2901 pravis
3187 2832 3619 2900 persuasionibus
3647 2842 3748 2899 pec-

2189 2936 2396 2980 catores
2417 2936 2746 2995 cognoverat
2770 2924 3065 2993 subjaccre.

2263 3024 2415 3079 Vers.
2449 3023 2501 3078 6.
2545 3021 2611 3076 In
2642 3032 2802 3077 mente
2834 3023 3022 3087 habui;
3067 3030 3112 3075 et
3165 3022 3449 3076 meditatus
3495 3036 3602 3073 sum
3638 3025 3753 3069 nocte

2191 3132 2308 3169 cum
2337 3116 2489 3169 corde
2519 3132 2626 3169 meo
2650 3132 2668 3169 :
2710 3115 3024 3169 exercitabar
3049 3124 3094 3167 et
3126 3116 3440 3168 ventilabam
3475 3116 3527 3166 in
3572 3128 3642 3165 me
3672 3112 3761 3176 spi-

2189 3210 2344 3259 ritum
2372 3222 2558 3259 meum.
2588 3206 2759 3274 Caput
2785 3206 2936 3259 istius
2952 3220 3134 3258 versus
3161 3206 3433 3274 superiori
3456 3204 3752 3275 jungendum

2188 3308 2289 3350 est.
2328 3297 2421 3350 Est
2449 3298 2590 3352 enim
2625 3299 2695 3351 ita
2728 3316 2738 3348 :
2774 3296 2835 3349 Et
2877 3312 3036 3349 annos
3065 3305 3290 3351 arternos
3331 3301 3384 3350 in
3413 3307 3572 3350 mente
3594 3293 3757 3357 habui,

2181 3375 2293 3441 non
2323 3389 2456 3442 sicut
2489 3388 2655 3451 stulti,
2685 3388 2772 3455 qui
2804 3386 2904 3440 hoc
2932 3386 3069 3454 quod
3085 3388 3338 3452 audiunt,
3359 3384 3757 3456 nequecreduut,

2190 3496 2359 3547 neque
2376 3479 2426 3532 in
2445 3494 2538 3533 sua
2556 3482 2805 3533 memoria
2822 3490 3103 3548 reponunt,
3122 3480 3223 3534 sed
3246 3480 3504 3533 oblivioni
3521 3478 3760 3537 mandant,

2189 3574 2326 3643 quod
2359 3574 2710 3642 negligentius
2734 3584 3072 3640 acceperunt.
3106 3573 3213 3627 Iste
3237 3575 3384 3625 enim
3434 3574 3485 3625 in
3512 3581 3663 3625 mente
3684 3570 3759 3619 Ita.

2190 3666 2293 3716 buit
2324 3681 2484 3716 annos
2512 3675 2750 3729 wternos,
2781 3664 3033 3731 quoniam
3072 3663 3336 3717 credebat
3361 3677 3483 3717 εεεε
3514 3671 3759 3715 venturos.

2192 3756 2475 3808 Meditatur
2504 3756 2663 3810 etiam
2688 3772 2799 3808 cum
2826 3753 2978 3809 corde
3004 3771 3117 3819 suo,
3151 3758 3247 3823 qui
3280 3758 3515 3809 animam
3539 3767 3675 3807 suam
3702 3750 3760 3802 fa.

2189 3847 2263 3900 cit
2291 3846 2491 3915 aliquid
2538 3861 2656 3899 cum
2706 3846 2911 3899 ratione
2953 3853 3206 3899 tractare.
3241 3844 3381 3900 Cum
3426 3845 3511 3900 illa
3539 3843 3670 3899 enim
3700 3840 3763 3893 lo

2188 3938 2402 4007 quimur
2451 3936 2617 4000 taciti,
2669 3952 2786 3989 cum
2840 3936 2925 3989 illa
2958 3952 3282 3991 exercemur
3320 3938 3521 4008 quieti,
3568 3949 3657 3989 nec
3681 3930 3762 3986 soli

2189 4044 2390 4093 sumus,
2422 4031 2632 4098 quando
2660 4043 2776 4082 cum
2832 4027 2948 4095 ipsa
2979 4038 3231 4097 suscepta
3267 4028 3620 4084 altercatione
3655 4038 3763 4077 con-

2188 4122 2438 4191 ﬂigimus.
2487 4121 2758 4189 Sequitur,
2804 4119 3124 4172 exercitabar
3163 4130 3217 4173 et
3260 4120 3573 4173 ventilabam
3616 4116 3661 4167 in
3704 4126 3765 4162 me

2188 4215 2420 4281 spiritum
2454 4227 2640 4264 mcum.
2677 4210 2899 4277 Proprie
2929 4220 3078 4263 actus
3111 4210 3232 4277 ipse
3256 4206 3663 4265 deliberationis
3685 4219 3763 4255 ct-

2192 4304 2455 4371 primitur.
2491 4302 2817 4356 Exercentur
2848 4301 3014 4364 enim,
3046 4302 3273 4366 quando
3316 4318 3417 4370 per
3466 4297 3767 4354 retractatio.

2190 4409 2285 4447 nes
2309 4394 2615 4446 innumeras
2638 4401 2944 4455 aestuamus,
2969 4400 3018 4444 et
3042 4394 3200 4460 quasi
3228 4393 3285 4446 in
3319 4391 3569 4459 palatstra
3601 4386 3769 4440 animar-

2189 4483 2453 4553 Spirituali
2505 4484 2905 4537 concertatione
2948 4483 3260 4551 fatigamur.
3304 4482 3768 4536 Ventilaturautetn

2189 4575 2424 4643 spiritus,
2453 4590 2573 4627 cum
2605 4573 2705 4626 huc
2736 4584 2894 4641 atque
2928 4573 3048 4625 illuc
3072 4570 3123 4625 in
3156 4574 3311 4627 venti
3343 4588 3497 4626 more
3518 4565 3768 4625 celerrima

2187 4667 2506 4735 cogitatione
2564 4665 2903 4718 transfertur.
2960 4664 3198 4731 Spiritus
3292 4666 3440 4719 enim
3503 4664 3662 4717 virtus
3703 4664 3772 4710 est

2188 4760 2402 4819 animm,
2434 4774 2551 4826 qua:
2584 4757 2907 4810 intentiOues
2934 4756 3052 4824 ejus
3080 4756 3318 4823 implere
3350 4753 3646 4809 contendit.

2256 4857 2408 4911 Vers.
2444 4858 2496 4908 7.
2538 4854 2605 4909 Et
2635 4856 2743 4908 dixi
2770 4871 2790 4910 :
2839 4854 3089 4921 Nunquid
3141 4856 3201 4908 in
3260 4866 3518 4910 (uernum
3565 4849 3774 4921 projiciel

2187 4949 2339 5011 Deus,
2395 4960 2482 5001 aut
2515 4965 2613 5000 non
2643 4958 2861 5018 apponet
2904 4958 2955 4999 ut
2994 4947 3379 5016 beneplacitum
3425 4948 3491 5001 sit
3518 4948 3562 5000 ei
3603 4937 3775 4996 adhuc?

2182 5040 2311 5094 Cum
2346 5041 2443 5093 iste
2473 5038 2645 5106 Asaph
2680 5040 2975 5092 transilitor
3001 5038 3262 5093 vitiorum
3300 5042 3474 5094 totius
3507 5034 3680 5091 mundi
3705 5045 3775 5084 co-

2179 5133 2371 5199 gitat-et
2392 5130 2686 5198 angustias,
2710 5138 2763 5183 et
2786 5130 3001 5197 spiritus
3038 5130 3157 5197 ejus
3193 5130 3405 5185 divinis
3440 5121 3773 5183 meditationi-

2182 5225 2279 5277 bus
2322 5231 2681 5289 exerceretur,
2726 5222 2896 5275 ditit:
2951 5222 3206 5291 Nunquid
3263 5224 3408 5277 Deus
3454 5226 3506 5277 in
3547 5232 3769 5275 internum

2181 5316 2411 5385 projiciet
2443 5328 2610 5381 genus
2642 5312 2955 5377 humanum,
2987 5322 3043 5366 ιιι
3066 5327 3175 5366 non
3211 5314 3263 5367 ei
3290 5316 3559 5368 adventus
3584 5309 3658 5363 sui
3689 5307 3773 5358 nti-

2182 5405 2443 5457 seratione
2472 5403 2797 5471 prospiciat?
2825 5404 2913 5457 Ille
2952 5404 3093 5456 enim
3124 5402 3248 5471 jam
3278 5405 3544 5459 beneficia
3586 5394 3772 5453 Domini

2182 5494 2353 5546 futura
2399 5494 2681 5559 sentiebat,
2715 5493 2802 5563 qui
2850 5493 2916 5546 de
2959 5492 3203 5546 etelestis
3247 5491 3639 5547 misericordia:
3669 5498 3775 5555 pro-

2182 5584 2341 5637 missa
2377 5584 2573 5652 pietate
2620 5585 2901 5637 tractabat.
2950 5583 3241 5652 Sequitur,
3288 5593 3379 5636 aut
3414 5601 3519 5637 non
3548 5585 3772 5651 apponet.

2181 5682 2234 5724 ut
2265 5673 2628 5741 beneplacitum
2655 5673 2719 5725 sit
2742 5672 2787 5725 ei
2832 5672 3002 5724 adhuc
3035 5674 3058 5727 ?
3088 5672 3248 5726 Istud
3289 5690 3415 5738 non,
3461 5680 3774 5740 nequaquam

2182 5766 2445 5833 negantis,
2478 5764 2570 5819 sed
2617 5765 2793 5834 potius
2840 5762 3164 5817 allirmantis
3208 5772 3318 5819 est.
3358 5765 3593 5835 Apponet
3622 5759 3771 5820 enim,
