3952 6162
244 309 330 361 5411

1135 312 1494 370 EXPOSITIO
1534 313 1597 367 IN
1638 314 2091 372 PSALTERIUM.
2139 318 2334 374 PSAL.
2385 317 2614 373 LXXVI.
3403 324 3507 378 53’}

240 422 282 475 id
309 433 388 475 est
430 424 706 492 prmstabit
749 433 803 479 ut
844 427 890 480 ei
929 426 1305 493 beneplacitum
1331 430 1394 480 sit
1425 442 1596 497 genus
1626 429 1813 484 huma-
1841 433 1891 490 Α
1923 429 2228 498 praedictam
2256 428 2500 484 videnlur
2541 442 2591 484 et
2616 431 3032 499 comprobantur
3053 433 3342 488 convtznirc
3375 450 3499 489 scat-

235 531 379 582 num,
411 515 626 583 quando
654 517 959 586 dignabitur
988 519 1372 574 incarnationis
1395 536 1506 575 sua:
1536 519 1812 576 declarare

234 605 509 675 mysteria.
547 606 699 673 Quod
732 619 910 664 autem
954 611 1049 675 ait,
1087 611 1275 675 adhuc,
1305 612 1670 680 exspectantis
1698 626 1811 676 est,

239 711 334 749 non
387 697 644 752 dolentis.
688 699 820 752 Nam
875 703 1117 769 quamvis
1172 702 1286 755 fieri
1335 718 1494 772 posse
1543 703 1813 769 crederet,

235 801 510 857 emergere
541 794 717 844 tamen
748 790 1093 858 sobsequenti
1123 800 1364 860 tempore
1388 791 1711 846 conﬁdebat.

298 924 454 981 Vers.
483 926 538 980 8.
581 928 680 980 Aut
726 928 777 980 in
809 929 962 994 linem
1003 931 1406 984 misericordiam
1454 948 1603 985 suam
1647 932 1815 986 absci-

232 1018 330 1083 det,
360 1034 394 1069 a
422 1019 611 1072 uacula
635 1029 681 1072 et
702 1022 1058 1089 generatione?
1079 1021 1432 1077 Misericordia
1464 1025 1668 1078 Domini
1709 1036 1810 1088 est,

233 1107 366 1174 quod
394 1107 466 1162 tle
514 1108 679 1163 Maria
710 1109 923 1179 Virgine
957 1113 1103 1166 nasci
1133 1114 1426 1167 seettndum
1473 1130 1687 1168 carnem
1719 1130 1818 1184 pro

235 1209 409 1251 nostra
442 1199 752 1255 inﬁrmitate
781 1200 1030 1270 dignatus
1077 1215 1180 1256 est.
1233 1203 1377 1257 Hanc
1421 1204 1678 1259 Dominus
1712 1221 1815 1260 non

235 1289 469 1352 abscidit,
507 1304 666 1358 quam
719 1304 814 1358 pro
856 1291 1134 1346 hominum
1187 1294 1360 1349 salute
1409 1309 1504 1364 per
1529 1294 1817 1365 prophetas

233 1378 422 1456 cecinit
451 1393 574 1433 esse
604 1391 900 1435 venturam.
955 1383 1028 1437 De
1057 1398 1162 1450 quo
1204 1383 1323 1439 loco
1368 1384 1672 1454 Stephanus
1695 1388 1813 1453 epi-

233 1487 424 1540 sc0pus
453 1473 505 1526 in
533 1474 787 1544 encycliis
813 1476 878 1528 ad
916 1475 1149 1530 Leonem
1205 1477 1503 1547 principem
1551 1479 1816 1542 scribens,

233 1564 548 1621 mirabiliter
574 1565 741 1620 dicit:
778 1567 998 1622 lndutus
1027 1579 1112 1624 est
1158 1570 1323 1624 Filius
1356 1572 1589 1624 tunicam
1627 1586 1815 1640 corpn.

233 1657 325 1721 ris,
377 1656 481 1710 hoc
508 1666 592 1711 est
622 1656 887 1727 integrum
941 1659 1210 1713 hominem
1264 1659 1332 1714 de
1361 1671 1545 1715 saneta
1579 1661 1813 1730 Virgine,

233 1763 387 1817 quam
420 1759 637 1803 sanctus
667 1749 898 1816 Spiritus
924 1752 1102 1805 texuit
1133 1750 1494 1822 ineffabiliter,
1531 1754 1583 1808 in
1608 1756 1813 1822 ingres-

233 1852 290 1891 su
344 1838 802 1904 inenarrabiliter,
863 1842 915 1894 in
967 1855 1185 1909 egressu
1240 1845 1816 1912 comprehensibiliter.

235 1927 517 1997 ingressus
546 1939 628 1983 est
673 1929 976 1994 invisibilis,
1018 1947 1266 2001 egressus
1306 1943 1390 1987 est
1419 1933 1684 2002 visibilis;
1741 1937 1820 1990 in-

230 2035 447 2090 gressus
477 2032 560 2075 est
584 2021 721 2076 Deus
753 2021 1005 2086 Verbum,
1053 2037 1304 2093 egressus
1335 2033 1418 2078 est
1446 2024 1588 2079 idem
1632 2035 1686 2080 et
1713 2027 1815 2080 ho-

232 2125 338 2164 mo.
394 2109 460 2162 In
487 2111 640 2176 ﬁnem
672 2125 799 2165 vero
830 2111 1095 2181 signiﬁcat
1125 2113 1508 2180 plenitudinem
1541 2117 1824 2184 temporis,

231 2200 443 2266 quando
474 2201 657 2256 venire
677 2201 924 2270 dignatus
952 2213 1067 2265 est;
1097 2202 1164 2256 de
1191 2217 1298 2272 quo
1324 2212 1563 2274 tempore
1587 2205 1824 2262 Joannes

231 2290 508 2359 apostolus
535 2291 704 2346 dixit:
734 2291 940 2358 Fitioli,
973 2293 1248 2348 novissima
1291 2295 1418 2348 hora
1463 2306 1535 2349 est
1584 2295 1638 2366 (I
1667 2295 1824 2352 Joan.

231 2398 296 2448 tt,
335 2383 452 2451 18).
509 2382 743 2451 Addidit,
777 2401 808 2436 a
850 2385 1036 2438 sazculo
1067 2394 1114 2438 et
1158 2386 1499 2454 generatione.
1547 2389 1592 2440 Α
1616 2391 1830 2458 steculo,

233 2476 278 2527 ia
303 2491 418 2545 quo
444 2474 720 2530 decretum
755 2476 926 2531 fuerat
957 2485 1013 2531 ut
1041 2478 1267 2533 veniret.
1295 2479 1338 2531 Α
1363 2481 1709 2548 generatione,
1737 2480 1830 2536 Ju-

232 2565 382 2620 daica
414 2567 643 2632 scilicet,
673 2575 818 2633 quos’
847 2569 1021 2622 carnis
1065 2570 1382 2639 cognatione
1425 2570 1584 2624 etiam
1637 2572 1828 2627 fratres

234 2656 512 2724 appellare
534 2657 780 2727 dignatus
805 2669 909 2713 est.
939 2658 982 2713 Ο
1012 2660 1298 2727 promissio
1326 2660 1592 2729 gloriosa!
1631 2677 1664 2716 ο
1706 2679 1826 2732 per-

230 2748 412 2816 ceptio
441 2745 587 2818 [ωδε.
630 2745 938 2819 praeceptio]
974 2749 1242 2813 salutaris,
1291 2749 1336 2804 si
1382 2739 1679 2819 agnoscere
1709 2767 1826 2807 me-

232 2837 471 2891 ruissent
500 2835 642 2906 quod
669 2837 748 2891 eis
780 2836 1039 2907 singulari
1075 2853 1294 2893 munere
1327 2840 1718 2908 praastabatur!

302 2978 464 3033 Vera.
520 2977 574 3031 9.
619 2976 870 3046 Nunquid
915 2979 1236 3033 obliviscetur
1279 2981 1506 3032 misereri
1537 2979 1698 3048 Deus,
1743 2989 1829 3035 aut

232 3071 512 3124 continebit
541 3069 594 3125 in
639 3071 718 3123 ira
745 3071 1146 3124 misericordiam
1187 3072 1373 3125 suam?
1423 3069 1664 3126 Oblivisci
1704 3073 1828 3126 iliud

1918 520 2166 574 tentiam.

1989 612 2141 665 Vers.
2181 613 2264 676 10.
2307 611 2373 664 Et
2415 614 2522 666 dixi
2553 629 2570 665 :
2598 612 2750 666 Nunc
2777 615 2942 683 coepi;
2978 615 3084 668 [nec
3125 617 3336 668 mutatio
3378 619 3499 670 de.'c-
3529 682 3542 696 I

1917 715 2036 757 εει-ω
2081 703 2300 758 Excelsi.
2346 704 2627 773 Inter-jecto
2681 705 3030 775 diapsalmate
3080 710 3316 763 secundo
3360 712 3511 765 venit

1916 793 1981 846 ad
2012 795 2221 847 tertiam
2255 795 2654 847 narrationem:
2702 796 2787 848 ubi
2830 806 2949 864 post
2991 799 3366 867 cogitationem
3405 802 3507 855 bo-

1924 897 2113 936 norum
2151 885 2440 937 translatus
2470 885 2533 937 ad
2563 886 2970 940 saluberrimum
3016 904 3254 955 sensum,
3292 907 3509 961 compe-

1920 982 2093 1028 tenter
2150 989 2210 1028 se
2252 975 2450 1028 asserit
2498 977 2857 1035 immutatum.
2912 979 3051 1033 Dicit
3092 982 3234 1034 enim
3289 985 3506 1051 primo:

1920 1065 2077 1118 Nunc
2097 1066 2241 1134 carpi,
2273 1067 2421 1131 quasi
2448 1082 2659 1133 sapere,
2692 1069 2844 1137 quasi
2890 1071 3208 1140 intelligere,
3253 1076 3403 1140 quasi
3434 1077 3504 1130 ad

1921 1159 2096 1214 lumen
2127 1158 2619 1227 splendidissimum
2660 1162 2977 1228 pervenire;
3011 1163 3209 1232 quippe
3235 1166 3323 1234 qui
3357 1167 3503 1220 laeta-

1918 1257 2066 1302 turus
2096 1258 2209 1302 erat
2248 1249 2298 1301 in
2328 1249 2579 1316 operibus
2611 1249 2844 1304 Domini.
2878 1251 2981 1306 Sed
3029 1253 3155 1322 quid
3215 1256 3284 1308 sit
3338 1256 3506 1324 istud,

1919 1339 2073 1393 Nunc
2099 1341 2244 1409 coepi,
2266 1342 2511 1410 sequenti
2541 1343 2801 1396 sententia
2835 1344 3154 1400 declaratur.
3184 1347 3312 1414 Quae
3337 1350 3508 1418 ﬁgura

1920 1431 2112 1486 dicitur
2141 1431 2467 1500 epexegesis,
2506 1432 2554 1485 id
2587 1445 2667 1486 est
2692 1435 2995 1501 explanatio
3026 1436 3152 1489 dicti
3182 1437 3497 1503 superioris.

1921 1521 2054 1575 Dicit
2093 1521 2234 1574 enim
2270 1541 2282 1575 :
2321 1520 2444 1573 Πίεε
2489 1531 2560 1573 est
2592 1524 2806 1574 mutatio
2848 1524 3069 1577 dextera:
3117 1525 3340 1580 Excelsi.
3387 1526 3510 1581 Mu-

1919 1613 2041 1665 tatio
2072 1627 2264 1666 nomen
2305 1611 2636 1676 :equivoctun
2687 1623 2801 1678 est;
2845 1631 2962 1668 nam
3023 1616 3209 1670 mutati
3257 1617 3508 1681 dicimur,

1919 1705 2128 1772 quando
2162 1705 2213 1758 in
2249 1705 2535 1773 pessimam
2591 1715 2793 1772 partem
2838 1722 3020 1762 errore
3065 1710 3242 1777 aliquo
3275 1711 3503 1766 faciente

1848 1803 1896 1862 B
1923 1797 2228 1850 dilabimur.
2267 1795 2370 1850 Sed
2417 1811 2484 1850 ne
2515 1796 2616 1848 tale
2649 1797 2735 1850 hic
2778 1797 2972 1866 aliquid
3003 1801 3314 1867 sentiretur,
3366 1817 3509 1854 com-

1926 1888 2272 1942 mutationem
2299 1889 2348 1940 in
2373 1903 2432 1942 se
2461 1887 2590 1942 dicit
2619 1889 2830 1954 factam,
2863 1906 3018 1958 quam
3052 1892 3260 1945 dextera
3295 1893 3503 1948 Domini

1924 1980 2197 2032 consuevit
2243 1980 2474 2046 operari.
2544 1982 2762 2033 Dextera
2815 1984 2956 2036 enim
3004 1983 3208 2037 Επειδιεὶ
3258 1984 3513 2041 Christus-

1925 2080 2007 2124 est
2034 2071 2309 2134 Dominus,
2345 2087 2438 2139 per
2463 2088 2620 2141 quem
2651 2075 2726 2127 sic
2757 2089 2938 2128 sumus
2960 2079 3291 2140 commutati,
3335 2087 3392 2130 ut
3435 2060 3506 2132 de

1925 2160 2230 2215 conditione
2276 2162 2457 2215 servili
2501 2179 2802 2217 mercamur
2851 2166 3010 2219 etiam
3064 2166 3180 2234 ejus
3225 2168 3322 2222 ﬁlii
3369 2185 3505 2222 nun-

1925 2251 2127 2320 cupari.
2180 2251 2326 2305 llanc
2357 2252 2408 2305 in
2453 2268 2512 2307 se
2541 2255 3015 2309 commutationem
3051 2257 3164 2310 ﬁeri
3212 2259 3504 2323 sentiebat,

1926 2356 2083 2410 quam
2141 2343 2364 2396 concedi
2411 2343 2716 2398 Christiano
2762 2346 2959 2414 populo
3011 2347 3332 2418 quandoque
3377 2363 3509 2419 gau—

1931 2431 2114 2486 debat.

2003 2520 2151 2574 Vers.
2191 2520 2271 2574 fl.
2317 2520 2512 2575 Memor
2534 2521 2609 2590 {ui
2653 2541 2864 2592 operum.
2898 2525 3128 2592 Domini,
3165 2531 3286 2597 quia
3319 2548 3510 2586 memor

1927 2626 2014 2663 ero
2041 2612 2103 2662 ab
2128 2612 2271 2664 initio
2303 2612 2609 2666 mirabilium
2652 2625 2876 2670 tuorum.
2923 2615 3405 2676 Commutationem
3448 2623 3516 2678 de

1929 2715 1987 2754 se
2017 2700 2204 2753 factam
2246 2702 2296 2754 in
2351 2715 2444 2755 sua
2492 2703 2620 2756 dicit
2665 2719 2985 2772 permanere
3030 2711 3286 2764 memoria
3317 2753 3332 2776 ,
3389 2716 3518 2782 quia.

1931 2791 2146 2845 meliora
2193 2802 2426 2846 meretur
2485 2795 2796 2860 suscipere,
2860 2798 2945 2863 qui
2995 2799 3189 2853 collata
3239 2805 3377 2855 bona
3435 2807 3502 2858 de

1929 2885 2091 2938 corde
2119 2899 2222 2938 non
2254 2885 2505 2953 probatur
2553 2887 2823 2941 amittere.
2858 2887 2964 2942 Sed
3008 2905 3076 2945 ne
3110 2902 3310 2945 tantum
3338 2893 3404 2948 de
3447 2910 3510 2950 se

1931 2975 2198 3030 exsultare
2244 2975 2534 3041 videretur,
2585 2977 2845 3044 seq-titur,
2898 2981 3019 3048 qtia
3069 2997 3259 3036 memor
3311 3000 3396 3037 ero
3447 2987 3521 3038 ub

1934 3067 2078 3119 initio
2105 3067 2412 3119 mirabiﬁum
2441 3077 2675 3133 tuorum;
2708 3069 2888 3136 utique
2918 3085 3034 3138 quae
3065 3071 3296 3126 humano
3328 3077 3512 3142 generi

232 3177 526 3229 possumus
550 3162 690 3230 quod
724 3163 878 3216 nobis
903 3163 1110 3217 accedit
1137 3172 1188 3216 et
1212 3162 1449 3228 recedit;
1485 3163 1593 3217 Deo
1629 3173 1828 3227 autem,
1861 3165 1905 3227 (ς
1937 3159 2053 3229 pius
2099 3158 2379 3213 tniserator
2410 3159 2648 3214 indulsit.
2695 3161 2954 3226 Primum,
2989 3165 3128 3232 quod
3174 3166 3342 3220 Adam
3389 3167 3514 3222 fecit

234 3256 316 3307 cui
340 3253 702 3306 misericordia
733 3251 1153 3307 substantialiter
1192 3253 1352 3320 ineSI,
1381 3255 1830 3323 quemadmodum

236 3352 420 3408 potest
447 3344 693 3409 oblivisci,
718 3344 857 3413 quod
886 3344 954 3397 ab
997 3345 1113 3412 ipso
1143 3360 1247 3399 non
1293 3346 1550 3412 probatur
1583 3346 1784 3400 auferri
1811 3347 1834 3398 ?

236 3437 374 3491 lliac
401 3452 534 3506 ergo
552 3435 939 3504 pranuntiabat
959 3437 1186 3489 mis-reri
1210 3435 1393 3501 Deum,
1419 3436 1540 3505 quia
1562 3436 1679 3505 ejus
1702 3451 1834 3504 pne-

233 3529 462 3584 videbat
515 3528 820 3580 adventum.
870 3527 1000 3579 Nam
1049 3541 1167 3594 qua:
1217 3525 1405 3579 fortior
1473 3525 1833 3578 misericordia

234 3633 404 3685 quam
447 3617 593 3671 unde
640 3617 822 3670 mundi
855 3617 1037 3670 clades
1067 3615 1410 3683 cognoscitur
1436 3630 1556 3670 esse
1584 3614 1836 3668 sublata?

233 3710 527 3777 Sequitur,
559 3718 650 3761 aut
691 3708 964 3762 continebit
1002 3708 1056 3760 in
1104 3709 1182 3760 ira
1222 3707 1627 3760 miscricordiam
1667 3722 1832 3760 suam.

239 3801 474 3870 iteSpice
496 3815 656 3869 quam
679 3799 908 3853 mirabili
931 3798 1118 3853 ordine
1140 3797 1204 3851 ad
1215 3807 1404 3852 ventus
1427 3797 1526 3852 iste
1537 3796 1836 3865 descriptus

234 3896 357 3948 est?
393 3893 603 3962 Ubique
642 3892 988 3946 misericordia
1033 3891 1268 3961 ponitur,
1319 3890 1441 3961 quia
1493 3889 1704 3944 miseris
1751 3904 1838 3943 res

235 3994 394 4037 tanta
436 3993 740 4053 praestatur.
786 3982 1018 4036 Facilius
1049 3992 1131 4036 est
1159 3982 1301 4035 enim
1333 3981 1558 4035 Domino
1582 3982 1840 4033 continere

231 4076 405 4139 iram,
435 4090 555 4144 quae
592 4075 661 4129 ab
695 4074 813 4144 ejus
842 4073 1223 4143 tranquillitate
1252 4070 1598 4141 cognoscitur
1627 4069 1838 4134 aliena;

234 4170 338 4224 sed
374 4170 550 4238 magis
598 4167 665 4222 ad
715 4167 1117 4221 misericordiam
1164 4179 1361 4235 pronus
1389 4178 1511 4219 esse
1561 4163 1834 4230 credatur,

231 4276 367 4330 ante
401 4274 677 4327 nunquam
702 4259 768 4312 ab
790 4257 912 4327 ejus
956 4257 1237 4327 majestate
1262 4255 1550 4320 dividitur;
1583 4254 1722 4309 sicut
1748 4268 1844 4322 per

233 4351 445 4405 Isaiam
489 4349 656 4404 dicit:
707 4347 830 4402 Non
858 4349 911 4400 in
938 4357 1185 4401 (sternunt
1226 4344 1411 4399 vindex
1452 4345 1506 4397 in
1553 4344 1688 4398 vobis
1732 4360 1839 4409 ero,

231 4459 414 4513 neque
437 4458 529 4513 per
557 4449 707 4494 omne
734 4450 930 4506 tempus
953 4440 1148 4492 irascar
1187 4436 1325 4491 vobis
1353 4435 1508 4509 (Isai.
1554 4451 1692 4502 LVII,
1732 4433 1840 4506 16).

1937 3253 2002 3304 ad
2036 3253 2319 3320 imaginem
2371 3262 2424 3306 et
2474 3253 2876 3307 similitudinem
2913 3270 3095 3320 suam;
3129 3257 3339 3322 deinde,
3373 3261 3514 3328 quod

1936 3341 2256 3394 oblationem
2286 3343 2417 3396 Abel
2440 3343 2571 3411 justi
2615 3346 2946 3412 susceperit;
2983 3347 3122 3416 quod
3157 3348 3207 3401 in
3241 3351 3374 3404 Area
3405 3351 3527 3406 Noe

1937 3443 2210 3487 crescente
2255 3433 2455 3488 diluvio
2504 3435 2556 3487 in
2611 3435 2926 3506 tnystctium
2977 3439 3230 3493 Ecclesiae
3261 3442 3514 3496 animalia

1937 3524 2146 3578 diversa
2169 3526 2480 3590 salvaverit;
2506 3538 2560 3579 ut
2583 3527 2851 3580 Abraham
2877 3530 3038 3583 ﬁlium
3062 3547 3214 3584 suum
3241 3531 3534 3598 onerante,-

1940 3625 2120 3685 typum
2152 3617 2233 3670 sui
2270 3616 2530 3671 adventus
2580 3621 2786 3672 etelestt
2845 3620 3040 3687 pietate
3095 3625 3516 3688 monstraverit;

1941 3717 2233 3776 postremo,
2277 3707 2417 3776 qttod
2467 3707 2581 3775 ipse
2630 3708 2696 3761 ad
2737 3707 3067 3762 liberandum
3119 3711 3388 3766 hominem
3433 3728 3524 3766 vc-

1942 3801 2054 3852 nire
2081 3798 2326 3866 dignatus
2349 3807 2448 3854 est.
2494 3799 2618 3852 "me
2647 3809 2800 3853 erant
2841 3801 2904 3852 ab
2935 3802 3103 3869 initio,
3136 3803 3315 3868 credo,
3361 3805 3521 3858 mira-

1943 3889 2062 3943 bilia
2112 3904 2230 3958 quae
2270 3899 2510 3944 sanctum
2562 3890 2731 3943 virum
2766 3905 2858 3943 sua
2908 3892 3278 3948 recordatione
3324 3897 3508 3951 mulce:

1943 3979 2094 4032 bant.

2017 4069 2172 4123 Vers.
2206 4065 2292 4121 i2.
2336 4066 2403 4120 Et
2454 4068 2735 4121 meditabor
2771 4069 2824 4122 in
2855 4071 3089 4124 omnibus
3116 4073 3350 4142 aperibus
3400 4076 3524 4138 tuis,

1943 4167 1988 4212 et
2010 4161 2061 4212 in
2092 4159 2514 4212 observationibus
2536 4160 2636 4212 tuis
2663 4159 2948 4213 exercebar.
2992 4161 3388 4229 Cognoscamus
3415 4181 3534 4232 (111οτ

1945 4250 2244 4319 pervenerit
2275 4249 2459 4303 mundi
2485 4250 2638 4304 istius
2667 4250 2961 4304 transilitor
2990 4253 3254 4322 egregius.
3290 4252 3524 4308 Promit-

1955 4345 2019 4398 tit
2048 4344 2188 4398 enim
2219 4358 2295 4409 se,
2327 4343 2691 4398 misericordia
2719 4343 2926 4397 Domini
2956 4343 3296 4412 suffragante,
3330 4346 3382 4398 in
3411 4347 3540 4416 ejus

1946 4434 2180 4503 aperibus
2210 4475 2224 4499 ,
2251 4433 2304 4488 id
2332 4443 2414 4488 est
2454 4437 2506 4488 in
2548 4433 2836 4502 Scripturis
2864 4434 3060 4490 divinis
3092 4435 3307 4490 assidua
3331 4441 3546 4506 cogita-

228 4534 593 4602 Quapropter
625 4531 810 4584 non'in
849 4531 926 4582 ira
963 4521 1242 4583 continebit
1284 4527 1714 4592 misericordiam,
1749 4527 1844 4582 sed
1878 4533 1926 4590 D
1954 4530 2096 4581 tione
2135 4525 2408 4579 meditari:
2460 4524 2551 4580 ubi
2601 4525 2802 4579 nullum
2853 4524 3092 4592 tzedium,
3146 4525 3288 4579 nulla
3316 4529 3547 4584 satietas-

229 4623 292 4676 in
325 4621 705 4678 misericordia
753 4622 886 4674 iram
935 4619 1113 4689 potius
1140 4618 1458 4684 abstinebit,
1502 4617 1546 4671 si
1578 4629 1752 4671 tamen
1785 4619 1836 4672 in

228 4715 346 4770 hac
379 4712 582 4769 saeculo
605 4713 885 4768 conversio
910 4713 1100 4766 devota
1144 4712 1440 4780 proveniat.
1473 4710 1540 4764 Et
1571 4718 1840 4764 memento

224 4807 396 4878 quod
420 4807 500 4860 ira
523 4807 578 4861 in
615 4804 841 4859 Domino
893 4804 1142 4869 abusive,
1177 4817 1283 4855 non
1339 4800 1576 4870 proprie,
1608 4801 1835 4856 dieatur.

227 4899 542 4954 Peractum
589 4905 675 4951 est
719 4895 1128 4950 deliberativum
1186 4893 1397 4946 dicendi
1449 4906 1638 4962 genus,
1687 4889 1842 4960 cujus

227 4993 500 5048 membra
537 4992 651 5046 suis
679 4989 921 5045 versibus
947 4999 1068 5058 apta
1113 4987 1420 5043 reddamus.
1467 4986 1732 5056 Cogitatio
1761 4987 1843 5054 ip-

224 5088 360 5138 sius
401 5083 589 5136 habuit
617 5081 734 5135 dies
759 5081 1008 5150 antiquos
1047 5088 1103 5135 et
1125 5093 1294 5133 annos
1324 5088 1552 5133 aeternos
1579 5077 1690 5132 suis
1710 5092 1842 5145 qua-

224 5179 504 5234 litatibus
553 5186 607 5233 et
649 5175 951 5233 efﬁcientiis
979 5189 1326 5245 comparare,
1378 5187 1510 5242 quas
1561 5182 1742 5241 partes
1787 5171 1840 5225 in

220 5291 335 5327 sua
394 5278 582 5324 mente
606 5277 864 5335 reposuit,
895 5277 948 5321 et
983 5269 1048 5320 in-
1081 5266 1161 5320 eis
1190 5263 1432 5333 spiritum
1482 5263 1638 5333 261
1685 5277 1838 5315 suum

218 5362 481 5417 diutiis
512 5359 944 5414 ﬂuctuationibus
972 5357 1285 5412 ventilavit:
1317 5355 1476 5424 elegit
1525 5365 1700 5408 tamen
1733 5365 1841 5406 ter-

217 5455 328 5508 sic
357 5451 540 5519 partis
571 5450 732 5518 (sicut
754 5451 804 5503 in
845 5447 1316 5504 deliberationibus
1365 5447 1477 5502 ﬁeri
1525 5444 1682 5516 solet)
1726 5461 1844 5500 cer-

217 5558 347 5600 tam
382 5541 796 5609 absolutamque
824 5541 1161 5595 sententiam.
1195 5538 1334 5593 Dixit
1357 5541 1505 5594 enim
1534 5557 1546 5590 :
1589 5537 1842 5606 Nunquid

211 5641 280 5692 ius
314 5645 588 5690 crta-num
616 5633 846 5703 projiciet
873 5631 1026 5697 Deus,
1069 5641 1156 5685 aut
1202 5648 1301 5684 non
1331 5641 1548 5700 apponet
1597 5638 1651 5682 ut
1694 5630 1849 5682 benc-

215 5727 508 5798 ptacs'tum
532 5727 598 5779 s:'t
618 5724 664 5777 ei
693 5722 897 5778 adhuc?
923 5732 977 5779 et
1003 5722 1236 5793 reliquos
1265 5723 1395 5780 duas
1417 5737 1626 5789 versus,
1675 5721 1762 5790 qui
1792 5721 1844 5774 in

1947 4631 2062 4687 est;
2105 4621 2198 4676 sed
2229 4631 2483 4691 quantum
2512 4621 2631 4691 quis
2661 4621 2783 4690 plus
2814 4622 3074 4688 hauserit,
3108 4633 3254 4677 tanto
3302 4625 3547 4690 amplius

1948 4713 2120 4768 dulcia
2155 4729 2307 4768 sensa
2340 4714 2596 4783 perquirit
2624 4731 2634 4765 :
2671 4714 2814 4769 unde
2835 4716 3160 4769 centesimus
3191 4726 3410 4770 octavus
3437 4717 3534 4770 de»

1948 4806 2118 4860 cimus
2147 4807 2384 4874 psalmus
2409 4805 2572 4860 multa
2597 4806 2836 4861 dicturus
2871 4815 2973 4862 est.
3003 4807 3107 4861 Sed
3139 4809 3258 4876 quia
3286 4807 3548 4862 ﬁdelibus

1947 4912 2051 4950 non
2081 4897 2272 4949 sufﬁcit
2301 4896 2636 4950 solummodo
2689 4897 2883 4966 legere,
2933 4898 3034 4950 nisi
3063 4896 3232 4951 etiam
3261 4898 3542 4951 bonorum-

1943 5001 2162 5055 operum
2198 4985 2400 5040 fructus
2430 4986 2616 5040 sedula
2657 4986 2854 5056 pietate
2884 4997 3208 5052 monstrare,
3232 4987 3362 5042 dicit
3390 5003 3405 5042 :
3454 4987 3534 5042 In

1943 5078 2368 5133 observationibus
2397 5081 2496 5132 tuis
2527 5079 2813 5147 exercebar,
2841 5081 2890 5134 id
2922 5089 3006 5135 est
3033 5081 3085 5135 in
3111 5083 3392 5150 praeceptis
3418 5083 3540 5135 tuis-

1943 5172 2265 5226 salutaribus
2314 5171 2500 5226 humili
2549 5171 2832 5226 devotione
2878 5172 3154 5228 versabor.
3209 5171 3550 5226 Exercitatio-

1944 5261 2086 5316 enim
2117 5263 2251 5316 bene
2273 5271 2450 5316 nostra
2469 5261 2684 5326 dicitur,
2715 5262 2928 5332 quando
2944 5261 3092 5332 jussa
3143 5261 3354 5316 Domini
3408 5277 3541 5332 ipso

1948 5354 2235 5407 misetante
2264 5354 2583 5422 peregimus.

2023 5444 2172 5497 Vers.
2200 5443 2286 5497 13.
2319 5444 2544 5509 Deus,in
2573 5454 2752 5498 sancto
2775 5446 2856 5499 via
2878 5455 3000 5498 tua:
3022 5445 3133 5513 quis
3147 5443 3282 5499 Deus
3304 5459 3538 5517 magnus-

1945 5535 2072 5588 sicut
2106 5534 2239 5587 Deus
2270 5537 2480 5588 noster?
2515 5536 2668 5591 Venit
2717 5536 2780 5590 ad
2830 5536 3012 5591 laudes
3061 5537 3290 5603 Domini,
3341 5537 3546 5606 quibus

1949 5624 2311 5681 fortitudinem
2351 5626 2466 5693 ejus
2515 5627 3084 5696 mansuetudinemque
3114 5637 3540 5691 commemorat;

1949 5728 2006 5772 ut
2033 5716 2454 5773 benevolentiam
2484 5717 2709 5787 piissimi
2735 5717 2930 5787 judicis
2953 5715 3162 5776 facilius
3189 5719 3547 5792 impetrarent
