4000 6172
409 364 506 422 δεδι

1603 367 1674 428 Μ.
1717 369 1995 429 AURELII
2032 368 2440 428 CASSIODORl

3568 375 3675 430 53.2

398 496 584 549 iterata
599 488 882 561 praeconia.
904 489 1141 558 Apparet
1166 486 1360 556 quippe
1390 494 1631 542 sanctum
1659 485 1830 540 virum
1860 498 1979 540 cer-
2008 489 2059 547 Α
2086 501 2152 542 ne
2183 485 2410 540 haberes
2439 483 2740 554 ambiguum
2781 501 2934 556 quem
2967 485 3218 556 populum
3267 486 3538 557 liberavit,
3581 503 3667 546 se-

397 584 599 640 tissima
627 583 786 637 fuisse
808 578 1118 648 pollicitum.
1150 577 1370 633 Constat
1393 577 1534 632 enim
1564 586 1619 631 et
1665 575 1810 630 libris
1855 590 1977 630 eum

397 688 451 731 et
479 674 730 745 operibus
755 671 1044 736 eruditum,
1076 669 1288 741 quando
1317 669 1382 723 ad
1411 678 1659 738 paternas
1677 667 1868 722 laudes
1894 667 1980 722 de-

395 777 518 822 vota
543 765 904 821 exsultatione
932 763 1192 833 prorupit.
1227 762 1364 816 Dicit
1392 761 1533 816 enim
1554 777 1569 814 :
1590 759 1747 824 Deus,
1775 759 1830 812 in
1854 775 1978 812 san-

396 874 474 914 cto
503 861 584 914 via
612 868 718 914 tua.
750 857 995 921 Sanctus,
1029 855 1270 910 Christus
1299 865 1380 908 est
1405 853 1678 918 Dominus,
1698 852 1832 905 sicut
1863 851 1980 920 ipse

395 955 524 1006 ducit
557 970 569 1004 :
601 947 815 1005 Custodi
853 950 1079 1003 animam
1129 963 1316 1013 meam,
1343 946 1586 1016 quoniam
1632 953 1844 999 sanctus
1868 959 1980 997 sum

398 1041 569 1112 (Psal.
603 1055 796 1106 uxxv,
821 1038 898 1108 2).
926 1039 1068 1093 fdem
1088 1040 1198 1107 ipse
1219 1039 1349 1090 viam
1370 1050 1428 1090 se
1455 1034 1672 1102 dicit,ut
1699 1044 1780 1088 est
1809 1033 1938 1088 illud
1965 1051 1977 1087 :

401 1134 508 1198 κςιο
535 1149 648 1186 sum
679 1133 780 1198 via,
804 1131 1008 1195 veritas,
1033 1138 1078 1183 et
1106 1129 1215 1181 vita
1237 1125 1413 1195 (Ioan.
1451 1142 1558 1192 xw,
1589 1125 1669 1196 6).
1701 1125 1807 1182 Sed
1858 1139 1979 1179 cum

400 1229 562 1280 fidem
610 1224 910 1278 hominibus
960 1221 1208 1291 prazbuit,
1261 1235 1360 1290 qua
1412 1219 1568 1274 Pater
1599 1217 1982 1288 perfectissime

399 1329 729 1381 llOSCCI‘ClUI‘,
759 1317 841 1369 ria
867 1315 1038 1369 Patris
1063 1315 1207 1383 juste
1238 1297 1452 1376 dicitur,
1507 1311 1627 1378 quia
1662 1326 1756 1379 per
1783 1310 1980 1378 ipsum,

402 1409 843 1480 quemadmodum
876 1406 1108 1460 Trinitas
1155 1406 1440 1467 coleretur,
1483 1403 1806 1470 accepimus.
1865 1400 1982 1468 Ipse

401 1503 541 1553 enim
575 1500 704 1553 dixit
728 1517 739 1551 :
770 1497 869 1561 Ite,
888 1497 1142 1564 baptizate
1170 1512 1341 1548 omnes
1370 1504 1539 1564 gentes
1561 1491 1844 1546 in'nomine
1871 1490 1980 1545 Pa-

401 1594 510 1652 tris,
535 1602 580 1646 et
605 1590 754 1655 Filii,
779 1601 824 1644 et
858 1590 1082 1660 Spiritus
1107 1588 1270 1641 sancti
1301 1585 1516 1654 (Matth.
1542 1601 1723 1651 xxvm,
1756 1581 1863 1654 19).
1885 1583 1984 1639 Se-

400 1686 594 1750 quitur,
624 1685 736 1752 quis
769 1681 902 1734 Dens
920 1698 1133 1750 magnus
1161 1681 1290 1732 sicut
1308 1678 1445 1731 Deus
1467 1678 1677 1731 noster?
1701 1677 1816 1732 Iam
1833 1676 1984 1746 quasi

400 1776 661 1839 eruditus,
689 1776 738 1828 in
771 1773 968 1840 Spiritu
1000 1782 1185 1826 sancto
1217 1772 1371 1825 laetus
1392 1772 1641 1835 exsultat,
1668 1771 1986 1840 potentiams

2085 578 2284 648 quitur,
2316 578 2451 645 ﬁlios
2497 576 2662 632 Israel
2692 588 2737 632 et
2766 577 2982 649 Ioseph.
3031 578 3295 650 Populum
3341 593 3487 651 saepe
3529 581 3667 636 diti-

2080 683 2200 723 mus
2229 668 2502 723 intellectu
2548 669 2801 736 pluralem
2832 684 3111 723 numerum
3141 670 3444 737 continere,
3483 686 3676 740 quam-

2078 759 2160 814 vis
2204 759 2544 828 singulariter
2574 760 2812 828 prolatus
2850 774 2973 814 esse
3028 758 3292 813 videatur.
3341 759 3677 828 Quapmpter

2080 853 2216 921 filios
2239 849 2403 904 Israel
2433 849 2884 921 2621udaicam
2918 851 3149 920 plebem,
3178 867 3298 920 qua:
3341 861 3520 906 tamen
3549 868 3675 907 cre-

2081 945 2238 1010 didit,
2268 944 2526 999 debemus
2571 943 2814 1011 accipere
2839 959 2853 1010 ;
2885 943 3080 1011 Joseplr
3129 933 3354 998 alteram
3384 942 3503 1012 quae
3533 945 3678 1000 venit

2081 1051 2148 1093 ex
2182 1035 2451 1106 gentibus.
2499 1033 2605 1090 Sed
2633 1034 2752 1089 sive
2797 1049 2918 1104 quae
2946 1033 3180 1090 credidit
3211 1033 3279 1088 de
3307 1032 3530 1100 Iudaeis,
3561 1034 3676 1089 sive

2083 1145 2200 1200 qua:
2227 1129 2295 1184 de
2318 1128 2557 1199 gentium
2597 1128 2878 1182 vocatione
2918 1127 3142 1182 collecta
3171 1135 3274 1190 est,
3304 1141 3442 1180 unus
3468 1137 3551 1180 εει
3585 1127 3679 1181 Dei

2084 1220 2336 1291 papulas;
2383 1221 2625 1289 quamvis
2657 1227 2903 1286 tempore
2930 1218 3266 1273 credulitatis
3315 1233 3428 1273 suae
3475 1219 3680 1272 divisos

2086 1325 2206 1365 esse
2245 1310 2513 1373 videatur,
2544 1309 2680 1363 sicut
2718 1310 2770 1363 in
2814 1310 3102 1379 Evangelio
3144 1309 3312 1364 dicit:
3350 1309 3482 1364 Sunt
3513 1319 3679 1364 autem

2084 1420 2196 1457 oves
2230 1419 2344 1473 quia
2371 1420 2470 1456 non
2501 1413 2614 1456 sunt
2641 1418 2702 1455 ea:
2727 1402 2824 1455 hoc
2846 1403 2987 1466 ovili,
3023 1412 3068 1454 et
3109 1409 3307 1471 oportet
3351 1387 3443 1456 me.
3473 1419 3558 1456 eas
3587 1404 3683 1456 ad-

2085 1495 2289 1559 ducere,
2320 1505 2377 1547 ut
2413 1497 2478 1548 sit
2511 1511 2649 1548 unus
2673 1510 2800 1564 grex
2824 1504 2872 1548 et
2896 1511 3028 1548 unus
3051 1492 3236 1548 Pastor
3267 1493 3444 1566 (Ioan.
3475 1511 3526 1560 ι,
3564 1495 3678 1566 16).

2094 1585 2227 1641 Nam
2259 1585 2475 1641 nomine
2521 1585 2737 1652 Ioseph,
2785 1587 3018 1656 gentium
3061 1587 3218 1640 Iidem
3262 1601 3368 1641 non
3420 1585 3681 1641 inconve-

2086 1679 2293 1733 nienter
2318 1677 2642 1732 advertimus
2663 1717 2680 1743 ,
2711 1678 2834 1745 quia
2881 1676 2981 1731 iste
3007 1674 3220 1749 Ioseph,
3271 1677 3512 1746 quamvis
3542 1676 3683 1731 ﬁlius

2090 1767 2252 1824 fuerit
2281 1767 2447 1823 Iacob
2475 1770 2562 1838 qui
2599 1769 2774 1838 primo
2797 1775 3016 1821 vocatus
3042 1777 3126 1822 est
3148 1767 3331 1835 Israel,
3359 1777 3535 1822 tamen
3563 1771 3685 1839 quia

401 1885 502 1937 que
555 1868 759 1922 Domini
812 1865 1076 1920 universis
1135 1865 1424 1933 przeferens
1483 1863 1803 1927 simulacris,
1865 1877 1988 1932 qua:
2019 1864 2062 1920 B
2093 1860 2316 1916 traditus
2342 1870 2424 1916 est
2449 1876 2480 1914 a
2511 1861 2760 1915 fratribus
2784 1870 2837 1915 et
2863 1861 3112 1930 pervenit
3136 1862 3201 1917 ad
3222 1872 3432 1931 gentes,
3467 1863 3556 1917 ubi
3589 1863 3686 1916 lto-

403 1959 526 2011 fsilsa
562 1957 904 2026 persuasione
933 1956 983 2010 in
1015 1966 1153 2009 terra
1186 1957 1524 2018 colebantur;
1553 1954 1638 2008 illa
1662 1954 1804 2009 enim
1831 1961 1985 2008 erant

400 2051 677 2112 vilissima,
707 2049 933 2111 inﬁrma,
969 2047 1345 2114 chpicicnda;
1400 2045 1655 2099 Dominus
1682 2052 1859 2099 autem
1888 2059 1984 2099 no-

399 2151 508 2193 ster
536 2153 776 2207 magnus,
804 2138 954 2191 fortis
983 2145 1036 2190 et
1083 2136 1356 2200 terribilis,
1401 2136 1577 2190 omnia
1610 2134 1810 2189 faciens
1831 2149 1982 2204 quaa-

401 2246 609 2298 cnnqne
655 2231 766 2283 vult
816 2229 866 2282 in
923 2230 1060 2283 cmlo
1109 2237 1162 2282 et
1203 2229 1255 2282 in
1301 2239 1462 2282 terra.
1497 2227 1636 2296 Ergo
1678 2226 1764 2281 hic
1797 2243 1982 2282 versus

403 2333 587 2374 contra
623 2321 742 2375 illos
773 2320 1123 2388 increpandos
1151 2319 1363 2383 dicitur,
1395 2319 1485 2388 qui
1514 2318 1688 2372 adhuc
1714 2319 1984 2386 supersti-

405 2413 604 2464 tionum
652 2427 856 2479 errore,
884 2412 1254 2475 ctecabantur;
1315 2419 1370 2463 ut
1419 2409 1659 2464 infelices
1692 2419 1984 2478 agnoscant

404 2517 563 2570 quem
594 2501 1047 2570 refugiunl,_quos
1079 2497 1397 2569 sequuntur.
1420 2502 1529 2554 floc
1551 2501 1768 2556 schema
1796 2500 1988 2555 dicitur

405 2591 774 2660 syndyasmos,
800 2591 938 2666 quod
971 2591 1156 2646 Latine
1185 2591 1571 2666 interpretatur
1598 2591 1835 2657 collatio,
1874 2591 1988 2648 sive

404 2685 742 2754 coniunctio;
771 2661 1033 2754 ﬁt'autem
1063 2699 1126 2737 ex
1150 2683 1547 2752 comparatione
1575 2682 1986 2745 contrariorum,

406 2776 620 2844 quando
645 2787 735 2830 aut
775 2790 1035 2844 personae,
1068 2787 1157 2830 aut
1186 2792 1360 2832 causa:
1403 2777 1516 2832 sive
1548 2777 1602 2831 in
1639 2777 1985 2843 contrarium,

405 2869 518 2922 sive
553 2869 602 2922 in
630 2868 805 2934 simile
831 2879 1233 2938 comparantur.

477 2959 632 3014 Vers.
652 2960 737 3014 Η.
765 2959 844 3014 Tu
864 2978 936 3027 es,
967 2960 1122 3028 Deus,
1145 2964 1232 3032 qui
1257 2963 1384 3034 facis
1405 2963 1663 3017 mirabilia
1689 2963 1827 3018 solus
1847 2979 1867 3018 :
1894 2979 1992 3017 no-

405 3061 508 3104 tam
541 3051 704 3120 fecisti
732 3051 784 3104 in
816 3053 1018 3121 populis
1061 3054 1295 3107 virtutem
1340 3062 1504 3108 tuam.
1553 3055 1682 3110 Cum
1721 3054 1882 3110 dicit:
1916 3054 1992 3109 Tu

411 3158 482 3204 es,
513 3140 669 3210 Deus,
705 3144 992 3198 essentiam
1023 3143 1220 3198 divina).
1251 3144 1544 3214 Majetatis
1571 3145 1828 3212 ostendit;
1854 3146 1991 3201 sicut

407 3233 519 3300 ipse
548 3231 712 3285 dicit:
740 3232 1008 3301 Ego'sum
1052 3234 1141 3304 qui
1187 3250 1300 3288 sum
1331 3232 1528 3305 (Exod.
1580 3249 1666 3300 ιιι,
1702 3234 1813 3305 Η).
1865 3234 1992 3289 Esse

407 3323 550 3377 enim
579 3323 679 3392 ει).ςί
713 3326 923 3393 pr0prie
967 3326 1234 3393 convenit,
1268 3327 1358 3396 qui
1389 3336 1445 3380 ut
1471 3327 1561 3392 sit,
1595 3327 1794 3382 nullius
1838 3329 1991 3397 adju-

409 3417 544 3468 torio
587 3416 930 3480 continetur;
977 3405 1090 3470 sed
1118 3428 1322 3471 natura:
1367 3432 1476 3471 suae
1507 3419 1741 3486 potentia
1777 3434 1992 3489 semper

409 3519 650 3573 magnus,
699 3519 911 3574 semper
955 3507 1219 3577 excelsus,
1269 3522 1483 3577 semper
1537 3508 1990 3567 incommutabilis

411 3602 734 3662 perseverat.
788 3595 1121 3664 Quapropter
1158 3597 1271 3666 ipse
1315 3608 1397 3651 est
1451 3603 1537 3666 qui
1565 3601 1690 3668 facit
1736 3601 1989 3656 mirabilia

406 3684 565 3737 solus.
616 3684 746 3737 Nam
795 3684 919 3739 licet
949 3685 1062 3739 lucc
1099 3697 1154 3741 et
1198 3689 1398 3742 sanctis
1453 3691 1562 3745 suis
1617 3690 1794 3746 facere
1845 3707 1989 3762 smpe

412 3775 734 3842 priestiterit,
761 3777 905 3831 solus
933 3786 1108 3832 tamen
1131 3787 1211 3833 est
1237 3781 1325 3848 qui
1357 3781 1626 3836 mirabiles
1649 3786 1991 3852 operationes

407 3867 472 3921 ad
505 3867 750 3920 effectura
781 3881 891 3922 sua:
934 3869 1224 3925 volunta'is
1267 3871 1510 3928 adducit.
1559 3873 1666 3930 Sed
1715 3874 1991 3931 videamus

406 3973 572 4024 quare
594 3958 806 4024 dixerit,
833 3960 994 4025 solus,
1017 3975 1138 4015 cum
1169 3974 1222 4016 et
1252 3961 1419 4018 Filius
1443 3974 1496 4019 et
1521 3965 1750 4033 Spiritus
1776 3979 1990 4021 sanctus

405 4061 762 4117 cooperentur
811 4051 862 4104 in
918 4053 1202 4106 omnibus?
1257 4053 1413 4109 Solus
1461 4055 1614 4121 dixit,
1654 4057 1775 4126 quia
1809 4057 1989 4111 'I‘rini-

403 4147 570 4194 tatem
598 4151 834 4194 sanctam
865 4157 1025 4196 unum
1049 4142 1353 4212 Dominum,
1385 4161 1545 4199 unum
1576 4145 1745 4200 Deum
1790 4147 1993 4202 veraci-

405 4241 490 4285 ter
514 4232 855 4297 confitemur,
888 4234 1027 4288 sicut
1056 4234 1172 4304 ipse
1199 4236 1327 4290 dicit
1351 4253 1364 4290 :
1391 4237 1551 4300 Audi,
1577 4237 1745 4292 Israel
1773 4254 1790 4292 :
1814 4237 1994 4293 Domi-

411 4336 505 4373 nus
539 4321 673 4373 Deus
708 4331 845 4386 tuus,
876 4321 1014 4377 Deus
1043 4341 1174 4378 unus
1193 4336 1265 4378 est
1293 4326 1470 4397 (Deut.
1503 4345 1584 4392 v1,
1610 4330 1690 4397 4).
1715 4331 1990 4399 Sequitur,

411 4419 583 4462 notam
609 4409 770 4477 fecisti
798 4415 848 4463 in
874 4414 1078 4482 populis
1109 4416 1342 4468 virtutem
1379 4427 1544 4480 tuam,
1575 4418 1626 4474 id
1657 4428 1758 4485 est,
1786 4435 1907 4474 cum
1938 4421 1990 4474 in
2031 4422 2038 4430 '

414 4500 554 4552 hunc
578 4501 831 4553 mundum
856 4503 996 4556 misit
1023 4504 1302 4560 Dominum
1333 4507 1689 4575 Salvatorem,
1716 4511 1828 4580 qui,
1854 4511 1992 4566 sicut

410 4590 538 4642 dicit
565 4590 873 4657 Apostolus,
901 4591 995 4644 Dei
1019 4594 1177 4648 virtus
1197 4605 1289 4662 est,
1315 4603 1362 4650 et
1393 4595 1486 4650 Dei
1513 4599 1764 4667 sapientia
1787 4599 1837 4669 (Ι
1865 4600 1984 4656 Cor.

411 4693 464 4744 ι,
496 4679 610 4748 24).
643 4678 837 4733 Notum
864 4682 1007 4736 enim
1050 4682 1189 4751 fecit,
1220 4687 1431 4754 quando
1457 4703 1576 4742 cum
1601 4696 1656 4743 et
1689 4690 1765 4744 illi
1800 4704 1985 4746 notum

412 4773 711 4826 habuerunt
738 4773 824 4842 qui
855 4773 990 4829 facie
1014 4786 1166 4831 tenus
1191 4777 1458 4844 sciebmt,
1492 4790 1545 4834 et
1575 4781 1650 4836 illi
1675 4782 1831 4839 altius
1860 4799 1989 4840 con-

414 4866 820 4933 templatisuut,
852 4867 943 4936 qui
990 4884 1111 4922 eum
1153 4869 1323 4926 Patris
1373 4873 1560 4927 Filium
1618 4874 1759 4930 fideli
1809 4889 1991 4933 mense

411 4958 775 5012 crediderunt.
809 4959 974 5015 Notus
997 4975 1125 5031 ergo
1152 4962 1320 5018 factus
1346 4975 1428 5018 est
1451 4966 1658 5035 populis
1685 4967 1990 5025 infidelibus

413 5050 746 5105 solummodo
771 5065 1016 5121 corpore,
1062 5055 1302 5110 fidelibus
1332 5068 1507 5112 autem
1549 5069 1603 5114 et
1656 5061 1943 5118 Divinitate
1977 5077 1991 5127 ;

411 5145 548 5197 sicut
571 5141 621 5196 in
652 5143 935 5214 Evangelio
963 5145 1124 5198 dicit:
1151 5143 1294 5200 Beati
1323 5149 1514 5202 mando
1537 5153 1710 5218 corde,
1745 5155 1990 5222 quoniam

409 5238 510 5306 ipsi
539 5236 704 5293 Deum
725 5238 961 5293 videbunt
995 5239 1204 5310 (Matth.
1231 5257 1286 5306 ν,
1318 5243 1398 5310 8).
1529 5297 1543 5309 ,

482 5327 634 5383 Vers.
669 5328 754 5382 15.
797 5329 1041 5382 Liberasti
1087 5329 1141 5383 in
1181 5330 1386 5385 brachio
1412 5343 1498 5385 tuo
1546 5335 1788 5402 papulum
1822 5345 1987 5400 tuum,

411 5420 545 5482 ﬁlios
571 5417 735 5474 Israel
762 5429 810 5473 et
848 5418 1064 5490 Ioseph.
1112 5422 1340 5476 Sensum
1393 5425 1594 5479 excolit
1636 5427 1985 5495 superiorem.

414 5509 551 5564 Dicit
581 5511 721 5566 enim
752 5510 878 5582 quid
923 5512 1231 5581 praestiterit
1271 5514 1499 5571 humano
1542 5519 1726 5587 generi
1773 5528 1990 5586 paterna

411 5601 690 5656 clementia
717 5619 730 5655 :
760 5605 1008 5671 quoniam
1041 5606 1096 5659 in
1125 5605 1328 5658 brachio
1350 5621 1467 5672 suo,
1498 5607 1548 5661 id
1577 5619 1662 5662 est
1691 5607 1742 5662 in
1765 5609 1992 5666 Domino

413 5689 689 5746 Salvatore
718 5691 946 5750 liberavit
974 5696 1220 5768 populum
1248 5715 1440 5768 suum;
1473 5700 1610 5755 sicut
1639 5700 1831 5770 legitur
1863 5718 1878 5755 :
1930 5702 1992 5756 Et

414 5776 675 5835 frachium
715 5781 924 5840 Domini
956 5791 1036 5844 cui
1058 5791 1328 5846 revelatum
1358 5800 1429 5846 est
1467 5789 1621 5862 (Isai.
1656 5805 1776 5858 uti,
1812 5791 1903 5862 f)?
1933 5793 1994 5850 Et

2086 1952 2340 2007 norabifis
2371 1952 2668 2006 habebatur
2711 1962 2765 2007 et
2811 1961 3025 2022 potens,
3080 1952 3154 2007 ita
3201 1965 3258 2008 ut
3300 1955 3418 2023 ejus
3466 1957 3687 2012 arbitrio

2087 2043 2462 2114 Egyptiorum
2508 2054 2646 2098 terra
2675 2053 2971 2113 regeretur,
3005 2031 3394 2102 rationabiliter
3423 2046 3542 2116 ejus
3584 2065 3683 2103 no-

2088 2137 2233 2190 mine
2259 2146 2448 2206 gentes
2476 2137 2802 2199 indicantur,
2853 2152 2973 2206 qua:
3023 2137 3246 2200 Domino
3294 2138 3561 2195 Salvatori
3589 2143 3685 2197 de-

2085 2237 2206 2282 vota
2251 2237 2428 2283 mente
2473 2228 2835 2283 crediderunt.
2868 2229 2996 2282 Nam
3031 2242 3086 2284 et
3128 2231 3302 2299 ipsum
3349 2248 3543 2288 nomen
3584 2233 3683 2287 Jo-

2084 2326 2208 2395 seph
2251 2325 2452 2379 indicat
2481 2339 2754 2392 crescens,
2809 2323 2954 2394 quod
3008 2326 3253 2392 gentibus
3309 2326 3686 2383 convenienter

2094 2430 2329 2491 aptatur,
2359 2436 2422 2476 ex
2454 2420 2645 2489 quibus
2686 2419 2880 2476 Christi
2928 2419 3168 2474 Ecclesia
3197 2434 3409 2491 semper
3442 2432 3680 2491 augetur.

2098 2513 2242 2582 Ergo
2268 2526 2458 2567 sensus
2488 2511 2590 2566 iste
2607 2518 2720 2575 est;
2749 2510 2874 2578 quia
2900 2518 2954 2564 et
2980 2509 3047 2565 de
3075 2511 3270 2578 populo
3295 2509 3681 2581 Israelitarum,

2089 2617 2146 2660 et
2173 2604 2240 2659 de
2264 2605 2499 2674 gentium
2540 2602 2954 2674 congregatione
2975 2603 3204 2656 liberavit
3251 2599 3345 2658 éos
3396 2605 3447 2656 in
3479 2606 3687 2660 brachio

2091 2712 2209 2762 suo,
2238 2696 2290 2752 id
2317 2707 2398 2751 est
2421 2698 2473 2750 in
2505 2697 2730 2750 Domino
2759 2695 3058 2763 Salvatore,
3091 2697 3178 2767 qui
3203 2697 3250 2751 ei
3290 2697 3512 2753 crcdere
3551 2714 3685 2768 puro

2098 2791 2262 2847 corde
2291 2791 2610 2845 maluerunt.

2168 2881 2323 2936 Vers.
2380 2881 2466 2936 16.
2513 2879 2767 2934 Viderunt
2832 2889 2880 2935 te
2908 2896 3076 2952 aqum,
3131 2879 3298 2945 Deus;
3353 2881 3583 2936 uiderunt
3639 2891 3689 2937 te

2094 2989 2239 3044 aquae
2267 2989 2287 3029 :
2317 2983 2366 3028 et
2397 2975 2675 3028 timuerunt
2699 3014 2713 3038 ,
2741 2981 2791 3028 et
2818 2973 3131 3027 conturbata;
3168 2981 3286 3026 sunt
3310 2973 3501 3043 abyssi.
3531 2973 3686 3029 Venit

2093 3062 2162 3120 ad
2204 3073 2450 3134 quartam
2479 3064 2863 3130 narrationem,
2920 3063 3012 3118 ubi
3037 3063 3147 3133 jam
3178 3063 3330 3118 laetus
3360 3066 3525 3120 refert
3549 3081 3686 3136 quas

2039 3203 2061 3226 ,
2094 3156 2316 3211 virtutes
2368 3154 2568 3210 Christi
2609 3154 2821 3210 Domini
2852 3153 3380 3224 majestasteffecerit.
3435 3155 3564 3209 Nam
3615 3157 3687 3211 de

2094 3268 2199 3323 quo
2230 3252 2374 3321 prius
2405 3251 2654 3306 dixerat:
2689 3250 2882 3305 Notam
2921 3251 3084 3320 fecisti
3131 3251 3186 3304 in
3227 3250 3430 3322 populis
3453 3252 3687 3306 virtutem

2093 3354 2262 3409 tuam,
2296 3359 2437 3398 nunc
2465 3341 2595 3397 dicit
2621 3341 2691 3397 de
2727 3341 2882 3411 ipso:
2925 3341 3168 3395 Viderunt
3207 3348 3257 3394 te
3293 3357 3463 3410 aquae,
3523 3341 3682 3399 Deus.

2094 3435 2196 3489 Per
2240 3449 2403 3501 aquas
2451 3432 2680 3502 populos
2727 3431 3016 3502 significari
3070 3431 3380 3501 frequenter
3408 3432 3686 3502 Scriptura

2095 3524 2272 3578 divina
2304 3533 2549 3589 testatur,
2581 3521 2793 3593 quando
2819 3536 2912 3578 eas
2959 3530 3015 3576 et
3061 3520 3248 3576 videre
3301 3535 3688 3578 commemorat

2090 3625 2145 3670 et
2174 3615 2381 3671 timere.
2429 3616 2563 3686 Ipsae
2592 3625 2718 3670 sunt
2743 3613 2886 3669 enim
2918 3629 3066 3683 aqua:
3100 3628 3220 3682 quas
3251 3627 3413 3668 sensu
3446 3615 3685 3670 rationa-

2095 3710 2188 3766 bili
2230 3709 2511 3764 Dominum
2570 3721 2894 3777 cognoscere
2942 3706 3027 3760 vel
3075 3715 3318 3760 metuere
3369 3716 3680 3775 potuerunt.

2094 3799 2226 3854 Nam
2259 3799 2378 3854 vide
2409 3799 2532 3868 quid
2560 3798 2802 3854 addidit:
2841 3797 3092 3852 Viderunt
3129 3807 3178 3852 te
3205 3814 3372 3867 αιιιιω,
3414 3807 3461 3853 et
3501 3800 3687 3854 timue-

2095 3890 2488 3960 runt;quando
2519 3891 2700 3960 utique
2748 3890 2804 3944 in
2846 3889 3003 3944 bruto
3043 3890 3314 3946 elemento
3343 3906 3447 3946 non
3478 3901 3687 3961 poterat

2100 3983 2358 4049 evenire,
2414 3992 2472 4037 ut
2528 3967 2726 4038 tantam
2778 3982 3156 4038 miraculorum
3197 3984 3682 4042 manifestationem

2098 4085 2480 4144 cognoscerent
2501 4084 2559 4132 et
2603 4075 2879 4129 timerent.
2914 4075 3188 4145 Sequitur,
3234 4085 3280 4130 et
3325 4077 3543 4133 turbata:
3565 4088 3688 4133 sunt

2096 4167 2375 4238 abyssi;.id
2403 4178 2504 4234 est,
2530 4167 2858 4237 populoslet.
2901 4166 2954 4221 in
3002 4169 3104 4224 hoc
3151 4183 3400 4225 sermone
3426 4171 3685 4226 debemus

2098 4258 2494 4314 numerosiores
2543 4258 2844 4327 advertere,
2888 4259 2980 4329 qui
3014 4273 3161 4313 more
3201 4260 3387 4331 liquidi
3431 4263 3684 4316 elementi

2095 4348 2342 4402 vitiorum
2393 4348 2605 4403 flatibus
2647 4359 3072 4403 commoventur.
3122 4348 3230 4404 Sed
3285 4349 3512 4406 feliciter
3553 4361 3683 4407 tunc

2096 4437 2283 4490 turbati
2310 4447 2448 4502 sunt,
2479 4435 2692 4504 quando
2719 4437 2783 4490 ad
2814 4437 3187 4492 conversionis
3214 4438 3390 4493 studia
3417 4455 3681 4508 pervene-

2019 4542 2072 4603 D
2096 4536 2238 4582 runt.
2273 4527 2339 4580 Et
2370 4526 2589 4582 intende
2618 4527 2759 4596 quod
2786 4527 3182 4598 subsequentia
3211 4545 3380 4599 usque
3419 4530 3486 4586 ad
3519 4531 3680 4589 ﬁnem

2093 4619 2279 4688 psalmi
2312 4634 2404 4688 per
2431 4619 2661 4689 ﬁguram
2693 4618 2982 4685 parabolen
3013 4619 3283 4689 dicuntur,
3331 4624 3546 4692 quando
3590 4637 3681 4680 res

2091 4724 2290 4778 genere
2317 4709 2609 4764 dissimiles
2640 4708 2853 4763 sibimet
2880 4719 3278 4779 comparantur.

2168 4799 2321 4854 Vers.
2355 4799 2438 4852 I7.
2483 4797 2770 4852 Multitudo
2790 4798 2986 4852 sonitus
3009 4815 3259 4870 aquarum
3285 4818 3303 4864 ;
3331 4817 3502 4858 vocem
3530 4804 3684 4859 dede-

2094 4901 2214 4947 runt
2242 4893 2642 4946 nubes:etenim
2679 4891 2878 4960 sagitta
2903 4899 3006 4946 ture
3035 4897 3456 4962 pertransie‘runt.
3501 4895 3685 4950 Multi-

2097 4984 2224 5039 tudo
2271 4983 2470 5036 sonitus
2506 4997 2754 5052 aquarum
2801 4991 2906 5046 est,
2934 4983 3146 5052 quando
3190 4986 3484 5052 psalmodia
3511 4987 3682 5043 dulcis

2097 5075 2337 5140 offertur,
2375 5071 2588 5142 quando
2613 5071 2898 5141 gemitibus
2928 5087 2991 5127 ac
3019 5073 3275 5144 lacrymis
3318 5076 3474 5143 culpa
3516 5075 3678 5130 dilui-

2098 5174 2202 5231 tur,
2231 5162 2442 5234 qnando
2471 5163 2654 5232 gratite
2684 5175 2781 5230 pro
2801 5173 3054 5232 suscepto
3075 5179 3297 5219 munere
3327 5166 3675 5232 referuntur;

2096 5267 2152 5310 et
2178 5253 2328 5324 quasi
2357 5267 2504 5308 mare
2543 5252 2940 5324 confragosum,
2995 5257 3064 5308 ita
3097 5255 3150 5310 in
3200 5259 3400 5313 sanctis
3429 5260 3679 5316 Ecclesiis

2095 5353 2347 5399 resonant
2394 5344 2603 5398 diversa
2657 5353 2780 5399 vota
2837 5345 3175 5415 populorum.
3229 5349 3335 5404 Sed
3396 5366 3562 5419 quare
3610 5354 3680 5408 sit

2094 5432 2261 5487 factus
2290 5433 2484 5486 sonitus
2511 5433 2850 5488 multitudinis
2904 5450 3172 5504 aquarum,
3231 5438 3454 5507 pulchre
3493 5440 3676 5510 subje-

2092 5523 2163 5578 cit
2194 5540 2206 5577 :
2233 5522 2354 5592 quia
2382 5538 2549 5576 vocem
2585 5524 2832 5577 dederunt
2859 5524 3035 5581 nubes.
3067 5525 3260 5590 Nubes,
3291 5531 3673 5599 praedicatores

2092 5613 2390 5684 significare
2427 5628 2570 5684 saepe
2612 5613 2724 5682 jam
2751 5613 3018 5682 diximus;
3066 5616 3134 5673 de
3178 5620 3372 5689 quibus
3416 5623 3670 5690 srriptum

2093 5715 2175 5760 est
2201 5723 2212 5757 :
2264 5703 2525 5759 Mandabo
2565 5705 2776 5759 nubibus
2806 5707 2930 5760 meis
2955 5723 3014 5760 ne
3038 5711 3216 5773 pluunt
3242 5726 3394 5778 super
3433 5729 3542 5767 eam
3567 5715 3669 5778 ειη.

2095 5799 2232 5852 brem
2273 5796 2425 5868 (Isai.
2461 5812 2510 5866 ν,
2556 5795 2632 5870 6).
2683 5795 2783 5864 Qui
2812 5813 2979 5853 vocem
3017 5817 3179 5874 suam
3228 5817 3471 5871 magnam
3519 5795 3644 5857 ded?
