4000 6172
135 5753 302 5858 /

327 337 423 392 535

1195 330 1552 388 EXPOSlTlO
1596 331 1656 386 IN
1699 329 2159 388 PSALTERIUM.
2206 324 2393 388 PSAL.
2437 333 2691 391 LXXVII.

3485 339 3585 400 δελ

324 461 454 515 runt,
487 464 607 504 cum
638 455 898 518 praecepta
926 446 1140 506 Domini
1171 446 1520 514 vulgaverunt
1547 444 1598 497 in
1630 452 1741 496 toto
1763 445 1892 497 urbe
1922 453 1972 508 Α
2003 445 2105 496 lum
2160 446 2388 511 pertinet
2445 446 2810 501 ll:-hr:norum.
2875 445 3019 500 Deda
3051 450 3092 500 ti
3146 451 3287 505 enim
3344 469 3458 507 sunt
3529 462 3583 510 in

325 551 613 604 terrarum,
645 541 782 594 sicut
811 547 865 593 et
904 540 1038 592 alius
1085 538 1321 606 psalmus
1369 547 1493 590 ante
1544 535 1892 602 praedicavit:

328 632 384 684 In
414 648 613 684 onmem
655 641 838 683 tet'ruin
870 630 1021 684 eaivil
1041 645 1194 682 sonus
1220 644 1416 689 eorum,
1445 637 1492 680 et
1523 628 1576 680 in
1607 627 1732 694 ﬁnes
1763 627 1898 679 orbis

324 731 467 774 terra:
505 718 652 772 verba
677 734 848 771 eorum
871 717 1043 788 (Psal.
1080 733 1234 782 xvm,
1259 716 1334 787 5).
1367 717 1499 770 lline
1528 717 1722 768 sonitus
1753 718 1900 770 venit

322 828 586 878 aquarum,
636 811 759 864 hinc
787 809 997 863 turbata:
1025 818 1142 862 sunt
1164 810 1371 878 abyssi:
1417 808 1538 877 quia
1588 808 1747 862 verba
1799 809 1897 861 ista

323 903 752 971 praedicationum
784 901 1084 956 errantibus
1133 900 1336 968 populis
1378 899 1678 954 devotionis
1724 899 1896 953 studia

319 994 673 1045 contulerunt.
721 990 1005 1058 Sequitur,
1055 990 1460 1063 etenimsagittte
1507 1000 1606 1042 tua:
1643 1000 1898 1057 pertrans-

319 1084 498 1136 ierunt.
553 1073 778 1152 sagittas
828 1081 911 1134 hic
968 1080 1320 1148 evangelistas
1365 1079 1619 1133 deo-nter
1663 1079 1896 1132 advert-

320 1189 458 1238 mns,
489 1176 576 1242 qui
600 1172 1066 1241 praedicationibus
1090 1171 1200 1224 suis
1228 1171 1450 1224 devotos
1478 1170 1702 1239 populos
1727 1183 1897 1240 usque

319 1266 382 1318 ad
412 1264 592 1319 cordis
619 1264 799 1318 intima
825 1261 1662 1328 medicinaliter'transfoderunt,
1687 1275 1792 1316 non
1823 1262 1901 1314 in-

321 1358 464 1409 llicu)
493 1357 737 1421 vulnere,
766 1354 862 1409 sed
893 1353 1083 1407 salute.

393 1445 548 1499 Vers.
582 1447 667 1498 18.
725 1445 831 1497 Vox
855 1445 1068 1497 tonitrui
1109 1443 1181 1496 tui
1224 1444 1276 1496 in
1304 1453 1422 1496 rota
1449 1458 1468 1495 :
1508 1441 1787 1496 illuxerunt
1815 1459 1902 1496 co-

319 1539 637 1590 ruscaliones
668 1548 768 1590 tua:
789 1536 898 1589 Orbi
929 1545 1073 1588 terrae
1105 1551 1121 1588 :
1158 1543 1408 1588 commota
1432 1544 1504 1588 est
1525 1547 1572 1587 ct
1601 1537 1900 1588 contremuit

319 1635 476 1679 terra.
532 1629 594 1676 ut
641 1627 740 1678 hoc
792 1639 1002 1692 quoque
1052 1627 1412 1692 comparative
1475 1623 1716 1678 dicitur:
1777 1626 1900 1693 quia

318 1715 532 1768 tanitrui
560 1729 654 1766 vox
694 1714 764 1766 ita
795 1713 1105 1777 revolvitur,
1137 1713 1286 1781 quasi
1321 1715 1387 1766 de
1413 1715 1544 1767 rotis
1571 1715 1753 1769 venire
1783 1731 1902 1783 per-

318 1803 684 1874 strepentibus
724 1803 986 1858 audiatur.
1012 1804 1099 1858 Sic
1123 1806 1265 1897 enim
1307 1820 1426 1858 cum
1456 1805 1523 1860 de
1551 1820 1761 1860 summo
1785 1807 1900 1861 iun-
1934 1821 1980 1880 Β
2006 1834 2061 1879 ει
2091 1803 2290 1881 ιιοηξώ
2308 1803 2509 1881 “sancto
2541 1831 2835 1897 pmmincl’
2887 1841 2942 1886 et
2990 1833 3021 1886 ﬁ

318 1896 486 1961 ditur,
531 1897 705 1964 Spatio
748 1895 1007 1950 caelorum
1051 1894 1272 1948 volubili
1321 1897 1743 1951 murmuratione
1783 1913 1907 1965 per-

320 1996 623 2052 transeunt,
667 1996 724 2040 ut
767 1995 969 2039 rotatas
1019 1993 1180 2054 atque
1234 1987 1482 2040 sinuosns
1531 1986 1646 2055 ipse
1697 1989 1907 2045 sonitus

318 2071 600 2134 sentiatur.
632 2078 756 2133 Sive
783 2079 950 2145 magis
976 2079 1027 2130 in
1053 2089 1182 2142 rota,
1233 2078 1418 2133 orbem
1451 2088 1713 2132 terrarum
1743 2079 1906 2134 debe-

319 2186 438 2225 mus
467 2170 734 2238 accipere,
766 2169 854 2239 qui
886 2170 936 2224 in
963 2169 1192 2238 speciem
1222 2179 1346 2224 rota:
1382 2169 1624 2224 absoluta
1663 2169 1906 2224 retundi-

319 2273 428 2318 tate
459 2263 817 2317 concluditur.
848 2259 915 2314 In
942 2271 1055 2316 rota
1084 2277 1231 2331 ergo,
1267 2262 1319 2316 id
1358 2274 1438 2317 est
1465 2263 1518 2316 in
1549 2264 1768 2325 mundo,
1809 2280 1907 2317 vos:

318 2359 534 2412 tonitrui
557 2358 671 2426 eius
697 2370 910 2427 egressa
941 2365 1043 2421 eSt,
1089 2355 1302 2426 quando
1345 2355 1726 2424 praedicatores
1753 2355 1907 2410 (Ἀπί-

316 2451 381 2504 sti
414 2449 675 2504 circulum
707 2449 870 2502 totius
897 2447 1040 2500 orbis
1071 2446 1249 2501 verbis
1294 2446 1603 2501 tonantibus
1649 2447 1906 2515 impleve-

317 2557 466 2596 runt.
500 2540 606 2595 Sed
644 2539 751 2592 illae
782 2538 970 2604 nubes,
1004 2537 1094 2590 illa
1120 2538 1372 2603 tonitrua,
1401 2538 1642 2604 sequitur
1669 2537 1792 2605 quid
1823 2536 1904 2590 fe-

318 2641 530 2687 cerunt.
565 2629 855 2683 “luxerunt
886 2630 1257 2681 coruscationes
1285 2637 1383 2682 tua:
1403 2629 1508 2681 orbi
1533 2636 1698 2680 terrm.
1724 2627 1908 2697 Dignis

317 2721 807 2789 ciunparationibus
855 2718 1106 2773 beneﬁcia
1154 2718 1331 2772 divina
1377 2728 1682 2783 narrantur,
1732 2727 1789 2772 ut
1820 2735 1905 2773 res

318 2817 573 2868 ccelestes
622 2810 866 2879 supernis
921 2809 1355 2863 similitudinibus
1410 2818 1774 2878 exponentur.
1826 2807 1905 2862 ll-

317 2906 556 2961 luxerunt
578 2903 970 2968 coruscationes,
999 2901 1176 2954 divina
1209 2911 1471 2969 praecepta
1503 2900 1636 2954 dicit
1665 2900 1907 2954 veritatis

319 2997 522 3050 lumine
567 2993 848 3057 radiantia,
882 3006 1000 3059 qua:
1029 2992 1280 3045 tenebras
1311 2991 1582 3044 hominum
1612 3003 1710 3058 per
1738 2999 1905 3043 totum

321 3089 582 3141 mundum
609 3085 825 3137 salutari
848 3081 1235 3136 illuminatiane
1261 3081 1596 3148 fugaverunt.
1619 3079 1906 3134 Dicitenim

2005 536 2172 604 Moysi
2193 548 2238 589 et
2267 539 2435 590 Aaron
2469 553 2642 599 manu,
2678 538 2727 591 id
2755 549 2837 592 est
2866 541 3178 606 operatione
3205 557 3363 610 quam
3392 544 3574 600 divi-r-

1999 621 2178 682 sorut'u
2254 630 2627 684 miraculorum
2683 633 2921 686 novitate
2988 631 3272 688 faciebant.
3327 636 3392 690 Et
3444 640 3581 693 bene

1999 719 2182 772 dixit:
2235 718 2380 774 Sicut
2419 736 2552 784 oves,
2601 737 2703 795 non
2751 733 2924 777 tamen
2966 739 3114 792 oves,
3169 727 3294 791 quia
3332 744 3435 783 non
3465 746 3582 784 cre-

1999 809 2178 864 dendo
2226 810 2347 865 facti
2395 823 2517 865 sunt
2548 813 2706 867 turdi.
2761 815 2856 869 llic
2883 817 3048 881 enim,
3095 820 3242 885 sicut,
3293 832 3573 878 vernalem

2001 917 2106 955 non
2137 904 2414 972 signiﬁcat,
2443 909 2536 960 sed
2561 908 3010 977 imaginationem.
3040 910 3242 981 Moyses
3282 925 3460 970 autem
3493 919 3579 971 in-

2002 1003 2320 1062 terpretatur
2369 1008 2668 1064 assumptus
2697 1039 2710 1062 ,
2763 1001 3014 1068 quoniam
3059 1003 3146 1057 de
3174 1006 3391 1063 ﬂumine
3421 1011 3584 1064 culle-

2001 1096 2118 1140 ctus
2167 1099 2248 1141 est
2293 1105 2318 1138 a
2373 1089 2474 1142 lilia
2525 1089 2839 1144 Pharaonis.
2890 1093 3056 1146 Aaron
3109 1110 3236 1149 vero
3261 1099 3581 1155 fortitudinis

2004 1193 2178 1231 mons.
2210 1180 2338 1243 Quae
2366 1179 2578 1234 nomina
2614 1182 2756 1250 ipsas
2789 1199 2999 1252 quoque
3021 1186 3242 1240 virtutes
3273 1205 3406 1256 quas
3435 1190 3580 1247 fece-

2002 1277 2126 1322 runt
2155 1270 2402 1324 videntur
2449 1273 2768 1341 exprimere.
2821 1274 3024 1345 Moyses
3067 1278 3208 1331 enim
3262 1282 3400 1334 inter
3451 1273 3579 1345 alia,

1995 1357 2218 1427 jnbcnte
2264 1361 2509 1428 Domino,
2543 1364 2596 1418 in
2645 1367 2796 1433 aquis
2841 1375 2924 1420 est
2965 1379 3236 1438 operatus,
3289 1377 3499 1440 quando
3531 1375 3587 1429 in

2002 1452 2132 1503 mari
2178 1452 2358 1507 Rubro
2399 1455 2650 1510 llebrieos
2691 1473 2829 1511 Viam
2872 1459 2996 1513 fecit
3035 1460 3231 1516 habere
3274 1471 3542 1518 t.rrenam
3567 1507 3580 1528 .

2003 1549 2307 1617 significans
2335 1567 2428 1620 per
2458 1553 2790 1621 baptismitis
2836 1557 3030 1611 donum
3083 1560 3418 1615 liberandum
3461 1579 3584 1617 esse

2007 1642 2256 1710 populum
2290 1644 2517 1698 ﬁdelem.
2551 1646 2722 1699 Aaron
2753 1646 3003 1702 Eeclesim
3027 1651 3242 1706 tenebat
3272 1654 3582 1722 imaginem,

2004 1750 2160 1802 quam
2192 1737 2348 1807 263
2385 1736 2519 1792 bene
2561 1739 2727 1792 monti
2757 1740 3050 1795 fortissimo
3078 1747 3431 1812 comparavit,
3462 1763 3581 1816 qua:

3029 1833 3111 1888 dei
3159 1835 3428 1890 soliditate
3458 1852 3580 1892 con-

2012 1918 2170 1972 sistit.
2199 1919 2286 1972 liis
2317 1919 2459 1972 enim
2491 1921 2714 1974 ducibus
2739 1922 3094 1979 Israelitarum
3125 1927 3383 1997 populum
3409 1929 3588 1984 divina

2009 2010 2206 2064 virtute
2245 2005 2467 2079 legionis
2493 2028 2612 2066 esse
2644 2013 2951 2069 liberatum.

2543 2127 2814 2184 Conclusio
2849 2133 3052 2201 psalmi.

2084 2237 2375 2294 Oldithum
2403 2256 2528 2297 vere
2558 2241 2908 2298 humanarum
2925 2260 3102 2299 rerum
3129 2248 3419 2303 transilitor
3435 2263 3588 2318 egra-

2010 2332 2093 2403 gie
2117 2373 2131 2397 ,
2164 2334 2252 2402 qui
2298 2334 2559 2403 psalmum
2606 2335 2838 2389 mirabili
2877 2335 3208 2392 institutione
3251 2342 3508 2408 cantasti,
3541 2344 3590 2395 in

2009 2425 2443 2480 tribulationibus
2469 2427 2791 2504 exercitatus
2819 2428 3020 2497 negasti
3055 2437 3106 2482 te
3143 2431 3251 2484 ullo
3278 2430 3437 2486 modo
3465 2447 3594 2486 con-

2011 2515 2262 2569 solatum.
2297 2516 2502 2571 Deinde
2531 2517 2845 2572 deliberatio
2882 2530 2965 2571 tua
2994 2520 3058 2574 ad
3091 2521 3376 2589 perfectam
3418 2526 3591 2578 nosci-

2013 2614 2099 2658 tur
2137 2605 2444 2674 perveni~se
2472 2610 2811 2663 sententiam.
2847 2609 3029 2664 Tertio
3063 2611 3228 2664 sentis
3259 2622 3312 2666 te
3335 2612 3444 2680 jam
3479 2616 3593 2668 feli-

2010 2697 2144 2750 citer
2178 2698 2546 2778 immutatum;
2579 2715 2675 2754 nec
2712 2711 2889 2754 tamen
2931 2704 3476 2770 prosperisanimum
3511 2722 3593 2758 re-

2011 2789 2160 2842 laxas
2213 2807 2227 2843 :
2276 2789 2370 2844 sed
2413 2803 2532 2842 cum
2573 2799 2622 2843 te
2661 2805 2874 2860 semper
2912 2791 3170 2846 intentum
3209 2795 3274 2847 ad
3330 2795 3591 2864 magnalia

2013 2879 2223 2932 Domini
2257 2879 2520 2947 proﬁteris
2541 2921 2556 2947 ,
2582 2891 2863 2949 augmento
2892 2882 3122 2952 quodam
3151 2883 3428 2958 sapientia;
3450 2884 3593 2954 jugi—

2011 2979 2095 3025 ter
2124 2968 2408 3037 profecisse
2445 2971 2808 3040 cognosceris.
2851 2973 3052 3038 Quarto
3101 2974 3350 3028 miracula
3397 2973 3595 3030 Chrisri

2009 3061 2110 3115 sub
2137 3076 2325 3131 magna
2355 3061 2712 3116 exsultatione
2741 3063 3116 3126 concelebras,
3146 3073 3200 3118 et
3232 3079 3350 3118 cum
3383 3064 3592 3120 diversa

321 3181 552 3233 tonitrua
590 3186 643 3232 et
669 3176 1039 3230 coruscationes
1085 3175 1201 3228 ista:
1227 3165 1350 3243 quid
1380 3173 1620 3243 egerint;
1653 3181 1711 3226 ut
1747 3182 1904 3241 terra,
1937 3189 1982 3252 ο
2011 3153 2420 3252 Ρθτουεξῗίενξηδῑ
2443 3153 3593 3252 ‘U‘i01'9"l_cmi5‘i3"0_POPUl“(lilii“Ivem?

319 3271 370 3324 id
402 3277 489 3323 est
526 3282 750 3335 corpora
782 3275 961 3318 nostra
1008 3272 1475 3318 commoverentur
1512 3272 1567 3318 et
1621 3263 1910 3316 contremi-

320 3369 538 3416 soerent
559 3361 739 3411 audito
763 3366 906 3411 tanto
955 3357 1229 3411 miraculo.
1284 3357 1592 3410 Commotos
1633 3356 1830 3425 quippe
1857 3365 1910 3410 et

323 3450 673 3506 tremefactos
716 3448 837 3502 illos
876 3447 1024 3513 dicit,
1055 3447 1144 3516 qui
1180 3448 1396 3502 verbum
1430 3448 1521 3502 Dei
1566 3447 1795 3502 ﬁdeliter
1825 3461 1912 3501 au-

320 3543 537 3597 dientes
602 3540 666 3594 ad
723 3539 1090 3594 conversionis
1141 3540 1369 3593 studium
1424 3537 1620 3594 Christi
1687 3555 1911 3596 munere

321 3641 705 3703 pervenerunt.

393 3724 553 3778 Vers.
589 3723 676 3778 l9.
720 3722 787 3775 In
832 3723 964 3775 mari
989 3722 1082 3775 via:
1108 3732 1228 3786 tuw,
1270 3732 1318 3776 et
1349 3723 1539 3776 semita:
1561 3732 1662 3776 tua:
1682 3724 1735 3776 in
1763 3724 1910 3792 aquis

320 3815 498 3869 multis
541 3830 561 3868 :
582 3823 628 3868 et
656 3816 866 3884 vestigia
893 3821 979 3866 tua
1017 3829 1118 3866 non
1158 3821 1544 3880 cognoscentur.
1576 3812 1631 3866 Si
1663 3813 1727 3865 ad
1771 3813 1913 3867 litte-

321 3925 438 3963 ram
467 3909 571 3964 boe
591 3908 725 3963 velis
751 3909 1017 3976 accipere,
1060 3908 1112 3960 in
1143 3908 1276 3960 mari
1304 3909 1399 3961 fuit
1426 3909 1506 3961 via
1533 3907 1670 3976 ejus,
1695 3908 1912 3974 quando

320 4007 486 4070 super
544 3999 700 4054 dorsa
761 3999 929 4068 pelagi
994 3999 1271 4052 visualiter
1327 3998 1641 4063 ambulans,
1693 3999 1909 4052 Petrum

317 4091 622 4160 apostolum
653 4098 710 4143 ut
731 4089 795 4143 ad
824 4105 882 4143 se
910 4090 1115 4143 veniret
1141 4089 1402 4142 evocavit.
1437 4088 1562 4142 Sive
1585 4087 1754 4157 magis
1784 4089 1910 4143 illud

321 4181 730 4249 intelligendum
753 4190 874 4233 est:
903 4178 969 4231 In
999 4179 1127 4231 mari
1151 4179 1242 4232 vim
1269 4189 1389 4243 tute,
1420 4175 1472 4231 in
1502 4177 1912 4248 cogitationibus

321 4272 650 4335 heminum,
699 4285 818 4340 quae
862 4271 1008 4324 velut
1064 4284 1211 4324 mare
1266 4268 1523 4337 perﬁdum
1589 4271 1845 4323 lluetuant
1894 4286 1910 4324 :

321 4365 413 4417 ubi
449 4373 628 4416 tamen
678 4362 767 4414 ille
815 4361 928 4414 vias
975 4359 1174 4426 habet,
1221 4359 1431 4426 quando
1477 4373 1570 4414 eos
1618 4359 1717 4413 sibi
1768 4360 1911 4429 larga

321 4459 520 4524 pietate
573 4453 888 4508 subdiderit.
940 4454 1098 4519 Aqua?
1163 4453 1376 4516 multis,
1417 4451 1618 4505 eadem
1686 4467 1912 4506 conver-

320 4559 506 4600 sorum
532 4553 617 4600 est
661 4543 812 4600 turba
841 4543 1119 4613 gentilium
1147 4561 1160 4595 :
1193 4543 1282 4596 ubi
1310 4552 1433 4596 sunt
1459 4543 1652 4596 semita:
1677 4543 1906 4608 Domini,
1943 4558 1992 4618 υ

320 4636 373 4690 id
400 4646 483 4690 est
529 4636 622 4688 uite
663 4634 848 4702 ipsius,
880 4633 1005 4688 dum
1053 4633 1118 4686 ad
1150 4647 1244 4686 eos
1268 4633 1451 4687 venire
1489 4632 1757 4701 dignatur.
1809 4633 1909 4688 Se-

319 4733 525 4798 quitur,
574 4740 622 4783 et
667 4731 876 4803 vestigia
923 4736 1013 4781 tua
1059 4743 1164 4780 non
1209 4737 1596 4796 cognoscentur.
1634 4727 1744 4780 lloc
1790 4742 1908 4781 cum

319 4823 678 4888 imputatione
708 4821 988 4890 legendum
1032 4828 1142 4883 est;
1185 4828 1243 4871 ut
1290 4831 1410 4872 cum
1465 4817 1636 4886 palam
1684 4820 1908 4882 venerit,

319 4911 597 4980 tantisque
624 4926 684 4965 se
711 4910 1169 4965 demonstraverit
1218 4908 1509 4973 miraculis,
1559 4924 1662 4961 non
1712 4909 1780 4962 sit
1826 4917 1911 4962 ta-

318 5022 446 5058 men
469 5005 709 5076 cognitus
741 5004 808 5058 ab
838 5002 1141 5057 inﬁdelibus
1173 5000 1394 5055 Judaeis.
1431 5001 1617 5055 Merito
1645 5015 1773 5069 ergo
1802 5000 1906 5053 illis

321 5098 634 5164 exprobrat,
666 5094 753 5163 qui
783 5101 943 5147 tanta:
985 5092 1251 5160 maiestati
1299 5103 1353 5146 et
1399 5100 1503 5144 tam
1554 5091 1909 5159 praisentibus

324 5187 599 5240 beneficiis
642 5185 860 5240 credere
906 5183 1213 5238 noluerunt.
1255 5181 1481 5252 Vestigia
1524 5182 1786 5251 siquidem
1837 5183 1908 5236 si-

326 5278 578 5343 gnificant
605 5275 940 5344 praesentiam
969 5273 1330 5342 corporalem;
1365 5288 1484 5326 nam
1513 5275 1796 5343 vestigium
1825 5281 1910 5329 est

327 5370 520 5436 planta:
553 5371 780 5439 Signum,
815 5367 955 5437 quod
987 5367 1206 5420 facimus
1236 5367 1586 5420 ambulantes.

406 5462 552 5516 Vers.
601 5463 690 5514 20.
736 5461 1002 5514 Deduxisti
1033 5445 1162 5514 sicut
1190 5476 1302 5512 oves
1349 5458 1594 5530 populum
1643 5468 1805 5524 tuum,
1854 5461 1908 5514 in

326 5568 481 5604 manu
502 5553 669 5622 Moysi
691 5563 735 5605 et
761 5554 949 5606 Aaron.
974 5553 1104 5608 Cum
1133 5551 1232 5606 hoc
1255 5551 1566 5606 miraculum
1596 5553 1728 5606 nulli
1755 5552 1907 5608 alteri
1933 5619 1939 5624 ι

329 5644 497 5706 possit
524 5643 718 5711 aptari,
766 5643 883 5696 sine
910 5641 1070 5696 dubio
1101 5653 1154 5696 et
1185 5643 1270 5696 illa
1320 5642 1598 5711 imputatio
1627 5659 1744 5712 que
1774 5659 1908 5712 prae-

327 5733 534 5804 cessit,
560 5732 685 5804 quia
712 5749 814 5787 non
842 5743 1207 5802 cognoverunt
1236 5734 1456 5805 vestigia
1485 5735 1618 5803 ejus,
1650 5735 1716 5788 ad
1749 5750 1906 5806 popu-

608 5829 880 5889 Pnnon.
927 5828 1127 5889 LXX.

2013 3247 2271 3301 ostendis.
2307 3246 2504 3300 Praesta
2524 3290 2539 3315 ,
2570 3246 2823 3311 Domine,
2861 3256 2917 3326 ut
2942 3249 3097 3302 solita
3136 3262 3230 3302 nos
3262 3248 3453 3315 jubeas
3475 3250 3589 3318 pie-

2015 3347 2122 3392 tate
2152 3338 2403 3408 purgari;
2436 3351 2701 3408 quatenus
2742 3340 2830 3408 qui
2863 3355 3048 3394 sumus
3090 3349 3302 3394 actuum
3340 3341 3593 3410 qualitate

2013 3427 2323 3491 dissimiles,
2352 3429 2632 3483 clementia
2663 3439 2748 3482 tua
2778 3429 2935 3484 faciat
2964 3446 3083 3485 esse
3111 3442 3410 3487 consortes.

2238 3541 2594 3598 EXPOSITIO
2636 3542 2702 3597 IN
2743 3541 3068 3600 PSAL‘MUM
3107 3542 3364 3598 LXXV“.

2533 3653 2834 3708 Intellectus
2862 3655 3058 3722 Asaplt.

2085 3762 2303 3828 Quoties
2330 3762 2612 3815 intellectus
2643 3762 2911 3816 invenitur
2935 3763 2988 3816 in
3019 3764 3214 3831 titulis,
3263 3779 3466 3834 magnae
3492 3769 3590 3820 cui-

2009 3853 2218 3923 jnsdain
2253 3855 2326 3907 rei
2364 3856 2517 3909 nobis
2545 3853 2897 3922 signiﬁCantia
2925 3855 3242 3910 declaratur.
3292 3857 3421 3909 Nam
3473 3873 3595 3912 cum

2014 3932 2321 3997 intellectum
2351 3945 2672 4012 generaliter
2707 3943 2946 3999 dicamus
2977 3944 3229 4013 quidquid
3263 3960 3359 3998 nos
3406 3945 3596 3999 adver-

2016 4043 2127 4090 tere
2156 4034 2351 4089 bonum
2396 4036 2696 4104 malumque
2745 4035 2889 4100 facit,
2946 4035 3032 4088 hic
3072 4044 3248 4087 tamen
3295 4045 3419 4088 tunc
3447 4036 3597 4087 intel-

2015 4125 2172 4179 lectus
2205 4128 2436 4194 ponitur,
2463 4127 2676 4194 quando
2706 4120 2894 4181 sensus
2926 4135 3114 4180 noster
3136 4123 3369 4195 perfecta
3396 4125 3598 4181 intelli-

2015 4217 2195 4284 gentia
2227 4219 2396 4272 tendit
2432 4217 2500 4271 ad
2532 4218 2834 4272 Dominum.
2869 4219 3042 4286 Asapft
3073 4234 3201 4273 vero
3231 4219 3463 4273 diximus
3490 4219 3594 4274 lle—

2016 4307 2160 4363 braaa
2189 4309 2366 4379 lingua
2395 4309 2696 4377 signiﬁcare
2721 4309 3081 4380 Synagogain,
3112 4310 3295 4364 Latine
3325 4309 3597 4365 collectio-

2017 4417 2160 4459 nem.
2179 4402 2286 4459 Sed
2313 4401 2434 4472 quia
2455 4402 2760 4456 intellectum
2782 4403 3059 4472 praemisit,
3090 4402 3298 4457 ﬁdelem
3325 4404 3408 4457 hic
3431 4403 3594 4474 Syna-

2017 4513 2204 4568 gogam
2263 4497 2409 4566 loqui
2468 4513 2626 4566 posse
2685 4497 2994 4551 declaravit.
3057 4496 3396 4566 Exprobrare
3449 4496 3594 4551 enim

2015 4591 2170 4646 malis
2196 4599 2486 4660 nequeunt,
2516 4588 2618 4643 nisi
2647 4587 2810 4642 corda
2837 4587 3092 4641 ﬁdelium.

2576 4697 2771 4752 Divisio
2801 4699 3008 4768 psalmi.

2084 4813 2296 4878 Quanto
2340 4813 2575 4881 psalmus
2622 4812 2708 4868 hic
2756 4812 3009 4880 probatur
3048 4824 3169 4864 esse
3217 4807 3595 4885 longissimus,

2015 4915 2161 4959 tanto
2180 4905 2469 4959 studiosius
2485 4905 2645 4958 debet
2667 4899 2969 4957 numerosis
2989 4903 3340 4958 divisionibus
3362 4902 3594 4970 aperiri;

2015 5006 2072 5050 ut
2097 5006 2150 5050 et
2173 5011 2266 5064 per
2286 4994 2685 5049 distinctionem
2717 4993 2907 5047 melius
2931 4993 3219 5059 elucescat,
3241 5004 3295 5046 et
3325 4993 3436 5062 ipsa
3460 5007 3598 5061 par-

2013 5089 2143 5140 tium
2173 5085 2409 5141 sectione
2447 5085 2714 5139 fastidium
2763 5084 3164 5154 longinquitatis
3211 5083 3499 5153 abstergat.
3540 5082 3599 5136 ln

2015 5181 2182 5249 prima
2229 5190 2379 5248 parte
2423 5179 2643 5248 psalmi,
2685 5179 2790 5232 duo
2829 5185 3030 5232 tantum
3074 5176 3320 5232 versiculi
3357 5189 3600 5244 persona:

2015 5274 2226 5327 Domini
2275 5273 2566 5340 probantur
2611 5270 2823 5342 aptari,
2868 5279 2925 5325 ut
2987 5271 3282 5324 reverentia
3330 5276 3601 5322 cresceret

2011 5365 2346 5432 sequentium
2381 5363 2674 5425 dietorum,
2710 5362 2797 5415 ubi
2838 5361 2954 5429 ipse
2991 5376 3081 5414 lex
3112 5358 3286 5413 facere
3317 5355 3599 5410 videbatur

2011 5455 2245 5508 initium.
2279 5454 2520 5508 Secunda
2555 5463 2704 5519 parte
2749 5453 2906 5505 latius
2953 5451 3186 5519 loquitur
3236 5447 3430 5519 Asaplt,
3491 5448 3593 5501 im-

2010 5555 2203 5614 putans
2229 5543 2429 5599 iudicis
2469 5543 2611 5612 quod
2667 5543 2826 5594 tantis
2875 5539 3144 5594 beneﬁciis
3186 5537 3398 5592 Domini
3436 5539 3598 5593 exsti-

2011 5638 2140 5691 tisse
2191 5635 2544 5707 probarentur
2589 5633 2779 5703 ingrati
2815 5649 2827 5686 :
2861 5633 2934 5685 illi
2985 5641 3162 5686 tamen
3197 5632 3459 5700 pravitate
3484 5631 3599 5685 dis-

2012 5729 2181 5796 torti,
2237 5743 2331 5783 eor
2371 5743 2533 5797 suum
2596 5736 2926 5796 nequaquam
2999 5725 3212 5780 Domini
3264 5725 3602 5797 iussionibus

3115 5826 3190 5889 18
