3952 6162
396 265 498 322 555

1625 261 1692 316 Μ.
1736 261 2012 316 AUPtlSLll
2056 261 2450 318 CASSIUDOR!
3499 271 3583 324 553

394 376 764 432 admoverunt.
811 377 866 431 ltt
901 377 1049 432 tertia
1092 390 1215 428 vero
1266 382 1614 429 numerantur
1643 382 1832 441 quanta
1862 387 1977 425 mu-
2005 379 2051 435 Α
2084 375 2284 442 ΛδίιρΙι,
2320 377 2405 443 qui
2439 386 2519 428 cst
2558 375 2776 428 latemus
2810 375 3100 429 locuturus.
3133 376 3269 430 lin-le
3297 378 3464 432 merito
3487 395 3588 436 cum

396 482 524 524 nera
556 468 847 524 Israelitico
885 469 1079 536 populo
1105 469 1272 520 virtus
1299 465 1479 521 divina
1511 465 1852 546 priestiterit;
1881 480 1978 520 nec

400 571 575 616 tamen
621 560 694 614 illi
723 574 754 612 a
809 558 1323 613 murnturationibus
1370 566 1732 613 cessaverunt.
1782 560 1979 625 Quarta

395 651 518 705 dicit
549 650 722 720 qualis
751 649 802 703 in
830 650 907 704 eis
935 650 1164 703 vindicta
1191 649 1512 717 provenerit,
1545 659 1598 703 et
1627 635 1976 717 quemadmo-

397 740 524 794 dum
548 740 618 793 sit
640 738 983 794 miseratione
1006 739 1215 794 Domini
1244 740 1445 808 mollita
1468 741 1752 794 sententia.
1781 739 1974 805 Quinta

400 841 551 900 parte
591 842 809 901 propter
839 834 1290 887 murmurationes
1338 846 1521 887 eorum
1568 832 1892 886 vindicatum
1929 834 1977 884 in

399 923 478 977 eis
503 931 612 987 est;
643 921 739 977 sed
766 923 962 977 iterum
1007 923 1073 976 ad
1116 923 1555 992 supplicationem
1601 922 1844 986 Domini,
1889 937 1978 975 co-

399 1026 720 1079 gnosccntes
749 1015 862 1082 ejus
909 1016 1168 1086 magnalia
1191 1057 1204 1078 ,
1238 1014 1533 1070 redierunt.
1570 1014 1730 1070 Sexta
1757 1057 1772 1082 ,
1806 1016 1980 1070 deum

403 1107 478 1160 illi
504 1106 688 1161 dolose
716 1106 877 1162 locuti
907 1115 1052 1173 sunt,
1082 1115 1136 1162 et
1157 1122 1370 1162 errores
1399 1108 1585 1162 solitos
1613 1118 1736 1162 sunt
1762 1110 1928 1162 secuti
1965 1125 1977 1159 :

405 1196 771 1252 misericordia
811 1206 987 1252 tamen
1032 1198 1236 1251 Domini
1281 1213 1386 1251 non
1412 1211 1506 1253 eos
1535 1213 1688 1266 passa
1719 1207 1798 1251 est
1824 1197 1982 1251 dissi-

408 1290 542 1356 pari,
565 1288 705 1359 quod
731 1289 883 1344 malis
927 1305 1110 1344 eorum
1138 1289 1280 1359 juste
1318 1290 1575 1358 potuisset
1600 1289 1782 1359 inlligi.
1809 1289 1983 1358 Septi-

408 1395 490 1433 ma
518 1380 648 1434 dicit
690 1379 1136 1450 quemadmodum
1181 1380 1460 1434 Dotuinutu
1503 1379 1886 1434 concitaverint
1928 1380 1980 1432 in

409 1469 625 1525 deserto
658 1510 674 1536 ,
737 1487 856 1525 cum
912 1479 1088 1526 tamen
1135 1481 1355 1539 propter
1402 1472 1545 1538 ipsos
1589 1470 1774 1525 decem
1813 1471 1982 1540 plagis

407 1559 778 1630 [Egyptiorum
835 1563 1062 1630 populus
1119 1562 1279 1616 fuerit
1336 1562 1679 1616 vehementer
1730 1561 1977 1616 afﬂictus.

404 1651 638 1713 Octava.
687 1651 944 1707 beneﬁcia
993 1652 1206 1706 Domini
1259 1651 1594 1716 referuntur,
1644 1662 1699 1706 et
1749 1651 1980 1706 .lttdaicze

2081 466 2381 519 intellectus
2415 469 2713 535 prwcessit,
2746 466 2828 519 cui
2856 478 2958 520 tam
2991 481 3176 535 magna
3211 481 3316 522 erat
3345 472 3594 525 testimonii

2083 557 2255 627 gratia
2287 557 2628 612 conferenda.
2660 557 2927 626 Sequitur,
2960 558 3139 628 loquar
3181 561 3513 629 propositiones
3549 565 3601 616 ab

2080 651 2245 703 initio.
2293 650 2549 718 Loquitur
2593 651 2774 720 utique
2826 652 2969 720 ipse,
3016 652 3102 718 qui
3150 652 3281 722 loqui
3321 654 3448 708 facit.
3491 656 3602 710 Nam

2082 742 2324 810 quamvis
2359 741 2533 795 alieno
2570 742 2862 795 ministerio
2891 757 3066 796 sermo
3093 742 3441 812 dept-otnatur,
3465 747 3609 813 Spiri-

2085 841 2167 886 tus
2203 842 2417 886 sauctus
2443 832 2676 901 loquitur
2699 833 2849 899 cujus
2886 844 3147 902 puecepta
3179 834 3468 902 vulgantur,
3494 836 3612 889 sicut

2083 921 2209 975 dicit
2236 921 2509 989 apostolus
2537 922 2723 976 Petrus
2756 938 2768 972 :
2805 921 2926 974 Non
2963 924 3096 974 enim
3145 939 3352 991 unquam
3391 925 3615 979 voluntate

2083 1014 2307 1066 humana
2356 1014 2517 1067 allata
2556 1022 2626 1067 est
2661 1014 2967 1081 prapltetia:
2996 1014 3086 1065 sed
3115 1013 3306 1081 Spiritu
3332 1027 3493 1067 sancto
3513 1022 3613 1079 acti,

2083 1104 2240 1156 locuti
2270 1111 2388 1156 sunt
2407 1103 2570 1156 sancti
2592 1101 2821 1156 homines
2851 1100 2948 1155 Dei
2972 1101 3022 1173 (1
3035 1101 3057 1154 I
3083 1101 3224 1156 Petr.
3253 1119 3290 1168 ι,
3310 1103 3418 1173 21).
3445 1103 3619 1174 Propo-

2082 1197 2288 1250 sitiones
2319 1208 2518 1262 autem,
2550 1195 2804 1251 obscuras
2828 1205 2880 1250 et
2927 1195 3134 1249 abditas
3178 1195 3458 1265 signiﬁcant
3499 1211 3623 1264 quato

2085 1291 2289 1342 st‘ones
2316 1330 2328 1354 ,
2378 1303 2497 1357 quae
2545 1286 2782 1340 adhibita
2827 1287 3184 1356 disputatione
3221 1287 3473 1341 solvenda:
3500 1297 3625 1341 Slflll.

2088 1379 2192 1432 llas
2225 1394 2322 1431 suo
2360 1379 2478 1432 loco
2515 1378 2716 1447 positas
2753 1380 3146 1446 competentius
3190 1379 3538 1431 admonemus.
3566 1377 3628 1429 Ab

2087 1473 2231 1526 initio
2253 1472 2498 1526 videlicet
2524 1471 2729 1526 Veteris
2741 1471 3070 1527 Testatucuti
3091 1471 3281 1524 dicitur
3299 1514 3313 1539 ,
3338 1473 3463 1523 sicut
3485 1471 3631 1540 Δειπρὴ

2085 1565 2218 1618 infra
2254 1564 2524 1618 locuturus
2551 1573 2650 1618 cst.

2162 1657 2308 1710 \'ers.
2338 1657 2390 1710 5.
2420 1655 2620 1720 Quanta
2650 1656 2936 1708 audivimus
2964 1666 3009 1708 et
3036 1655 3358 1725 cognovimus
3383 1669 3437 1706 ea
3461 1669 3475 1706 :
3498 1663 3537 1705 et
3558 1670 3637 1722 pa-

404 1742 780 1798 obstittationis
822 1745 1014 1796 iterum
1061 1743 1216 1811 culpa
1254 1742 1608 1812 sulijungitur.
1637 1741 1783 1796 Nona
1807 1783 1820 1807 ,
1851 1743 1984 1796 ultio
2016 1751 2060 1811 B
2089 1763 2185 1805 tres-
2208 1750 2368 1821 265
2390 1750 2547 1803 nostri
2568 1758 2904 1801 narraverunt
2924 1749 3088 1801 nobis.
3124 1746 3179 1801 lu
3207 1760 3425 1814 persona
3456 1745 3636 1798 Domini

406 1832 718 1902 gravissima
765 1831 1148 1902 subsequitur,
1181 1833 1248 1886 ita
1292 1843 1345 1886 ut
1384 1834 1676 1902 captivi;ati
1735 1835 1980 1902 populum

407 1918 721 1986 tradiderit,
773 1929 828 1975 et
876 1919 1274 1974 tabernaculum
1322 1921 1474 1987 Silo,
1504 1923 1552 1975 in
1598 1936 1703 1990 quo
1746 1923 1984 1979 habitare

403 2015 542 2071 inter
570 2016 817 2072 homines
847 2015 1155 2081 videbatur,
1189 2017 1472 2086 abjecerit;
1509 2027 1799 2086 posteaque
1825 2017 1984 2087 elegit

403 2115 636 2162 montem
663 2107 891 2172 Sion,et
942 2106 1101 2160 David
1145 2122 1357 2161 servum
1388 2121 1574 2174 suum,
1600 2111 1666 2163 de
1707 2108 1859 2176 cujus
1898 2123 1983 2162 se-

402 2197 544 2251 mine
571 2196 815 2252 Christus
844 2196 1096 2251 Dominus
1127 2209 1450 2262 uasceretur,
1483 2199 1570 2266 qui
1608 2199 1805 2251 mundo
1837 2200 1983 2252 salu-

403 2289 535 2343 taris
568 2288 805 2342 medicus
850 2288 1144 2342 adveniret.
1174 2289 1263 2344 Sic
1294 2304 1386 2357 per
1426 2290 1568 2344 hunc
1615 2291 1874 2358 psalmum
1917 2290 1982 2345 ab

404 2381 552 2436 initio
574 2380 851 2436 electionis
876 2383 1046 2450 gentis
1079 2382 1353 2436 llcbraica:
1385 2398 1550 2452 usque
1585 2386 1649 2438 ad
1693 2387 1977 2442 adventum

409 2475 616 2530 Domini
645 2473 940 2530 Salvatoris
969 2474 1101 2527 facta
1123 2474 1410 2544 descriptio
1437 2485 1536 2530 est.

953 2612 1218 2683 Expositio
1247 2617 1448 2684 psalmi.

393 2800 395 2802 .
471 2753 622 2810 Vcrs.
658 2755 704 2809 1.
738 2755 1026 2821 Attendite,
1060 2758 1279 2825 populus
1308 2755 1433 2829 [ηις.
1458 2759 1546 2824 Α.,
1579 2757 1784 2828 papule]
1818 2775 1976 2824 meus,

398 2847 560 2918 legem
595 2863 757 2900 meam
800 2861 819 2900 :
860 2848 1100 2901 inclinate
1151 2863 1326 2901 aurem
1359 2857 1574 2902 vestram
1624 2851 1674 2903 in
1705 2849 1850 2903 verba
1881 2866 1980 2902 or.s

399 2939 514 2991 mei.
549 2937 604 2991 in
634 2937 736 2992 boe
764 2937 1022 3006 principio
1053 2939 1283 3007 loquitur
1316 2938 1456 2993 Deus
1477 2980 1490 3004 ,
1525 2939 1612 3006 qui
1645 2954 1736 3006 per
1767 2938 1978 3008 Moysen

401 3028 569 3097 legem
610 3026 756 3082 dedit
793 3028 1048 3084 Hebraeis.
1096 3029 1162 3082 Et
1208 3029 1332 3081 dum
1374 3029 1503 3082 dicit
1545 3046 1556 3082 :
1593 3028 1774 3098 Legem
1819 3045 1980 3081 meam

2089 1842 2278 1910 psalmi
2309 1841 2468 1910 hujus
2518 1839 2820 1894 honorabili
2865 1840 3036 1906 capite
3077 1838 3393 1901 constituto,
3424 1839 3557 1890 venit
3580 1834 3638 1887 ad

2087 1930 2370 1987 secundam
2403 1940 2627 1998 partem,
2680 1929 2766 1984 ubi
2806 1928 2979 1998 Asaph
3024 1928 3379 1982 introducitur
3415 1927 3640 1994 loquens,

2086 2024 2236 2090 cujus
2279 2037 2384 2075 non
2435 2031 2686 2088 tanquam
2733 2019 2964 2073 humana
3009 2019 3208 2084 verba,
3260 2020 3351 2072 sed
3394 2017 3642 2070 caelestem

2087 2114 2343 2169 debemus
2374 2116 2644 2181 suscipere
2667 2113 2988 2180 jussionem.
3037 2112 3246 2175 Quanta
3282 2108 3646 2162 multitudinem

2089 2222 2265 2261 rerum
2296 2206 2651 2266 demonstrat;
2679 2203 2963 2256 audivimus
2991 2202 3228 2270 pertinet
3256 2199 3320 2252 ad
3351 2200 3643 2266 prophetas;

2085 2298 2409 2367 cognovimus
2445 2295 2511 2348 ad
2547 2294 2750 2348 Novum
2779 2292 2992 2363 respicit
3016 2291 3313 2346 Testamen
3343 2306 3448 2344 um.
3478 2289 3649 2340 Audita

2085 2385 2209 2442 sunt
2237 2388 2378 2442 enim
2407 2400 2528 2441 cum
2561 2385 3036 2456 prepltetarentur;
3071 2385 3286 2454 ragnita
3325 2383 3445 2435 dum
3482 2379 3648 2448 imple-

2086 2490 2268 2535 rentur
2310 2495 2402 2548 per
2441 2479 2722 2534 Dominum
2751 2479 3040 2532 Christum.
3090 2477 3375 2545 Sequitur,
3416 2487 3460 2528 et
3503 2485 3653 2544 patres

2086 2571 2241 2622 nostri
2276 2579 2605 2622 narraverunt
2639 2569 2795 2620 nobis.
2836 2567 3014 2620 Patres
3043 2582 3180 2622 suos
3212 2568 3429 2634 Moysen
3463 2565 3580 2618 dicit
3605 2569 3653 2616 et

2085 2663 2216 2716 alios
2253 2663 2539 2730 prophetas
2577 2660 2784 2715 Veteris
2825 2660 3191 2724 'l‘estamenti,
3224 2661 3312 2728 qui
3355 2660 3420 2713 de
3462 2656 3655 2711 Domini

2085 2755 2312 2807 adventu
2359 2757 2520 2806 multa
2573 2753 2732 2806 locuti
2772 2762 2914 2816 sunt,
2944 2767 2992 2803 et
3031 2752 3326 2804 iiluminati
3357 2751 3656 2819 pt-tndicave-

2085 2854 2229 2911 tunt,
2262 2845 2402 2914 quod
2433 2854 2487 2897 et
2517 2845 2616 2898 iste
2645 2843 2756 2898 ﬁeri
2802 2843 3155 2912 przevitlcbat.
3201 2843 3342 2896 Jasti
3391 2843 3528 2896 enim
3563 2854 3662 2894 non

2084 2945 2285 3001 eSsent,
2315 2936 2414 2990 nisi
2444 2935 2794 3004 probarentur
2816 2935 3035 2989 credere
3067 2951 3195 3003 qua:
3227 2934 3496 2988 dicebant.

2161 3028 2312 3082 Vers.
2345 3025 2400 3081 4.
2437 3025 2558 3079 Non
2581 3033 2697 3102 sunt
2722 3031 2975 3078 occultata
3003 3041 3034 3077 a
3063 3026 3196 3092 ﬁliis
3223 3041 3426 3090 eorum,
3447 3024 3500 3077 in
3524 3037 3662 3093 gene-

397 3118 672 3185 attendite,
705 3134 810 3174 non
839 3128 1042 3174 tantum
1086 3120 1195 3172 vult
1225 3120 1363 3188 quod
1395 3120 1589 3173 dicitur
1616 3122 1832 3176 auribus
1862 3136 1979 3189 prro
2007 3123 2051 3184 C
2086 3120 2280 3173 ratione
2301 3119 2480 3172 altera.
2509 3119 2633 3172 llazc
2660 3133 2776 3187 quae
2798 3116 2961 3171 refert
2991 3129 3176 3186 patres
3201 3133 3331 3171 suos
3355 3117 3421 3171 de
3447 3117 3665 3170 adventu

397 3207 523 3278 cipi,
563 3217 819 3278 quantum
869 3209 1145 3263 veritatem
1177 3209 1301 3261 dicti
1344 3209 1522 3262 cordis
1549 3210 1716 3263 oculis
1760 3211 1974 3264 intueri.

399 3300 639 3355 Attendit
667 3301 810 3356 enim
837 3302 1047 3366 audita,
1077 3300 1168 3371 qui
1214 3315 1300 3356 res
1345 3300 1514 3356 dictas
1555 3302 1747 3356 devota
1802 3313 1980 3356 mente

400 3391 712 3460 respexerit.
763 3391 896 3446 Dum
945 3391 1071 3446 dicit
1112 3399 1289 3446 autem
1317 3408 1330 3446 :
1362 3390 1592 3461 Populus
1637 3409 1813 3459 meus,
1863 3393 1980 3446 illos

407 3480 645 3549 profecto
671 3480 937 3551 signiﬁcat
965 3482 1054 3551 qui
1091 3481 1207 3550 ejus
1235 3480 1497 3535 mandatis
1525 3482 1834 3536 obedientes
1875 3482 1982 3537 tue-

399 3579 542 3626 runt.
569 3571 685 3626 Non
705 3571 849 3626 enim
872 3581 961 3626 aut
984 3570 1280 3641 prophetae,
1319 3582 1408 3626 aut
1435 3573 1523 3626 alii
1563 3573 1693 3642 justi
1739 3590 1766 3625 a
1802 3582 1979 3628 nostra

397 3662 502 3718 lide
529 3663 632 3718 dici
665 3671 950 3732 potuerunt
987 3661 1153 3718 alieni
1174 3705 1189 3729 ,
1223 3662 1314 3732 qui
1338 3674 1489 3717 actus
1514 3664 1634 3718 itlos
1665 3664 1817 3733 primi
1849 3673 1980 3718 tetu-

397 3753 545 3822 poris
581 3753 931 3823 spiritualiter
952 3762 1308 3822 acceperunt,
1336 3754 1474 3808 sicut
1493 3753 1624 3808 dicit
1652 3753 1937 3823 Apostolus
1965 3771 1978 3808 :

399 3847 538 3902 Nolo
575 3849 710 3902 enim
750 3864 836 3902 vos
879 3850 1146 3918 ignorare,
1185 3851 1408 3916 fratres,
1447 3847 1570 3918 quia
1617 3856 1782 3912 patres
1822 3847 1981 3900 nostri

397 3955 570 3994 omnes
607 3939 695 3994 sub
735 3939 868 3993 nube
910 3939 1147 4009 fuerunt;
1190 3949 1244 3993 et
1287 3939 1444 4006 paulo
1478 3948 1594 4007 post
1645 3955 1658 3991 :
1708 3935 1774 3990 Et
1812 3953 1983 3991 omnes

395 4031 625 4086 eumdem
667 4032 828 4086 cibum
854 4032 1172 4099 spiritualem
1207 4031 1676 4097 manducaverunt,
1723 4037 1770 4082 et
1813 4044 1981 4082 omnes

395 4125 625 4178 eumdem
652 4135 830 4196 potant
857 4123 1174 4195 spiritualem
1217 4123 1447 4178 biberunt
1483 4122 1534 4192 (1
1569 4121 1690 4177 Cor.
1723 4137 1752 4175 x
1774 4164 1788 4190 ,
1825 4122 1875 4184 l,
1899 4120 1975 4190 5).

397 4214 668 4284 Sequitur,
701 4215 941 4268 inclinate
979 4231 1157 4267 aurem
1185 4226 1398 4267 vestram
1443 4214 1496 4266 in
1541 4214 1691 4266 verba
1731 4214 1833 4265 oris
1863 4213 1978 4264 mei.

399 4306 495 4361 llic
523 4305 744 4360 allectus
772 4304 1079 4373 praecipitur
1123 4304 1402 4371 audiendi,
1442 4303 1694 4374 quoniam
1733 4303 1822 4373 qui
1871 4311 1982 4356 toto

396 4396 559 4450 corde
586 4395 700 4449 vult
728 4395 904 4448 audita
931 4399 1224 4465 percipere,
1257 4412 1435 4448 aurem
1465 4409 1614 4448 suam
1642 4395 1981 4464 cognoscitur

2084 3211 2297 3265 Domini
2341 3211 2688 3280 praedicasse,
2722 3209 2851 3263 dit-it
2882 3223 2979 3263 nec
3018 3227 3045 3260 a
3075 3211 3208 3276 [iiiis
3245 3225 3428 3263 eorum
3455 3208 3666 3262 abscon-

2082 3301 2186 3356 dita
2216 3304 2378 3356 fuisse
2408 3302 2690 3371 ntagnalia,
2724 3301 2775 3354 id
2818 3310 2900 3354 est
2925 3316 2954 3352 a
2989 3299 3380 3369 spirituabbus
3405 3300 3556 3368 ﬁliis,
3587 3296 3666 3365 qui

2081 3409 2265 3448 eorum
2296 3394 2586 3447 imitatores
2616 3391 2848 3445 fuerunt.
2877 3391 3007 3446 Nam
3035 3392 3183 3460 quod
3216 3392 3358 3446 dixit
3389 3408 3403 3446 :
3439 3389 3505 3444 In
3539 3403 3670 3459 gene-

2081 3490 2275 3543 ratione
2321 3470 2515 3552 altera,
2555 3487 2663 3555 jam
2703 3503 2806 3540 non
2853 3486 3249 3554 llcbrmorum,
3301 3486 3397 3540 sed
3448 3483 3670 3555 gentium

2082 3582 2348 3651 signiﬁcat
2385 3580 2849 3650 congregationem
2881 3595 2894 3631 :
2927 3578 3046 3646 quia
3089 3577 3250 3648 [nis.,
3300 3574 3418 3648 qui]
3445 3592 3510 3630 ex
3549 3586 3693 3654 aquai

2081 3680 2136 3726 et
2164 3671 2364 3740 Spiritu
2387 3680 2574 3724 sancto
2598 3668 2886 3724 individua:
2913 3668 3205 3723 Trinitatis
3239 3669 3505 3723 beneﬁcio
3535 3680 3676 3734 rcge-

2082 3771 2365 3827 nerantur;
2400 3761 2542 3818 unde
2571 3769 2624 3816 et
2657 3760 2733 3814 illi
2761 3759 3135 3831 intelligentia:
3170 3774 3310 3814 vero
3339 3759 3540 3812 lumine
3566 3760 3678 3809 sunt

2082 3855 2296 3924 repleti.

2157 3947 2307 4000 Vers.
2338 3947 2389 4001 ὃ.
2424 3945 2707 3998 Narrantes
2730 3945 2908 3997 laudes
2931 3941 3140 3997 Domini
3168 3954 3218 3997 et
3245 3945 3465 3997 virtutes
3491 3942 3617 4011 ejus,
3641 3946 3684 3991 et

2083 4038 2337 4090 miraina
2367 4040 2476 4107 ejus
2525 4052 2639 4105 qua:
2691 4035 2826 4104 fecit.
2871 4036 3012 4087 Urdo
3059 4036 3365 4088 verborum
3417 4035 3535 4086 talis
3571 4041 3686 4086 est:

2082 4128 2549 4183 Anuuntiaverunt
2570 4127 2724 4180 nobis
2751 4137 2924 4194 patres
2950 4127 3146 4191 nostri,
3187 4136 3485 4180 narrantes
3516 4123 3686 4177 laudes

2084 4223 2312 4277 Domini.
2341 4223 2496 4276 Facta
2527 4223 2722 4289 quippe
2757 4220 2964 4274 Domini
2996 4234 3255 4285 narrare,
3292 4220 3551 4273 laudasre
3576 4223 3689 4272 est:

2081 4317 2230 4385 cujus
2261 4316 2384 4370 dum
2414 4331 2574 4383 Opera
2605 4314 2926 4378 referuntur,
2961 4313 3130 4381 gloria
3178 4329 3414 4380 semper
3455 4319 3689 4378 augetur.

2096 4406 2312 4460 Virtutes
2340 4410 2470 4476 ejus,
2513 4404 2776 4473 signiﬁcat
2823 4403 3175 4458 liberationes
3205 4445 3222 4467 ,
3273 4420 3420 4474 quas
3464 4403 3599 4456 .fccit
3647 4399 3695 4451 in

397 4487 672 4550 inclinare,
697 4494 757 4538 ut
779 4485 992 4539 humilis
1014 4501 1075 4540 ac
1104 4494 1319 4554 paratus
1371 4485 1598 4552 accipiat
1627 4484 1766 4554 quod
1793 4486 1859 4539 de
1888 4499 1982 4541 ore
2012 4485 2063 4544 Ι)
2090 4496 2284 4565 populo
2326 4495 2628 4549 Judmorum
2657 4535 2671 4558 ,
2702 4492 2912 4561 quando
2935 4507 3030 4546 eos
3074 4491 3147 4545 de
3195 4490 3514 4546 Pharaonis
3543 4489 3694 4553 impia

397 4589 596 4633 saneta:
636 4577 916 4647 potestatis
959 4585 1193 4633 emanat.
1218 4576 1350 4636 -Sed
1389 4585 1509 4630 nota
1539 4575 1678 4643 quod
1700 4574 1810 4643 jam
1839 4575 1978 4630 inter

400 4675 586 4732 ﬁdeles
625 4675 920 4744 accipitur,
950 4673 1037 4730 cui
1066 4675 1398 4730 auscultandi
1460 4685 1602 4729 tanta
1652 4690 1776 4728 cura
1827 4675 1974 4729 dele-

394 4779 565 4839 gatttt'.

469 4863 700 4919 Vers.2.
745 4864 985 4933 Aperiam
1026 4866 1078 4916 in
1129 4865 1383 4932 parabolis
1429 4880 1484 4918 os
1531 4879 1740 4926 meum;
1795 4865 1974 4934 loquar

397 4953 767 5023 propositiones
818 4953 880 5003 ab
931 4953 1096 5006 initio.
1134 4953 1406 5006 Alteutum
1440 4952 1538 5007 sibi
1571 4954 1798 5007 reddidit
1826 4953 1978 5006 audi-

397 5056 590 5108 torem,
617 5059 737 5098 cum
762 5059 819 5099 se
844 5047 1110 5113 parabolis
1133 5047 1258 5101 dicit
1281 5064 1399 5100 esse
1429 5033 1725 5101 locuturum
1751 5087 1765 5111 ,
1795 5056 1849 5099 ttt
1873 5061 1977 5099 non

399 5135 622 5189 remisse
645 5137 810 5204 possit
838 5136 1028 5197 audiri,
1064 5137 1151 5203 q.ti
1185 5151 1243 5188 se
1267 5147 1370 5188 tam
1404 5136 1673 5206 granditer
1707 5135 1980 5203 promitte-

399 5226 481 5276 bat
539 5223 709 5278 clTari.
756 5224 1014 5278 I‘arabola
1058 5226 1198 5278 enim
1245 5225 1430 5278 (inero
1478 5225 1736 5279 vocabulo
1789 5226 1982 5279 dicitur

398 5315 713 5378 similitudo,
744 5317 955 5386 quando
998 5315 1126 5370 illud
1171 5315 1312 5385 quod
1353 5313 1571 5384 intcltigi
1621 5316 1864 5369 volamus
1890 5332 1983 5384 per

397 5405 822 5474 t‘omparationes
853 5406 1058 5476 aliquas
1085 5405 1394 5459 indicamus.
1437 5404 1525 5458 Sic
1566 5405 1709 5458 enim
1752 5407 1981 5458 ferreum

399 5499 699 5567 quempiam
730 5498 978 5566 dicimus,
1005 5500 1217 5567 quando
1241 5496 1430 5550 durum
1465 5511 1526 5551 ac
1552 5495 1742 5550 fortem
1777 5495 1982 5550 deside-

398 5601 578 5642 ramus
610 5591 860 5659 intelligi;
889 5605 1007 5644 cutn
1035 5589 1298 5646 velocem.
1324 5588 1493 5643 ventis
1517 5597 1603 5642 aut
1627 5587 1812 5642 avibus
1836 5602 1981 5640 cum-

401 5694 668 5748 paramas.
711 5681 775 5736 Et
825 5685 1032 5739 intuere
1075 5683 1213 5754 quod
1254 5683 1510 5739 Dominus
1559 5698 1620 5739 os
1662 5699 1815 5738 suum
1854 5685 1982 5738 dicit

2089 4593 2348 4654 potestate
2379 4584 2645 4638 liberavit.
2682 4582 2942 4636 Mirabilia
2973 4598 3122 4645 vero,
3159 4585 3317 4652 quod
3369 4600 3471 4638 eos
3519 4583 3570 4636 in
3615 4581 3700 4634 de-

2084 4689 2227 4732 serto
2251 4677 2582 4748 magnalibus
2605 4679 2768 4744 pavit,
2799 4675 2939 4744 quod
2963 4677 3039 4728 eis
3060 4685 3267 4741 gentes
3301 4675 3700 4742 [intentissimas

2083 4771 2350 4825 levissima
2381 4769 2781 4824 concertatione
2808 4767 3053 4837 subjecit.
3088 4768 3374 4836 Addidit,
3410 4786 3524 4840 qua:
3557 4767 3667 4838 fecit
3691 4807 3703 4829 ,

2081 4875 2138 4920 ut
2166 4881 2268 4919 non
2302 4873 2504 4919 tantum
2534 4864 2816 4932 promissa,
2843 4878 3030 4916 verum
3066 4863 3245 4944 etiam
3284 4865 3566 4932 completa
3593 4872 3706 4913 esse

2079 4958 2408 5012 viderentur.
2445 4956 2568 5009 llaec
2595 4964 2770 5008 autem
2799 4967 2989 5006 cuneta
3017 4968 3078 5007 ex
3104 4951 3475 5009 Testatueuti
3508 4949 3708 5008 Veteris

2085 5047 2393 5101 referuntur
2425 5045 2668 5098 historia.
2707 5043 2932 5096 llisloria
2974 5051 3057 5096 est
3096 5045 3260 5096 enim
3309 5045 3706 5110 praeteritarum

2085 5155 2261 5194 rermn
2289 5137 2387 5190 lida
2420 5135 2876 5196 commemort‘ttio,
2905 5135 2970 5187 ab
2996 5135 3175 5187 atatis
3208 5148 3429 5190 nostra:
3453 5129 3711 5188 memoria

2089 5238 2312 5282 remota.

2159 5316 2315 5370 Vct‘s.
2347 5317 2395 5368 6.
2436 5313 2497 5366 Et
2525 5314 2782 5366 suscitavit
2821 5312 3172 5365 testiinonium
3221 5315 3279 5366 in
3325 5313 3536 5378 Jacob,
3572 5321 3617 5363 et
3649 5308 3718 5360 le-

2086 5421 2195 5474 gem
2242 5406 2410 5474 posuit
2451 5405 2502 5455 in
2551 5402 2731 5456 Israel.
2767 5403 2926 5455 Veni,
2959 5403 3021 5455 ax]
3071 5403 3212 5456 illud
3275 5406 3430 5474 quod
3473 5402 3720 5471 superius

2087 5497 2220 5549 dixit
2254 5515 2266 5548 :
2299 5495 2503 5565 Loquar
2527 5496 2896 5562 propositiones
2926 5495 2987 5545 ab
3017 5492 3194 5546 iniio.
3224 5495 3460 5548 Initium
3496 5494 3716 5563 quippe.

2089 5591 2250 5645 Vetus
2278 5599 2360 5644 est
2387 5589 2820 5652 Testamentum,
2855 5589 2994 5642 unde
3039 5586 3288 5644 infer-ius
3322 5590 3583 5643 dicturus
3620 5595 3720 5638 est.

2088 5685 2216 5740 llLuJ
2251 5683 2474 5738 fortasse
2507 5692 2892 5737 commemorat
2934 5681 2983 5732 in
3014 5676 3189 5732 Jacob
3227 5680 3606 5733 testimonium
3633 5687 3724 5728 stt-
