3952 6162
266 437 343 492 557
1107 436 1477 493 EXPOSITIO
1522 435 1586 492 IN
1632 435 2092 494 PSALTERlUM.
2141 433 2337 490 PSAL.
2382 435 2638 490 LXXV”.
2779 469 2783 475 -
3409 435 3475 492 55

3130 503 3177 531 μὴ

263 549 471 602 scitatum
493 588 506 612 ,
538 548 748 618 quando
777 563 898 603 cum
928 550 1118 620 angelo
1145 551 1457 613 colluctatis,
1487 551 1537 604 iu
1567 551 1817 620 prteﬁgu—
1849 559 1892 611 Α
1924 563 2168 616 pravum;
2204 563 2326 602 nam
2374 549 2418 603 si
2457 549 2635 618 utique
2676 549 2940 604 direxisset
2966 565 3055 604 cor
3075 566 3258 618 suum,
3291 568 3388 608 nec
3417 570 3509 610 ex-

265 640 444 692 ratione
491 637 785 693 futurorum
837 649 1011 694 tactus
1058 656 1165 694 uno
1217 643 1418 696 temore
1459 642 1823 696 claudicavit:

263 729 548 798 signiﬁcans
571 729 920 784 lsracliticum
942 733 1190 803 populum
1218 732 1406 799 partim
1427 732 1547 786 tidei
1577 733 1826 786 ﬁrmitate

262 831 519 894 constare,
553 825 748 891 partém
785 840 813 877 a
847 839 944 878 sua
980 825 1156 892 petius
1186 825 1356 879 salute
1380 825 1681 880 discedere.
1716 825 1827 880 lloc

261 915 375 966 enim
406 912 506 965 fuit
537 913 716 982 pOpuli
748 915 1007 978 erraturi,
1042 915 1122 968 vel
1155 916 1414 971 credituri
1446 917 1822 982 testimonium,

261 1005 373 1073 quod
405 1003 568 1056 Iacob
597 1006 922 1060 concertatio
961 1007 1044 1059 illa
1090 1008 1354 1076 praedixit.
1388 1009 1704 1064 Suscitatum
1735 1015 1844 1062 au-‘

263 1108 345 1150 tem
388 1097 546 1159 dixit,
595 1098 742 1163 quasi
787 1101 838 1151 in
896 1099 1067 1153 lucem
1121 1101 1407 1166 redditum,
1459 1102 1598 1171 quod
1639 1117 1828 1156 somno

262 1188 556 1255 ignorantia:
584 1188 861 1242 videbatur
887 1207 1225 1261 oppressum.
1261 1194 1432 1263 Ipsum
1463 1206 1544 1249 est
1573 1196 1713 1264 quod
1741 1212 1829 1268 su—

261 1281 415 1347 perius
445 1281 691 1346 promisit
726 1299 736 1332 :
767 1283 1007 1349 Aperiunt
1038 1284 1089 1336 in
1117 1285 1375 1352 parabolis
1407 1303 1461 1339 os
1496 1302 1693 1350 meum;
1723 1287 1827 1340 sci-

261 1372 361 1423 licet
401 1372 656 1440 quoniam
692 1372 759 1424 ab
792 1373 896 1426 isto
925 1373 1075 1427 initio
1102 1385 1216 1428 erat
1256 1377 1376 1429 talia
1408 1377 1701 1431 locuturus.
1735 1379 1828 1432 Se-

259 1463 434 1526 qu7tur,
461 1471 508 1513 et
530 1461 690 1532 legem
717 1465 884 1528 posuit
906 1463 956 1516 in
983 1462 1181 1533 Israel,
1208 1476 1264 1519 ut
1287 1480 1380 1520 eos
1403 1467 1583 1536 utique
1607 1468 1828 1522 devotos

260 1569 360 1607 esse
387 1568 487 1606 suo
522 1555 747 1607 Domino
785 1541 1173 1624 contmoneret,
1246 1572 1314 1612 ne
1382 1573 1512 1626 vaga
1559 1558 1828 1613 voluntate

259 1645 482 1711 permissi
511 1645 562 1696 in
588 1644 774 1699 devios
796 1645 1102 1700 laberentur
1123 1662 1360 1702 errores.
1377 1648 1600 1715 Proprie
1623 1649 1824 1704 dictaui

257 1745 350 1797 Cal,
380 1735 543 1805 legem
573 1737 775 1803 posuit,
801 1739 952 1806 quasi
987 1739 1587 1810 peccatoribusjatgum,
1623 1741 1828 1796 levibus

258 1829 485 1895 pondus,
539 1829 800 1883 erraturis
859 1846 982 1884 vero
1038 1832 1447 1887 contestatiouis
1500 1834 1826 1901 exemplum.

259 1919 388 1971 l'nde
427 1918 538 1972 aiio
585 1921 704 1972 loco
739 1919 813 1973 ait
864 1938 875 1972 :

257 2009 299 2077 (Ι
325 2010 457 2062 Tim.
489 2025 536 2072 ι,
570 2009 648 2080 9).
677 2011 787 2064 lloc
833 2021 911 2065 est
942 2012 1080 2080 quod
1111 2013 1358 2079 superius
1401 2012 1536 2066 dixit
1579 2031 1590 2066 :
1625 2012 1828 2082 Loquar

255 2104 610 2173 propositiones
651 2103 716 2155 ab
761 2104 930 2169 initio.
974 2103 1078 2157 Sed
1116 2102 1229 2156 bcec
1257 2118 1491 2170 congrue
1530 2104 1641 2156 suis
1673 2105 1822 2170 locis,

253 2194 463 2261 diligens
492 2194 694 2259 lector,
721 2194 928 2261 aptabis
956 2210 968 2246 ε
997 2193 1116 2263 quia
1151 2194 1342 2264 ubique
1371 2194 1470 2249 ista
1499 2209 1825 2249 commemo-

252 2302 356 2340 rare
382 2286 656 2339 fastidium
683 2295 785 2340 est.

312 2376 457 2429 Vers.
492 2377 540 2428 7.
574 2379 776 2440 Quanta
805 2376 1062 2430 mandavit
1093 2377 1323 2445 patribus
1366 2379 1554 2430 nostris
1596 2388 1716 2431 nota
1748 2379 1824 2447 [αι
1859 2405 1874 2421 ο

251 2486 345 2522 cere
365 2487 421 2524 ea
451 2471 578 2538 ﬁliis
594 2471 699 2524 suis
729 2487 748 2524 :
773 2484 825 2524 ut
846 2481 1110 2542 cognoscat
1141 2473 1399 2542 generatio
1427 2474 1611 2526 altera.

313 2562 458 2616 Vers.
491 2563 544 2616 8.
585 2560 710 2614 Filii
734 2563 821 2631 qui
851 2574 1118 2616 nascentur
1145 2573 1439 2634 exsurgent,
1466 2575 1510 2617 et
1542 2564 1824 2620 narrabmt

249 2665 298 2703 ea
320 2652 439 2719 ﬁliis
463 2653 590 2705 suis.
629 2652 824 2707 Versus
855 2655 942 2708 isxi
979 2653 1277 2724 signitictnt
1317 2670 1412 2723 per
1450 2657 1823 2724 generationes

250 2742 516 2798 hominum
561 2747 812 2800 mandata
858 2747 1067 2802 Domini
1113 2747 1278 2803 fuisse
1331 2749 1678 2814 transmissa,
1757 2764 1823 2804 ne

247 2843 355 2907 quis
383 2851 598 2910 putaret
627 2843 717 2896 uni
746 2842 927 2898 datum
952 2883 966 2907 ,
997 2843 1140 2912 quod
1187 2843 1434 2898 omnibus
1484 2844 1822 2912 cognoscitur

246 2934 576 2987 attributum.
622 2935 957 3002 Acceperunt
997 2937 1138 2988 enim
1183 2933 1354 2989 JUdJ'l
1397 2934 1538 3002 quod
1580 2935 1643 2987 ad
1675 2934 1822 2988 (ibri-

244 3023 436 3075 stianos
464 3039 572 3077 non
598 3033 678 3078 est
698 3026 915 3080 dubium
942 3029 1265 3096 pervenisse.
1284 3029 1407 3082 ideo
1420 3027 1559 3080 enim
1583 3027 1820 3080 additum

242 3125 335 3180 est,
359 3128 416 3170 ut
439 3129 715 3188 cognoscat
735 3119 993 3188 generatio
1018 3119 1180 3172 altera
1197 3160 1212 3183 ,
1239 3134 1343 3172 non
1372 3120 1554 3187 utique
1575 3119 1818 3184 ludaica,

242 3210 323 3262 sed
356 3226 518 3278 quam
551 3210 619 3263 de
649 3212 892 3277 gentibus
927 3219 1140 3265 coastat
1176 3212 1422 3266 electam.
1458 3210 1632 3264 Altera
1675 3210 1816 3264 enim

931 1922 1060 1986 Quia
1091 1925 1236 1992 justo
1272 1922 1354 1974 lex
1397 1938 1498 1975 non
1549 1932 1623 1976 est
1662 1924 1827 1991 posita
1858 1921 1904 1978 B

1929 640 2139 690 stiterat
2164 654 2408 707 pravum,
2439 653 2538 694 nec
2566 653 2594 692 a
2622 639 2733 694 Deo
2761 641 3026 696 redditum
3059 641 3232 697 fuerat
3253 643 3510 706 alienum,

1931 727 2023 781 ille
2045 729 2184 780 enim
2209 728 2242 780 d
2269 728 2389 798 r'git
2413 740 2670 796 mentem,
2697 734 2786 800 qui
2813 733 2878 786 ad
2906 732 3112 788 divinas
3131 749 3192 789 se
3218 735 3517 796 correxerit

1925 818 2224 885 jussiones;
2277 835 2377 874 nec
2422 821 2621 890 aliquid
2668 824 2912 892 superbia
2964 825 3208 880 humanae
3261 842 3517 894 praesumo

1931 910 2125 978 ptionis
2159 912 2456 980 excogitat,
2499 927 2618 966 cum
2659 915 2768 983 regi
2806 915 2982 968 omnia
3013 915 3315 976 Divinitatis
3345 915 3515 977 admi-

1931 1005 2247 1059 nistratione
2294 1007 2591 1072 cognoscit.
2643 1007 2772 1060 Nam
2824 1008 2964 1077 quod
3013 1011 3306 1077 repetendo
3351 1010 3516 1074 dicit,

1929 1111 2106 1163 genus,
2134 1095 2197 1147 ad
2230 1093 2348 1148 illos
2380 1105 2580 1150 tantum
2608 1099 2825 1164 respicit
2850 1099 2937 1166 qui
2961 1098 3011 1152 in
3041 1114 3134 1152 sua
3157 1099 3515 1162 obstinatione

1931 1198 2265 1238 manserunt.
2301 1186 2560 1239 Ca-terum
2592 1186 2801 1241 fuerunt
2832 1203 2897 1242 ex
2927 1188 3128 1243 ludatis
3170 1190 3259 1260 qui
3290 1192 3516 1260 Domino

1932 1291 2059 1343 pura
2089 1287 2264 1330 mente
2291 1276 2525 1331 fantulati
2559 1289 2700 1333 sunt.
2730 1279 2964 1344 Addidit,
3002 1292 3048 1333 et
3071 1298 3171 1337 non
3202 1292 3274 1336 est
3294 1285 3516 1337 creditus

1930 1383 2044 1418 cum
2070 1366 2172 1420 Deo
2203 1369 2412 1435 spiritus
2439 1373 2572 1439 ejus.
2607 1369 2749 1423 illius
2777 1372 2986 1440 spiritus
3018 1389 3118 1425 non
3148 1373 3372 1432 (reditur
3397 1389 3518 1434 esse

1930 1476 2044 1512 cum
2077 1459 2180 1512 Deo
2201 1500 2215 1523 ,
2245 1460 2330 1527 qui
2361 1473 2552 1528 Opetas
2581 1461 2696 1529 ejus
2727 1462 2958 1517 visuales
2985 1479 3090 1516 non
3123 1463 3372 1534 intelligit
3396 1481 3516 1537 my-

1933 1551 2113 1603 steriis
2143 1551 2506 1617 spiritualibus
2537 1553 2912 1620 applicandas;
2956 1555 3049 1608 sed
3089 1564 3253 1608 totum
3285 1556 3352 1610 ad
3383 1557 3512 1612 illud

1929 1644 2044 1696 vult
2073 1642 2272 1697 referre
2304 1643 2440 1713 quod
2475 1646 2710 1698 cernitur
2739 1660 2754 1698 :
2779 1644 2913 1698 sicut
2944 1647 3114 1701 Judmi
3144 1648 3404 1714 fecerunt,
3427 1653 3516 1718 qui

1935 1740 2138 1786 tantum
2172 1735 2440 1789 miraculis
2475 1736 2825 1804 praesentibus
2853 1737 3063 1802 intenti,
3097 1735 3223 1792 nihil
3257 1740 3320 1794 ad
3349 1741 3510 1814 spiri-

1932 1821 2126 1876 tuulem
2159 1823 2556 1892 inteliigentiam
2589 1824 2876 1880 salubriter
2905 1828 3231 1882 retulerunt.

2006 1935 2157 1989 Vers.
2188 1935 2272 1989 12.
2303 1933 2430 1987 Filii
2453 1933 2701 2005 Ephraim
2731 1938 3046 1994 intendentes
3074 1955 3250 1994 arcum
3271 1981 3286 2008 ,
3323 1953 3372 1998 et
3401 1945 3520 2001 mit-

1931 2033 2088 2079 tentes
2133 2027 2385 2096 sagittas,
2423 2031 2650 2082 conversi
2690 2039 2806 2082 sunt
2859 2030 2913 2083 in
2957 2032 3039 2084 die
3082 2031 3217 2086 belli.
3272 2034 3517 2106 Epitraim

1931 2116 2309 2185 interpretatur
2357 2117 2603 2186 frugifer,
2649 2119 2760 2174 sive
2806 2120 3039 2176 ubertas.
3093 2121 3192 2178 llic
3236 2124 3374 2180 filius
3418 2127 3518 2187 fuit

1927 2205 2121 2274 Joseplt
2147 2207 2345 2275 junior,
2375 2223 2532 2277 quem
2569 2209 2736 2264 Jacob
2783 2226 2914 2266 avus
2955 2225 3084 2267 suns
3121 2213 3373 2283 primario
3399 2217 3518 2274 loco

1927 2299 2324 2366 prmposmratis
2368 2298 2608 2353 manibus
2645 2299 2982 2357 benedixisse
3018 2303 3211 2374 legitur
3251 2306 3306 2360 in
3338 2306 3515 2366 Veteri

1927 2391 2270 2446 Testamento
2309 2391 2464 2460 (Gen.
2501 2395 2830 2464 vant,15).
2878 2395 3009 2464 Ejus
3047 2397 3145 2464 ﬁlii
3185 2398 3516 2459 abundantes

1928 2483 2236 2536 muneribus
2259 2481 2476 2548 divinis,
2504 2492 2554 2538 et
2577 2493 2793 2553 paterna
2825 2487 3193 2543 benedictione
3219 2491 3511 2558 pollentes,

1927 2572 1982 2626 ἀι.
1997 2574 2135 2628 fectu
2169 2575 2288 2629 ﬁdei
2320 2587 2655 2632 corruerunt.
2689 2577 3029 2634 Intenderunt
3057 2581 3200 2636 enim
3239 2599 3437 2650 arcum,
3467 2597 3516 2644 et

1927 2667 2171 2720 miserunt
2191 2667 2426 2736 sagittas,
2444 2668 2655 2737 quando
2676 2669 3000 2724 admonente
3013 2670 3194 2742 Moyse
3215 2672 3467 2729 dixerunt
3497 2691 3512 2733 ι

1929 2758 2252 2828 Quaecunque
2282 2760 2482 2813 locutus
2511 2771 2583 2813 est
2609 2757 2860 2814 Dominus
2895 2759 3031 2815 Deus
3059 2773 3246 2830 noster,
3270 2766 3515 2833 faciemus

1925 2860 1971 2904 et
1996 2851 2260 2904 audiemus
2291 2850 2486 2923 (Exod.
2513 2867 2621 2916 xxx,
2646 2852 2724 2922 8).
2749 2852 2986 2906 Conversi
3002 2863 3122 2908 sunt
3142 2857 3302 2928 365
3331 2866 3508 2914 autem

1924 2943 1976 2994 in
2003 2946 2084 2995 die
2113 2943 2262 3008 belli,
2297 2943 2508 3012 quando
2542 2945 2720 2999 Aaron
2749 2944 3002 3000 dixerunt
3034 2964 3048 3001 :
3076 2944 3190 3000 Fac
3217 2947 3362 3001 nobis
3390 2949 3512 3008 deos

1923 3051 2048 3103 quos
2074 3035 2344 3090 adoremus
2371 3034 2613 3106 (Ibidem,
2647 3053 2822 3103 xxxu,
2855 3040 2929 3108 1).
2964 3039 3123 3094 Vides
3150 3041 3328 3096 omnia
3357 3057 3511 3112 para-

1924 3125 2060 3181 bolis
2088 3136 2140 3180 et
2163 3127 2612 3197 propositionibus
2633 3129 2909 3198 explicari.
2929 3131 3062 3185 Nam
3090 3132 3191 3187 iste
3217 3147 3408 3189 sensus
3435 3137 3503 3190 ad

1925 3216 2045 3269 illos
2072 3217 2302 3285 pertinet
2325 3217 2412 3286 qui
2441 3217 2636 3288 aliquid
2665 3219 2989 3288 praecipitata
3021 3221 3358 3280 festinatione
3383 3238 3506 3293 pro.

244 3299 318 3351 hic
347 3309 641 3354 extraneos
683 3301 963 3370 significat.
999 3317 1105 3354 non
1138 3301 1482 3369 propinquos.
1516 3299 1646 3352 Nam
1676 3299 1818 3366 quod
1847 3287 1892 3350 Ο
1924 3307 2170 3370 mittunt,
2207 3321 2306 3361 nec
2345 3287 2620 3362 tamenin
2667 3287 2727 3363 ea
2766 3287 2985 3378 cupiunt
3011 3325 3356 3380 perseverare
3383 3287 3512 3370 sen-

240 3391 495 3456 sequitur,
525 3392 623 3457 lilii
642 3393 729 3460 qui
757 3400 1029 3445 nascentur
1057 3403 1348 3460 exsurgant,
1383 3401 1429 3444 et
1451 3390 1732 3444 narrabant
1759 3407 1818 3442 ea

239 3483 350 3545 [iliis
392 3484 540 3546 suis,
569 3483 684 3536 vult
723 3482 943 3552 intelligi
987 3483 1104 3536 sine
1143 3481 1302 3535 dubio
1337 3480 1689 3545 Christianos,
1727 3481 1816 3546 qui

241 3571 642 3635 indicationes
673 3584 886 3626 sanctas
916 3573 980 3625 ad
1028 3573 1327 3626 animarum
1376 3574 1602 3626 salutem
1643 3572 1820 3626 confe-

240 3663 450 3716 rendam
476 3665 593 3716 suis
619 3666 846 3727 neSteris
875 3664 1054 3730 utique
1084 3664 1437 3718 tradiderunt.

303 3755 457 3810 Vers.
493 3758 546 3810 9.
585 3755 652 3810 Ut
678 3767 868 3823 ponant
899 3759 950 3810 in
984 3754 1092 3810 Deo
1120 3773 1258 3825 spem
1284 3773 1450 3820 suum,
1484 3766 1529 3809 et
1558 3773 1658 3810 non
1690 3757 1817 3810 obli-

237 3844 491 3899 tiscantur
519 3862 729 3916 operum
768 3847 863 3899 Dei
888 3847 967 3900 sui
985 3887 1000 3910 ,
1031 3857 1077 3901 et
1112 3850 1354 3900 mandata
1383 3848 1492 3916 ejus
1527 3847 1814 3916 exquirant.

241 3935 446 3990 Utilitas
476 3945 714 4000 pateram
746 3938 1138 4004 praedicationis
1170 3939 1255 3991 ltic
1293 3938 1570 3990 evidenter
1599 3946 1817 3990 estensa

236 4037 342 4091 est,
371 4035 428 4081 ut
455 4028 658 4098 posteri
689 4042 872 4081 eorum
903 4044 1042 4095 spem
1079 4045 1225 4082 suam
1256 4044 1360 4081 non
1389 4036 1586 4095 penant
1615 4028 1666 4082 in
1699 4027 1817 4097 lege

235 4131 348 4184 quze
378 4117 550 4186 punit,
577 4118 671 4172 sed
709 4119 760 4171 in
807 4121 973 4188 gratia
1014 4134 1267 4173 concessa
1303 4135 1423 4189 quae
1463 4119 1696 4173 redimit.
1728 4118 1818 4174 Se-

233 4209 431 4275 quitur,
459 4219 508 4262 et
539 4226 642 4262 non
667 4210 1028 4262 obliviscantur
1070 4226 1281 4278 Operam
1321 4210 1418 4264 Dei
1445 4211 1544 4275 sui,
1577 4211 1715 4264 sicut
1742 4210 1818 4263 fe-

231 4299 622 4368 ceruntperlidi
645 4299 838 4360 Judmi,
863 4303 973 4369 qui,
1006 4300 1171 4354 oblito
1191 4309 1410 4354 auctore
1423 4315 1542 4369 suo,
1560 4301 1629 4372 ad,
1647 4301 1819 4354 cultu-

228 4403 319 4441 ras
348 4405 407 4444 se
434 4393 740 4444 dmmonum
774 4393 1182 4446 transtulerunt.
1213 4392 1463 4454 Addidit,
1493 4401 1541 4445 et
1570 4394 1818 4446 mandata

226 4482 340 4552 ejus
365 4483 657 4550 exquirant.
687 4483 804 4551 ipsa
834 4491 917 4537 est
950 4484 1093 4536 enim
1127 4483 1220 4536 Dei
1260 4484 1452 4536 summi
1483 4497 1603 4537 vera
1643 4498 1819 4537 recor-

225 4573 410 4637 datio,
451 4576 497 4629 si
554 4575 806 4628 mandata
852 4577 968 4642 ejus
1016 4575 1222 4627 devotis
1272 4575 1542 4628 mentibus
1596 4575 1817 4643 implea-

171 4653 177 4668 ’
225 4680 364 4718 mus.

294 4757 450 4813 Vers.
484 4760 566 4814 l0.
600 4759 682 4811 Ne
701 4760 827 4827 ﬁant
850 4760 978 4812 sicut
1011 4769 1178 4828 patres
1199 4774 1393 4825 eorum,
1421 4774 1579 4830 genus
1603 4776 1814 4827 prauum

220 4860 266 4900 et
299 4869 651 4918 peramarum.
709 4877 714 4882 -

295 4943 453 4996 γετὸ.
489 4946 575 4996 Η.
606 4942 778 4997 Genus
804 4943 939 5014 quod
966 4960 1068 4996 non
1096 4943 1281 4997 direxit
1316 4960 1402 4995 cor
1426 4961 1610 5007 suum;
1641 4952 1686 4995 et
1712 4960 1813 4996 non

220 5043 294 5083 est
333 5039 555 5087 creditus
599 5052 713 5086 cum
745 5035 852 5087 Deo
884 5037 1094 5103 spiritus
1122 5036 1254 5104 ejus.
1290 5035 1380 5088 llis
1408 5035 1650 5088 versibus
1681 5035 1814 5087 duo-

221 5123 320 5176 bus
367 5127 466 5178 sub
505 5125 911 5178 deﬁnitionibus
938 5124 1171 5193 pulebris
1211 5133 1426 5177 natatur
1458 5125 1673 5191 perfidia
1719 5124 1815 5177 Ju-

217 5215 489 5268 dmorum.
538 5216 676 5269 Dicit
721 5216 910 5269 enim:
947 5214 1028 5267 Ne
1067 5216 1195 5281 [iant
1241 5216 1370 5269 sicut
1405 5226 1570 5283 patres
1617 5231 1813 5278 eorum,

216 5309 364 5373 quod
395 5308 490 5361 fuit
522 5326 680 5377 genus
703 5323 920 5377 pravum
940 5319 987 5360 et
1019 5324 1357 5376 pcramarum.
1385 5307 1556 5359 Genus
1579 5323 1810 5376 pravum,

215 5402 343 5462 quia
379 5403 656 5454 so-ri'atem
690 5402 930 5468 recipere
955 5401 1260 5453 noluerunt.
1291 5399 1523 5454 Necesse
1558 5409 1640 5453 est
1670 5400 1812 5453 enim

212 5495 434 5546 distorti
465 5499 832 5558 permaneant,
857 5495 941 5560 qui
968 5493 1204 5560 regulam
1231 5493 1428 5545 rectam
1456 5506 1557 5544 non
1583 5506 1815 5558 sequun-

215 5591 330 5633 tur.
370 5583 710 5634 Feminarum
732 5582 892 5644 dixit,
926 5583 974 5634 itl
1001 5591 1084 5635 est
1120 5597 1277 5652 SUpl‘a
1310 5593 1526 5635 cunctas
1553 5583 1815 5635 acerbita-

211 5684 298 5726 tes
335 5677 727 5744 asperrimum,
762 5684 820 5728 ut
844 5676 931 5744 qui
959 5674 1024 5728 ad
1057 5690 1150 5728 eos
1178 5684 1393 5727 venerat
1423 5675 1728 5737 salvandos,
1763 5673 1812 5727 in

209 5763 338 5831 ejus
372 5770 544 5833 potius
569 5777 904 5820 armarentur
928 5766 1170 5820 exitium.
1197 5764 1466 5834 Sequitur,
1496 5781 1655 5837 genus
1678 5766 1815 5829 quod

209 5872 320 5911 non
358 5862 544 5913 direrit
576 5877 662 5913 cor
686 5874 866 5928 suum,
901 5859 1000 5912 hoc
1039 5868 1153 5922 est,
1193 5861 1329 5930 quod
1363 5864 1608 5934 supr-rius
1654 5856 1806 5927 dixit,

1925 3398 2087 3452 tentia
2107 3439 2123 3464 ,
2158 3398 2294 3452 sicut
2325 3399 2484 3454 Petro
2510 3401 2754 3471 apostolo
2780 3403 3030 3472 contigit,
3058 3403 3148 3473 qui
3184 3414 3265 3459 ter
3294 3409 3508 3475 negavit

1921 3506 2068 3555 cum,
2089 3506 2209 3546 cum
2236 3507 2340 3561 quo
2368 3507 2426 3548 se
2458 3493 2776 3562 promiserat
2797 3507 2916 3549 esse
2942 3495 3259 3551 moriturum
3287 3496 3505 3567 (Matth.

1920 3597 2072 3647 xxvx,
2101 3581 2215 3650 55).

1993 3696 2144 3754 Vers.
2188 3699 2274 3753 15.
2324 3698 2446 3753 Non
2490 3701 2836 3758 custodierunt
2874 3711 3226 3760 testamentum
3273 3707 3410 3775 Dei,
3457 3720 3505 3765 et

1918 3788 1973 3841 in
1997 3789 2105 3859 lege
2130 3791 2242 3860 ejus
2264 3791 2538 3844 noluerunt
2560 3792 2838 3848 ambulare.

1990 3903 2147 3958 Vers.
2173 3903 2259 3959 lxi.
2285 3904 2352 3957 Et
2378 3905 2520 3958 obliti
2537 3913 2652 3960 sunt
2675 3907 3054 3976 benefactorum
3076 3909 3208 3983 [ed.,
3233 3911 3507 3980 beneﬁcio—

1919 3993 2054 4065 rum]
2083 3995 2194 4064 ejus
2214 4036 2228 4059 ,
2267 4003 2314 4049 et
2355 3997 2664 4050 mirabilium
2687 3999 2795 4066 ejus
2824 4015 2938 4066 quin
2962 4001 3180 4054 ostendit
3207 4003 3296 4056 eis.
3332 4001 3503 4058 Causa

1919 4089 2160 4142 redditur
2187 4089 2454 4158 quomodo
2481 4089 2579 4155 filii
2599 4088 2851 4158 Ephraim
2872 4094 3101 4146 conversi
3126 4095 3319 4158 fuerint
3341 4096 3396 4148 in
3420 4097 3505 4150 die

1919 4180 2068 4244 belli;
2093 4180 2300 4234 scilicet
2323 4179 2444 4250 quia
2473 4179 2595 4234 Non
2623 4183 2973 4236 custodierunt
2997 4192 3352 4239 testamentum
3379 4183 3501 4254 Dei,

1919 4281 1964 4323 et
1989 4271 2040 4322 in
2072 4270 2176 4339 lege
2202 4271 2317 4340 ejus
2345 4269 2614 4324 noluerunt
2639 4270 2932 4338 ambulare,
2951 4281 3004 4327 et
3039 4273 3182 4328 obliti
3209 4287 3330 4330 sunt
3357 4276 3506 4332 bene.

1920 4360 2170 4427 factorum
2210 4364 2342 4432 ejus,
2397 4371 2442 4414 et
2485 4361 2795 4416 mirabilium
2843 4365 2954 4434 ejus
2996 4381 3110 4434 quia
3145 4367 3362 4422 ostendit
3407 4371 3501 4426 eis.

1922 4455 2034 4508 lloe
2063 4455 2141 4508 sic
2170 4455 2382 4523 planum
2426 4463 2529 4519 est,
2559 4464 2616 4510 ut
2643 4457 2982 4524 expositione
3008 4474 3115 4514 non
3143 4471 3318 4531 egeat.

1993 4569 2146 4626 Vers.
2186 4571 2265 4626 l5.
2299 4571 2482 4625 Coram
2511 4572 2738 4640 patribus
2780 4589 2955 4628 eorum
2995 4573 3114 4642 fecit
3153 4577 3412 4632 mirabilia
3449 4580 3504 4635 in

1845 4660 1893 4716 D
1921 4671 2056 4715 terra
2106 4661 2354 4734 Egypti,
2400 4663 2452 4716 in
2491 4680 2670 4732 campo
2712 4663 2928 4720 Taneos.
2979 4665 3137 4721 Venit
3179 4667 3246 4722 ad
3291 4670 3500 4725 tertiam

1924 4759 2127 4821 partem
2151 4754 2348 4822 inqua,
2374 4764 2494 4824 post
2515 4753 2795 4808 transitum
2829 4755 2988 4810 maris
3019 4757 3207 4822 Rubri,
3241 4759 3499 4814 beneficia

1921 4847 2110 4900 collata
2137 4847 2410 4901 describit.
2441 4847 2528 4899 Isti
2558 4855 2681 4900 sunt
2709 4863 2842 4915 quos
2871 4848 3116 4917 superius
3143 4848 3318 4917 dixit,
3342 4859 3500 4920 gentis

1919 4955 2130 5009 pravum
2157 4949 2202 4991 et
2234 4955 2575 5008 pet-amarum.
2608 4940 2798 4993 Narrat
2827 4941 2969 4994 enim
2991 4983 3005 5004 ,
3054 4957 3225 4994 coram
3271 4943 3502 5011 patribus

1920 5048 2092 5085 eorum
2121 5031 2254 5083 facta
2285 5029 2558 5092 miracula,
2588 5030 2638 5082 id
2670 5041 2774 5092 est.
2808 5031 3020 5099 Moyse,
3046 5035 3253 5094 Aaron,
3276 5031 3500 5100 aliisque

1920 5122 2260 5185 senioribus;
2296 5129 2353 5175 ut
2385 5121 2677 5176 manifestis
2707 5123 2866 5177 rebus
2906 5123 3235 5177 constantius
3275 5121 3500 5177 credere

1919 5215 2266 5281 debuissent,
2293 5231 2412 5269 cum
2447 5225 2652 5284 patrum
2695 5215 2864 5269 dulcis
2911 5230 2973 5269 ac
3005 5217 3152 5269 lirma
3181 5215 3346 5270 soleat
3377 5229 3500 5268 esse

1919 5307 2127 5360 relatio.
2163 5306 2229 5359 Et
2258 5313 2312 5358 ιιι
2341 5320 2549 5360 omnem
2583 5307 2888 5374 scrupulum
2919 5305 3262 5360 dubitationis
3288 5306 3495 5358 adime—

1919 5409 2018 5462 ret,
2044 5407 2096 5451 et
2124 5397 2451 5468 provinciam
2477 5397 2610 5452 dixit
2639 5406 2693 5451 et
2726 5399 2896 5454 locum
2929 5396 3016 5450 ubi
3047 5408 3339 5452 noscuntur
3362 5397 3500 5451 facta

1922 5506 2037 5559 qum
2067 5489 2204 5540 dicta
2235 5495 2375 5542 sunt.
2418 5487 2522 5542 Sed
2551 5502 2647 5543 nec
2692 5487 2793 5541 hoc
2825 5497 2974 5540 vacat
3023 5487 3160 5556 quod
3205 5486 3333 5540 dicit
3373 5503 3386 5540 ;
3431 5483 3499 5539 In

1917 5597 2096 5650 campo
2110 5576 2486 5632 Taneos.Tanis
2504 5580 2642 5631 enim
2667 5579 2928 5646 signiﬁcat
2951 5577 3147 5631 humile
3166 5577 3495 5640 mandatum,

1917 5671 2056 5740 quod
2087 5669 2138 5722 in
2167 5668 2324 5722 lenis
2353 5680 2559 5735 posnus
2586 5669 2832 5723 Christus
2858 5669 3104 5722 docuisse
3132 5669 3497 5739 cognoscitur,

1859 5764 2100 5817 "dicens
2135 5778 2147 5813 :
2183 5759 2372 5811 Discite
2393 5773 2423 5808 a
2448 5773 2526 5809 me
2546 5760 2665 5823 quia
2689 5759 2824 5812 mitis
2844 5774 2956 5810 sum
2981 5764 3028 5810 et
3061 5756 3269 5814 humilis
3301 5759 3453 5816 corde
3479 5774 3498 5814 :

1918 5867 1964 5914 et
1996 5855 2254 5909 invenietis
2284 5852 2501 5926 requiem
2529 5854 2792 5907 animabus
2814 5852 2989 5910 vestris
3013 5852 3226 5925 (Matth,
3262 5871 3313 5909 ιι
3332 5895 3347 5924 ,
3375 5855 3499 5924 ευ).
