3952 6162
440 399 538 456 559

1667 374 1732 428 Μ.
1779 371 2055 428 AUREUI
2097 369 2492 426 CASSIODORI

3580 360 3667 414 560

440 513 902 574 lloceliamcoram
924 500 1150 575 patribus
1172 489 2018 569 fecit,qttandoNoviTestmenti
2049 497 2092 549 Λ
2126 489 2338 539 cedunt.
2366 483 2712 553 signiﬁcabat
2754 481 2892 533 cutim
2928 478 3079 531 nobis
3125 477 3187 528 de
3231 485 3390 544 petra,
3439 475 3482 528 id
3512 476 3664 528 estde

441 609 686 667 mandata
709 595 1030 672 praedicavit.

514 699 666 754 Vers.
701 671 787 746 i6.
815 685 1100 754 Interrupit
1146 694 1284 734 mare
1327 688 1372 733 et
1417 675 1655 747 perduxit
1701 689 1812 738 eos;
1845 671 2024 726 statuit

447 805 604 864 aquas
632 785 778 857 quasi
819 783 873 836 in
903 788 1084 832 utrem.
1128 775 1257 829 Cum
1303 773 1368 826 sit
1415 785 1560 825 mare
1609 766 1864 837 liquidum
1912 765 2024 818 ele-

453 857 707 942 mentum,
730 883 940 944 ruptum
965 869 1138 939 potius
1165 865 1348 919 maluit
1377 863 1555 917 dicere
1576 876 1731 928 quam
1755 857 1981 911 divisum
2011 872 2025 909 :

451 973 572 1043 quia
600 979 787 1023 revera
830 971 1043 1032 ruptum
1074 964 1156 1012 est
1179 996 1194 1019 ,
1238 952 1450 1022 quando
1483 951 1535 1006 in
1571 951 1842 1019 geminum
1894 949 2029 1000 latus

454 1059 730 1134 peregrina
758 1053 861 1110 sibi
890 1048 1154 1105 soliditate
1185 1043 1516 1114 permansit;
1549 1049 1604 1093 ut
1652 1055 1754 1091 non
1799 1047 1904 1090 tant
1939 1051 2032 1102 pe-

456 1128 606 1224 lagus
632 1161 790 1219 quam
829 1155 987 1211 rupes
1024 1143 1332 1208 putarentur
1377 1133 1588 1185 excism.
1638 1128 1883 1181 Perduxit
1925 1141 2032 1190 eos,

460 1219 535 1302 ad
565 1239 878 1314 promissam
910 1231 1135 1287 scilicet-
1164 1240 1317 1282 terra:
1361 1224 1702 1278 securitatem
1727 1263 1740 1286 ,
1785 1220 1874 1275 ubi
1928 1219 2035 1287 jam

460 1312 728 1393 communi
751 1338 895 1385 sorte
916 1328 1031 1380 sine
1061 1332 1201 1376 metu
1229 1318 1399 1388 pelagi
1427 1317 1735 1369 viderentur
1765 1312 2036 1366 incedere.

463 1429 590 1484 Nam
622 1423 760 1494 quod
788 1418 1050 1488 sequitur,
1081 1412 1254 1468 statuit
1281 1425 1440 1480 aquas
1475 1407 1623 1477 quasi
1654 1406 1702 1457 in
1733 1413 1915 1467 utrem,
1940 1402 2041 1456 hoc

467 1519 532 1575 ad
561 1516 688 1574 illud
721 1513 949 1584 pertinet
978 1505 1118 1577 quod
1157 1504 1319 1567 dixit,
1352 1499 1634 1566 Interrupit
1679 1512 1850 1560 mare;
1881 1505 1933 1547 ut
1967 1494 2043 1548 sic

467 1615 634 1666 staret
667 1605 804 1660 unda
850 1595 1170 1660 immobilis,
1203 1603 1451 1660 tanquam
1505 1588 1692 1641 fuisset
1739 1585 1942 1640 inclusa
1987 1584 2040 1637 in

470 1701 633 1757 vasis.
666 1699 730 1752 Et
759 1703 883 1750 nota
923 1683 1372 1761 quemadmodum
1412 1681 1745 1748 resignantur
1772 1677 2046 1747 promissze

472 1789 756 1863 parabolas.

2124 578 2334 632 Christo
2363 592 2550 645 aquam
2579 571 2823 644 prodite,
2857 583 2974 639 qua:
3007 568 3147 620 nulla
3179 566 3529 618 imminutione
3557 564 3671 616 duil-

2126 678 2302 733 ceret,
2335 669 2469 722 sicut
2501 667 2611 734 ipse
2649 663 2701 718 in
2739 659 3026 729 Evangelio
3067 656 3193 710 dicit
3241 674 3249 706 :

3300 655 3392 720 Qui
3427 655 3586 713 biberit
3621 670 3671 705 ex

2129 777 2259 829 aqua
2289 775 2440 829 quant
2479 772 2568 826 ego
2599 754 2728 807 dabo
2770 753 2835 813 ei,
2872 767 2967 803 non
3002 749 3130 801 sitiet
3162 761 3394 816 unquam,
3427 745 3505 796 sed
3535 745 3565 809 ﬁ
3593 755 3607 795 t
3633 745 3678 796 in

2130 867 2187 906 eo
2215 851 2327 918 fons
2354 865 2498 917 aqua:
2521 847 2746 902 salientis
2777 847 2830 898 in
2860 844 3011 896 vitam
3039 850 3275 894 aeternam
3299 835 3466 904 (Jan-2.
3499 852 3570 897 tv,
3605 836 3675 898 l5,

2135 941 2245 1011 14).
2283 941 2490 994 Petram
2523 953 2647 992 τρι-ο
2690 935 2988 1006 signiﬁcare
3033 929 3300 984 Christum
3329 927 3453 980 dicit
3482 930 3684 994 Aposto-

2135 1030 2216 1082 lus
2250 1048 2261 1082 :
2293 1028 2535 1081 Bibebant
2577 1035 2746 1078 autem
2789 1024 2849 1074 de
2895 1016 3177 1090 spirituali,
3231 1025 3548 1081 consequente
3591 1031 3682 1079 eos,

2136 1134 2276 1193 petra
2306 1137 2322 1172 :
2355 1115 2495 1185 petra
2525 1128 2694 1170 autem
2723 1122 2826 1168 erat
2857 1112 3086 1166 Christus
3120 1108 3169 1177 (Ι
3201 1107 3315 1160 Cor.
3349 1122 3400 1169 x,
3427 1107 3500 1171 4).

2214 1233 2362 1286 νυν..
2413 1231 2501 1284 ‘20.
2555 1228 2620 1281 Et
2664 1211 3010 1295 opposuerunt
3053 1220 3219 1273 adhuc
3255 1230 3472 1284 peccare
3514 1213 3553 1267 ei
3598 1212 3692 1264 :in

2139 1331 2268 1382 iram
2296 1326 2670 1379 concitaverunt
2705 1321 2977 1374 Excelsum
3004 1317 3054 1369 in
3093 1315 3335 1368 siccitate.
3371 1311 3694 1378 Apposuerunt

2143 1420 2292 1484 dicit,
2323 1416 2667 1484 adjecerunt,
2697 1419 2755 1465 ut
2785 1411 2924 1464 inter
2953 1416 3094 1461 tanta
3123 1403 3216 1458 mil
3233 1402 3381 1456 acula
3409 1416 3504 1454 nou
3537 1399 3698 1452 crede-

2145 1519 2292 1575 rent,
2320 1523 2440 1562 eum
2468 1507 2629 1561 etiam
2663 1504 2896 1570 ipsorum
2941 1498 3328 1553 elementorum
3361 1504 3604 1545 conversa
3630 1505 3703 1539 na-

2147 1611 2263 1656 tura
2309 1599 2683 1669 proclamaret.
2712 1592 2934 1647 Peccare
2969 1591 3137 1654 dixit,
3172 1602 3279 1641 non
3310 1585 3552 1645 credere,
3581 1579 3702 1647 quod

2150 1693 2308 1746 nimis
2337 1689 2637 1758 improbum
2683 1693 2893 1740 constat
2921 1696 3040 1737 esse
3067 1680 3322 1735 delictum
3341 1717 3355 1741 ,
3379 1690 3408 1728 a
3437 1673 3542 1728 Deo
3563 1673 3705 1726 bene-

2152 1784 2268 1838 ﬁcia
2312 1793 2526 1852 petere,
2573 1781 2758 1848 eisque
2806 1775 3075 1846 perceptis
3129 1770 3338 1826 debitas
3384 1767 3575 1836 gratias
3619 1776 3706 1816 non

542 1885 696 1941 Vers.
726 1880 809 1934 l7.
843 1875 906 1930 Et
935 1874 1109 1929 eduxit
1153 1886 1236 1925 eos
1265 1869 1318 1922 in
1347 1867 1478 1921 nube
1511 1865 1612 1930 diei
1631 1907 1644 1930 ,
1679 1873 1726 1917 et
1764 1873 1865 1916 tota
1905 1869 2049 1914 nocte

2181 1873 2372 1930 cierre.
2407 1871 2681 1940 Sequitur,
2723 1868 2776 1921 in
2814 1867 2890 1919 ira
2931 1865 3316 1919 concitaverunt
3364 1857 3623 1933 Excelsum
3667 1854 3711 1904 in

473 1981 526 2032 in
555 1970 928 2030 illuminatione
971 1967 1123 2036 ignis.
1157 1960 1386 2030 Exponit
1419 1959 1558 2028 quod
1593 1955 1836 2024 superius
1865 1952 2005 2007 dixit
2035 1969 2048 2003 :

480 2071 542 2122 lit
564 2064 800 2139 perduxit
829 2075 913 2114 eos
937 2059 992 2111 in
1037 2054 1170 2108 nube
1197 2053 1300 2106 diei
1319 2091 1333 2116 ,
1363 2048 1626 2118 siquidem
1656 2046 1756 2099 diei
1795 2043 2057 2114 signiﬁcat

481 2133 762 2213 Dominum
781 2148 1052 2207 Christum
1085 2163 1097 2197 :
1131 2143 1251 2214 quia
1274 2156 1394 2196 cum
1425 2141 1542 2210 ipse
1563 2147 1704 2192 esset
1733 2149 1888 2187 verus
1918 2133 2055 2199 dies,

481 2264 656 2305 tamen
677 2243 892 2317 perﬁdis
921 2240 1095 2296 carnis
1121 2252 1230 2292 suae
1249 2235 1388 2291 nube
1415 2233 1614 2287 celatus
1645 2240 1748 2284 est.
1781 2227 1930 2284 Unde
1963 2227 2061 2281 mi-

481 2342 648 2400 rabile
681 2352 846 2408 genus
873 2333 1155 2388 locutionis
1187 2328 1388 2390 eluxit,
1417 2327 1496 2380 sic
1526 2325 1738 2392 antiqua
1773 2321 1906 2374 facta
1938 2335 2064 2373 nar-

482 2447 622 2495 rare,
655 2435 710 2482 ut
733 2426 898 2496 magis
911 2436 1036 2494 qum
1060 2431 1184 2475 sunt
1213 2431 1431 2474 ventura
1454 2415 1695 2469 videatur
1725 2412 2022 2478 exprimere
2045 2427 2058 2476 ;

486 2535 543 2579 ut
571 2523 726 2576 aliter
757 2514 1109 2578 audiendum,
1153 2512 1308 2565 aliter
1343 2510 1411 2563 sit
1451 2507 1792 2562 nihilominus
1827 2505 2063 2558 sentien-

487 2617 612 2670 dum
641 2629 655 2666 :
689 2613 741 2666 in
775 2608 922 2665 nullo
953 2617 1129 2662 tamen
1173 2603 1332 2658 dubia
1361 2643 1376 2668 ,
1417 2600 1538 2671 quia
1569 2610 1694 2653 sunt
1722 2608 1946 2667 utraque
1979 2612 2067 2650 ve-

490 2709 722 2763 rissima.
754 2702 846 2757 lite
885 2711 1008 2754 sunt
1054 2696 1332 2767 promissa:
1377 2692 1642 2762 parabolae
1688 2688 1893 2744 cmlesti
1934 2687 2069 2741 inte-

490 2799 681 2870 gritate
713 2793 985 2864 dispositae
1013 2789 1141 2861 lett,
1170 2781 1468 2856 depositae},
1511 2785 1624 2836 haec
1665 2780 1852 2834 indicia
1883 2779 2069 2831 certis-

492 2868 626 2948 sima
651 2886 908 2943 veritatis.
940 2883 1212 2951 Sequitur,
1237 2888 1280 2930 et
1310 2885 1416 2929 tota
1447 2881 1592 2928 nocte
1622 2874 1674 2925 in
1704 2868 2074 2925 ittuminatione

493 2986 645 3053 ignis.
691 2979 788 3038 llic
822 2973 1119 3032 evidentius
1154 2968 1415 3039 signiﬁcat
1452 2964 1815 3025 Christianos,
1848 2974 1978 3027 quos
2020 2958 2071 3011 in

498 3051 596 3126 liae
616 3077 774 3124 nocte
794 3064 997 3132 saeculi,
1022 3060 1235 3115 luminis
1252 3058 1332 3113 sui
1354 3056 1596 3110 claritate
1617 3051 1867 3107 custodit.
1887 3051 2071 3104 Omnia

497 3161 639 3215 enim
669 3154 870 3212 ludatis
895 3153 949 3206 in
977 3150 1158 3221 ﬁgura
1196 3145 1484 3212 contigisse
1527 3151 1748 3196 teSIatur
1787 3139 2074 3208 Apostolus

2156 1967 2401 2022 siccitate.
2421 1963 2576 2031 Smpe
2600 1960 2832 2014 diximus
2859 1958 3089 2026 tropicas
3116 1970 3245 2010 esse
3266 1955 3393 2007 istas
3417 1950 3713 2010 locutiones,

2157 2074 2275 2129 quae
2300 2057 2526 2111 Domino
2565 2053 2723 2108 verba
2757 2052 2996 2105 tribuunt
3025 2047 3356 2101 inﬁrmitatis
3386 2043 3641 2102 humanae;
3670 2045 3717 2090 ut

2161 2165 2246 2205 res
2296 2149 2478 2204 ardua:
2525 2155 2826 2214 nostraeque
2869 2140 3211 2210 coticeptioni
3253 2137 3494 2192 difﬁciles
3542 2130 3719 2201 pessint

2161 2241 2461 2297 evidentius
2487 2237 2778 2306 explanari.
2815 2232 2878 2286 In
2918 2235 3049 2286 iram
3090 2232 3500 2288 concitaverunt,
3530 2219 3722 2290 quando,

2121 2395 2134 2406 ο
2163 2350 2283 2400 eum
2317 2348 2421 2387 non
2449 2329 2741 2386 credebant
2775 2326 3012 2380 dilﬁcilia
3042 2322 3143 2378 sibi
3180 2322 3394 2383 facere,
3425 2332 3574 2386 quem
3601 2311 3720 2364 vide-

2165 2429 2294 2482 baut
2319 2437 2424 2482 tam
2456 2426 2689 2497 ingentia
2723 2435 2877 2490 posse
2913 2419 3211 2487 complere.
3244 2417 3356 2471 Hoc
3393 2413 3531 2468 enim
3555 2411 3601 2462 iu
3629 2407 3723 2460 Deo

2167 2496 2533 2589 gravissimum
2566 2523 2769 2570 constat
2801 2527 2920 2567 esse
2943 2520 3249 2580 peccatum,
3280 2517 3336 2559 ut
3360 2504 3631 2572 quidquam
3655 2496 3718 2549 illi

2170 2609 2497 2678 impossibile
2533 2607 2769 2666 dicatur,
2803 2602 2892 2672 qui
2921 2615 3126 2655 summe
3145 2607 3304 2666 ‘vatet
3335 2594 3543 2649 efﬁcere
3565 2631 3578 2655 ,
3607 2585 3728 2656 qttod

2171 2700 2409 2754 decernit
2437 2697 2674 2764 implere.
2706 2693 2845 2747 Bene
2879 2701 3053 2744 autem
3078 2689 3285 2742 dictum
3315 2697 3418 2750 eSt,
3440 2685 3489 2736 in
3513 2680 3730 2736 siccitate,

2173 2807 2278 2846 non
2317 2799 2519 2843 tantum
2543 2796 2699 2840 terrae
2737 2799 2893 2853 quam
2949 2780 3182 2840 mentis,
3229 2778 3322 2848 qui
3371 2785 3446 2828 tot
3493 2765 3733 2824 miraculis

2174 2880 2427 2949 compluti
2452 2919 2467 2943 ,
2507 2895 2588 2947 pet
2608 2878 2748 2930 ﬁdite
2778 2891 2888 2929 sua:
2918 2873 3204 2927 sterilitate
3237 2868 3421 2923 siccati
3451 2875 3603 2918 sunt:
3632 2858 3733 2928 quia

2177 2983 2342 3026 to'um
2375 2970 2676 3024 carnalibus
2713 2966 2993 3020 desideriis
3038 2963 3412 3030 applicantes,
3439 2962 3616 3009 ventre
3644 2960 3737 3002 tan-

2179 3074 2309 3128 tum,
2345 3077 2446 3113 nun
2472 3059 2717 3113 sensibus
2748 3055 3115 3122 explebantur.

2250 3155 2404 3208 V'crs.
2436 3153 2524 3207 2i.
2559 3151 2623 3204 Et
2650 3158 2961 3204 tentaverunt
2995 3145 3158 3200 Deum
3189 3147 3244 3197 in
3282 3140 3517 3196 cordibus
3543 3135 3661 3194 suis,
3692 3141 3736 3182 ut

499 3251 682 3305 dicens
713 3262 727 3298 :
761 3243 899 3298 Nolo
938 3242 1072 3294 enim
1099 3254 1185 3292 vos
1216 3239 1479 3306 ignorare,
1514 3233 1695 3303 fratres
1719 3272 1732 3295 ,
1765 3230 1882 3300 quia
1911 3238 2071 3298 patres

2181 3254 2400 3318 peterent
2433 3259 2572 3297 escas
2616 3239 2879 3294 animabus
2919 3237 3045 3290 suis.
3091 3237 3176 3289 Ali
3223 3237 3252 3286 tl
3298 3242 3381 3288 est
3419 3239 3593 3300 petere
3641 3233 3740 3276 teu-

499 3339 661 3396 nostri
687 3350 857 3391 omnes
886 3332 975 3387 sub
1015 3330 1149 3384 nube
1190 3332 1423 3398 fuerunt,
1453 3335 1498 3380 et
1537 3340 1706 3377 omnes
1751 3338 1886 3375 mare
1917 3320 2076 3393 [mss.

502 3432 592 3495 Α..
621 3426 710 3492 G.,
753 3440 841 3494 per
884 3419 1043 3492 mare]
1099 3419 1442 3481 transierunt,
1489 3424 1536 3469 et
1582 3417 1754 3467 Omnes
1805 3414 1856 3465 in
1906 3411 2083 3480 Moyse

505 3519 744 3591 θηρείωιὶ
772 3523 888 3570 sunt
916 3516 970 3567 in
1007 3511 1136 3565 nube
1171 3521 1217 3565 et
1242 3510 1294 3562 in
1323 3508 1449 3562 mari
1479 3507 1528 3576 (Ι
1548 3505 1678 3559 Cor.
1711 3521 1762 3569 x,
1790 3504 1841 3570 l,
1866 3504 1944 3574 2),
1975 3511 2078 3557 etc.

509 3613 659 3670 Unde
683 3625 714 3666 a
741 3608 894 3664 nobis
921 3620 1125 3676 magnae
1153 3616 1365 3672 semper
1408 3600 1591 3670 gratia:
1616 3597 1909 3652 referendae
1937 3603 2080 3661 sunt,

507 3705 631 3775 quia
667 3700 935 3757 miraculis
967 3695 1216 3767 prtedixit
1251 3693 1414 3748 tantis
1441 3706 1504 3747 ac
1531 3690 1723 3746 talibus
1745 3728 1761 3755 ,
1791 3702 1910 3756 qua:
1932 3685 2085 3741 nobis

507 3802 623 3850 erat
650 3789 932 3849 immeritis
961 3782 1505 3856 prremialargiturus.
1749 3827 1753 3830 λ

580 3881 734 3937 Vers.
769 3878 854 3932 18.
883 3873 1165 3944 Interrupit
1193 3874 1247 3927 in
1281 3886 1447 3925 eremo
1475 3879 1668 3942 petram
1695 3912 1708 3937 ,
1739 3876 1784 3922 et
1812 3865 2086 3936 adaquavit

509 3989 594 4027 eos
617 3971 748 4026 velut
771 3970 823 4022 in
844 3967 1024 4037 abysso
1049 3964 1229 4019 multa.
1257 3961 1668 4018 Consideremus
1688 3973 1846 4032 quam
1869 3943 1936 4011 ex
1962 3973 2086 4010 con-

513 4063 687 4118 trariis
719 4061 879 4116 rebus
908 4059 1102 4114 luerint
1131 4066 1342 4112 ostensa
1384 4053 1658 4109 miracula.
1690 4051 1894 4109 Undam
1927 4050 2088 4105 maris

513 4157 636 4211 fecit
675 4153 921 4224 primitus
964 4150 1114 4221 quasi
1153 4163 1374 4203 saxeam
1406 4145 1640 4217 pendere
1679 4159 1886 4214 rupem,
1949 4157 2102 4206 nunc

515 4247 646 4303 dicit
675 4255 876 4316 petram
909 4257 1157 4298 manasse
1189 4240 1363 4296 fontes
1398 4242 1655 4308 irriguos;
1691 4246 1749 4291 ut
1783 4235 2092 4291 Ostenderet

518 4339 795 4393 universas
836 4343 1108 4390 creaturas
1156 4330 1272 4399 ejus
1313 4330 1642 4400 jussionibus
1688 4327 1925 4399 obedire,
1967 4324 2090 4378 licet

516 4427 780 4484 contraria
811 4425 1121 4478 naturaliter
1162 4423 1300 4476 inter
1337 4435 1399 4476 se
1431 4420 1711 4478 videantur
1739 4418 1988 4472 existere.
2024 4414 2089 4469 1n

519 4534 682 4574 eremo
713 4517 838 4572 dum
868 4513 1016 4582 dicit,
1041 4514 1224 4568 collati
1253 4513 1490 4568 muneris
1515 4511 1737 4581 gratiam
1769 4511 2054 4578 duplicavit
2073 4485 2102 4575 ;’

2183 3336 2363 3400 tando,
2407 3331 2909 3388 aliud‘confttendo.
2957 3329 3042 3382 lsti
3077 3329 3263 3396 utique
3311 3343 3396 3376 .eu
3424 3319 3559 3375 ando
3601 3314 3742 3384 petie-

2182 3439 2345 3495 runt,
2394 3430 2481 3498 qui
2533 3437 2878 3494 posteaquam
2928 3429 3293 3489 acceperunt,
3345 3416 3552 3484 indigna
3603 3403 3740 3463 locuti

2182 3531 2324 3576 sunt.
2349 3519 2565 3573 Tentare
2591 3512 2732 3570 enim
2766 3516 2993 3569 dicimus
3024 3511 3229 3579 aliquid
3269 3509 3470 3563 dolosis
3515 3513 3745 3556 seruiunt-

2184 3612 2282 3666 bus
2311 3611 2576 3681 postulare
2601 3625 2614 3670 ;
2646 3617 2704 3662 ut
2725 3605 3034 3675 simplicitas
3064 3603 3314 3656 videatur
3348 3600 3400 3652 in
3432 3595 3620 3657 verbis,
3641 3603 3741 3641 cum

2185 3705 2254 3774 sit
2283 3706 2336 3757 in
2365 3703 2526 3758 corde
2555 3699 2769 3754 malitia.
2794 3699 2884 3752 Isti
2911 3711 3039 3765 ergo
3065 3695 3356 3748 animabus
3393 3689 3502 3743 suis
3533 3700 3629 3739 non
3658 3681 3748 3748 spi-

2185 3795 2434 3859 rituales,
2458 3793 2549 3848 sed
2581 3791 2820 3847 carnales
2849 3788 3008 3862 266
3037 3799 3193 3840 escas
3244 3781 3475 3838 subdole
3521 3786 3747 3847 peposcc-

2187 3896 2330 3940 runt.
2362 3885 2451 3940 Sic
2494 3885 2637 3938 enim
2684 3880 2914 3934 dicimus
2944 3875 3162 3946 mgrmis
3208 3873 3328 3928 dari
3377 3885 3526 3925 escas
3565 3870 3750 3933 propter

2189 3965 2393 4028 animas
2420 3974 2471 4026 in
2503 3985 2730 4041 corpore
2759 3956 3100 4030 retinendas,
3133 3980 3244 4018 non
3277 3961 3405 4031 quia
3436 3956 3672 4028 pabulum
3697 3945 3753 3998 sit

2188 4065 2520 4128 animarum,
2554 4063 2646 4119 sed
2685 4063 2806 4132 quia
2853 4075 2946 4128 per
2993 4059 3136 4127 ipsas
3173 4057 3394 4111 videtur
3438 4054 3489 4106 in
3534 4049 3626 4102 liae
3669 4045 3755 4096 vita

2190 4145 2337 4224 vigor
2359 4157 2597 4224 corporis
2624 4163 2748 4209 cent
2772 4153 2911 4206 neri.

2263 4248 2411 4302 Vers.
2443 4246 2531 4299 ‘22.
2569 4245 2630 4298 Et
2674 4245 2804 4296 male
2835 4242 2992 4296 locuti
3035 4249 3153 4293 sunt
3185 4241 3252 4292 de
3311 4237 3458 4298 Deo;
3505 4233 3756 4285 dirarum:

2195 4339 2440 4408 Nunquid
2463 4338 2641 4407 poterit
2681 4335 2814 4388 Deus
2845 4349 3024 4402 parare
3052 4346 3283 4385 mensam
3317 4330 3370 4380 in
3402 4320 3630 4379 deserto?
3657 4315 3758 4370 Uti-

2191 4448 2296 4502 que
2329 4407 2465 4484 male
2488 4469 2501 4492 ,
2533 4427 2654 4496 quia
2688 4425 2820 4479 falsa
2850 4423 3006 4477 locuti
3051 4429 3188 4473 sunt.
3230 4419 3374 4483 Quid
3423 4427 3598 4468 autem
3632 4407 3760 4461 dise-

2192 4533 2320 4587 rint,
2362 4519 2752 4585 subsequenter
2791 4511 3044 4581 explanat
3077 4525 3092 4563 :
3132 4506 3394 4577 Nunquid
3440 4501 3614 4573 poterit
3647 4494 3758 4545 Deus

519 4619 571 4666 ω
606 4610 673 4664 ibi
701 4609 900 4662 facer“
923 4604 1375 4680 talemiraculum
1398 4643 1412 4665 ι
1445 4602 1532 4656 “bi
1576 4615 1679 4656 "0“
1709 4611 1826 4655 θτδῑ
1863 4601 2004 4654 amid
2037 4603 2086 4654 in
2121 4605 2169 4663 D
2195 4583 2377 4682 parare
2424 4583 2647 4660 mensam
2697 4606 2747 4656 in
2790 4601 3020 4655 deserto?
3051 4598 3309 4668 Nunquid
3357 4590 3658 4663 isi-putative
3696 4583 3760 4636 le-

520 4698 837 4755 necessitate
879 4697 1198 4754 remedium.
1241 4694 1523 4765 Adaquatn‘t
1566 4701 1741 4747 autem
1783 4693 1996 4761 posuit,
2035 4700 2091 4746 ut

517 4795 755 4864 iumenta
777 4792 944 4860 magis
964 4791 1235 4867 videretur
1256 4788 1572 4858 signiﬁcare,
1600 4801 1703 4840 non
1727 4784 1990 4851 ltomines,
2006 4784 2092 4853 qui

521 4886 680 4939 tantis
711 4883 981 4939 beneﬁciis
1026 4883 1223 4952 gratias
1263 4897 1416 4950 agere
1449 4880 1771 4934 nescierunt.
1821 4878 1972 4943 Quod
2002 4893 2094 4931 au-

520 4971 806 5039 tem‘dixit,
837 4975 968 5028 relut
996 4975 1048 5028 in
1077 4973 1256 5044 abysso
1287 4971 1479 5039 multa,
1531 4972 1736 5040 copiam
1781 4969 2096 5040 largissime:

522 5069 680 5123 unda:
707 5067 1016 5133 declaravit,
1041 5081 1159 5136 quae
1176 5068 1319 5118 velut
1338 5066 1404 5120 de
1429 5066 1622 5136 abysso
1644 5062 1812 5131 pelagi
1837 5062 1905 5115 ita
1931 5065 2094 5116 multa

521 5158 790 5229 proﬂuxit.
823 5158 886 5211 Et
915 5165 1036 5210 nota
1068 5154 1319 5225 quoniam
1348 5153 1597 5225 abyssum
1624 5151 1916 5207 secundum
1949 5151 2097 5203 Gras-

523 5265 614 5304 cus
644 5248 855 5318 generis
883 5249 1028 5318 ponit
1057 5247 1248 5316 ubique
1278 5245 1537 5300 feminini.

594 5343 750 5400 Vers.
784 5343 868 5397 19.
902 5340 969 5394 Et
990 5341 1165 5395 eduxit
1183 5354 1367 5408 aquam
1393 5339 1455 5391 de
1480 5347 1622 5407 petra
1640 5375 1654 5402 ,
1681 5347 1726 5389 et
1756 5337 1965 5390 deduxit
1990 5325 2123 5388 tau-1

523 5453 679 5509 quam
715 5435 932 5506 ﬂumina
960 5449 1152 5505 .aquas.
1209 5432 1318 5485 Hoc
1359 5431 1423 5484 ad
1461 5430 1680 5498 gratiam
1731 5429 2096 5483 inculcandam

528 5545 730 5600 magna:
757 5526 1126 5590 admirationis
1157 5523 1395 5590 iteravit,
1425 5533 1483 5578 ut
1509 5522 1573 5576 de
1604 5523 1691 5576 illa
1726 5537 1784 5577 re
1813 5536 1946 5590 aqua
1980 5536 2102 5590 pro—

527 5622 663 5677 diret
683 5664 699 5691 ,
731 5637 849 5690 qua:
881 5619 1102 5674 naturali
1129 5617 1366 5671 siccitate
1392 5616 1662 5670 duruerat.
1694 5615 1760 5669 Et
1795 5631 1859 5670 ne
1890 5624 2103 5682 putares

531 5729 716 5783 parum
746 5712 941 5781 aliquid
964 5723 1242 5767 emanasse
1263 5750 1278 5776 ,
1306 5707 1510 5762 addidit
1533 5725 1546 5762 :
1579 5718 1818 5777 tanquam
1847 5706 2063 5776 ﬂumina
2084 5745 2101 5772 ,

531 5814 648 5869 quae
679 5801 745 5856 de
774 5799 1025 5857 uberibus
1055 5799 1311 5854 montium
1340 5797 1552 5867 copiosa
1599 5795 1943 5852 inundatione
1984 5809 2106 5865 pro-

2198 4702 2427 4772 gendum
2471 4710 2582 4764 est;
2630 4698 2859 4766 positum
2888 4704 2971 4749 est
2998 4695 3139 4748 enim
3175 4708 3276 4760 pro
3309 4706 3440 4744 non.
3466 4692 3507 4742 υ
3529 4678 3760 4738 nefarium

2201 4791 2377 4847 scelus
2397 4832 2412 4854 ,
2439 4789 2506 4843 de
2527 4788 2656 4860 [ed.,
2688 4785 2816 4856 Deo]
2844 4784 3209 4852 Omnipotenti
3242 4798 3352 4834 nun
3399 4776 3636 4840 credere,
3663 4777 3762 4837 ιιιιῖθ

2203 4882 2442 4953 quotidie
2494 4879 2694 4949 passim
2755 4877 3005 4945 probatur
3058 4873 3326 4928 efﬁcere!
3386 4870 3647 4934 Scriptum
3696 4861 3764 4910 est

2199 4977 2342 5029 enim
2374 4989 2389 5028 :
2429 4973 2529 5036 Qui
2567 4971 2654 5023 dat
2691 4984 2855 5022 escam
2888 4966 3026 5020 omni
3053 4965 3194 5018 carni
3222 4962 3404 5034 (Psat.
3437 4970 3638 5017 cxxxv,
3662 4945 3760 5015 25').

2199 5068 2334 5135 Quid
2363 5080 2492 5134 ergo
2524 5063 2597 5118 illi
2627 5073 2730 5114 tam
2759 5061 3109 5122 Contrarium,
3136 5072 3301 5125 quant
3327 5062 3385 5108 ut
3411 5065 3516 5105 non
3545 5043 3764 5101 credalur

2201 5132 2447 5226 implere
2467 5156 2609 5226 quod
2666 5152 2917 5223 jusserit?
2965 5151 3030 5204 Et
3076 5150 3195 5203 ideo
3249 5147 3547 5201 vehemens
3592 5132 3763 5200 culpa.

2201 5257 2324 5322 quia
2349 5250 2468 5304 talis
2490 5248 2781 5302 difﬁdentia
2806 5257 3090 5312 supernam
3114 5240 3288 5308 tangit
3313 5238 3584 5306 injurium.
3611 5225 3765 5280 Mensa

2203 5357 2328 5395 vero
2360 5339 2624 5409 signiﬁcat
2648 5339 2944 5406 pastionem
2969 5335 3018 5386 in
3043 5349 3142 5402 qua
3167 5330 3447 5384 rellcimur
3471 5323 3764 5380 esuricnlCSo

2205 5433 2270 5486 Et
2300 5435 2422 5484 dum
2447 5430 2594 5496 dicit,
2625 5444 2810 5500 parare
2836 5441 3058 5479 mensam
3104 5425 3154 5476 in
3199 5424 3408 5474 deserto
3427 5461 3439 5482 ,
3471 5413 3615 5486 quasi
3643 5403 3768 5476 quad

2206 5520 2342 5574 solet
2365 5520 2416 5574 in
2440 5520 2592 5588 copia
2622 5497 2756 5581 ﬁeri,
2792 5532 2896 5571 non
2927 5515 3182 5585 potuisset
3205 5511 3259 5564 in
3295 5523 3478 5564 rerum
3505 5497 3769 5558 solitudine

2207 5611 2481 5680 procurari
2508 5612 2519 5664 ε
2545 5611 2709 5664 Stulta
2753 5608 2911 5662 nimis
2951 5603 3291 5672 absurdaque
3329 5597 3577 5654 vecordia
3609 5592 3771 5645 huma-

2209 5719 2330 5756 nam
2377 5699 2856 5771 impossibilitatem
2905 5696 2969 5751 ad
3017 5695 3252 5750 divinam
3306 5684 3639 5744 transtulisse
3679 5675 3770 5728 vir-

2211 5794 2404 5849 tutem!
