3952 6162
308 363 376 419 561
1123 369 1489 426 EXPOSITIO
1531 370 1594 424 IN
1640 367 2094 423 PSALTERIUM.
2140 369 2331 426 PSAL.
2371 371 2627 429 LXXVII.

360 483 489 537 \‘crs.
537 483 624 536 ‘25.
678 483 932 549 Quoniam
981 485 1222 552 percussit
1271 493 1466 553 petram
1513 491 1560 534 et
1593 483 1850 549 ﬂuxerunt
1881 485 1923 536 Α

307 589 444 640 aqiuv,
483 582 530 627 ct
570 583 814 627 torrentes
851 575 1278 628 inundaverant:
1319 573 1547 640 nunquid
1587 581 1631 623 et
1670 583 1850 638 pauent

306 669 444 736 poterit
483 667 606 720 dare
630 708 644 732 ,
682 675 772 721 aut
811 683 992 734 parare
1035 683 1260 720 mensam
1300 664 1490 736 papula
1529 663 1659 716 suo?
1685 659 1851 714 Nimis

308 763 407 812 latua
429 761 684 828 cogitatio
716 760 1017 828 exemplum
1039 760 1214 828 magni
1240 757 1479 812 miraculi
1504 755 1714 818 dare,et
1738 753 1850 816 ejus

306 861 532 905 auctorem
576 852 630 904 in
677 852 898 920 reliquis
933 851 1180 904 arbitrari
1214 864 1370 918 po-se
1422 847 1670 900 deiicere.
1718 843 1846 897 Nam

304 944 368 1012 qui
407 944 467 997 de
521 955 670 1011 petra
695 943 855 1012 jussit
900 957 1065 1012 aquas
1106 942 1361 1007 efﬂuere,
1397 955 1493 993 cur
1521 954 1626 992 non
1655 938 1850 991 faceret

301 1048 420 1088 escas
441 1049 624 1087 aerem
654 1033 915 1087 esurienti
952 1033 1148 1100 populo
1180 1031 1520 1086 ministrare?
1543 1029 1700 1096 Quasi
1726 1042 1850 1080 vero

301 1125 518 1194 illajutus
555 1123 734 1194 aliquo
773 1122 1095 1176 adminiculo
1125 1125 1354 1192 potuerit
1383 1123 1588 1184 facere,
1635 1121 1731 1172 is'a
1758 1134 1849 1173 so—

290 1220 361 1285 ;lus
378 1233 471 1272 non
501 1215 758 1270 valuisset
785 1216 1037 1285 implere!
1066 1215 1170 1271 Sed
1197 1215 1332 1269 hanc
1356 1213 1616 1269 vecordia:
1640 1213 1847 1280 culpam

300 1257 471 1274 ....σ..ν..
509 1257 758 1270 ...ωηεν
786 1257 1037 1285 ....,,.ν.ν.
1066 1257 1170 1271 νη.
1365 1257 1615 1269 ,πω-..υ
1644 1257 1847 1280 “Tm.

290 1257 424 1376 baulo
449 1313 566 1374 post
586 1305 829 1374 sequitur
852 1304 1085 1358 vindicta
1113 1303 1437 1370 justissima,
1490 1317 1556 1356 ne
1583 1303 1702 1371 quis
1731 1310 1850 1369 post

280 1389 387 1456 lucc
407 1397 522 1450 talia
552 1395 788 1464 cogitare
813 1403 1178 1463 praesumeret.

284 1480 298 1594 J
355 1489 486 1544 νει-ε.
521 1489 610 1542 24.
641 1485 770 1541 Ideo
787 1487 982 1540 audivit
1015 1487 1260 1541 Dominus
1285 1494 1332 1539 et
1356 1485 1576 1549 distulit,
1599 1491 1644 1538 et
1674 1499 1850 1553 super-

276 1577 454 1650 ,‘posuit,
477 1590 524 1634 et
557 1581 691 1650 ignis
720 1595 963 1633 accensus
984 1588 1054 1633 est
1083 1579 1132 1631 in
1164 1578 1343 1642 Jacob,
1376 1588 1419 1631 et
1445 1578 1521 1631 ira
1547 1579 1731 1647 ascend
1753 1586 1770 1628 t
1797 1577 1850 1628 in

290 1671 456 1724 lsrael.
489 1669 647 1724 Venit
684 1670 750 1723 ad
802 1680 1044 1738 quartam
1084 1680 1289 1738 partem
1313 1709 1326 1732 ,
1375 1667 1462 1723 ubi
1504 1683 1596 1738 per
1627 1668 1847 1736 ﬁguram

291 1762 728 1832 synathroismos,
767 1775 885 1829 quae
918 1759 1106 1814 Latine
1133 1760 1327 1814 dicitur
1353 1759 1730 1828 congregatio,
1759 1757 1850 1811 Ju-

3420 370 3547 440 562-

2032 478 2180 532 Vers.
2224 480 2313 534 ‘23.
2370 480 2561 533 Panem
2609 480 2904 551 angelorum
2954 481 3272 534 manducavit
3317 481 3466 536 homo
3505 502 3523 538 :

1954 573 2397 639 [tunicatatfonem
2440 574 2574 626 misit
2620 574 2689 626 eis
2719 575 2770 625 in
2812 572 3144 624 abundantia.
3172 571 3338 641 Caput
3367 573 3524 641 primi

1953 677 2139 718 Versus
2185 665 2337 719 istius
2388 665 2454 720 de
2503 665 2863 732 superioribus
2912 664 3133 731 pendet;
3164 661 3295 717 dixit
3335 665 3522 718 enim:

1955 753 2152 808 Januas
2174 757 2284 809 caeli
2311 757 2541 826 aperuit,
2576 767 2628 811 et
2659 758 3021 824 consequitur,
3049 756 3179 824 plnr't
3206 754 3306 808 illis
3338 771 3526 808 manna

1954 850 2283 902 manducare.
2316 847 2459 902 Pluit
2483 890 2496 914 ,
2527 849 2659 902 dixit
2685 891 2696 910 .
2728 858 2780 902 ut
2812 849 3113 903 ostenderet
3144 863 3279 902 esca:
3311 847 3523 901 nimiam

1952 939 2248 1005 largitatem
2268 982 2281 1003 ,
2309 955 2429 1010 quae
2460 952 2705 1008 tauquam
2748 939 2923 1008 pluvia
2965 940 3030 993 de
3061 939 3196 993 cmlo
3227 939 3522 993 descendit.

1953 1031 2016 1083 Et
2063 1046 2130 1084 ne
2183 1030 2457 1084 dubitares
2505 1045 2621 1096 qua:
2672 1029 2830 1082 fuerit
2870 1029 2960 1082 illa
3008 1027 3216 1096 pluvia,
3257 1030 3520 1097 sequitur,

1951 1137 2140 1174 manna
2163 1123 2488 1174 manducare.
2522 1119 2715 1174 Manna
2740 1121 3117 1188 interpretatur
3138 1118 3260 1187 quid
3283 1119 3526 1174 esthoc?

1950 1214 2089 1284 quod
2119 1207 2317 1269 sanctae
2365 1214 2722 1268 communioni
2763 1213 3018 1267 decenter
3062 1221 3306 1279 aptamus
3355 1229 3367 1264 :
3407 1211 3527 1280 quia

1951 1307 2076 1361 dum
2119 1306 2430 1360 admirando
2459 1305 2610 1360 cibus
2648 1305 2747 1360 iste
2779 1304 3117 1374 perqulritur,
3164 1303 3400 1372 corporis
3429 1303 3527 1356 do-

1953 1398 2132 1452 minici
2160 1413 2380 1452 munera
2423 1396 2778 1452 declarantur.
2822 1395 3070 1462 Addidit,
3100 1412 3280 1465 panem
3310 1393 3421 1450 coeli
3444 1395 3530 1448 de-
3573 1419 3576 1424 -

1951 1491 2027 1541 dit
2051 1490 2141 1542 eis.
2171 1489 2297 1553 Quis
2329 1499 2410 1542 est
2440 1489 2576 1543 alter
2606 1489 2756 1556 panis
2784 1488 2924 1554 caeli,
2957 1488 3060 1542 nisi
3087 1487 3328 1542 Christus
3354 1485 3528 1540 Domi-

1955 1595 2074 1644 nus,
2135 1583 2276 1634 unde
2312 1580 2551 1634 caelestia
2599 1580 2926 1648 spiritualem
2960 1593 3137 1634 escam
3185 1579 3421 1647 capiunt,
3476 1586 3531 1631 et

1953 1670 2309 1726 delectatione
2350 1670 2708 1726 intestimabili
2749 1670 3132 1740 perfruuntur?
3165 1670 3401 1738 Denique
3453 1669 3531 1723 sic

1952 1762 2210 1831 sequitur,
2244 1779 2426 1832 panem
2471 1763 2764 1833 angelorum
2801 1762 3123 1815 manducavit
3160 1760 3330 1815 homo.
3373 1758 3531 1812 Panis

289 1854 504 1905 deorum
529 1850 756 1903 crimina
784 1849 1127 1921 colliguntur.
1159 1849 1298 1905 Deus
1331 1850 1474 1903 enim
1506 1848 1854 1918 cogitationes
1887 1847 1930 1906 Β
1955 1868 2088 1924 ergo
2113 1855 2420 1923 angelorum
2460 1854 2594 1907 bene
2639 1853 2833 1907 dicitur
2875 1852 3153 1920 Christus,
3187 1851 3306 1920 quia
3346 1863 3531 1905 revera

287 1943 737 2006 murmurantium,
763 1942 922 1995 etiam
964 1941 1142 2009 lingua
1187 1941 1514 2010 quie~cente,
1539 1938 1848 2008 cognoscit,

286 2035 362 2102 qui
385 2034 530 2087 solus
557 2040 734 2102 potest
765 2033 1031 2087 internum
1067 2033 1392 2102 tacitumque
1424 2039 1703 2085 tractatum
1734 2038 1853 2090 tan-

283 2143 427 2194 quam
472 2127 760 2180 clamorem
807 2142 1011 2197 magna:
1043 2127 1188 2180 vocis
1227 2126 1431 2180 audire.
1485 2123 1590 2178 Sed
1638 2123 1854 2178 intende

281 2219 410 2288 quod
439 2220 585 2286 prius
616 2220 769 2284 dixit,
802 2218 1032 2283 distulit;
1058 2233 1198 2272 nunc
1233 2217 1463 2283 addidit,
1495 2215 1853 2285 superposuit;

280 2327 338 2362 ne
359 2310 400 2363 si
432 2309 729 2363 vindicaret
751 2310 815 2364 ad
845 2323 1103 2379 prazsens,
1128 2309 1438 2363 crederetur
1460 2315 1852 2362 murmurantes

277 2403 489 2455 minime
525 2402 722 2455 satiare
761 2402 1015 2470 potuisse.
1061 2401 1163 2455 Sed
1209 2401 1405 2453 distulit
1447 2400 1764 2463 vindictam,
1800 2407 1856 2452 ut

275 2492 578 2546 ostendent
610 2492 916 2560 patientiam
952 2509 965 2544 :
998 2477 1319 2562 superposuit
1348 2501 1523 2544 autem
1557 2505 1767 2556 moras,
1798 2497 1854 2542 ut

275 2584 637 2638 manifestaiet
674 2585 996 2653 potentiam;
1049 2592 1102 2637 et
1151 2593 1274 2636 tunc
1313 2589 1677 2651 competenter
1717 2581 1855 2634 ultus

272 2687 347 2729 est
378 2677 584 2744 culpas,
613 2675 825 2745 quando
853 2674 1152 2728 incredulas
1177 2681 1382 2727 mentes
1411 2687 1586 2725 rerum
1611 2672 1853 2742 ipsarum

273 2767 603 2836 p‘rfectinne
647 2765 898 2819 convicit.
937 2764 1224 2832 Sequitur,
1256 2774 1301 2816 et
1332 2762 1461 2832 ignis
1503 2777 1740 2815 accensus
1784 2769 1856 2814 est

274 2861 322 2910 in
362 2858 546 2912 Jacob.
589 2857 750 2910 Jacob
804 2855 1134 2924 significatur
1177 2853 1564 2922 supplantator,
1611 2851 1699 2921 qui
1747 2851 1854 2904 lre-

274 2962 498 3016 quenter
545 2964 574 3002 a
624 2956 773 3015 parte
805 2945 1019 3015 ponitur
1047 2945 1314 3014 gentium,
1344 2959 1460 3013 quo
1490 2943 1762 2997 venientes
1790 2941 1854 2996 ad

276 3042 542 3095 Christum
568 3081 584 3108 ,
619 3039 964 3093 lsraeliticum
1008 3038 1259 3108 populum
1304 3036 1673 3106 supplantasse
1706 3050 1858 3088 tuon-

279 3143 548 3200 strantnr,
602 3131 816 3203 quando
857 3132 961 3186 illis
1011 3129 1399 3185 introeuntibus
1426 3171 1440 3196 ,
1472 3129 1602 3184 istos
1647 3136 1858 3183 constat

280 3225 544 3292 expulsos.
584 3225 721 3293 l-Irgo
753 3223 803 3277 in
859 3221 1107 3292 gentibus
1157 3222 1273 3276 istis
1318 3236 1448 3290 quas
1492 3220 1723 3275 diximus
1765 3219 1858 3272 Ja-

279 3317 367 3367 rob
398 3317 613 3370 neniine
644 3315 931 3386 signiﬁcari
952 3357 965 3381 ,
1004 3317 1134 3388 ignis
1177 3317 1450 3370 cliaritatis
1482 3331 1722 3370 accensus
1754 3326 1860 3379 est;

280 3416 330 3457 et
373 3420 569 3476 quanto
614 3407 686 3462 illi
739 3409 1168 3462 murmuratione
1217 3407 1480 3477 profanati
1529 3416 1683 3472 sunt,
1714 3414 1861 3462 tanto

281 3498 294 3549 i
328 3500 365 3551 ti
413 3501 764 3556 confessionis
810 3502 1002 3555 ardore
1047 3501 1409 3568 profecerunt.
1441 3499 1678 3568 Addidit,
1714 3508 1759 3554 et
1787 3501 1866 3554 ira

277 3595 503 3646 ascendit
528 3595 580 3648 in
607 3593 793 3647 Israel.
824 3594 974 3649 Sicut
999 3595 1048 3647 in
1073 3592 1232 3647 Jacob
1261 3593 1570 3648 cltarilatem
1602 3610 1866 3648 accensam

278 3682 448 3747 dicit,
496 3685 568 3738 ita
601 3686 652 3738 in
711 3681 878 3738 Israel
923 3685 1051 3737 iram
1096 3685 1382 3738 ascendisse
1421 3685 1758 3754 pronuntiat,
1811 3692 1868 3738 ut

281 3771 354 3825 i‘lli
387 3775 813 3838 accenderentur
845 3777 909 3829 ad
939 3776 1199 3846 gratiam,
1233 3778 1317 3830 isti
1351 3778 1772 3845 perducerentur
1799 3777 1864 3831 ad

281 3865 515 3934 culpam.

356 3955 509 4013 Vers.
537 3959 631 4015 25.
667 3959 803 4026 Quia
831 3974 930 4012 non
970 3960 1293 4013 crediderunt
1339 3960 1393 4013 in
1449 3959 1556 4014 Deo
1604 3975 1728 4026 suo,
1779 3977 1870 4015 nec

274 4062 608 4114 speraverant
640 4053 694 4105 in
723 4052 942 4106 salutari
968 4056 1096 4124 ejus.
1131 4053 1256 4107 Ideo
1293 4053 1539 4122 superius
1569 4052 1700 4106 dixit
1734 4069 1747 4106 :
1779 4050 1870 4105 Ira

277 4143 512 4194 ascendit
537 4145 587 4195 in
619 4141 806 4206 Israel,
835 4151 890 4195 ut
919 4143 1224 4198 ostenderet
1248 4145 1574 4213 pertinaces;
1609 4159 1748 4199 nunc
1779 4160 1873 4198 au-

279 4238 394 4284 tem
428 4248 582 4288 causa
614 4233 782 4304 ipsius
803 4235 1178 4291 obstinationis
1196 4238 1499 4305 exponitur.
1529 4237 1662 4293 Dicit
1684 4239 1823 4293 enim
1854 4255 1867 4293 :

281 4320 412 4375 :"on
442 4342 519 4379 eos
545 4327 824 4382 credidisse
851 4328 903 4380 in
937 4326 1046 4382 Deo
1072 4345 1183 4383 suo.
1220 4328 1281 4382 Et
1315 4345 1382 4383 ne
1405 4331 1628 4383 alterum
1658 4341 1873 4397 putares

279 4425 411 4468 esse
443 4415 625 4479 Deum,
655 4418 920 4486 sequitur,
951 4435 1040 4473 nec
1070 4431 1393 4488 speraverant
1415 4421 1466 4472 in
1499 4421 1710 4474 salutari
1741 4424 1868 4492 ejus,

281 4502 334 4555 id
366 4509 532 4562 estin
568 4509 794 4564 Domino
838 4509 1149 4575 Saluatore;
1195 4521 1252 4565 ut
1301 4525 1404 4566 non
1457 4512 1628 4564 selum
1677 4512 1754 4565 eis
1787 4511 1871 4564 illa

277 4602 644 4654 tuumturatio
689 4601 946 4655 invidiam
975 4603 1190 4664 faceret,
1223 4617 1406 4656 verum
1433 4602 1594 4654 etiam
1624 4602 1871 4656 duritiam

280 4696 489 4746 mentis
519 4701 640 4762 post
669 4703 906 4748 secutam
935 4693 1234 4748 damnaret.

360 4781 517 4837 Vers.
551 4784 646 4839 ‘26.
681 4782 747 4837 Et
779 4785 1036 4837 mandavit
1080 4785 1294 4838 nubibus
1329 4785 1578 4853 desuper,
1619 4794 1665 4836 et
1685 4786 1878 4854 januas

278 4876 400 4929 ccli
442 4879 662 4946 aperuit.
713 4881 834 4932 lltec
874 4880 972 4932 suh
1020 4880 1286 4947 parabolis
1327 4889 1378 4934 et
1425 4880 1874 4948 propositionibus

277 4969 418 5038 dici,
451 4973 500 5026 in
526 4972 681 5026 initio
711 4972 826 5042 ipse
858 4982 1075 5026 testatus
1103 4981 1203 5027 est.
1239 4973 1466 5042 Ideoque
1507 4975 1753 5041 quamvis
1786 4989 1876 5041 per

282 5058 572 5117 historiam
625 5063 762 5116 facta
804 5063 1106 5126 videantur,
1139 5073 1345 5131 oportet
1381 5074 1552 5116 tamen
1585 5063 1768 5116 referri
1811 5062 1876 5115 ad

285 5150 579 5208 Dominum
613 5155 968 5222 Salvatorem,
994 5165 1050 5209 ut
1072 5155 1224 5209 nobis
1251 5165 1461 5208 constet
1483 5155 1732 5224 przedicta
1757 5171 1880 5208 sen-

282 5246 483 5298 tentia.
521 5244 826 5298 Mandatum
848 5256 923 5299 est
950 5247 1090 5300 enim
1123 5246 1357 5312 nubibus,
1386 5246 1434 5300 id
1458 5255 1540 5301 est
1571 5247 1880 5313 pra-dicato-

283 5332 470 5398 ribus,
521 5345 577 5388 ut
624 5351 720 5403 per
737 5340 932 5405 januas
978 5338 1124 5401 cteli,
1167 5335 1269 5391 hoc
1319 5345 1398 5391 est
1442 5351 1534 5406 per
1578 5337 1879 5404 Scripturas

285 5436 515 5482 Sancus
555 5427 864 5496 prtedicatio
891 5428 1120 5497 gloriosa
1153 5429 1436 5483 adventum
1475 5425 1878 5502 salutaris‘ied.,

287 5509 613 5586 Satvatoris]
630 5515 838 5571 Domini
861 5519 1148 5583 nuntiaret,
1168 5519 1253 5588 qui
1279 5533 1404 5574 vere
1421 5535 1609 5574 manna
1635 5523 1881 5587 sumitur,

290 5608 517 5672 quando
540 5608 801 5663 adorabili
829 5613 1312 5668 communicatione
1340 5623 1598 5685 gustatur.

369 5695 528 5752 ἵετε.
557 5698 645 5753 27.
686 5698 754 5752 Et
788 5700 916 5767 pluit
963 5702 1065 5756 illis
1096 5719 1284 5756 manna
1313 5708 1620 5760 manducare
1653 5721 1672 5758 :
1704 5722 1882 5776 panem

292 5789 421 5841 δι’ιὶ
443 5791 582 5844 dedit
607 5791 702 5844 eis.

1956 1947 2122 2014 ipsius
2153 1945 2309 2000 laude
2340 1955 2646 2015 pascuntur.
2680 1945 2859 2014 Neque
2904 1947 3046 2000 enim
3078 1943 3412 2013 corporalem
3441 1958 3531 2011 pa-

1956 2053 2076 2092 nem
2108 2038 2279 2108 angeli
2313 2039 2632 2093 manducare
2659 2036 2911 2092 credendi
2943 2047 3088 2103 sunt,
3137 2034 3232 2091 sed
3277 2035 3368 2090 illa
3402 2048 3531 2089 coir-

1956 2128 2300 2198 templatione
2329 2127 2560 2193 Domini,
2592 2143 2694 2198 qua
2727 2126 2973 2182 sublimis
3000 2134 3241 2181 creatura
3273 2125 3530 2180 reﬁcitur.

1955 2218 2150 2272 Verum
2181 2218 2264 2272 hic
2296 2221 2447 2289 panis
2473 2219 2528 2273 in
2556 2219 2695 2275 cmlo
2730 2219 2902 2287 replet
2940 2219 3194 2289 angelos,
3221 2227 3276 2272 et
3312 2231 3408 2272 nos
3442 2231 3534 2286 pa-

1957 2313 2051 2366 sci!
2095 2312 2145 2366 in
2177 2312 2333 2366 tetris
2365 2329 2378 2364 :
2411 2313 2529 2366 illos
2574 2311 3023 2381 contemplatione
3069 2310 3380 2374 delectans,
3439 2323 3533 2362 nos

1956 2412 2137 2457 sancta
2164 2403 2466 2455 visitatimte
2495 2402 2759 2458 reficiens.
2786 2401 3003 2458 Addidit
3026 2419 3038 2454 :
3064 2399 3535 2454 Frumentationens

1959 2495 2095 2546 misit
2117 2495 2188 2547 cis
2215 2495 2264 2547 in
2295 2494 2625 2547 abundantia.
2659 2493 2845 2547 Adhuc
2879 2495 2928 2547 in
2961 2491 3321 2562 superioribus
3347 2505 3530 2560 perse-

1959 2596 2127 2650 verat,
2162 2602 2347 2639 manna
2378 2585 2506 2639 illud
2539 2586 2986 2654 frumentationem
3035 2584 3250 2648 dicens,
3278 2597 3382 2636 non
3417 2580 3531 2639 [ru-

1960 2688 2225 2741 mentum;
2259 2688 2313 2731 ut
2339 2677 2480 2730 illam
2522 2677 2729 2743 cupiam
2769 2677 3128 2742 exprimeret,
3160 2689 3277 2744 quae
3315 2671 3537 2726 avidita-

1961 2777 2063 2823 tem
2099 2769 2274 2837 p0puli
2303 2769 2578 2836 praevaluit
2605 2783 2879 2838 superare.
2917 2766 3152 2835 Denique
3174 2765 3249 2819 sic
3274 2764 3534 2832 sequitur,

1958 2859 2011 2911 in
2039 2857 2383 2922 abundantia;
2415 2856 2540 2911 illud
2573 2858 2714 2911 enim
2755 2855 3017 2921 abundat,
3049 2853 3188 2924 quod
3229 2867 3332 2908 non
3361 2861 3538 2922 potest

1961 2950 2136 3019 aliqua
2161 2949 2412 3003 aviditate
2437 2949 2697 3002 consumi.

2034 3059 2185 3125 Vers.
2215 3058 2305 3112 2').
2341 3057 2621 3110 Transtulit
2651 3057 2896 3111 Austrum
2943 3057 3005 3110 de
3045 3054 3200 3121 (telo,
3250 3064 3297 3110 et
3336 3054 3540 3109 induxit

1885 3188 1934 3252 Ο
1961 3153 2013 3206 in
2042 3155 2225 3206 virtute
2255 3169 2348 3206 sua
2378 3152 2643 3222 Africum;
2671 3160 2718 3206 et
2746 3153 2874 3222 pluit
2903 3167 3052 3220 super
3087 3167 3172 3203 eos
3201 3150 3328 3203 sicut
3369 3148 3542 3218 pulve-

1966 3258 2071 3296 rem
2100 3259 2298 3306 carnes,
2339 3252 2386 3296 ct
2422 3241 2552 3295 sicut
2583 3257 2798 3294 arenam
2848 3243 3004 3294 maris
3043 3239 3272 3294 volatilia
3300 3248 3542 3311 pennata.

1965 3334 2229 3399 Quantum
2258 3333 2323 3386 ad
2357 3332 2633 3386 lii-teriam
2662 3332 2918 3400 pertinet,
2954 3333 3049 3386 hos
3081 3342 3266 3388 ventos
3295 3341 3544 3402 tanquam

1965 3423 2210 3478 vehicula
2240 3424 2373 3478 dicit
2395 3437 2514 3478 esse
2541 3432 2870 3492 procuratos,
2903 3423 2991 3494 qui
3012 3422 3215 3494 jussam
3241 3424 3450 3493 copiam
3479 3423 3545 3477 ad

1967 3515 2230 3568 destinata
2263 3523 2438 3568 castra
2470 3513 2845 3581 perdbcerent.
2876 3513 2980 3569 Sed
3020 3514 3140 3584 quia
3187 3523 3312 3570 sunt
3340 3522 3396 3568 et
3439 3514 3549 3583 spi-

1968 3607 2230 3660 thualiter
2256 3607 2582 3676 exponendi,
2609 3622 2746 3662 nunc
2773 3621 2864 3661 eos
2891 3607 3090 3674 positos
3113 3606 3214 3663 sub
3233 3606 3546 3677 quibusdam

1970 3696 2378 3765 figurationibus
2399 3697 2752 3768 inquiramns.
2778 3699 3021 3752 Austrum
3039 3708 3094 3754 et
3112 3700 3341 3768 Africum
3362 3709 3551 3754 ventos

1971 3789 2169 3842 scimus
2222 3804 2342 3844 esse
2382 3791 2737 3858 meridianos,
2790 3793 2876 3860 qui
2930 3806 2957 3844 a
2996 3801 3147 3858 parte
3191 3791 3452 3848 lucidiora
3498 3801 3552 3848 et

1972 3879 2294 3935 ferventiore
2320 3882 2673 3950 proveniunt;
2705 3883 2899 3952 quibus
2931 3883 3184 3938 ﬂantibus
3215 3884 3421 3954 pigrum
3461 3885 3554 3939 iri-

1971 3987 2068 4042 gos
2110 3973 2413 4042 expellitur,
2453 3982 2508 4027 et
2551 3974 2690 4027 aeris
2737 3982 3157 4042 temperamento
3209 3982 3552 4042 praestantur.

1973 4065 2063 4118 Sic
2085 4079 2210 4132 ergo
2235 4073 2290 4119 et
2310 4064 2471 4118 verba
2497 4062 2702 4117 Domini
2734 4064 3010 4119 cbaritatis
3035 4064 3156 4134 igne
3183 4064 3482 4134 ﬂagrantia,
3504 4067 3554 4120 in

1975 4154 2151 4208 Austri
2182 4153 2530 4208 similitudine
2573 4162 2732 4223 atque
2782 4155 2980 4224 Africi,
3015 4155 3214 4210 mundo
3263 4155 3556 4212 salutarem

1975 4243 2381 4315 temperantiam
2411 4247 2796 4313 prmstiterunt,
2830 4246 3180 4316 plneruntque
3207 4235 3368 4315 super
3393 4261 3559 4317 popu-

1976 4335 2058 4390 los
2093 4335 2312 4403 pabula,
2345 4335 2484 4390 unde
2513 4334 2745 4389 lidelium
2778 4336 2973 4390 animm
3001 4337 3325 4391 satiarentur
3355 4337 3561 4392 uberri-

1977 4444 2083 4482 me.
2122 4428 2295 4481 Pulvis
2319 4429 2459 4482 enim
2494 4429 2580 4481 hic
2607 4429 2874 4498 signiﬁcat
2905 4429 3269 4498 intelligentia:
3296 4430 3560 4486 subtilita-

1979 4529 2084 4576 tem
2106 4564 2117 4585 ,
2143 4537 2261 4590 qua:
2296 4523 2361 4575 ad
2394 4536 2656 4590 supernas
2684 4523 3038 4592 cogitationes
3062 4532 3326 4576 commota
3351 4537 3562 4588 semper

1978 4613 2246 4677 ascendit;
2278 4629 2432 4667 arena
2455 4629 2584 4668 vero
2614 4614 3052 4668 innumerabilem
3085 4614 3379 4682 prudentia:
3403 4615 3560 4684 267

1979 4706 2184 4774 copiam
2226 4705 2353 4759 salsi
2401 4706 2560 4758 maris
2591 4720 2784 4773 sapore
2813 4706 3083 4758 conditam
3115 4720 3130 4758 :
3173 4705 3402 4758 volatilia
3427 4719 3554 4770 pen-

1979 4805 2098 4847 nata
2123 4835 2136 4854 .
2168 4794 2408 4848 ccelestia
2433 4793 2698 4848 desideria
2726 4835 2742 4860 ,
2774 4794 2964 4861 quibus
2994 4793 3166 4847 anima
3196 4794 3389 4848 devota
3423 4794 3564 4848 velut

1979 4887 2229 4940 carnibus
2273 4885 2472 4939 referta
2517 4885 2848 4954 pinguescat.
2895 4886 3062 4939 Arena
3092 4899 3218 4938 vero
3247 4885 3421 4949 maris,
3453 4887 3565 4954 epi-

1984 4979 2165 5031 theton
2186 4983 2268 5030 est
2289 4977 2544 5029 decenter
2569 4975 2868 5044 appositum
2893 5018 2906 5041 ,
2928 4973 3176 5045 quoniam
3201 4983 3254 5028 et
3285 4972 3563 5027 ﬂuviorum

1987 5079 2108 5119 esse
2133 5072 2328 5132 potest,
2359 5079 2476 5132 quae
2506 5079 2610 5120 non
2639 5063 2798 5118 habet
2828 5063 2973 5118 hunc
2991 5077 3261 5133 saporem.

2060 5155 2211 5210 Vers.
2232 5155 2321 5211 50.
2352 5155 2419 5208 Et
2447 5156 2730 5209 ceciderunt
2758 5156 2812 5208 in
2844 5155 3009 5207 medio
3031 5163 3316 5206 castrorum
3343 5166 3550 5205 eorum:

1989 5245 2124 5299 circa
2154 5245 2484 5300 tabernacula
2509 5261 2705 5299 corum.
2735 5244 2805 5300 Ut
2827 5243 2993 5312 ipsam
3028 5257 3241 5313 quoque
3281 5239 3555 5296 difﬁculta-

1989 5348 2095 5393 tem
2140 5339 2382 5406 capiendi
2427 5337 2532 5392 cibi
2582 5337 3039 5392 murmurantibus
3096 5335 3412 5404 abrogaret,
3462 5350 3567 5390 non

1989 5431 2161 5486 solum
2207 5431 2342 5482 circa
2391 5428 2735 5493 tabernacula,
2772 5444 2956 5483 verum
2985 5428 3144 5484 etiam
3176 5427 3228 5480 in
3270 5425 3451 5479 mediis
3481 5443 3568 5480 ca-

1990 5522 2107 5575 stris
2136 5536 2316 5574 eorum
2347 5517 2476 5573 dicit
2504 5518 2740 5572 cecidisse
2768 5519 2908 5588 quod
2937 5532 3130 5587 magno
3169 5515 3443 5572 desiderio
3488 5532 3572 5570 re-

1994 5612 2298 5682 quirebant.
2331 5609 2510 5664 Castra
2551 5610 2692 5666 enim
2725 5626 2752 5664 a
2802 5611 3048 5665 castitate
3076 5609 3217 5665 dicta
3246 5619 3399 5675 sunt,
3432 5609 3571 5679 quod

1995 5706 2148 5759 bellis
2179 5704 2444 5758 exercitus
2487 5711 2779 5770 occupatus
2817 5703 2960 5758 ταιᾶο
3007 5703 3150 5757 luxui
3205 5719 3308 5757 non
3341 5714 3574 5758 vacaret.

2001 5797 2162 5853 Nobis
2193 5804 2368 5849 autem
2428 5794 2783 5862 signiﬁcatur,
2815 5794 2954 5867 quod
2996 5795 3132 5850 intra
3187 5810 3331 5865 septa
3383 5802 3579 5849 sancta:
