3952 6162
411 325 518 388 863

1639 337 1708 392 Μ.
1753 338 2028 394 AURELll
2073 338 2472 396 CASSIODORI
3523 343 3608 397 {ibi

417 451 674 509 Ecclesia:
697 453 870 507 omnia
899 465 1130 520 superna
1163 467 1382 508 munera
1409 469 1694 522 possumus
1717 457 1980 524 accipere,
2017 459 2068 518 A
2167 460 2318 515 Vers.
2348 461 2436 514 36.
2468 461 2592 514 Cum
2623 461 2868 514 occideret
2895 475 2996 521 eos,
3039 468 3158 511 tunc
3185 457 3466 525 inquirebant
3485 475 3609 524 cuin,-

413 545 458 598 si
481 545 682 612 expleri
700 543 838 596 bona
859 541 1126 596 desideria
1153 554 1334 598 nostra
1359 544 1540 599 divino
1567 562 1792 610 munere
1818 557 1995 617 postu-

413 631 609 688 lemus.
653 631 805 687 Unde
857 633 1244 689 inaestimabilis
1275 634 1442 690 virtus
1484 638 1746 692 sermOnis
1795 648 1906 702 est,
1937 647 1996 692 et

415 721 656 776 liistorite
691 722 848 776 ﬁdem
879 725 1174 790 complere,
1209 733 1266 778 et
1307 726 1674 795 spiritualibus
1711 729 1870 784 rebus
1913 731 1995 784 itt-

417 814 700 884 telligenda
731 825 848 870 con:
862 817 1070 869 radere.

486 927 642 983 Vera.
667 928 756 982 5i.
789 927 856 980 Et
879 931 1312 984 manducaverunt
1334 941 1380 984 et
1405 937 1625 987 saturati
1651 946 1770 988 sunt
1809 937 1992 999 nimis;

415 1030 465 1076 et
486 1022 794 1075 desiderium
825 1037 1000 1074 eorum
1022 1021 1192 1074 attulit
1217 1025 1308 1076 eis.
1332 1024 1473 1079 Ecce
1499 1028 1728 1081 convitti
1757 1042 1878 1082 sunt
1907 1032 1994 1098 qui

417 1110 528 1166 Deo
553 1113 748 1180 aliquid
773 1111 992 1166 difﬁcile
1019 1119 1356 1179 putaverunt.
1393 1113 1752 1182 Expleverunt
1784 1119 1994 1174 deside-

415 1199 555 1254 rium
585 1199 766 1254 carnis
797 1199 1004 1253 ratione
1031 1199 1235 1268 jejuni,
1271 1211 1458 1255 ventre
1487 1205 1662 1272 pleni,
1698 1191 1792 1259 se'd
1818 1220 1996 1263 meme

416 1290 590 1344 vacui.
618 1291 745 1346 Haec
777 1291 944 1360 ﬁgura
973 1291 1170 1346 dicitur
1197 1293 1562 1361 syncboresis,
1593 1295 1644 1350 id
1673 1309 1756 1352 est
1776 1313 1998 1354 conces-

417 1382 524 1447 sio,
545 1381 754 1450 quoties
785 1382 963 1450 aliqua
993 1384 1300 1452 importune
1345 1387 1775 1444 desiderantibus
1804 1407 1994 1447 conce-

420 1471 638 1538 duntur,
689 1487 809 1540 qua:
850 1473 916 1528 ad
949 1473 1234 1529 utilitatem
1269 1477 1504 1545 ipsorum
1563 1481 1832 1548 pertinere
1887 1499 1994 1536 non

423 1571 665 1631 possunt.

489 1676 643 1731 Vers.
677 1677 764 1732 5‘2.
795 1677 911 1731 Non
935 1687 1056 1732 sunt
1081 1680 1314 1748 fraudati
1343 1698 1374 1734 a
1401 1683 1655 1738 desiderio
1680 1702 1805 1752 suo;
1827 1689 1996 1743 adiuta

419 1781 548 1821 escae
571 1783 745 1821 eorum
766 1779 912 1821 erant
945 1769 998 1822 in
1041 1785 1127 1823 ore
1163 1771 1390 1841 ipsorum
1411 1790 1429 1826 :
1457 1783 1502 1826 et
1527 1775 1606 1828 ira
1639 1773 1731 1831 Dei
1764 1780 1994 1835 ascendit

415 1879 442 1916 8
449 1877 571 1930 ttper
589 1878 692 1916 €03.

493 1974 644 2032 Vers.
676 1975 763 2032 55.
817 1976 879 2031 Et
927 1981 1112 2033 occidit
1159 1981 1410 2047 plurimos
1459 1999 1674 2048 eorum;
1711 1998 1756 2039 et
1810 1963 1994 2041 electos

419 2061 588 2122 Israel
614 2069 890 2137 impedivit.
929 2069 1085 2126 Venit
1125 2072 1190 2125 ad
1233 2074 1468 2141 quintam
1514 2087 1740 2144 partem.
1773 2078 1884 2133 lloc
1913 2091 1994 2133 est

421 2157 562 2212 enim
593 2159 734 2227 quod
755 2158 889 2214 dixit
914 2164 1159 2229 superius
1192 2181 1205 2216 :
1233 2163 1444 2219 Distulit
1473 2177 1528 2222 et
1555 2173 1866 2237 superpositi
1892 2211 1906 2231 ,
1939 2180 1993 2224 ut

421 2261 522 2302 non
567 2250 932 2318 [nudarentur
973 2269 1006 2305 a
1052 2255 1303 2309 desiderio
1344 2273 1436 2310 suo
1467 2273 1485 2311 :
1514 2274 1578 2312 ne
1625 2261 1989 2328 impotentiam

423 2345 547 2410 Dei,
580 2361 736 2416 quam
767 2349 1024 2418 sacrilega
1080 2359 1260 2404 mente
1306 2363 1703 2420 conceperant,
1738 2369 1831 2422 per
1857 2354 1994 2407 dilti-

419 2440 667 2492 eultatem
695 2440 950 2506 desiderii
980 2443 1060 2495 sui
1096 2441 1316 2496 forsitan
1354 2445 1788 2511 cmnprobarent.
1822 2443 1995 2500 Frau-

422 2527 529 2578 dati
556 2543 583 2579 a
637 2527 821 2582 fraude
861 2529 1035 2594 venit;
1077 2530 1221 2584 fraus
1255 2531 1396 2586 enim
1425 2533 1620 2588 dicitur
1649 2537 1796 2604 quasi
1829 2537 1991 2592 fracta

422 2619 571 2672 tiles.
627 2619 814 2676 Satiali
867 2631 992 2676 sunt
1040 2637 1166 2690 ergo
1215 2625 1280 2676 ad
1331 2639 1482 2679 suam
1535 2627 1771 2694 ruinam;
1808 2647 1910 2683 non
1940 2641 1995 2684 ut

419 2711 544 2766 inde
575 2713 829 2778 viverent,
861 2713 951 2768 sed
983 2715 1154 2782 potius
1195 2715 1494 2770 interirent.
1525 2717 1656 2770 Nam
1702 2721 1824 2773 vide
1867 2721 1992 2786 quid

417 2805 656 2874 sequitur
688 2822 702 2858 :
729 2806 900 2858 adhuc
925 2821 1073 2862 escae.
1103 2823 1278 2860 eorum
1327 2820 1468 2862 erant
1509 2812 1562 2863 in
1615 2827 1702 2865 ore
1732 2813 1994 2883 ipsorum;

418 2899 622 2953 scilicet
651 2899 775 2952 dum
809 2913 1002 2954 manna
1046 2909 1100 2954 et
1129 2901 1459 2956 coturnicum
1511 2903 1761 2958 carnibus
1812 2919 1994 2958 vesce-

416 2998 620 3042 rentur.
655 2987 788 3042 Esca
818 2990 960 3044 enim
999 2989 1068 3043 ab
1114 2990 1322 3044 edendo
1363 2990 1502 3044 dicta
1544 3001 1644 3046 eV-t.
1681 2992 1918 3056 Addidit,
1947 3007 1992 3047 et

416 3080 498 3132 ira
537 3077 633 3133 Dei
673 3080 902 3133 ascendit
940 3097 1090 3149 super
1133 3096 1235 3133 eos.
1283 3077 1352 3132 Et
1393 3081 1578 3134 occidit
1629 3083 1876 3146 plurimos
1903 3099 1990 3136 eo-

416 3185 552 3237 rum,
571 3178 618 3224 et
641 3169 820 3224 electos
845 3167 1010 3224 Israel
1029 3169 1310 3236 impedivit.
1337 3168 1432 3222 Hic
1459 3169 1604 3224 illam
1632 3171 1796 3225 Exodi
1827 3171 1990 3226 histo-

417 3259 554 3314 riam
587 3259 752 3327 tangit
775 3257 972 3328 (Exod.
1003 3275 1168 3323 xxxii,
1197 3259 1271 3328 l).
1298 3259 1534 3316 Absente
1561 3261 1754 3330 quippe
1783 3263 1986 3334 Moyse,

416 3350 507 3420 qui
529 3350 698 3418 legem
719 3349 926 3404 Domini
951 3351 1274 3419 suscipiebat
1295 3352 1347 3405 in
1375 3361 1578 3419 monte,
1602 3364 1785 3407 contra
1811 3359 1990 3410 Aaron

423 3441 648 3508 populus
676 3441 906 3496 surrexit
937 3442 1172 3504 insanus,
1210 3452 1468 3510 eXpetens
1516 3443 1615 3496 sibi
1641 3445 1834 3499 debere
1861 3446 1990 3500 deos

423 3534 557 3600 tieri,
583 3533 718 3588 sicut
737 3533 911 3588 omnis
925 3534 1200 3586 videbatur
1224 3533 1420 3586 habere
1435 3535 1721 3601 gentilitas.
1744 3517 1992 3589 Factum-

421 3641 524 3693 que
565 3633 646 3679 est
671 3635 814 3690 tunc,
845 3634 903 3678 ut
941 3625 1136 3676 vitulus
1180 3623 1271 3677 ille
1316 3623 1577 3678 nefandus
1608 3627 1795 3691 exiret,
1838 3625 1992 3694 cujus

421 3716 628 3791 t-ultura
649 3715 750 3783 ipsi
779 3723 934 3770 erant
964 3715 1146 3783 utique
1176 3713 1444 3782 mugituri.
1480 3715 1628 3768 Tunc
1657 3716 1821 3769 iratus
1851 3716 1992 3771 Deus

419 3809 556 3864 dixit
581 3808 781 3878 Moysi,
822 3809 1058 3878 graviter
1089 3821 1340 3876 peccasse
1367 3807 1617 3874 pupulum
1645 3807 1948 3863 Judmorum
1975 3825 1989 3860 :

421 3915 528 3968 quo
549 3900 907 3956 descendente
929 3898 1070 3952 facto
1097 3908 1359 3951 conventu
1387 3897 1570 3966 viginti
1595 3901 1692 3951 tria
1713 3898 1876 3952 t'uillia
1903 3914 1997 3952 eo-

421 4007 538 4046 rum
573 3991 818 4060 leguntur
847 3991 1144 4054 exstincta;
1189 3998 1241 4042 et
1269 3989 1477 4052 Aaron,
1528 3990 1615 4056 qui
1648 3997 1762 4042 crat
1791 3989 1996 4042 electus

423 4083 654 4148 Domini,
691 4091 906 4150 propter
949 4096 1043 4135 eos
1072 4067 1264 4134 cecidit
1319 4082 1370 4134 in
1423 4087 1650 4134 reatum.
1709 4081 1796 4134 Sic
1849 4081 1993 4135 enim

420 4173 556 4228 dixit
585 4189 605 4228 ἒ
628 4173 916 4226 Percussus
944 4179 1024 4226 cst
1047 4171 1272 4238 populus
1304 4181 1518 4239 propter
1545 4179 1818 4238 peccatum
1849 4171 1996 4225 vituli

419 4279 580 4332 quem
615 4263 738 4318 fecit
770 4264 968 4316 Aaron.
1001 4261 1236 4326 Quorum
1289 4261 1524 4326 pessima
1555 4263 1904 4315 marmoratio
1944 4273 1997 4315 ct

421 4355 594 4423 ipsum
618 4368 830 4422 quoque
857 4354 1070 4422 Moysen
1099 4351 1390 4420 impedivit,
1415 4352 1626 4422 quando
1651 4353 1784 4406 dixit
1809 4370 1821 4405 :
1851 4353 1997 4406 t't’un-

419 4447 542 4502 ouid
563 4446 626 4498 de
653 4455 794 4514 petra
815 4445 909 4498 hac
932 4445 1070 4498 vobis
1093 4461 1278 4515 aquam
1299 4445 1576 4515 poterimus
1605 4447 1785 4517 ejicere
1809 4441 1995 4516 (Num.

421 4554 510 4605 xx,
543 4539 670 4608 l0)?
712 4539 936 4607 Propter
957 4538 1095 4602 quod
1130 4538 1348 4592 verbum
1385 4537 1687 4607 prohibitus
1716 4539 1868 4591 estin
1893 4547 2000 4592 ter-

423 4651 540 4692 ram
585 4634 952 4702 premissionis
995 4633 1216 4688 intrare.
1261 4631 1351 4688 Sic
1397 4647 1525 4701 ergo
1572 4631 1764 4685 factum
1797 4640 1911 4697 est,
1945 4643 2002 4686 ut

422 4729 609 4783 electos
637 4723 806 4779 Israel
835 4725 1167 4793 peccantium
1198 4723 1515 4792 protervitas
1556 4722 1856 4790 impediret.

497 4841 648 4896 Vers.
697 4837 788 4894 δι.
824 4837 888 4892 In
927 4837 1160 4892 erunibus
1215 4835 1295 4890 Itis
1345 4845 1673 4906 peccaverunt
1717 4833 1906 4899 adhuc,
1957 4845 2003 4889 et

420 4951 519 4988 non
551 4931 874 4998 crediderunt
903 4934 955 4988 in
975 4929 1289 4998 mirabilibus
1311 4931 1441 4997 ejus.

491 5023 648 5080 Ἶρι-ε.
680 5024 769 5077 '55.
817 5020 886 5075 Et
913 5023 1202 5092 defuerunt
1253 5022 1304 5072 in
1339 5022 1562 5073 vanitate
1599 5021 1705 5073 dies
1733 5037 1926 5086 eorum,
1951 5033 1997 5074 et

417 5117 561 5174 anni‘
581 5133 754 5170 eorum
778 5133 889 5169 (ιι-η
925 5099 1216 5186 festinantia
1247 5111 1370 5182 [ηιςἓ
1395 5113 1484 5178 A.,
1509 5111 1873 5182 festinatione].
1907 5114 1994 5166 llla

419 5209 597 5276 potius
642 5217 854 5276 peccata
906 5215 1230 5276 exaggerant
1264 5205 1425 5258 [leum
1455 5243 1469 5266 ,
1517 5218 1636 5271 qua:
1695 5205 1996 5270 angmentis

418 5298 673 5364 gravibus
700 5309 912 5364 semper
934 5303 1269 5348 accrescunt.
1317 5293 1383 5346 Et
1411 5293 1684 5360 quoniam,
1723 5308 1813 5344 nec
1837 5293 1994 5344 mira-

417 5387 606 5442 bilibus
654 5391 764 5452 eius
799 5386 1004 5440 credere
1044 5385 1341 5447 voluerunt,
1387 5385 1492 5450 dies
1532 5398 1708 5440 eorum
1755 5382 1999 5452 defecisse

421 5477 581 5544 dicit,
615 5463 763 5546 quasi
817 5475 1062 5550 languida
1107 5477 1227 5528 tabo
1273 5484 1640 5540 consumptos.
1690 5472 1808 5536 Dies
1857 5474 1997 5528 enim

367 5639 372 5642 _
423 5581 762 5642 peccatomtn
796 5587 911 5624 cunt
940 5569 1264 5640 festinatione
1296 5577 1569 5622 transeunt
1593 5608 1606 5631 ,
1653 5571 1788 5622 sicut
1817 5575 1871 5621 et
1900 5567 1998 5620 ali-

421 5659 475 5714 bi
508 5659 763 5728 scriptum
796 5673 876 5715 est
908 5679 924 5715 :
965 5660 1076 5716 Viri
1099 5660 1404 5730 sanguinum
1433 5669 1482 5712 et
1513 5660 1680 5713 dolosi
1715 5675 1814 5712 non
1845 5659 1994 5712 dimi.

423 5749 640 5810 diabunt
665 5750 771 5804 dies
795 5767 912 5804 suos
939 5751 1114 5825 (Ptol.
1145 5767 1250 5821 LIV,
1269 5751 1379 5820 Ἦ).

2099 561 2145 604 et
2173 552 2590 604 convertebantur
2619 561 2738 603 ante
2758 552 2920 602 lucem
2945 590 2960 614 ,
2991 559 3036 604 et
3061 549 3314 602 veniebant
3331 551 3392 601 ad
3407 567 3526 603 eum.

2169 689 2321 744 Vers.
2350 667 2437 744 ὅθ.
2477 689 2539 741 Et
2571 690 2836 742 mqmorati
2877 698 2992 741 sunt
3023 688 3142 758 quia
3182 684 3308 739 Dens
3335 689 3518 758 adjutor
3545 707 3616 744 ea-

2095 797 2210 833 rum
2239 793 2346 844 est,
2391 790 2440 832 et
2483 780 2620 833 Deus
2668 778 3178 862 excelsus‘liberator
3217 794 3375 831 eorum
3414 791 3494 834 est.
3522 782 3616 834 Non

2097 873 2194 939 ipsi
2231 872 2576 940 is‘quisicrnnt
2603 873 2766 925 Deum
2792 885 2923 940 quos
2945 871 3073 924 dicit
3102 873 3332 934 occisos;
3361 872 3442 926 sed
3467 888 3622 926 exem-

2096 963 2184 1031 plo
2214 965 2394 1016 talium
2421 963 2569 1018 turba
2603 963 2802 1031 reliqua
2827 961 3159 1027 supplicavit.
3196 960 3450 1014 Justorum
3475 963 3626 1030 itaque

2093 1053 2424 1106 consuetudo
2460 1063 2560 1115 est,
2604 1053 2718 1103 sive
2748 1059 3028 1116 antequam
3072 1049 3207 1100 mala
3242 1049 3502 1114 patiantur,
3527 1053 3621 1105 sive

2091 1155 2213 1195 cum
2239 1143 2530 1208 patiuntur,
2553 1139 2716 1192 Deum
2750 1137 2973 1191 ﬁdeliter
3000 1153 3256 1205 quievere.
3284 1138 3522 1193 Scelerati
3549 1145 3654 1216 att-‘5

2096 1237 2201 1284 tem
2238 1239 2360 1282 tunc
2406 1229 2468 1281 ad
2501 1230 2670 1296 ipsum
2729 1229 2962 1280 instabili
2993 1229 3264 1282 voluntate
3309 1217 3646 1297 conrurrunt,:
3709 1271 3718 1280 .

2094 1319 2304 1386 quando
2325 1319 2494 1386 aliqua
2530 1318 2846 1371 necessitate
2875 1319 3174 1372 turbantur.
3207 1317 3450 1372 .Iudaicus
3477 1301 3650 1388 itaquei

2095 1395 2319 1477 populus
2363 1421 2486 1463 tunc
2519 1409 2691 1462 timuit
2721 1410 2850 1461 iram
2899 1409 3024 1471 Dei,
3077 1409 3287 1477 quando
3323 1411 3487 1462 socios
3525 1425 3633 1464 suos

2092 1505 2346 1559 cernebat
2379 1502 2676 1572 exstingui;
2707 1491 3002 1556 eo‘scilicet
3035 1511 3271 1570 tempore
3297 1517 3414 1558 cum
3443 1503 3566 1570 ignis
3585 1504 3640 1556 de

2093 1595 2232 1648 cmlo
2272 1593 2604 1648 descendens
2635 1593 2809 1664 (sicut.
2844 1593 2896 1645 in
2946 1592 3298 1647 Numerorum
3344 1595 3471 1648 libro
3505 1594 3638 1664 (Cap.

2096 1701 2214 1748 xvt,
2248 1683 2338 1753 49)
2389 1682 2600 1753 legitur)
2628 1684 3055 1766 .quatuordecitn
3109 1683 3270 1736 millia
3313 1686 3647 1754 septingentos

2094 1776 2314 1838 occidit,
2351 1776 2599 1843 quoniam
2635 1775 2798 1844 Moysi
2829 1783 2884 1829 et
2927 1779 3103 1828 Aaron
3153 1785 3368 1843 propter
3399 1776 3644 1829 interitum

2027 1829 2069 1887 Β
2097 1865 2232 1919 Core
2259 1866 2634 1934 sociormuque
2661 1863 2776 1933 ejus
2807 1865 3094 1919 seditiones
3121 1861 3492 1933 injustissimas
3519 1883 3650 1921 com-

2097 1961 2400 2012 movebant.
2436 1959 2562 2011 Nam
2593 1959 2733 2027 quod
2757 1959 3015 2027 sequitur.
3045 1967 3091 2012 et
3121 1963 3530 2014 amwertcbantnr
3553 1974 3655 2016 ante

2096 2049 2287 2114 lucem,
2332 2059 2378 2102 et
2409 2051 2666 2103 veniebant
2697 2051 2762 2103 ad
2791 2067 2940 2112 cum;
2989 2060 3036 2104 et
3084 2055 3358 2108 memorati
3399 2063 3512 2108 sunt
3554 2057 3658 2124 quia

2095 2139 2233 2194 Dens
2257 2143 2465 2208 adiutor
2491 2158 2666 2195 eorum
2692 2155 2794 2207 est,
2824 2152 2869 2196 et
2906 2143 3038 2195 Deus
3071 2143 3306 2196 excelsus
3333 2145 3562 2198 liberator
3587 2162 3661 2197 eo-

2093 2247 2207 2284 rum
2235 2242 2340 2296 ast,
2375 2231 2502 2284 illttd
2538 2231 2835 2301 signiﬁcat,
2882 2235 3094 2301 quando
3138 2235 3370 2289 Domino
3419 2237 3663 2290 irascente

2093 2319 2296 2374 Judnici
2329 2321 2506 2389 p0pnli
2558 2335 2804 2376 extrema
2841 2334 3138 2378 castrorum
3173 2325 3361 2380 divino
3405 2327 3526 2397 igne
3552 2343 3664 2380 con-

2095 2422 2304 2479 sumpta
2337 2420 2492 2472 sunt;
2537 2425 2641 2478 quo
2689 2413 2825 2488 facto
2855 2411 3072 2484 Moysen
3125 2427 3456 2486 rogaverunt
3499 2427 3554 2470 ut
3583 2434 3667 2484 pro

2095 2511 2170 2562 eis
2197 2509 2418 2561 Domino
2441 2501 2781 2575 supplic-aret.
2817 2509 2938 2561 Pius
2968 2525 3096 2574 ergo
3127 2511 3179 2564 in
3215 2512 3338 2566 luce
3369 2523 3516 2582 rogat
3537 2554 3550 2574 ,
3579 2512 3669 2566 im-

2097 2601 2213 2668 p'us
2241 2609 2357 2650 ante
2385 2599 2575 2658 lucem,
2608 2599 2746 2651 sicut
2776 2599 3030 2666 scriptum
3057 2611 3179 2654 est:
3219 2599 3284 2654 In
3322 2620 3505 2655 mnum
3548 2603 3673 2654 vobis

2095 2699 2168 2743 est
2196 2699 2311 2742 ante
2342 2691 2504 2742 lucem
2533 2705 2738 2760 surgere
2763 2689 2932 2758 (l’sal.
2961 2706 3151 2756 cxxvr,
3197 2693 3273 2762 Ι).
3301 2694 3411 2748 Sed
3458 2695 3554 2748 hoc
3591 2709 3678 2763 pro

2096 2782 2376 2837 formidine
2402 2783 2649 2834 videntur
2685 2781 2870 2834 fecisse
2903 2783 3162 2850 periculi,
3201 2800 3311 2840 non
3349 2787 3554 2840 timoris
3597 2802 3678 2840 su-

2097 2875 2242 2943 perni
2279 2891 2290 2926 :
2324 2873 2570 2939 quoniam
2597 2873 2815 2926 inferius
2842 2873 3015 2928 adhuc
3043 2875 3112 2928 de
3145 2891 3347 2931 eorum
3379 2877 3682 2930 inﬁdelitate

2093 2968 2332 3021 ὁὶιςιιιιυε
2379 2976 2480 3020 est.
2527 2968 2590 3020 Et
2639 2978 2762 3020 nota
2805 2968 2941 3034 quod
3001 2969 3082 3022 hic
3125 2970 3328 3038 legitur
3372 2972 3682 3024 liberatorem

2095 3059 2304 3114 Patrem
2331 3103 2344 3122 .
2377 3053 2566 3114 liberat
2597 3076 2806 3129 quoque
2829 3069 2881 3113 ct
2913 3061 3074 3116 Filius
3095 3106 3109 3128 ,
3141 3065 3292 3118 sicut
3325 3065 3380 3118 in
3415 3063 3688 3132 Evangelia

2021 3187 2064 3250 Ο
2097 3153 2286 3221 legitur
2319 3170 2332 3206 :
2367 3151 2426 3207 Si
2467 3168 2548 3204 vos
2577 3150 2744 3203 Fi'ins
2779 3151 3082 3218 liberaverit,
3118 3164 3246 3206 tunc
3284 3171 3405 3208 vere
3429 3154 3569 3206 liber:
3599 3153 3687 3206 eri-

2095 3245 2156 3296 tis
2190 3243 2364 3312 (ιΙοίιη.
2393 3259 2506 3305 vui,
2537 3241 2650 3306 55).
2685 3243 2894 3296 Liberet
2936 3244 3094 3297 etiam
3151 3243 3406 3314 Spiritus
3451 3253 3692 3308 sanctus,

2093 3335 2230 3390 sicut
2277 3334 2498 3399 Aposul
2541 3347 2565 3385 s
2601 3332 2768 3385 dicit:
2807 3335 3029 3396 Sp’ritus
3079 3336 3200 3388 vita:
3253 3339 3310 3388 in
3343 3335 3553 3389 Christo
3577 3333 3692 3387 Jesu

2093 3427 2320 3480 liberavit
2351 3441 2431 3487 me
2469 3441 2500 3475 a
2543 3425 2652 3494 lege
2676 3425 2870 3492 percuti
2913 3435 2959 3474 et
3009 3427 3197 3478 mortis
3251 3425 3444 3492 (Rom.
3473 3441 3590 3488 vttt,
3619 3423 3696 3493 ολ).

2095 3515 2246 3572 Unde
2276 3516 2490 3569 dubium
2527 3533 2628 3566 non
2671 3531 2700 3567 e
2735 3525 2753 3566 t
2781 3527 3017 3567 sanctam
3047 3513 3396 3571 Trinitatem
3427 3517 3698 3586 aequaliter

2095 3623 2275 3678 posse,
2307 3605 2578 3674 :Pqttaiitt‘t‘
2611 3607 2830 3672 implere
2861 3606 2999 3673 quod
3029 3605 3166 3658 vult.

2171 3701 2319 3753 Vers.
2369 3698 2436 3751 '58
2507 3694 2572 3749 Et
2609 3697 2895 3750 dilexerunt
2932 3713 3046 3750 cum
3075 3699 3129 3750 in
3157 3715 3260 3754 ore
3291 3717 3419 3766 suo,
3463 3709 3516 3754 et
3537 3700 3704 3768 lingua

2095 3806 2189 3843 sua
2217 3790 2406 3842 mentiti
2432 3797 2550 3842 sunt
2577 3787 2646 3842 ei.
3475 3801 3480 3806 ρ

2167 3931 2322 3984 Vers.
2345 3929 2432 3984 59.
2465 3927 2565 3982 Cor
2587 3937 2758 3982 autem
2785 3944 2961 3982 eorum
2995 3943 3096 3980 non
3125 3937 3212 3982 est
3244 3941 3457 3985 rectum
3479 3945 3598 3982 cum
3623 3941 3710 3989 eo;

2097 4039 2188 4076 nec
2215 4023 2340 4090 fides
2373 4022 2496 4094 [τηε.
2537 4023 2626 4090 Α.,
2661 4038 2747 4074 nec
2792 4021 2970 4090 ﬁdeles
3018 4020 3192 4075 habiti
3227 4022 3392 4095 sunt]
3445 4023 3622 4076 habita
3649 4027 3716 4072 est

2097 4113 2202 4166 illis
2224 4115 2276 4165 in
2301 4121 2598 4166 testamento
2636 4113 2766 4183 ejus.
2803 4111 2956 4165 Venit
2991 4112 3054 4164 ad
3089 4121 3326 4167 sextarii
3363 4123 3602 4184 partem,
3637 4111 3716 4164 ubi

2095 4203 2309 4258 Judzcos
2361 4203 2550 4256 iterum
2613 4203 2678 4255 ad
2737 4202 2920 4270 culpas
2971 4201 3216 4257 rediisse
3271 4211 3723 4260 commemorat:

2101 4297 2264 4350 Deum
2288 4307 2464 4348 tamen
2490 4295 2764 4349 misertutn
2791 4295 2894 4348 illis
2907 4309 3024 4348 esse
3041 4295 3341 4351 declarat.
3379 4299 3528 4352 Dicit
3551 4296 3722 4352 enim:

2103 4383 2167 4448 Et
2195 4386 2484 4438 dilexerunt
2508 4400 2642 4436 eum
2693 4385 2746 4436 in
2791 4400 2878 4436 ore
2907 4401 3019 4448 suo,
3069 4393 3118 4437 et
3169 4386 3378 4456 lingua
3412 4404 3514 4441 sua
3537 4383 3730 4439 mentiti

2099 4485 2214 4528 sunt
2245 4472 2325 4527 ei.‘
2355 4474 2446 4529 Sic
2492 4475 2712 4543 contigit
2749 4477 2829 4530 eis
2873 4475 2962 4542 qui
2999 4487 3058 4528 se
3113 4485 3338 4542 putant
3401 4493 3504 4546 per
3558 4477 3727 4530 solum

2031 4553 2078 4612 ί)
2102 4567 2322 4624 credere
2346 4567 2612 4620 timorem.
2637 4565 2770 4619 Nam
2801 4567 2844 4618 si
2879 4565 3016 4620 Deus
3039 4566 3229 4622 mixto
3265 4585 3477 4625 amore
3501 4585 3610 4623 non
3626 4580 3734 4619 me-

2107 4669 2306 4724 tuatur,
2337 4669 2447 4714 toto
2471 4659 2634 4714 corde
2657 4673 2759 4712 non
2787 4660 3060 4727 quiet-itur.
3089 4659 3224 4715 Hoc
3257 4665 3424 4716 enim
3457 4669 3736 4731 peccatum

2103 4761 2314 4806 constat
2360 4753 2701 4812 acerrimum,
2735 4759 2793 4804 ut
2839 4751 3011 4817 lingua
3039 4765 3102 4804 se
3143 4754 3234 4808 illi
3271 4755 3546 4810 conﬁteri
3577 4753 3738 4814 diem,

2104 4842 2230 4896 dum
2259 4843 2436 4896 cordis
2466 4843 2568 4895 ima
2600 4841 2936 4896 dissentiant.
2969 4841 3142 4907 Quasi
3183 4861 3336 4900 vero
3363 4847 3466 4902 ille
3495 4861 3604 4900 non
3628 4859 3742 4898 om—

2105 4933 2188 4986 nia
2229 4941 2517 5000 cognoscat
2563 4948 2682 5000 qua:
2731 4941 2957 4999 aguntur
3007 4934 3410 5002 intrinsecus,
3465 4937 3586 5007 qui,
3617 4933 3742 4987 sicut

2103 5023 2311 5092 legitur,
2339 5022 2608 5076 Scrutator
2629 5031 2702 5074 est
2729 5023 2898 5075 cordis
2937 5032 2981 5074 et
3017 5039 3222 5076 renum
3253 5027 3452 5095 (Psal.
3479 5043 3580 5088 vn,
3615 5027 3746 5088 10),

2103 5125 2156 5170 et
2183 5131 2330 5168 more
2353 5113 2693 5168 humanitatis
2723 5115 2850 5167 illud
2877 5114 3046 5167 solum
3075 5117 3298 5170 audiat
3325 5160 3344 5184 ,
3381 5119 3538 5188 quod
3575 5118 3746 5184 lingua

2105 5205 2418 5274 proclamat.
2448 5205 2579 5258 Nam
2608 5206 2696 5273 qui
2724 5206 2840 5272 ejus
2873 5205 3222 5262 teetitnoniis
3259 5209 3526 5264 [ide-liter
3551 5209 3752 5270 credit,

2102 5297 2218 5363 ipse
2262 5309 2382 5348 eum
2413 5293 2674 5347 veraciter
2699 5293 2889 5362 diligit.
2923 5293 3080 5346 Fides
3119 5298 3293 5349 enim
3349 5299 3509 5352 dicta
3541 5305 3660 5358 est,
3690 5293 3754 5346 ab

2103 5401 2168 5438 eo
2198 5387 2335 5452 quod
2365 5385 2494 5436 liant
2531 5384 2696 5436 dicta.
2729 5383 2816 5438 Sic
2839 5384 2994 5436 etiam
3025 5382 3334 5442 Dominus
3373 5393 3502 5459 ipse
3533 5397 3760 5443 testatur

2103 5475 2286 5532 dicens
2333 5491 2347 5530 :
2381 5473 2612 5544 Populus
2651 5475 2732 5527 hic
2771 5473 2917 5527 labiis
2951 5491 3026 5526 me
3065 5474 3379 5546 honorat,
3441 5499 3538 5533 cor
3587 5489 3758 5533 autem

2105 5583 2278 5618 eorum
2303 5567 2450 5636 longe
2479 5575 2600 5618 esta
2625 5581 2701 5617 me
2739 5563 2890 5634 (1εαὶ.
2926 5579 3070 5622 uls.
3107 5567 3241 5636 1⁸5).
3279 5569 3368 5624 De
3403 5573 3614 5642 quibus
3649 5585 3764 5624 me-

2105 5658 2207 5710 rito
2239 5657 2402 5710 Isaias
2430 5657 2684 5725 propheta
2710 5665 2933 5708 testatur
2961 5657 3168 5710 dicvns
3189 5675 3206 5710 :
3235 5659 3316 5712 Et
3341 5677 3545 5714 nereus
3563 5663 3767 5730 ferreus

2109 5748 2296 5804 (illum
2324 5755 2461 5798 turm
2483 5789 2494 5808 ,
2515 5755 2558 5796 et
2583 5745 2724 5812 frons
2755 5756 2841 5796 tua
2867 5760 2998 5796 terra
3018 5741 3248 5810 (Idem.
3293 5767 3498 5813 xui",
3537 5748 3620 5814 4),
