3952 6162
356 375 446 439 res

1240 373 1598 430 exrosmo
1641 371 1702 425 1N
1744 370 2198 425 rssL'renn::-a.
2245 369 2433 424 rs.—\L.
2476 370 2730 426 Lxxvu.
3486 368 3588 426 εδδ

409 498 553 554 Vers.
588 499 677 554 40.
707 497 823 570 Ipse
843 507 1015 552 autem
1046 504 1116 550 cst
1148 495 1430 549 misericors
1450 534 1464 559 ,
1494 501 1542 546 et
1572 490 1821 561 propitius
1851 489 1909 558 ﬁt
1937 495 1982 548 Α
2015 488 2120 541 rito
2151 502 2280 556 ergo
2311 487 2457 557 signa
2494 497 2539 540 et
2565 565 2568 568 g
2581 485 2816 556 prodigia
2853 491 2978 538 sunt
3022 484 3281 553 appellata
3302 525 3317 548 ,
3363 499 3485 554 qua:
3535 485 3586 538 in

344 590 548 660 peccatis
575 605 779 652 eorum,
806 598 856 642 et
893 605 992 641 non
1019 585 1274 657 disperde!
1301 601 1405 639 eos.

409 677 550 731 Vers.
583 678 672 732 4|.
720 677 785 730 Et
826 676 1101 730 abundavit
1131 683 1185 728 ut
1231 681 1474 727 auerteret
1508 671 1640 724 iram
1678 683 1826 722 suam
1849 667 1912 719 ab

345 771 405 820 eis
437 769 642 838 :268
665 778 710 821 et
743 784 845 822 non
891 767 1120 822 accendit
1166 783 1364 820 omnem
1394 757 1522 818 iram
1557 777 1725 816 suam.
1780 759 1912 815 Illud

346 859 419 912 hic
445 860 749 928 exemplum
782 875 886 912 non
930 859 1378 913 inconvenienter
1408 854 1714 924 apponitur,
1747 867 1914 920 quan-

342 949 402 1001 do
456 950 664 1019 Moyses
733 965 828 1017 pro
875 959 1270 1017 transgressore
1319 947 1513 1016 populo
1572 944 1908 1012 supplicans,

343 1041 460 1094 dixit
487 1042 552 1095 ad
582 1042 862 1096 Dominum
891 1060 906 1096 :
939 1041 1180 1106 Obsecro,
1225 1029 1708 1111 dimittepeccatum
1739 1039 1914 1107 populi

344 1133 517 1202 hujus;
539 1135 617 1186 sin
639 1143 832 1200 autem,
858 1135 976 1187 dele
1003 1151 1079 1187 me
1101 1135 1162 1186 de
1185 1133 1314 1187 libro
1336 1149 1482 1203 quem
1511 1131 1713 1200 scripsit
1737 1145 1914 1182 manus

342 1233 417 1276 tua
443 1224 640 1292 (Exod.
673 1243 849 1290 χχχιι,
882 1228 971 1289 52,
1002 1227 1112 1295 35).
1147 1226 1327 1280 Oravit
1378 1243 1473 1292 pro
1507 1225 1635 1294 ipsis
1669 1227 1718 1276 in
1750 1237 1910 1278 cruce

343 1316 532 1382 pesitus
557 1325 610 1369 et
632 1315 889 1370 Dominus
911 1316 1184 1370 Christus:
1206 1316 1380 1378 Pater,
1408 1317 1612 1386 ignosce
1647 1315 1769 1377 illis,
1794 1315 1913 1384 quia

345 1409 562 1459 nesciunt
590 1408 714 1476 quid
742 1409 936 1477 faciunt
963 1407 1112 1478 (Luc.
1145 1423 1295 1472 χχιιι,
1321 1407 1434 1476 Si).
1459 1406 1547 1461 Sic
1577 1407 1694 1460 istis
1718 1406 1914 1473 suppli-

344 1497 630 1552 cationibus
656 1509 829 1553 actum
855 1509 956 1563 est,
992 1509 1046 1553 ut
1077 1499 1282 1554 Domini
1305 1499 1355 1551 in
1378 1499 1456 1552 eis
1480 1498 1556 1550 ira
1592 1498 1910 1566 placaretur.

347 1587 406 1640 Et
425 1590 678 1658 propitius
717 1590 856 1644 enim
887 1594 1052 1658 factus
1089 1599 1160 1643 est
1191 1590 1407 1658 peccatis
1451 1604 1658 1653 eorum,
1699 1601 1817 1640 cum
1847 1587 1912 1639 ad

345 1677 502 1746 ipsius
538 1679 957 1733 satisfactionem
993 1694 1096 1732 non
1133 1679 1346 1748 quidem
1379 1672 1594 1742 omnes,
1631 1677 1722 1731 sed
1764 1675 1911 1730 multi

344 1784 402 1823 ex
436 1771 515 1824 his
537 1771 714 1824 redire
755 1782 1086 1825 meruerunt.

2017 580 2247 651 lEgypto
2291 581 2425 635 facta
2455 587 2839 633 monstrantur.
2873 577 3029 631 Tunis
3058 578 3255 632 humile
3280 577 3586 632 mandatum

2014 675 2245 730 diximus
2280 673 2650 743 interpretari,
2682 672 2820 741 quod
2847 673 2899 725 in
2946 671 3049 725 isto
3097 670 3294 724 saeculo
3345 684 3591 724 necessa-

2015 767 2152 822 rium
2182 767 2334 820 nobis
2371 781 2434 819 ac
2469 765 2702 818 salutare
2732 762 3099 831 cognoscitur,
3133 761 3222 814 tibi
3272 760 3500 814 humiles
3528 773 3590 811 ac

2017 859 2265 928 prostrati
2294 872 2410 911 esse
2440 856 2724 918 debemus,
2769 855 2856 922 qui
2890 853 3056 906 Venia:
3098 867 3309 921 semper
3337 845 3618 919 suﬁ‘ragia

2018 956 2366 1024 postulamus.
2410 953 2560 1005 Tunc
2591 961 2767 1003 autem
2800 949 2964 1002 erecti
3015 955 3172 1002 erunt
3190 944 3319 1015 justi
3341 987 3358 1012 ,
3381 943 3592 1014 quando

2018 1047 2070 1100 in
2116 1046 2203 1098 illa
2235 1043 2625 1097 resurrectione
2659 1037 2860 1108 jugitcr
2912 1037 3051 1091 bona
3105 1050 3354 1105 mansura
3408 1049 3593 1090 susce-

2022 1135 2211 1209 perint.
3010 1183 3017 1190 .

2091 1227 2244 1281 Vers.
2269 1228 2357 1280 47.
2397 1224 2650 1279 Convertit
2696 1224 2748 1276 in
2797 1223 3098 1292 sanguinem
3133 1219 3348 1293 flumina
3385 1237 3590 1281 eorum,

2018 1332 2063 1374 et
2104 1319 2348 1388 plwiales
2383 1333 2539 1383 aquas
2570 1332 2744 1370 eorum
2765 1331 2826 1368 ne
2852 1315 3091 1368 biberent.
3128 1313 3258 1367 Hinc
3282 1313 3449 1381 prima
3482 1311 3595 1379 pla-

2017 1426 2081 1480 ga
2113 1409 2325 1463 inchoat
2369 1403 2765 1478 Ᾱὲεςιμιίοτιιιιι.
2797 1406 2923 1458 Nam
2970 1404 3109 1458 sicut
3154 1417 3290 1466 aqua
3333 1403 3385 1456 in
3416 1403 3594 1456 vinum

2017 1514 2272 1556 conversa
2306 1500 2358 1552 in
2392 1498 2680 1566 Evangelio
2713 1495 2889 1566 (Joan.
2920 1512 2986 1559 ιι,
3020 1496 3075 1563 9)
3116 1496 3328 1564 legitur,
3355 1509 3474 1564 qlia:
3501 1508 3594 1562 po-

2019 1592 2262 1659 pulorum
2314 1588 2754 1657 permutationem
2802 1587 3201 1654 signiﬁcavitin
3246 1587 3468 1650 melius,
3523 1587 3596 1639 ita

2022 1683 2104 1735 hic
2127 1721 2142 1746 ,
2188 1681 2240 1732 in
2271 1680 2564 1748 sanguinem
2614 1694 2872 1740 conversa,
2918 1678 3193 1730 dez-untiat
3227 1690 3404 1731 rerum
3437 1677 3597 1744 spiri«

2020 1774 2238 1826 tualium
2265 1785 2452 1824 causas
2475 1779 2784 1839 peccatores
2812 1769 3012 1822 sentire
3043 1767 3347 1821 carnaliter.
3373 1767 3596 1835 Sanguis

414 1862 564 1914 Vers.
592 1860 685 1913 4‘2.
710 1860 776 1913 Et
803 1871 1106 1915 memoratus
1129 1871 1201 1914 est
1229 1863 1347 1930 quia
1377 1877 1497 1914 caro
1519 1872 1634 1913 sunt
1665 1875 1684 1913 :
1712 1859 1918 1930 spiritus
1952 1853 1994 1911 Β
2024 1871 2162 1920 enim
2196 1865 2260 1916 ad
2291 1878 2504 1918 carnem
2555 1863 2768 1932 ponitur
2823 1860 3266 1928 exprimendam;
3317 1858 3459 1928 quod
3503 1859 3595 1910 Ju-

346 1951 556 2014 radens,
587 1960 634 2003 et
658 1967 757 2004 non
781 1952 998 2004 rediens.
1034 1952 1196 2005 Movit
1221 1952 1364 2019 pium
1391 1950 1623 2018 judicem
1664 1949 1917 2018 fragilitas

343 2042 670 2096 considerata
695 2045 1022 2110 peccantium
1043 2084 1056 2106 ,
1083 2043 1220 2111 quod
1251 2042 1478 2095 carnalis
1503 2042 1714 2095 Caecitas
1738 2041 1918 2095 lumen

345 2131 579 2186 ctelestis
605 2133 881 2200 sapientia:
903 2147 1006 2186 non
1041 2133 1285 2197 videbat;
1311 2142 1364 2185 et
1392 2132 1510 2186 ideo
1531 2132 1920 2199 exsiiectantlos

342 2221 484 2284 dicit,
531 2221 659 2290 quia
691 2221 733 2274 si
767 2221 1046 2275 confestim
1077 2221 1264 2276 luisset
1302 2236 1484 2276 eorum
1515 2221 1735 2290 spiritus
1761 2221 1921 2276 abro-

341 2319 517 2379 gatas,
551 2312 728 2365 locum
766 2311 1094 2379 paenitentiae
1141 2311 1518 2379 perdidissent.
1571 2310 1701 2364 Coro
1741 2320 1920 2364 autem

342 2402 472 2455 dicta
499 2411 617 2468 est,
650 2401 790 2471 quod
822 2417 943 2456 cara
979 2405 1049 2456 sit
1079 2403 1270 2456 animae
1319 2417 1449 2456 sure.
1485 2402 1711 2456 Mirabili
1742 2411 1918 2456 autem

343 2495 601 2547 brevitate
624 2494 876 2547 delinitur
909 2509 1053 2548 mors
1079 2494 1332 2556 hominis,
1359 2494 1406 2547 id
1430 2500 1541 2558 est,
1577 2492 1802 2564 Spiritus
1830 2509 1920 2546 va-

341 2587 457 2638 dens
498 2596 546 2638 et
602 2601 702 2638 non
731 2585 967 2649 rediens,
991 2584 1441 2656 subaudiendum,
1487 2584 1538 2637 in
1571 2584 1667 2637 hoc
1698 2585 1917 2650 mundo,

343 2678 588 2744 quoniam
643 2676 708 2729 ad
751 2691 906 2730 suum
936 2691 1128 2744 corpus
1175 2678 1226 2729 in
1279 2676 1672 2731 resurrectione
1715 2687 1924 2730 constat

343 2781 457 2820 esse
489 2766 812 2820 rediturum.
1607 2765 1612 2770 “

407 2856 566 2911 V'ers.
605 2857 694 2911 43.
723 2856 933 2922 Quoties
961 2856 1383 2909 exacerbaucrunt
1408 2873 1520 2909 eum
1548 2857 1598 2909 in
1627 2857 1839 2920 deserto,
1872 2859 1921 2909 in

343 2951 465 3000 iram
518 2947 658 3019 leti,
694 2948 745 3001 in
784 2946 885 3018 ira]
931 2948 1312 3002 concitaverunt
1360 2964 1471 3000 eum
1522 2948 1574 3000 in
1632 2958 1767 3001 terra
1817 2951 1926 3002 sine

343 3057 468 3107 aqua
489 3039 513 3091 ἶ)

413 3129 567 3182 Voss.
600 3128 689 3182 44.
727 3127 792 3180 Et
819 3131 1046 3182 conversi
1075 3139 1230 3198 sunt,
1279 3141 1322 3184 et
1373 3140 1685 3184 tentaverunt
1715 3129 1918 3186 Deum:

2021 1958 2228 2010 ducum
2282 1957 2533 2025 populum
2567 1955 2870 2022 respexisse
2917 1969 3018 2007 non
3069 1952 3286 2006 dubium
3333 1961 3433 2006 cst.
3463 1950 3597 2005 Dicit

2020 2049 2179 2103 etiam
2208 2058 2260 2101 et
2305 2048 2519 2117 [lumina
2561 2057 2606 2100 et
2635 2046 2885 2115 plur-iules
2927 2061 3085 2114 aquas
3116 2059 3290 2096 eorum
3314 2046 3364 2095 in
3396 2043 3601 2110 sangui-

2022 2157 2134 2194 nem
2165 2151 2514 2194 commutatus
2547 2139 2756 2208 (Exod.
2783 2155 2873 2202 vn,
2908 2138 2995 2206 17)
3017 2177 3032 2202 ,
3070 2152 3136 2190 ne
3164 2135 3597 2208 prmdeatiouem

2024 2232 2294 2285 caelestem
2343 2230 2690 2299 spiritualiter
2729 2229 3115 2298 intelligerent,
3159 2226 3431 2296 quierant
3479 2240 3597 2280 car-

2023 2324 2229 2378 nalibus
2259 2324 2508 2378 sensibus
2538 2323 2807 2390 occhpati.
2837 2322 2960 2375 llarc
2989 2329 3043 2374 et
3069 2319 3342 2389 sequentia
3367 2318 3432 2373 ad
3464 2317 3602 2371 litte-

2023 2432 2134 2470 ram
2165 2417 2387 2470 omnino
2432 2415 2711 2469 manifesta
2742 2422 2902 2477 sunt,
2939 2426 3057 2482 qua:
3087 2411 3140 2465 in
3172 2408 3406 2481 Egypto
3435 2410 3606 2466 conti-

2021 2507 2163 2576 gisse
2193 2506 2385 2560 divinae
2409 2505 2650 2560 historia:
2683 2514 2860 2558 textus
2889 2502 3143 2568 QStendit.

2097 2596 2247 2650 Vers.
2271 2596 2358 2650 48.
2388 2594 2528 2648 Misit
2556 2595 2607 2647 in
2631 2609 2715 2647 eos
2746 2609 2969 2645 musram
2995 2591 3252 2659 caninam,
3291 2597 3338 2643 et
3384 2591 3603 2644 comsrlit

2024 2705 2139 2751 eos;
2175 2699 2218 2740 et
2244 2703 2444 2749 ranam,
2475 2696 2520 2739 et
2562 2685 2912 2738 exterminavit
2932 2700 3035 2736 eos.

2098 2778 2250 2832 Vers.
2281 2778 2369 2831 49.
2402 2776 2471 2829 Et
2503 2776 2640 2828 didit
2668 2774 2881 2845 wrugini
2913 2777 3112 2841 fructus
3142 2788 3314 2825 eorum
3336 2813 3349 2836 ,
3375 2780 3420 2826 et
3460 2772 3602 2825 (alio-

2024 2885 2103 2921 res
2144 2885 2318 2922 eorum
2361 2868 2587 2921 locustw.
2637 2864 2820 2918 Musca
2863 2863 3050 2916 casino
3101 2871 3184 2917 est
3241 2860 3605 2930 improborum

2025 2959 2374 3029 petulantiam
2423 2957 2616 3012 vindex
2653 2955 2810 3009 datus
2840 2953 3077 3008 aculeus.
3121 2953 3265 3006 Rana
3307 2961 3390 3006 est
3421 2951 3604 3020 loqua-

2024 3052 2242 3105 cissima
2269 3052 2474 3104 vanitas
2507 3050 2901 3106 luereticnrum,
2933 3062 3052 3116 qua:
3091 3046 3325 3101 etenosis
3359 3046 3605 3100 sensibus

2027 3150 2375 3197 commorata.
2406 3141 2660 3208 improbis
2687 3139 3012 3193 clamoribus
3040 3139 3241 3206 garrire
3265 3153 3368 3191 mn
3384 3138 3599 3191 desinit.

343 3232 387 3275 (Ι
412 3232 648 3275 sanctum
681 3220 844 3276 Israel
873 3223 1316 3279 exacerbaverunt.
1354 3223 1506 3278 Venit
1542 3222 1606 3275 ad
1639 3223 1920 3291 septimam
1954 3214 1998 3276 ϐ
2030 3232 2234 3302 {Enth
2266 3242 2347 3287 est
2391 3246 2538 3286 amor
2569 3230 2762 3298 [ur-p23.
2810 3230 3142 3284 honestatem
3172 3230 3382 3283 occulta
3429 3229 3606 3283 immi-

345 3324 568 3381 partetn,
600 3307 674 3367 'in
709 3330 810 3380 qua
843 3314 1078 3370 breviter
1108 3316 1519 3370 obstinationem
1549 3332 1733 3371 eorum
1776 3331 1952 3371 acer-‘

346 3406 681 3473 bitatetnque
703 3405 965 3474 designat.
996 3403 1399 3473 Consequenter
1426 3408 1567 3460 enim
1603 3422 1923 3461 enumerans

341 3508 538 3566 quanta
571 3497 677 3551 illis
723 3498 774 3551 in
815 3499 1116 3552 eremo.vel
1145 3499 1281 3567 apud
1323 3498 1600 3568 Aﬁgyptios
1627 3498 1794 3551 virtus
1846 3497 1926 3552 di-

343 3590 465 3642 vina
502 3587 850 3656 praestiterit:
885 3589 1173 3642 ostendens
1194 3589 1312 3657 quia
1337 3589 1460 3642 dum
1488 3589 1925 3657 delinquentibus

341 3694 556 3749 semper
611 3689 854 3746 prmstet,
907 3681 1248 3734 immemores
1305 3688 1484 3735 tamen
1535 3680 1925 3736 beneﬁciorum

342 3786 569 3839 peccare
594 3786 699 3823 non
728 3770 997 3824 desinunt.

412 3861 572 3916 Vers.
596 3859 688 3915 45.
725 3860 847 3915 Non
895 3871 1009 3915 sunt
1040 3862 1290 3915 recordati
1321 3879 1502 3918 manus
1543 3866 1675 3933 ejus,
1718 3867 1800 3918 die
1827 3881 1930 3936 qua

341 3953 577 4006 liberauit
610 3968 694 4006 eos
720 3952 782 4006 de
811 3969 964 4005 manu
992 3953 1301 4006 tribulantis.
1333 3953 1631 4009 Tribulatio
1665 3955 1822 4008 ﬁxam
1849 3969 1932 4008 so-

343 4041 417 4099 let
488 4043 691 4098 habere
745 4045 1088 4109 memoriam;
1153 4047 1246 4100 sed
1312 4045 1616 4100 inlidelibus
1663 4061 1762 4101 nec
1819 4048 1929 4115 ipsa

340 4135 652 4192 recordatio
701 4148 843 4191 stare
888 4141 1084 4206 potuit,
1144 4154 1302 4207 quam
1354 4138 1676 4192 validissime
1731 4139 1929 4193 nosnis

337 4228 601 4282 cordibus
664 4227 874 4282 tristitia
929 4243 1142 4298 semper
1195 4230 1380 4298 afﬁgit.
1444 4229 1726 4282 Recordari
1785 4231 1927 4283 enim

334 4320 548 4374 dictum
588 4331 701 4385 est,
733 4336 988 4376 revocare
1016 4323 1078 4376 ad
1112 4338 1222 4377 cor.
1272 4323 1636 4378 Pulcherrime
1674 4339 1802 4377 vero
1831 4340 1929 4392 po-

332 4412 503 4464 situm
530 4419 612 4464 est
651 4428 829 4466 manus
862 4411 1103 4480 Domini,
1144 4426 1199 4468 et
1243 4431 1425 4469 manus
1469 4417 1780 4470 tribulantis.
1823 4419 1932 4471 lloc

336 4503 492 4556 enim
548 4502 762 4555 nomine
813 4504 1050 4570 operatio
1103 4504 1428 4573 signiﬁcatur
1477 4507 1778 4559 amborum.
1825 4505 1930 4559 Sed

2028 3323 2246 3376 nutioize
2291 3335 2634 3375 consumens.
2693 3318 2912 3372 Locusta
2980 3329 3065 3373 est
3129 3319 3390 3374 malevola
3442 3331 3602 3388 atque

2026 3411 2237 3464 assidua
2269 3411 2561 3473 detractio,
2595 3421 2743 3464 actus
2796 3409 3002 3464 alienos
3051 3409 3226 3463 invida
3267 3409 3608 3464 oblocutioue

2027 3502 2340 3556 curret-lens.

2099 3591 2255 3645 Vers.
2288 3593 2374 3645 5’).
2411 3590 2477 3643 Et
2515 3591 2700 3644 occidit
2745 3592 2796 3643 in
2836 3593 3086 3663 grandine
3113 3592 3283 3647 vineas
3311 3608 3510 3658 eorum,
3563 3605 3610 3647 et

2029 3699 2196 3736 moros
2238 3699 2413 3735 eorum
2443 3683 2495 3734 in
2524 3683 2733 3750 pruina.

2100 3775 2256 3829 Vers.
2288 3776 2378 3829 51.
2423 3773 2487 3827 Et
2535 3775 2747 3827 tradidit
2781 3776 3025 3845 grandini
3061 3779 3285 3842 iumenta
3332 3792 3533 3844 eorum,
3567 3787 3613 3829 et

2031 3870 2366 3938 possessiones
2393 3883 2564 3923 eorum
2593 3869 2717 3936 igni.
2749 3865 2960 3920 Grando
2991 3881 3069 3922 est
3109 3873 3455 3924 comminatio
3503 3871 3609 3926 Do-

2030 3961 2159 4015 mini
2201 3971 2319 4030 quae
2366 3961 2615 4014 verberat
2653 3969 3016 4022 contumaces,
3053 3974 3254 4030 eosque
3286 3963 3611 4017 umbraculis

2031 4067 2141 4106 sua:
2171 4050 2545 4106 delectationis
2571 4051 2853 4119 exspoliat.
2886 4048 3085 4103 Prnina
3109 4065 3234 4103 vero
3257 4061 3339 4106 est
3376 4067 3610 4117 prtecur-

2035 4159 2159 4200 rens
2188 4144 2594 4212 anticipansque
2623 4141 2844 4205 malitia,
2877 4155 2994 4210 qua:
3016 4141 3221 4196 alienos
3244 4141 3456 4197 labores
3488 4158 3613 4211 per-

2033 4235 2220 4290 venire
2246 4230 2352 4288 non
2378 4233 2635 4302 permittit
2660 4231 2726 4285 ad
2763 4231 2988 4286 fructus.
3022 4232 3295 4301 Sequitur,
3329 4243 3373 4286 et
3403 4234 3613 4288 tradidit

2033 4327 2272 4397 grandini
2317 4327 2544 4390 iumenta
2580 4338 2777 4377 eorum.
2809 4321 2978 4377 Morte
3017 4321 3278 4391 pecudum
3327 4322 3610 4378 stultorum

2033 4416 2361 4484 signiﬁcatur
2389 4428 2633 4480 occasus,
2663 4414 2751 4482 qui
2783 4413 2938 4467 malis
2971 4413 3270 4468 innumeris
3309 4415 3434 4469 cassi
3455 4455 3470 4478 ,
3498 4422 3618 4468 tan—

2035 4523 2194 4576 quam
2218 4500 2338 4562 vilia
2366 4507 2604 4577 jumenta
2631 4507 2940 4561 funduntur.
2972 4506 3222 4574 Addidit,
3250 4514 3298 4560 et
3326 4507 3605 4576 possessio‘

330 4609 502 4662 quam
542 4593 700 4663 longe
729 4595 960 4663 disparia
1003 4603 1164 4661 sunt,
1199 4612 1316 4663 quae
1347 4613 1510 4651 unum
1535 4597 1780 4652 videntur
1833 4599 1923 4649 ha-
1957 4587 2010 4646 D
2035 4616 2120 4654 nes
2152 4615 2327 4654 eorum
2356 4600 2484 4671 igni.
2537 4599 2683 4671 Ignis
2728 4598 2943 4668 quidem
2984 4607 3036 4651 et
3069 4599 3122 4651 in
3154 4597 3295 4654 bono
3321 4598 3536 4666 ponitur
3558 4610 3616 4653 et

323 4687 466 4742 bere
522 4687 882 4742 vocabulum!
923 4688 1013 4743 Illa
1064 4691 1320 4758 pupulum
1358 4691 1587 4746 liberare
1636 4691 1930 4760 prtevaluit,

320 4783 430 4834 ista
466 4783 525 4836 in
549 4795 706 4835 suam
730 4795 916 4836 necem
945 4783 1176 4842 retinete
1207 4785 1454 4838 tentavit.

401 4871 574 4926 Vera.
632 4871 719 4926 46.
770 4871 919 4927 Sicut
959 4875 1126 4942 posuit
1169 4874 1224 4926 in
1252 4872 1484 4944 /Egypto
1524 4875 1673 4946 signa
1711 4890 1842 4940 sua,
1889 4883 1935 4929 et

313 4967 583 5037 prodigia
613 4981 708 5018 sua
732 4967 784 5018 in
817 4982 997 5036 campo
1017 4965 1238 5020 Taneos.
1260 4966 1427 5022 Unam
1456 4982 1566 5022 rem
1597 4967 1805 5022 duobus
1835 4983 1930 5022 no-

311 5056 580 5110 minibus
629 5055 943 5124 designavit.
1006 5055 1072 5109 In
1104 5055 1333 5128 ﬁgypto
1383 5058 1523 5112 enim
1578 5059 1725 5128 signa
1771 5057 1927 5123 fecit,

2031 4693 2085 4746 in
2117 4690 2278 4745 malo.
2308 4689 2414 4746 Sed
2457 4689 2578 4759 quia
2625 4689 2709 4743 hic
2743 4703 2842 4758 pro
2868 4688 3238 4756 indignatione
3280 4697 3494 4742 constat
3525 4687 3610 4742 in-

2033 4783 2229 4845 ﬂictus,
2257 4783 2448 4851 ignem,
2490 4771 2834 4848 cupiditatem
2864 4779 3150 4848 ignobilem
3182 4777 3443 4833 debemus
3471 4781 3612 4832 acci-

2035 4889 2182 4945 pere,
2214 4873 2305 4943 qui
2336 4873 2728 4942 possessionem
2759 4881 3020 4935 nostram,
3054 4871 3106 4925 id
3139 4881 3225 4926 est
3260 4870 3456 4925 mentis
3496 4879 3608 4923 sta-

2035 4974 2145 5020 tum
2185 4963 2499 5021 exsecrabili
2542 4962 2834 5017 ambitione
2877 4962 3142 5016 devastat.
3192 4961 3378 5014 Restat
3404 4959 3609 5014 decima

2033 5057 2102 5111 de
2135 5055 2436 5125 primitivis,
2465 5069 2624 5123 quam
2655 5069 2754 5109 suo
2776 5055 2892 5109 loco
2920 5054 3161 5109 dicemus
3191 5051 3482 5120 :quoniam
3506 5052 3611 5103 dun

2035 5163 2219 5204 versus
2247 5147 2310 5200 ad
2340 5147 2804 5216 evaggerationem
2842 5145 2968 5200 mali
2997 5142 3273 5214 sequentis
3305 5143 3611 5211 interpositi

2037 5256 2153 5296 eSse
2182 5249 2494 5296 noscuntur.
2528 5237 2826 5293 Notandum
2867 5245 2950 5294 est
2996 5247 3172 5292 autem
3215 5233 3356 5303 quod
3390 5232 3470 5285 hae
3501 5239 3614 5285 tres

2034 5334 2220 5402 plagas,
2246 5331 2296 5386 id
2313 5341 2416 5396 est,
2442 5345 2640 5402 mago,
2665 5329 2854 5398 pruina
2878 5337 2933 5385 et
2953 5330 3085 5401 ignis
3115 5327 3270 5399 (quas
3301 5325 3388 5380 hic
3411 5323 3544 5378 dixit
3571 5324 3612 5390 ),

2032 5424 2082 5476 in
2116 5423 2299 5477 Exodo
2328 5422 2542 5491 penitus
2562 5436 2668 5475 non
2702 5421 2966 5492 legantur.
3003 5420 3181 5488 Ignem
3209 5417 3350 5470 enim
3372 5415 3452 5470 ibi
3475 5414 3613 5470 dicit

2035 5513 2258 5568 mixtum
2283 5510 2626 5565 descendisse
2646 5524 2768 5565 cum
2797 5507 3081 5578 grandine,
3114 5514 3173 5560 ut
3206 5504 3410 5561 fructus
3453 5502 3614 5558 lanie-

2035 5613 2135 5670 ret,
2161 5617 2264 5656 non
2294 5609 2469 5655 tamen
2495 5608 2553 5653 ut
2597 5600 2940 5668 possessiones
2980 5612 3158 5651 eorum
3186 5592 3472 5649 incendere
3523 5607 3620 5661 po-

2039 5697 2244 5752 tuisset.
2278 5694 2381 5749 Pro
2411 5692 2528 5747 istis
2553 5705 2680 5746 vero
2709 5689 2881 5746 tribus
2911 5689 3028 5745 alia:
3066 5689 3138 5746 lbi
3174 5697 3284 5744 tres
3316 5696 3438 5742 sunt
3467 5686 3614 5757 posi-

2041 5797 2138 5852 tu,
2186 5784 2456 5855 eiuiphes,
2516 5782 2695 5838 ulcera
2733 5789 2786 5836 et
2837 5780 3094 5839 tenehrm.
3155 5779 3304 5850 Quod
3340 5778 3390 5832 in
3425 5775 3619 5832 litteris

309 5161 446 5215 quite
486 5146 728 5202 interius
767 5148 880 5215 ipse
911 5147 1150 5202 dicturus
1179 5158 1288 5214 est;
1321 5150 1415 5202 sed
1468 5158 1520 5203 et
1549 5150 1785 5219 prodigia
1833 5149 1932 5202 ibi-

306 5238 448 5291 dem
485 5239 889 5292 demonstravit
912 5238 963 5291 in
993 5254 1174 5305 campo
1198 5239 1239 5292 T
1242 5255 1413 5292 aneos.
1451 5237 1606 5293 Tunis
1638 5241 1778 5294 enim
1805 5241 1932 5293 civi-

301 5340 392 5382 tas
418 5342 520 5384 est
553 5329 805 5398 A‘Igypti,
831 5331 915 5386 ubi
941 5343 1063 5385 snnt
1087 5331 1221 5386 facta
1256 5332 1491 5400 prodigia
1521 5349 1638 5401 quae
1661 5333 1927 5401 leguntur.

295 5423 498 5493 Signa
568 5425 756 5493 utique
806 5426 1017 5493 fuerunt
1060 5427 1108 5478 in
1163 5425 1394 5495 rligypto
1443 5424 1590 5478 duris
1638 5424 1924 5485 cordibus,

289 5520 470 5582 quasi
511 5517 858 5570 etiamet-ris
911 5519 1169 5585 impressa
1222 5515 1462 5585 vestigia.
1502 5513 1751 5587 Prodigia
1802 5529 1928 5568 vero

289 5611 462 5675 quasi
525 5624 706 5678 porro
729 5609 996 5674 dicentia,
1043 5610 1093 5663 id
1146 5617 1255 5673 est,
1289 5624 1406 5678 qua:
1456 5608 1932 5677 praeﬁgurabantur

282 5713 423 5753 esse
479 5709 758 5754 ventura.
806 5701 1004 5755 Omnes
1029 5700 1196 5757 'enim
1229 5700 1331 5756 illa:
1381 5701 1548 5771 plaga:
1586 5699 1652 5754 ad
1701 5699 1934 5768 aliquam

277 5793 755 5860 sigvxiiic-mtimn
791 5793 979 5861 priscis
1027 5794 1360 5862 temporibus
1407 5792 1769 5862 contigerunt.
1818 5790 1932 5845 Me-
