4000 6172
237 287 341 342 569

1144 289 1503 348 EXPOSITIO
1544 289 1607 344 [Ν
1649 291 2105 353 PSALTERIUM.
2149 300 2343 356 PSAL.
2384 302 2638 358 LXXVII.

3389 303 3494 359 570

237 401 371 454 facta
397 411 523 454 sunt
550 402 713 474 (sicut
737 402 862 458 dicit
894 406 1204 477 Apostolus)
1239 425 1356 477 qua:
1391 419 1585 464 nostra:
1616 409 1804 464 salutis
1832 411 1885 471 Α
1914 415 2248 474 fabricatum.
2297 420 2407 473 Hoc
2462 434 2590 488 ergo
2644 417 3025 472 tabernaculum
3065 420 3312 489 reputisse
3361 422 3490 478 dicit

237 493 430 548 indicia
459 495 795 550 nuntiabunt.

314 582 463 636 Vcrs.
499 583 590 639 58.
619 583 687 637 Et
712 589 860 657 ejecit
905 606 937 641 a
965 590 1094 656 facie
1137 607 1308 644 eorum
1350 605 1550 662 gentes;
1592 603 1636 648 et
1677 604 1812 648 sorte

236 677 408 730 divisit
430 677 503 730 eis
530 687 714 730 terram
742 681 791 732 in
817 681 1048 749 funiculo
1082 683 1468 738 distributionis.

307 769 463 822 Vers.
493 769 583 825 59.
623 769 689 822 Et
736 771 964 827 habitare
996 777 1112 842 [erit
1168 777 1219 828 in
1254 777 1592 831 tabernaculis
1637 793 1812 831 eorum

233 860 395 914 tribus
426 858 610 914 Israel.
643 862 799 932 Ejicit
831 881 861 916 a
892 867 1021 935 [acie
1048 878 1229 920 nostra
1255 880 1443 938 gentcs,
1463 870 1672 938 quando
1695 871 1814 922 bar-

237 951 410 1004 barici
457 961 513 1005 et
542 953 777 1009 immites
818 972 846 1008 a
878 957 1030 1010 nobis
1073 958 1318 1026 iugantur
1365 975 1592 1015 errores.
1625 961 1813 1014 Dividit

235 1048 413 1095 autem
457 1043 613 1097 nobis
667 1055 853 1098 terram
886 1047 1030 1101 ilzam
1071 1050 1522 1117 repromissionis,
1553 1037 1684 1104 cum
1719 1068 1813 1120 pro

236 1147 330 1187 sua
361 1133 670 1203 dignatione
699 1136 982 1206 unicuique
1013 1139 1224 1192 beatam
1258 1140 1464 1194 dederit
1494 1142 1808 1208 portionem.

239 1221 527 1278 Funiculus
567 1233 742 1279 autem
795 1227 1184 1293 distributionis,
1226 1238 1424 1282 tractus
1468 1239 1549 1282 est
1591 1229 1659 1283 ab
1706 1230 1813 1284 illis

234 1313 322 1378 qui
356 1322 552 1368 terram
591 1323 741 1370 tenso
773 1315 897 1370 fune
921 1318 1250 1372 dividebant.
1285 1320 1555 1390 Sequitur,
1596 1333 1641 1374 et
1671 1323 1814 1375 habi-

239 1414 348 1456 tare
377 1405 498 1473 fecit
529 1407 581 1457 in
623 1405 963 1462 tabernaculis
990 1425 1164 1461 eorum
1203 1411 1359 1463 tribus
1396 1409 1580 1465 Israel.
1611 1411 1813 1467 Divinas

235 1494 391 1547 nobis
413 1495 704 1563 Seriptura:
732 1497 1066 1552 tradiderunt
1087 1501 1136 1552 itt
1161 1514 1344 1554 eorum
1371 1502 1487 1555 loco
1511 1502 1594 1556 vel
1627 1519 1814 1558 nume-

237 1597 300 1636 ro
321 1583 616 1637 electorum
649 1587 892 1655 populum
920 1591 1348 1658 congregattdum
1370 1631 1384 1654 ,
1424 1591 1564 1645 unde
1599 1593 1812 1659 superbi

237 1676 415 1743 angeli
443 1676 738 1746 probantur
761 1680 988 1746 expulsi.
1017 1679 1157 1749 Ergo
1179 1683 1403 1735 tribubus
1434 1681 1618 1749 Israel,
1651 1685 1698 1737 id
1731 1692 1814 1738 est

236 1766 543 1821 videntibus
569 1767 734 1821 Deum
765 1769 914 1824 dabit
944 1771 1295 1842 tabernacula,
1333 1790 1450 1844 qua:
1476 1786 1598 1829 ante
1626 1791 1814 1845 super-
1842 1761 1890 1821 Β

234 1857 336 1911 Dite
364 1857 576 1910 ruinam
606 1859 780 1912 adhuc
810 1860 1122 1916 innocentes
1151 1864 1324 1931 angeli
1356 1865 1714 1930 possidebant.

311 1945 461 1999 V'ers.
497 1948 588 2002 60.
631 1947 693 1999 Et
736 1956 1073 2015 tentaverunt,
1115 1959 1160 2004 et
1189 1952 1611 2007 exacerbaverunt
1651 1956 1816 2009 Deum

235 2038 527 2101 accisam;
557 2045 602 2090 et
629 2041 914 2092 testimonia
940 2043 1048 2110 ejus
1069 2058 1169 2096 non
1198 2045 1564 2102 custodierunt.

309 2128 470 2183 νει-ς.
531 2131 617 2183 61.
670 2129 735 2183 Et
779 2143 1064 2187 averterunt
1117 2151 1205 2203 se,
1262 2145 1310 2189 et
1350 2153 1452 2190 non
1497 2148 1816 2193 servaverunt

238 2233 464 2290 pactum,
493 2226 916 2291 quemadmodum
944 2235 1113 2295 patres
1145 2243 1318 2280 eorum
1335 2215 1356 2293 ,9
1378 2239 1426 2282 et
1449 2233 1676 2284 conversi
1702 2243 1818 2286 sunt

233 2314 290 2365 in
313 2329 492 2365 arcum
522 2329 832 2382 perversum.
860 2316 1010 2370 Nunc
1039 2317 1168 2372 dicit
1185 2322 1575 2374 contumaciam
1604 2322 1820 2377 Judteo-

239 2418 381 2468 rum,
406 2413 459 2458 et
479 2405 604 2474 quid
631 2406 710 2459 eis
736 2407 873 2459 irato
904 2407 1130 2462 Domino
1160 2412 1461 2480 contigerit,
1483 2429 1818 2482 consequen-

242 2503 323 2548 ter
351 2496 605 2563 exponit;
652 2489 708 2549 ut
739 2497 859 2550 talia
908 2499 1277 2554 inobedientes
1321 2502 1546 2556 debeant
1579 2506 1818 2574 exempla

241 2599 504 2643 metuere.
543 2591 706 2644 Arcus
741 2608 1003 2660 perversus
1032 2600 1112 2645 est
1139 2595 1299 2664 270
1327 2595 1525 2649 malitia
1574 2609 1821 2663 peccato-

243 2698 361 2737 rum
384 2725 398 2744 ,
427 2697 546 2752 quas
590 2699 695 2737 non
726 2687 934 2738 eminus
977 2687 1192 2740 vulnera
1218 2687 1508 2755 jaculatur,
1541 2689 1633 2742 sed
1669 2689 1719 2742 itt
1761 2704 1821 2744 se

242 2774 416 2843 magis
441 2774 647 2841 spicula
678 2774 877 2827 directa
903 2777 1188 2829 convertit.
1221 2777 1369 2842 Quod
1401 2779 1580 2846 utique
1607 2779 1820 2833 dolosos

243 2865 354 2934 pati
386 2865 726 2920 manifestum
769 2873 877 2932 est,
925 2866 1011 2934 qui
1043 2866 1169 2920 dum
1201 2866 1315 2920 aliis
1359 2867 1600 2935 ingerere
1641 2869 1821 2922 nitun-

241 2966 330 3012 tur
363 2958 563 3027 plagas,
616 2959 670 3012 iu
713 2972 770 3013 se
809 2966 1123 3012 convertere
1152 2972 1276 3012 suas
1315 2957 1490 3028 potius
1533 2959 1824 3028 probantur

243 3047 489 3103 insidias.

315 3139 472 3194 Vers.
499 3139 589 3193 62.
622 3137 690 3192 Et
735 3140 788 3192 in
837 3141 914 3192 ira
951 3141 1326 3194 concitaverunt
1369 3157 1480 3193 eum
1510 3140 1562 3193 in
1610 3133 1893 3195 collibusC
1925 3163 2187 3229 sumpt“!
2240 3162 2448 3216 ﬂamma
2493 3133 2786 3217 δενότδνῖι,
2841 3165 3126 3234 Sequitur,

247 3230 381 3296 suis,
409 3239 456 3281 et
493 3231 546 3282 in
591 3229 911 3297 sculptilibus
951 3231 1053 3284 suis
1079 3231 1303 3283 annulati
1344 3240 1615 3284 suntcum.
1657 3229 1823 3284 Colles

245 3325 508 3392 superbas
538 3339 603 3378 ac
642 3323 872 3378 tumidas
912 3323 1214 3392 signiﬁcant
1257 3323 1605 3390 cogitationes
1653 3324 1825 3377 homi-

247 3429 408 3481 num,
462 3413 654 3482 quibus
695 3428 908 3481 semper
939 3413 1194 3467 Dominus
1238 3413 1506 3467 invenitur
1546 3411 1820 3479 adversus,

247 3507 464 3576 quando
494 3507 545 3560 in
577 3509 811 3560 culturas
849 3506 1151 3559 daemonum
1200 3505 1378 3576 iniqua
1416 3509 1826 3576 praesumptione

247 3601 558 3670 prosiliunt.
582 3597 840 3652 /Entulati
861 3608 978 3651 sunt
1002 3599 1194 3667 quippe
1225 3614 1368 3662 eum,
1401 3613 1520 3652 cum
1568 3600 1824 3653 honorem

247 3692 461 3746 Domini
490 3690 788 3745 simulacris
818 3690 1223 3746 detestabilibus
1255 3691 1615 3744 contulerunt.
1641 3689 1828 3744 r‘Emu-

247 3788 380 3842 latio
405 3787 548 3842 enim
583 3786 683 3839 ista
716 3786 766 3838 iu
807 3784 1001 3838 malam
1030 3795 1258 3852 partem,
1289 3798 1391 3836 non
1429 3784 1479 3836 in
1512 3785 1705 3838 bonam
1735 3783 1828 3838 de-

245 3880 337 3934 bet
368 3878 624 3945 intelligi;
661 3891 778 3930 nam
811 3875 928 3930 vide
957 3874 1083 3943 quid
1111 3875 1371 3942 sequitur.

322 3969 477 4021 Vers.
511 3967 598 4020 65.
629 3966 834 4019 Audiuit
865 3965 1114 4018 Dominus
1132 3973 1176 4017 et
1204 3964 1411 4032 sprevit,
1442 3973 1486 4016 et
1517 3964 1584 4017 ad
1610 3963 1828 4018 nihilum

248 4060 441 4130 redegit
485 4058 634 4110 nimis
685 4055 869 4110 Israel.
905 4054 1050 4108 Nona
1082 4070 1234 4122 pars,
1268 4070 1386 4123 qua:
1432 4064 1695 4122 superest,
1741 4054 1826 4108 iu-

246 4150 463 4214 troitur,
518 4147 570 4200 in
594 4161 694 4214 qua
718 4146 964 4199 vindicta:
989 4159 1182 4214 genera
1211 4153 1573 4209 numerantur,
1599 4152 1652 4198 et
1682 4153 1822 4210 post,

245 4243 509 4294 adventus
561 4238 770 4293 Domini
817 4237 1111 4292 Salvatoris
1157 4237 1401 4290 edicitur.
1454 4236 1606 4290 Solet
1650 4247 1826 4290 autem

245 4332 387 4386 inter
444 4329 732 4384 nonnullos
792 4327 966 4380 facere
1036 4327 1422 4394 quaestionem,
1483 4340 1650 4392 quare
1699 4340 1822 4379 cum

249 4430 475 4493 peccata
525 4421 717 4474 iuerint
763 4420 1090 4486 aliquorum,
1126 4419 1215 4471 ille
1264 4427 1439 4472 tamen
1489 4419 1537 4470 in
1582 4419 1828 4471 omnibus

1916 510 2196 563 Dominum
2240 525 2252 561 :
2292 511 2343 562 in
2389 526 2488 577 quo
2539 510 2669 563 inter
2705 508 2930 563 homines
2979 509 3210 565 habitare
3245 510 3492 579 dignatus

1913 612 2028 668 est,
2070 602 2208 654 sicut
2247 601 2297 654 in
2345 600 2450 655 alio
2493 603 2751 669 propheta
2800 601 2988 670 legitur
3019 615 3033 654 :
3069 599 3194 654 Vide
3226 604 3348 670 quid
3397 603 3494 671 feci

1915 681 2050 758 sub,
2105 693 2191 744 ubi
2257 700 2366 744 erat
2413 693 2790 746 tabernaculum
2840 709 3006 745 nteum
3049 692 3181 761 (Jer.
3237 709 3330 758 vn,
3376 697 3488 762 Β).

1913 783 2016 838 Sed
2063 784 2405 838 metuendum
2458 794 2537 838 est
2596 785 2780 849 nobis,
2832 800 2900 840 ne
2955 785 3191 840 oli'ensus
3246 789 3489 855 corporis

1917 875 2085 928 nostri
2129 875 2474 928 tabernacula
2519 874 2752 938 deserat,
2801 889 2921 942 quas
2968 872 3199 941 Spiritus
3241 884 3490 937 sanctus,

1915 978 2034 1019 cum
2077 964 2168 1017 Dei
2218 979 2438 1018 munere
2489 965 2622 1018 bene
2665 979 2763 1018 nos
2813 973 3134 1030 tractamus,
3193 964 3487 1028 inhabitat,

1915 1057 2054 1110 sicut
2083 1057 2212 1110 dicit
2256 1056 2582 1124 Apostolus:
2625 1056 2889 1125 Templum
2937 1057 3070 1110 enim
3120 1055 3216 1110 Dei
3259 1069 3490 1112 sanctum

1914 1147 2164 1216 cst,quod
2192 1147 2306 1200 estis
2337 1163 2424 1200 vos
2450 1146 2498 1218 (Ι
2535 1146 2654 1200 Cor.
2684 1163 2768 1211 ut,
2809 1148 2914 1216 Π).

1990 1238 2141 1292 Vers.
2165 1237 2253 1292 65.
2269 1236 2333 1289 Et
2361 1239 2571 1290 tradidit
2594 1238 2645 1291 in
2676 1239 3017 1308 captivitatem
3039 1238 3273 1291 virtutem
3293 1253 3491 1300 e.-.rum,

1915 1339 1961 1382 et
1983 1330 2410 1400 pulchritudinem
2433 1346 2604 1382 eorum
2623 1331 2675 1382 in
2699 1346 2875 1382 manus
2893 1331 3108 1383 inimici.
3125 1329 3258 1383 Illud
3283 1339 3493 1398 tempus

1918 1429 2200 1484 memorat,
2225 1419 2438 1489 quando
2461 1420 2528 1472 ab
2556 1420 2852 1489 All0phylis
2881 1419 3093 1474 Hebraei
3117 1420 3239 1474 victi
3263 1427 3408 1485 sunt,
3435 1430 3491 1472 et

1917 1511 2149 1566 caedibus
2181 1527 2361 1566 eorum
2401 1512 2794 1581 direptionique
2828 1520 3128 1580 patuerunt.
3153 1511 3491 1581 Quapropter

1916 1602 2146 1655 virtutem
2194 1611 2248 1656 et
2305 1601 2738 1672 pulchritudinem
2785 1602 3051 1670 signiﬁcat
3098 1616 3277 1655 arcam
3329 1609 3494 1655 testa-

1919 1695 2113 1758 menti,
2145 1710 2236 1762 per
2266 1709 2422 1764 quam
2465 1694 2566 1747 sibi
2603 1695 2741 1748 inter
2771 1702 2961 1762 gentes
3004 1693 3321 1748 videbantur
3350 1693 3489 1748 iuvi-

1917 1787 1985 1840 cti
2006 1826 2022 1852 ,
2049 1794 2104 1839 et
2125 1801 2332 1840 summa
2355 1785 2566 1839 decoris
2589 1785 2742 1839 laude
2761 1786 3033 1854 praecipui.

1987 1877 2142 1931 Vers.
2173 1877 2261 1932 66.
2299 1875 2363 1930 Et
2403 1878 2646 1930 conclusit
2672 1877 2721 1931 in
2752 1877 2924 1948 gladio
2951 1879 3193 1949 populum
3219 1894 3368 1931 suum
3390 1920 3405 1946 ,
3447 1889 3495 1932 et

1916 1969 2263 2023 ltwreditatem
2292 1984 2437 2022 suam
2466 1969 2671 2037 sprevit.
2720 1968 3066 2038 Consequens
3098 1970 3195 2022 fuit
3233 1979 3290 2024 ut
3329 1985 3495 2039 popu~

1917 2060 2000 2114 lus
2024 2060 2199 2130 gladio
2224 2062 2439 2115 caderet
2466 2060 2756 2130 turpiterin
2781 2062 3015 2128 ruinam,
3038 2062 3124 2116 cui
3153 2078 3289 2118 arcae
3320 2065 3495 2131 digni-

1919 2162 2000 2207 tas
2031 2152 2355 2220 probabatur
2400 2152 2596 2206 ablata.
2629 2152 2722 2207 ille
2770 2154 2909 2207 enim
2940 2169 3071 2221 quos
3105 2155 3312 2222 spernit
3340 2155 3491 2208 anni-

1919 2244 2081 2310 ltilat;
2128 2260 2228 2300 nec
2263 2246 2542 2315 quisqmm
2587 2254 2762 2313 potest
2807 2246 3112 2309 subvenire,
3140 2247 3224 2300 cui
3270 2261 3328 2302 se
3360 2262 3486 2315 pro-

1919 2336 2114 2392 bantur
2172 2338 2361 2391 solatia
2422 2337 2605 2390 divina
2670 2337 3006 2392 subtrahere.
3074 2339 3276 2408 Sprevit
3351 2341 3491 2394 enim

1921 2428 2267 2482 Iucreditatem
2318 2445 2494 2494 suam,
2542 2427 2754 2498 quando
2804 2429 3093 2498 populum,
3142 2446 3297 2498 quem
3358 2432 3495 2486 inter

1922 2519 2118 2573 multas
2147 2520 2390 2588 nationes
2413 2521 2679 2590 elegerat,
2715 2536 2808 2589 pro
2839 2522 3102 2576 scelerum
3135 2538 3354 2577 suorum
3395 2523 3493 2576 im-

1923 2609 2179 2672 manitate
2213 2611 2454 2680 projecit.
2489 2612 2784 2666 litereditas
2823 2613 3019 2681 quippe
3059 2614 3126 2667 ab
3177 2616 3304 2668 hero
3355 2615 3495 2669 dicta

1923 2711 2044 2764 est,
2071 2702 2320 2768 quoniam
2361 2717 2478 2755 eam
2520 2702 2641 2770 jure
2691 2702 2927 2772 legitimo
2973 2703 3226 2759 Dominus
3261 2705 3498 2760 noscitur

1927 2791 2218 2859 possidere.

2004 2889 2150 2944 Vers.
2183 2891 2270 2946 67.
2301 2889 2517 2946 Iuvenes
2543 2909 2718 2946 eorum
2755 2895 2969 2948 comedit
2997 2895 3152 2963 ignis,
3203 2905 3250 2950 et
3273 2897 3490 2967 virgines

1927 2995 2099 3032 eorum
2121 2996 2220 3033 non
2243 2991 2356 3034 sunt
2379 2983 2686 3036 lomentatw.
2709 2981 2889 3052 Ignem
2913 2985 2996 3038 hic
3019 2986 3149 3039 iram
3185 2986 3492 3042 bellantium

1930 3069 2190 3124 debemus
2218 3070 2529 3136 advertere,
2569 3087 2687 3139 qua:
2711 3073 2935 3127 traditos
2961 3074 3057 3128 sibi
3085 3083 3335 3144 tanquam
3363 3091 3493 3130 con-

3185 3176 3230 3221 et
3281 3169 3494 3239 virgines

1927 3269 2101 3306 eorum
2142 3269 2242 3306 non
2269 3265 2386 3307 sunt
2413 3256 2720 3308 lanteniatce.
2757 3255 3051 3310 Lamentari
3088 3259 3230 3312 enim
3260 3261 3498 3314 vacantis

1928 3352 2030 3397 est.
2061 3343 2190 3398 Nam
2223 3358 2342 3398 cum
2375 3361 2559 3399 omnes
2587 3345 2917 3400 imminentia
2962 3348 3199 3416 pericula
3240 3349 3499 3404 formida-

1932 3443 2078 3499 rent,
2113 3435 2242 3489 uulli
2292 3436 2439 3490 licuit
2486 3437 2708 3491 alterius
2745 3439 2915 3493 funeri
2964 3439 3109 3508 justa
3170 3443 3498 3510 persolvere.

1932 3523 2184 3578 Lamenta
2225 3528 2366 3579 enim
2413 3526 2551 3580 dicta
2591 3536 2714 3580 sunt
2759 3529 2895 3582 intra
2943 3529 3084 3585 lares
3127 3542 3500 3597 monumenta,

1930 3615 2067 3668 sicut
2096 3615 2326 3684 antiquis
2348 3617 2574 3685 sepelire
2597 3633 2712 3672 mos
2741 3629 2875 3675 erat.

2008 3705 2158 3759 Vers.
2182 3709 2271 3761 68.
2317 3707 2621 3762 Sacerdotes
2664 3725 2840 3764 eorum
2881 3712 2934 3766 in
2973 3714 3143 3784 gladio
3173 3717 3496 3782 ceciderunt,

1929 3802 1978 3846 et
2018 3795 2180 3846 vidua:
2210 3811 2381 3847 eorum
2403 3813 2506 3849 non
2533 3798 2885 3865 plorabantur.
2918 3803 2972 3854 ltt
3003 3803 3116 3871 ipsa
3154 3807 3310 3874 igitur
3331 3813 3501 3878 capti-

1935 3885 2093 3938 vitate
2126 3885 2217 3938 lilii
2245 3886 2356 3940 Heli
2383 3889 2675 3943 sacerdotis
2701 3892 2768 3943 ab
2793 3893 3091 3964 Allophylis
3114 3899 3290 3966 gladio
3319 3890 3502 3970 legun-

1851 4042 1855 4046 _
1931 3976 2320 4037 tur'exstincti;
2350 3992 2573 4045 quorum
2607 3981 2764 4034 unius
2813 3998 2954 4036 uxor
2989 3987 3144 4039 vidua
3187 3988 3345 4054 facta,
3387 4001 3505 4058 post

1931 4067 2164 4121 subitum
2214 4075 2421 4136 partum
2464 4079 2635 4123 morte
2661 4085 2927 4139 praeventa
2951 4083 3052 4128 est.
3089 4076 3162 4130 Ita
3195 4081 3417 4147 contigit
3450 4095 3503 4133 ut

1931 4159 2048 4225 ejus
2068 4158 2216 4210 vidua
2245 4159 2478 4213 minime
2505 4159 2831 4229 .ploraretur,
2877 4164 3000 4219 dum
3034 4168 3310 4222 universos
3351 4185 3504 4222 com-

1932 4235 2108 4302 munis
2133 4249 2377 4303 interitus
2401 4261 2735 4316 occupasset.
2763 4252 2894 4306 Nam
2920 4256 3041 4309 talia
3081 4257 3132 4310 in
3171 4257 3262 4312 illo
3307 4261 3506 4327 popqu

1933 4339 2114 4395 multis
2162 4341 2424 4397 accidisse
2467 4343 2733 4398 credenda
2773 4355 2929 4410 sunt,
2977 4350 3191 4417 quando
3237 4352 3497 4421 pluralem

1933 4447 2211 4485 numerum
2257 4435 2546 4486 auctoritas
2579 4443 2762 4490 sancta
2806 4441 3155 4509 memoravit,
3211 4457 3332 4512 qua:
3371 4444 3499 4498 nihil

248 4516 556 4571 vindicasse
592 4512 829 4566 dicatur?
853 4512 992 4580 quod
1027 4511 1286 4578 religiosis
1312 4511 1577 4565 tuentibus
1607 4527 1829 4579 scrupu-
1853 4500 1909 4561 Ι)
1931 4526 2170 4581 noscitur
2189 4527 2394 4582 referre
2420 4529 2768 4599 superﬂuum.

247 4609 357 4662 lum
394 4623 498 4660 non
542 4605 700 4658 debet
731 4601 972 4670 injicere.
997 4601 1126 4655 Nam
1155 4601 1254 4655 etsi
1295 4610 1506 4668 gentem
1535 4603 1826 4669 captivitati

249 4697 499 4758 tradidit,
547 4703 720 4747 tamen
762 4694 859 4746 Sibi
897 4692 1120 4760 placitos
1151 4692 1496 4745 conscientiae
1526 4693 1826 4760 integritate

247 4789 512 4853 servavit;
549 4785 641 4839 sed
672 4799 762 4839 eos
792 4785 960 4851 magis
998 4786 1048 4836 in
1081 4783 1513 4837 tribulationibus
1554 4784 1786 4838 exercuit
1808 4826 1823 4846 ,

246 4896 379 4949 quos
411 4889 617 4934 aeterno
647 4879 848 4936 honore
886 4877 1222 4931 coronandus
1263 4890 1381 4930 esse
1409 4877 1661 4931 decrevit.
1691 4877 1819 4947 Nam

247 4973 290 5024 si
324 4973 568 5025 veritatis
611 4969 792 5023 intima
831 4981 1249 5033 perscrutcnmr,
1285 4971 1638 5037 captivitatem
1679 4973 1820 5039 paSsi

249 5078 353 5115 non
388 5071 514 5115 sunt
543 5061 630 5130 qui
664 5061 842 5114 animo
867 5060 1016 5113 liberi
1051 5060 1292 5129 fuerunt,
1324 5077 1420 5116 nec
1450 5063 1659 5117 interno
1682 5063 1821 5119 hosti

251 5153 463 5214 traditi,
493 5166 719 5221 quorum
757 5151 1086 5205 conscientia
1119 5166 1224 5206 non
1267 5154 1439 5220 potuit
1465 5169 1494 5207 a
1530 5154 1820 5210 Divinitate

247 5244 490 5298 subduci.

314 5335 469 5388 νει-ε.
500 5331 588 5388 64.
618 5331 686 5386 Et
725 5333 910 5400 repulit
932 5333 1314 5388 tabernaculum
1343 5335 1478 5403 Silo,
1511 5338 1818 5396 tabernacu-

249 5427 348 5478 lum
379 5442 554 5489 suum,
585 5426 635 5478 in
665 5441 763 5490 quo
787 5425 1026 5478 habitavit
1055 5428 1184 5479 inter
1213 5426 1458 5482 homines.
1491 5430 1603 5486 Silo
1632 5433 1819 5487 civitas

249 5527 358 5570 erat
385 5516 477 5570 ubi
508 5530 630 5570 arca
664 5515 874 5569 Domini
901 5515 1064 5571 fuisse
1098 5518 1290 5586 legitur
1315 5522 1602 5576 constituta
1630 5539 1642 5576 :
1677 5525 1818 5578 unde

251 5624 339 5675 rer
361 5607 671 5662 sacerdotes
701 5609 1082 5677 supplicantes,
1112 5610 1316 5666 Hebraei
1348 5613 1529 5668 divina
1563 5632 1816 5686 responsa

250 5700 548 5767 capiebant,
605 5709 889 5768 antequam
953 5703 1205 5769 templum
1261 5713 1408 5758 esset
1466 5705 1820 5779 Jerosolytnis

1996 4620 2152 4677 Vers.
2179 4624 2268 4679 69.
2307 4624 2370 4678 Et
2399 4629 2655 4680 excitatus
2681 4637 2756 4679 est
2789 4636 3034 4697 tanquam
3079 4628 3344 4685 dormiens
3395 4631 3498 4683 Do-

1925 4714 2098 4779 minus
2119 4731 2137 4769 :
2160 4728 2407 4786 tanquam
2432 4729 2612 4787 potens
2634 4720 2943 4786 crapulatus
2968 4737 2998 4773 α
3027 4722 3163 4774 vino.
3191 4722 3502 4776 Consuetu-

1925 4805 2080 4860 dittcs
2111 4807 2241 4860 istas
2269 4809 2549 4862 hominum
2575 4811 2814 4865 diximus
2845 4819 3066 4879 pt'0pter
3092 4828 3178 4865 res
3208 4815 3505 4880 explanan-

1927 4894 2022 4948 das
2043 4909 2184 4963 stupe
2209 4895 2431 4950 Domino
2448 4897 2794 4951 contributas.
2826 4899 3026 4952 Dicitur
3047 4901 3187 4956 enim
3211 4917 3240 4954 a
3265 4917 3488 4968 persona

1925 4986 2274 5052 dementium,
2329 4987 2415 5055 qui
2457 4989 2526 5039 ita
2578 4997 2765 5054 putant
2815 4991 3027 5058 quando
3072 4993 3500 5059 periclitantibus

1929 5091 2035 5130 non
2075 5076 2352 5138 subvenit,
2407 5077 2557 5144 quasi
2600 5078 2714 5130 vino
2755 5095 2860 5136 esse
2908 5083 3250 5151 crapulatunt.
3282 5083 3386 5138 Sed
3417 5085 3504 5138 ille

1926 5177 2126 5220 tantum
2171 5165 2554 5236 negligentibus
2598 5176 2757 5235 atque
2803 5171 3108 5226 inﬁdelibus
3138 5174 3362 5239 dormit,
3410 5175 3498 5242 qui

1927 5259 2071 5312 nulla
2115 5258 2426 5326 psalmodia,
2452 5257 2612 5312 nullis
2640 5259 2792 5314 bonis
2819 5263 3066 5328 operibus
3086 5265 3318 5320 excitant
3346 5266 3499 5320 Chri-

1929 5359 2086 5404 stum.
2115 5351 2176 5404 Et
2201 5350 2320 5419 jure
2349 5353 2414 5404 ab
2438 5352 2566 5419 ipsis
2593 5353 2832 5408 redditur
2859 5356 3087 5424 alienus,
3120 5359 3208 5427 qui
3249 5374 3368 5413 eum
3397 5359 3500 5414 sibi

1927 5440 2326 5508 quasi-dormire
2369 5441 2646 5497 dementer
2677 5445 3000 5514 intelligunt.
3052 5447 3316 5504 Excitatur
3339 5451 3499 5505 etiam

1927 5530 1990 5582 ad
2016 5529 2297 5583 vindictam
2327 5533 2482 5585 malis
2512 5533 2720 5588 actibus
2745 5547 3079 5603 provocatus.
3109 5541 3260 5608 cujus
3291 5542 3498 5609 patien-

1928 5621 1997 5673 tia
2029 5621 2278 5674 dormisse
2299 5623 2652 5689 crcdebatur;
2681 5626 2827 5694 quod-
2852 5642 3018 5697 magts
3049 5630 3132 5684 hic
3162 5633 3500 5699 agnoscimus

1927 5712 2207 5766 sentiendo
2217 5728 2287 5767 tn.
2311 5710 2671 5768 Excitaverunt
2688 5717 2828 5771 ettitu
2845 5732 2967 5774 eum
2983 5718 3274 5795 Allophyli,
3291 5727 3499 5794 quando
