3952 6162
543 273 635 331 57f

1779 277 1841 334 tt.
1885 279 2158 334 AURELll
2201 279 2600 336 CASSIODORI
3649 289 3729 344 5:9

538 409 714 449 arcam
753 395 1052 449 testamenti
1083 394 1196 462 ejus
1231 395 1369 449 inter
1389 377 1674 450 simulacra
1702 408 2012 464 posuerunt.
2047 397 2110 451 Et
2143 402 2193 460 Α
2216 409 2267 454 et
2310 400 2433 453 alibi
2475 399 2540 452 de
2585 397 2820 452 Ecclesia
2864 395 3054 466 legitur
3093 413 3105 450 :
3143 395 3282 452 Deus
3319 401 3526 468 fundauit
3565 420 3659 458 eam
3685 410 3728 460 in

538 485 778 552 Sequitur
806 499 922 550 quae
968 484 1074 537 illis
1115 485 1206 538 tali
1251 483 1392 540 facto
1415 487 1776 555 provenerint.
1807 488 2106 542 Discuticn-

537 577 660 629 dum
693 583 772 628 cst
810 587 986 629 autem
1015 577 1154 644 quod
1187 578 1412 644 dixerit,
1457 588 1698 648 tanquam
1738 590 1932 648 potens,
1980 582 2106 649 quia

537 676 661 719 tunc
690 675 813 720 sunt
841 667 1084 722 homines
1106 668 1170 722 ad
1201 671 1330 724 iram
1365 671 1540 725 faciles
1571 681 1625 725 et
1648 672 1713 724 ad
1743 672 1989 727 virtutem
2013 688 2106 740 po-

535 767 728 822 tentes,
759 759 974 827 quando
1007 768 1125 826 post
1167 761 1437 828 crapulam
1489 762 1597 814 vini
1639 761 1707 815 de
1753 777 1941 815 somno
1981 779 2102 814 sur-

533 865 656 916 gere
684 861 1094 905 consueverunt.
1123 851 1363 922 Denique
1395 853 1576 906 beatus
1619 854 1994 923 Hieronymus,
2025 855 2104 906 in-

533 950 616 994 ter
674 941 806 994 alios
857 941 1128 997 veridicos
1183 945 1478 1014 interpres,
1551 959 1644 1012 pro
1697 955 1899 1014 potente
1953 945 2103 999 fortis

533 1041 730 1098 posuit.

605 1143 759 1198 Vers.
793 1143 880 1198 70.
925 1145 988 1197 Et
1017 1149 1258 1215 percussit
1287 1147 1515 1201 inimicos
1537 1165 1654 1201 suos
1695 1150 1748 1200 in
1787 1149 2099 1218 posteriora;

535 1235 862 1305 approbrium
913 1240 1276 1308 sempiternum
1323 1242 1459 1294 dedit
1505 1243 1628 1295 illis.
1683 1243 1791 1296 lloc
1837 1243 1889 1295 in
1933 1245 2102 1310 primo

532 1323 668 1377 libro
701 1325 900 1392 Regum
935 1327 1123 1396 legitur
1153 1327 1206 1398 (I
1236 1329 1358 1399 (leg.
1389 1347 1443 1392 v,
1484 1331 1563 1399 6),
1593 1331 1714 1398 quia
1747 1347 1839 1398 pro
1883 1343 2102 1387 sacratae

533 1430 673 1469 arca:
711 1416 898 1486 injuria
923 1421 1192 1488 Allaphyli
1229 1422 1281 1474 in
1311 1424 1588 1492 posteriora
1611 1426 1842 1491 percussi
1872 1436 2014 1488 sunt,
2047 1435 2102 1476 ut

533 1509 690 1561 ettam
720 1510 824 1562 vivi
853 1525 882 1563 a
909 1513 1172 1566 soricibus
1208 1515 1525 1568 exsecrabili
1575 1523 1720 1569 sorte
1765 1517 2096 1569 roderentur.

533 1599 684 1666 Quod
739 1605 1066 1668 opprobrium
1112 1605 1193 1659 eis
1237 1617 1510 1674 permanet
1557 1609 1932 1675 sempiternum,
1977 1610 2098 1677 quia

533 1689 710 1744 nullus
755 1693 890 1746 alter
933 1695 1108 1748 taliter
1154 1697 1369 1764 punitus
1420 1708 1520 1752 est.
1570 1699 1658 1754 Sic
1704 1713 2012 1767 peccatores
2045 1700 2098 1753 in

2211 503 2455 546 wternum
2477 490 2648 562 (Psal.
2673 506 2836 556 xu'n,
2873 490 2950 558 9).

2243 601 2246 604 ί
2283 580 2432 636 Vers.
2465 579 2554 633 7-4.
2585 579 2650 632 Et
2677 578 2824 648 elegit
2863 577 3030 631 Dauid
3069 595 3262 632 servum
3303 597 3465 646 suum,
3492 593 3534 634 et
3556 589 3726 639 sustulit

2207 687 2320 724 eum
2355 671 2417 724 de
2445 671 2678 741 gregibus
2709 671 2876 723 ovium
2907 685 2923 722 :
2953 670 3016 721 de
3039 679 3146 738 post
3173 670 3374 737 {etantes
3413 675 3584 744 occepit
3619 693 3726 728 eum.

2281 762 2434 815 νει-5.
2465 759 2551 812 75.
2583 759 2800 812 Poscere
2841 758 3002 812 Jacob
3028 760 3263 829 populum
3287 761 3402 830 (ms.
3435 762 3522 826 A.,
3545 763 3726 833 servum]

2208 871 2386 918 suum,
2419 863 2464 905 et
2489 853 2653 906 Israel
2685 853 3025 906 [nereditatem
3047 869 3211 904 suam.
3245 854 3513 920 Aptissima
3537 856 3676 908 nimis
3691 867 3734 908 et

2206 946 2396 999 decora
2421 945 2714 998 introducta
2745 954 2824 998 est
2856 944 3115 1008 narratio;
3146 953 3200 996 ut
3228 947 3342 1012 quia
3369 946 3584 1010 dixerat,
3611 950 3733 1016 elegit

2205 1036 2426 1101 Judam,
2454 1051 2594 1088 nunc
2617 1036 2845 1100 diceret,
2875 1034 3041 1087 Dauid
3062 1075 3076 1098 ,
3109 1035 3195 1102 qui
3229 1037 3292 1088 ab
3313 1035 3617 1090 humanitate
3639 1056 3738 1091 sus-

2204 1136 2356 1193 cepta
2398 1127 2612 1180 Christo
2652 1127 2876 1179 Domino
2915 1127 3263 1194 proximabat.
3309 1127 3407 1182 Sed
3448 1130 3618 1182 melius
3659 1131 3739 1185 hoc

2205 1219 2270 1272 de
2291 1221 2405 1288 ipso
2428 1219 2744 1286 suscipimus
2769 1217 2994 1271 Domino
3021 1218 3328 1284 Salvatore;
3349 1234 3462 1270 nam
3482 1221 3530 1271 in
3547 1221 3742 1288 Evange-

2204 1307 2276 1362 lio
2318 1310 2448 1362 caeci
2497 1311 2859 1362 clamaverunt
2897 1325 2910 1360 :
2954 1306 3062 1360 Fili
3117 1307 3312 1370 David,
3363 1309 3582 1363 miserere
3622 1311 3740 1363 nobis

2205 1398 2413 1468 (Matth.
2444 1416 2512 1454 xx
2529 1439 2545 1464 ,
2567 1400 2679 1467 '50).
2711 1401 2773 1452 Et
2797 1399 2918 1467 quia
2939 1397 3268 1452 conﬁdenter
3297 1413 3472 1451 verum
3495 1399 3740 1460 dixerant,

2203 1492 2302 1545 sub
2339 1491 2611 1544 celeritate
2649 1489 2817 1542 sanati
2857 1497 2998 1542 sunt.
3035 1489 3323 1557 Sequitur,
3364 1498 3409 1540 et
3437 1489 3622 1541 sustulit
3647 1505 3738 1540 eum

2203 1586 2266 1638 de
2304 1583 2536 1654 gregibus
2579 1583 2776 1646 ovium;
2813 1582 2876 1632 de
2906 1589 3018 1648 post
3057 1583 3272 1650 fetantes
3301 1581 3487 1648 accepit
3517 1595 3634 1632 eum.
3661 1579 3741 1632 Per

2203 1679 2360 1732 istam
2389 1676 2788 1730 similitudinem
2822 1675 2982 1728 David
3013 1675 3107 1728 ﬁlii
3135 1673 3290 1728 Jesse
3321 1674 3485 1745 (sicut
3512 1685 3559 1728 et
3577 1675 3632 1726 in.
3647 1674 3743 1726 aliis

533 1782 832 1848 posteriore
862 1784 966 1837 vita
1004 1789 1264 1853 percutit,
1293 1789 1504 1855 quando
1539 1789 1616 1843 eis
1662 1804 1757 1844 sua
1799 1791 1970 1845 debita
1996 1807 2100 1845 non

2211 1771 2382 1839 locis)
2417 1771 2621 1823 Domini
2652 1769 2948 1824 Salvatoris
2985 1769 3136 1823 nobis
3183 1777 3514 1824 sacramenta.
3537 1767 3746 1836 pandun-

535 1869 819 1938 relinquit,
867 1882 920 1925 et
967 1875 1118 1941 quasi
1157 1891 1187 1929 a
1235 1877 1496 1930 soricibus
1541 1887 1944 1946 consumuntur,
1973 1881 2100 1935 dum

534 1977 627 2016 eos
651 1961 846 2017 diaboli
874 1965 1066 2020 cohors
1089 1967 1296 2021 inimica
1326 1970 1620 2024 vallaverit.

605 2075 753 2129 Vers.
781 2077 868 2131 7i.
892 2075 960 2130 Et
985 2080 1170 2149 repulit
1201 2080 1576 2136 tabernaculum
1593 2081 1790 2155 .Joseph
1809 2128 1824 2154 ,
1848 2099 1896 2138 et
1914 2087 2100 2140 tribum

537 2162 760 2232 Ephrem
795 2183 894 2219 non
914 2167 1080 2237 elegit.

609 2277 760 2332 V'crs.
795 2279 884 2331 72.
929 2277 1034 2332 Sed
1079 2281 1224 2350 elegit
1253 2282 1434 2334 tribum
1477 2283 1654 2350 Juda,
1707 2295 1923 2338 montem
1971 2285 2099 2340 Sion

532 2385 678 2440 quem
707 2370 902 2424 dilexit.
945 2355 1147 2425 Judicia
1197 2373 1400 2426 Domini
1462 2375 1694 2443 ipsorum
1751 2393 1959 2446 quoque
2006 2395 2101 2432 no-

535 2465 732 2520 minum
778 2465 1151 2536 astipulatiane
1192 2468 1546 2524 declarantur.
1600 2469 1788 2540 Ioseph
1837 2473 2100 2541 signiﬁcat

533 2568 904 2626 augmentum,
948 2559 1088 2628 quod
1127 2567 1182 2614 ct
1230 2561 1282 2614 in
1313 2561 1450 2616 malo
1496 2572 1549 2616 ct
1583 2563 1631 2616 in
1663 2564 1802 2616 bono
1835 2565 2049 2631 ponitur
2080 2581 2094 2628 ;

532 2648 627 2708 sed
658 2648 816 2701 modo
847 2649 898 2702 in
932 2651 1256 2704 contrarium
1289 2652 1652 2720 accipiendum
1681 2665 1784 2722 est,
1815 2658 1934 2725 quia
1966 2671 2097 2712 con-

539 2747 646 2794 stat
673 2754 794 2794 esse
827 2741 1182 2810 repudiatum.
1217 2743 1442 2812 Ephrem
1471 2745 1692 2816 frugifer
1722 2747 2100 2816 interpretatur

532 2829 646 2882 sive
677 2828 920 2895 ubertas;
949 2831 1088 2884 Juda
1120 2833 1381 2888 confitens
1410 2835 1522 2890 sive
1545 2837 1872 2906 glorificans.
1901 2841 2098 2894 Memo-

533 2919 611 2973 ria
637 2933 846 2988 quoque
875 2920 1208 2976 condendam
1260 2931 1371 2990 est,
1421 2927 1558 2994 quod
1599 2943 1692 2995 per
1735 2929 1952 2984 [lehnert
1999 2947 2098 2986 no-

532 3007 674 3062 mina
705 3008 974 3078 Scriptura
1001 3019 1183 3064 sancta
1209 3028 1414 3068 .causas
1446 3017 1598 3070 nobis
1627 3020 1822 3086 saepius
1863 3021 2099 3075 declarat

2205 1870 2318 1920 tur,
2333 1859 2462 1913 Nam
2489 1861 2572 1913 ille
2595 1853 2830 1914 stibiattts
2851 1861 2918 1912 ab
2939 1860 3126 1913 ovibus
3163 1859 3406 1928 pervenit
3434 1858 3496 1910 ad
3521 1873 3712 1928 regnum
3735 1873 3747 1908 :

2203 1951 2458 2005 Dominus
2511 1959 2692 2004 noster
2740 1949 2951 2004 functus
2999 1949 3189 2002 officio
3233 1949 3488 2017 pastoris,
3527 1949 3658 2000 sedet
3695 1945 3748 1998 ad

2201 2043 2476 2096 dexteram
2511 2041 2714 2105 Patris,
2763 2041 2854 2110 qui
2881 2049 2964 2094 est
3006 2055 3134 2093 vere
3187 2040 3296 2092 ltex
3331 2053 3501 2107 regum
3526 2046 3566 2090 et
3609 2036 3750 2088 Domi-

2201 2147 2298 2184 nus
2341 2132 2704 2184 dominantium
2739 2132 2974 2200 (Apocal.
3011 2147 3119 2198 xu,
3162 2129 3276 2200 16).
3313 2129 3418 2183 Nec
3459 2139 3596 2180 vacat
3621 2125 3734 2196 quod

2201 2223 2374 2288 dixit,
2422 2237 2550 2277 oves
2590 2223 2704 2290 ejus
2745 2223 2906 2275 fuisse
2951 2221 3180 2276 fetosas.
3225 2219 3432 2274 Domini
3477 2217 3604 2272 enim
3641 2230 3744 2284 gres

2201 2311 2459 2381 spirituali
2497 2315 2662 2382 gratia
2711 2311 2964 2366 fecundus
2985 2353 3000 2376 ,
3033 2313 3176 2366 filios
3211 2312 3444 2365 noscitur
3473 2310 3649 2362 habere
3673 2321 3746 2360 co-

2201 2401 2406 2467 piosos;
2435 2403 2575 2454 sicut
2611 2401 2664 2454 in
2693 2401 2926 2454 Canticis
2963 2400 3298 2454 canticorum
3337 2399 3401 2455 de
3443 2397 3656 2452 Ecclesia
3687 2398 3747 2449 le-

2201 2492 2340 2559 gitur
2381 2509 2395 2543 :
2439 2491 2624 2545 Dentes
2662 2491 2734 2544 tui
2771 2492 2900 2544 sicut
2931 2507 3054 2560 grex
3096 2499 3364 2544 tonsarum
3412 2490 3667 2542 ascendens
3701 2490 3750 2540 de

2200 2587 2399 2634 latitcro
2419 2624 2434 2646 ,
2468 2597 2578 2648 qua:
2608 2598 2780 2634 omnes
2803 2582 3029 2649 geminos
3061 2591 3270 2650 creant,
3297 2591 3342 2636 et
3371 2581 3552 2635 sterilis
3579 2595 3666 2632 non
3690 2587 3749 2631 est

2199 2671 2252 2725 in
2278 2672 2348 2724 eis
2375 2673 2394 2744 (
2417 2673 2565 2727 Cant.
2599 2688 2672 2739 tv,
2699 2673 2780 2742 ‘2).
2837 2672 3080 2736 Addidit,
3114 2671 3342 2727 Parcere
3366 2671 3521 2724 Iacob
3545 2669 3752 2740 populum

2199 2777 2347 2814 suum
2371 2802 2386 2826 ,
2419 2768 2464 2814 et
2499 2759 2665 2814 Israel
2697 2761 3039 2814 hmreditatem
3073 2777 3246 2814 suam.
3285 2761 3392 2815 lloc
3428 2760 3532 2830 jam
3563 2759 3754 2812 manife-

2209 2856 2343 2910 stius
2370 2855 2695 2909 advertimus
2735 2854 2934 2910 dictum
2975 2855 3040 2910 de
3083 2855 3314 2910 Domino
3351 2856 3641 2917 Salvatore,
3683 2857 3752 2920 qui

2199 2961 2410 3014 gregem
2450 2960 2604 2998 suum
2641 2945 2783 3000 solus
2817 2947 2980 3000 valuit
3015 2947 3224 3000 caelesti
3277 2961 3409 3016 pauc
3447 2947 3662 3006 satiare,
3703 2951 3746 2995 et

2203 3037 2566 3092 haereditatcm
2615 3054 2764 3092 suam
2821 3040 3051 3094 maxime
3101 3055 3130 3093 a
3193 3040 3442 3108 periculis
3493 3039 3750 3090 animarum

530 3100 784 3154 occultas.
817 3101 966 3168 Quod
991 3118 1160 3170 genus
1185 3104 1465 3160 locutionis
1505 3122 1773 3163 sacrarum
1799 3112 2092 3168 litterarum
2129 3127 2172 3187 ρ
2204 3129 2406 3183 cunctis
2437 3129 2665 3197 eripere.
2697 3129 2858 3184 Jacob
2888 3133 3028 3184 enim
3063 3100 3356 3198 poss'umns
3383 3129 3660 3197 ίηιειιίεοιιε
3684 3140 3753 3193 ρο.

531 3192 802 3260 proprium
833 3209 951 3248 esse
983 3209 1086 3248 non
1133 3195 1350 3250 dubium
1379 3207 1484 3256 est,
1517 3201 1731 3267 quando
1763 3203 1866 3256 tale
1897 3204 2096 3272 aliquid

531 3283 814 3336 mundanis
863 3283 1052 3336 litteris
1105 3285 1322 3338 minimc
1365 3289 1686 3343 continetur.
1737 3289 1936 3360 Repulit
1969 3309 2098 3362 ergo

531 3373 910 3428 tabernaculum
951 3374 1144 3446 Ioseph
1169 3417 1183 3442 ,
1217 3381 1338 3444 qn‘a
1371 3379 1493 3434 licet
1533 3381 1646 3448 ipse
1677 3383 1864 3438 fuisset.
1889 3385 2096 3452 justus,

533 3475 707 3520 tamen
731 3466 845 3534 ejus
865 3467 1060 3534 posteri
1088 3468 1176 3536 qui
1199 3468 1264 3521 ad
1293 3483 1474 3522 semen
1504 3471 1680 3524 carnis
1711 3473 2094 3538 pertinuerunt,

529 3563 808 3625 augmenta
827 3556 1088 3610 mundana
1121 3565 1175 3610 et
1196 3559 1350 3628 271
1385 3567 1686 3626 provectum
1716 3563 1982 3618 carnalem
2007 3566 2100 3619 dc-

531 3647 798 3702 siderassc
829 3655 1121 3702 noscuntur
1141 3691 1153 3714 ,
1185 3649 1372 3702 tribum
1395 3665 1604 3720 quoque
1625 3652 1846 3720 Ephrem
1865 3671 1964 3708 non
1995 3656 2098 3709 ele-

531 3740 640 3810 git,
698 3740 818 3809 quia
870 3740 921 3793 in
970 3741 1120 3810 fruge
1167 3743 1350 3796 sasculi
1403 3741 1560 3812 hujus
1609 3745 1808 3799 carnali
1859 3747 2100 3804 ubertate

533 3831 944 3899 praesumebant.
1000 3831 1206 3884 Tribuni
1243 3842 1418 3889 autem
1463 3833 1606 3888 Juda
1654 3838 1842 3890 merito
1870 3837 2099 3906 delegit,

531 3935 650 3988 qua:
689 3929 742 3974 ct
787 3919 1128 3975 confessione
1167 3921 1260 3976 fuit
1291 3923 1534 3988 humilis,
1587 3934 1642 3978 ct
1691 3919 2098 3982 conversatione

530 4009 810 4064 laudabilis
841 4028 854 4064 :
889 4011 1026 4066 unde
1077 4013 1230 4066 nobis
1259 4014 1548 4068 secundum
1593 4030 1809 4068 carnem
1847 4018 2098 4072 Dominus

533 4103 774 4158 Salvator
786 4102 1017 4158 advenit.
1035 4102 1308 4172 Sequitur,
1332 4115 1548 4160 montem
1569 4107 1696 4162 Sion
1719 4125 1868 4176 quem
1890 4109 2096 4164 dilexit.

531 4195 824 4248 Ecclesiam
866 4193 1184 4248 catholicam
1213 4194 1496 4262 significat,
1526 4197 1594 4251 de
1631 4213 1732 4266 qua
1784 4200 1836 4252 in
1863 4201 2098 4258 Canticis

531 4285 856 4339 canticorum
901 4283 1153 4338 Dominus
1183 4283 1356 4338 dicit:
1393 4285 1508 4341 Una
1553 4297 1626 4340 est
1667 4289 1900 4343 columba
1948 4289 2094 4363 mea,

533 4397 636 4432 una
666 4387 737 4432 est
768 4377 954 4429 dilecta
971 4393 1079 4429 mea
1113 4376 1280 4445 (Cant.
1317 4394 1390 4444 vt,
1423 4377 1500 4448 8).

2207 3219 2384 3284 pulum
2411 3217 2769 3271 Christianum
2789 3258 2802 3282 ,
2835 3221 2922 3288 qui
2957 3220 3040 3273 hic
3071 3221 3220 3292 degit
3251 3222 3304 3274 in
3346 3221 3517 3276 terris.
3553 3215 3754 3271 Heredi-

2203 3320 2358 3362 tatem
2388 3326 2512 3364 vero
2545 3309 2745 3380 Israel,
2777 3311 3001 3364 futuram
3035 3315 3508 3383 congregationem
3536 3324 3641 3379 qua:
3671 3307 3752 3360 Do-

2203 3402 2332 3454 tnini
2369 3402 2812 3469 contemplatione
2854 3403 3116 3470 poscenda
3157 3415 3271 3469 est;
3303 3403 3442 3474 quid
3479 3403 3540 3456 ad
3577 3412 3752 3467 tempo-

2204 3493 2365 3546 ralem
2395 3507 2570 3561 regem
2603 3493 2922 3548 omnimodis
2955 3511 3056 3547 non
3089 3505 3269 3562 potest
3299 3497 3576 3564 pertinere.

2311 3584 2458 3638 Vers.
2499 3585 2586 3636 76.
2621 3583 2688 3634 Et
2725 3585 2857 3653 pavit
2883 3601 2966 3638 eos
3005 3586 3108 3638 sine
3141 3586 3349 3638 malitia
3379 3585 3539 3638 cordis
3577 3583 3682 3644 sui,
3717 3583 3758 3629 et

2201 3674 2254 3725 in
2278 3689 2427 3726 sensu
2451 3690 2694 3726 manuum
2721 3690 2932 3727 suarum
2954 3675 3166 3728 deduxit
3195 3692 3303 3729 eos.
3334 3675 3582 3728 Absolute
3611 3677 3750 3724 totum

2203 3763 2267 3816 ad
2307 3763 2584 3816 Dominum
2627 3763 2856 3832 pertinet
2902 3764 3286 3832 Salvatorem;
3330 3767 3474 3819 solus
3511 3763 3639 3819 enim
3676 3759 3758 3811 fuit

2202 3853 2290 3922 qui
2322 3861 2532 3921 peccata
2565 3867 2666 3906 non
2700 3853 2901 3906 habuit.
2937 3853 3174 3908 Dicenda
3207 3857 3356 3910 enim
3380 3896 3394 3918 ,
3425 3855 3530 3907 sine
3567 3849 3756 3910 malitia.

2203 3946 2436 4000 ostendit
2476 3945 2597 4013 quia
2631 3945 2699 3997 ita
2725 3948 2829 3998 sint
2867 3945 3086 4001 dicenda
3113 3947 3476 4016 peccata.,llla
3495 3945 3626 4000 enim
3647 3939 3762 4010 puri.

2205 4049 2306 4100 tas,
2341 4039 2426 4091 illa
2457 4033 2710 4093 sanctitas
2735 4078 2748 4102 ,
2783 4039 2866 4092 illa
2895 4053 2926 4094 e
2953 4040 3089 4094 ccelo
3121 4041 3350 4094 veniens
3382 4040 3646 4106 Maje~tas,
3683 4031 3762 4081 Ιιθθ

2203 4129 2420 4197 probata
2448 4139 2529 4183 est
2551 4129 2796 4184 docuisse
2821 4130 2958 4196 quod
2989 4131 3174 4198 gessit,
3197 4131 3300 4184 hoc
3331 4129 3496 4200 gessit
3519 4127 3624 4180 sine
3636 4120 3764 4175 dubi-

2203 4225 2404 4280 tatione
2433 4225 2570 4292 quod
2609 4225 2810 4280 docuit.
2847 4223 2992 4276 Pauit
3029 4225 3172 4278 enim
3217 4233 3518 4292 prteccptor
3559 4215 3764 4284 egregius

2204 4329 2337 4384 quos
2357 4314 2552 4368 docere
2571 4314 2815 4382 dignatus
2835 4325 2917 4367 est
2938 4353 2954 4378 ,
2999 4315 3136 4368 sicut
3156 4315 3274 4380 ipse
3306 4321 3528 4367 testatur
3559 4326 3572 4362 :
3599 4307 3703 4361 Non
3722 4305 3764 4352 in

2203 4409 2314 4460 solo
2349 4422 2477 4474 pane
2518 4407 2634 4458 vivit
2665 4406 2846 4468 homo,
2877 4407 2966 4458 sed
2995 4405 3048 4457 in
3075 4407 3214 4482 omni
3245 4404 3395 4457 verba
3438 4401 3532 4454 Dei
3563 4394 3760 4468 (Matth.

603 4492 757 4547 Vers.
785 4491 872 4546 75.
913 4490 978 4542 Et
1006 4491 1274 4558 wdiﬁcavit
1299 4491 1428 4545 sicut
1453 4494 1775 4548 unicornium
1801 4499 2092 4564 sanctiﬁca-
2121 4489 2172 4551 ι)
2199 4511 2280 4564 tv,
2301 4499 2332 4550 4
2354 4498 2396 4566 ).
2427 4497 2550 4552 Sine
2580 4497 2775 4550 malitia
2805 4497 3005 4562 cordis,
3038 4495 3173 4550 sicut
3203 4497 3334 4550 alibi
3360 4495 3488 4548 dicit
3523 4511 3534 4544 :
3571 4489 3668 4543 Nec
3699 4491 3757 4538 es!

534 4587 718 4639 tionem
747 4601 921 4650 suam,
953 4583 1006 4636 in
1037 4592 1168 4637 terra
1190 4601 1342 4652 quam
1375 4585 1605 4654 fundavit
1644 4589 1694 4640 in
1722 4592 1928 4643 smcula.
1969 4591 2072 4646 Uni
2083 4624 2100 4636 ο

533 4675 760 4729 cornium
787 4674 1047 4742 significat
1077 4689 1233 4728 unam
1271 4690 1418 4742 spem
1459 4677 1762 4732 habentium
1797 4681 1846 4734 in
1877 4685 2103 4737 sanctis-

533 4769 719 4821 simam
749 4767 1083 4834 Trinitatem,
1109 4769 1172 4822 ad
1203 4783 1358 4838 quam
1387 4769 1616 4824 fidelium
1645 4783 1863 4826 sacrata:
1899 4785 2104 4832 mentes

537 4858 809 4912 luttniliter
847 4859 1156 4928 eriguntur,
1193 4871 1246 4912 ct
1284 4868 1530 4928 tanquam
1573 4861 1896 4916 validissimo
1933 4879 2104 4919 cornu

537 4949 658 5003 fidei
683 4947 930 5003 firmitate
951 4949 1268 5004 consistunt.
1291 4951 1566 5018 Sequitur,
1590 4952 1642 5004 in
1663 4962 1794 5006 terra
1815 4970 1964 5022 quam
1986 4956 2105 5023 fun-

535 5041 670 5094 davit
695 5043 745 5094 in
773 5041 978 5094 strcula.
1009 5041 1260 5108 Quamvis
1299 5043 1352 5096 in
1375 5043 1561 5096 alecula
1597 5043 1771 5097 futuro
1807 5045 2100 5100 Jerusalem

537 5133 904 5200 praedestinata
934 5133 1213 5198 consistat;
1247 5135 1298 5186 in
1327 5141 1462 5186 terra
1492 5143 1700 5198 tamen,
1733 5135 1782 5187 id
1816 5146 1898 5188 est
1926 5135 1977 5188 in
2010 5136 2104 5189 ho-

535 5225 765 5276 minibus
791 5222 988 5277 sanctis
1027 5223 1126 5277 sub
1155 5222 1450 5276 mteruitate
1482 5223 1584 5294 [ed.
1605 5263 1621 5286 ,
1647 5237 1742 5290 Spe
1772 5223 2102 5296 aeternitatis]

539 5316 790 5382 probatur
819 5329 940 5370 esse
977 5317 1226 5378 fundata,
1254 5316 1387 5368 sicut
1416 5315 1468 5368 in
1511 5317 1795 5383 Evangelia
1841 5317 1998 5372 Petro
2027 5319 2106 5372 di-

535 5417 676 5458 ctum
706 5415 822 5460 cst:
859 5406 937 5459 Tu
962 5421 1012 5458 es
1048 5404 1230 5458 Petrus
1251 5449 1265 5472 ,
1301 5414 1344 5457 et
1377 5421 1526 5472 super
1561 5404 1690 5458 hanc
1717 5417 1908 5474 petram
1938 5409 2108 5474 mli/i-

536 5496 658 5548 cabo
681 5494 962 5549 Ecclesiam
991 5511 1173 5558 meam,
1204 5503 1250 5548 et
1283 5505 1440 5562 porta:
1469 5496 1617 5564 inferi
1640 5513 1740 5550 non
1767 5497 2106 5565 pratualebunt

537 5589 775 5640 adversus
815 5603 924 5642 eam
967 5587 1190 5659 (Matth.
1237 5601 1345 5655 xu,
1387 5587 1506 5658 18).
1560 5587 1696 5644 Ecce
1743 5591 2008 5657 quomodo
2053 5592 2104 5644 in

537 5683 672 5729 terra
703 5677 804 5732 sub
844 5680 1136 5736 mternitatc
1177 5679 1512 5746 cognoscitur
1547 5693 1666 5733 esse
1707 5678 1942 5732 fundata.
1975 5680 2102 5733 Nam

2207 4591 2368 4642 inore
2395 4591 2503 4658 ejus
2529 4587 2678 4641 dolus
2708 4587 2872 4654 (Isai.
2899 4601 3011 4652 un,
3035 4587 3125 4657 9).
3159 4586 3360 4642 Sensus
3386 4599 3514 4639 vero
3536 4591 3761 4636 manuum.

2209 4681 2469 4735 actualem
2498 4678 2759 4748 significat
2784 4680 3142 4742 sanctitatem,
3165 4678 3230 4732 ad
3255 4692 3418 4746 quam
3445 4673 3617 4729 ﬁdeles
3640 4681 3762 4728 suos,

2213 4780 2369 4838 prout
2399 4769 2510 4839 ipse
2536 4770 2745 4832 tribuit.
2781 4770 3010 4840 gloriosa
3045 4770 3348 4823 imitatione
3389 4763 3648 4836 perduxit.
3681 4756 3766 4813 Sed

2210 4877 2309 4916 nec
2336 4862 2474 4916 istud
2505 4861 2670 4916 David
2700 4871 2872 4930 potest
2911 4861 3186 4929 temporali
3225 4861 3338 4928 regi
3372 4859 3626 4913 ullatenus
3659 4865 3766 4904 con-

2208 4952 2420 5014 venire;
2461 4951 2552 5006 sed
2579 4965 2698 5005 cum
2737 4950 2804 5004 ad
2844 4951 3121 5004 Dominum
3155 4950 3434 5004 Christum
3475 4947 3765 5002 referuntur,

2207 5051 2396 5096 cuncta
2424 5041 2523 5096 sibi
2553 5042 2746 5096 decora
2777 5041 3036 5110 parilitate
3062 5042 3428 5095 consentiunt.

2750 5181 3016 5234 Conclusio
3045 5181 3249 5250 psalmi.

2281 5315 2337 5370 ln
2381 5315 2650 5370 nonnullis
2697 5314 2913 5381 psalmis
2955 5314 3185 5368 solemus
3231 5313 3516 5381 exquirere
3540 5307 3654 5381 quid
3689 5313 3770 5356 nos

2209 5409 2492 5462 admoneat
2522 5408 2755 5462 caelestis
2785 5407 3094 5462 auctoritas.
3135 5405 3230 5459 liie
3263 5407 3370 5459 tale
3401 5403 3520 5456 fecit
3551 5397 3764 5452 initium.

2209 5508 2264 5550 ut
2291 5499 2560 5566 expositio
2602 5499 2768 5567 magis
2797 5513 2952 5567 quam
2993 5496 3314 5565 principium
3355 5493 3537 5562 psalmi
3565 5502 3676 5542 esse
3701 5483 3764 5534 vi-

2207 5587 2414 5642 deatur.
2459 5587 2597 5642 Dixit
2631 5591 2770 5643 enim
2819 5587 3086 5658 parabolis
3135 5602 3200 5642 sc
3247 5599 3306 5640 et
3355 5577 3770 5652 propositionum

2208 5695 2324 5733 esse
2353 5681 2649 5734 locuturum
2669 5723 2680 5740 .
2707 5689 2765 5734 ut
2793 5680 3152 5751 unusquisque
3175 5675 3445 5734 velociter
3465 5669 3772 5742 cognosceret
