3952 6162
261 296 352 351 575

1113 305 1474 364 EXPOSiTIO
1519 309 1581 363 IN
1625 308 2077 366 PSALTERIUM.
2120 309 2313 366 PSAL.
2361 312 2633 367 LXXVHI.

3418 317 3518 373 575

258 414 430 469 faelem
462 417 688 485 psalmi,
721 435 838 474 cum
868 421 1034 476 forma
1068 424 1230 490 ipsius
1265 439 1520 490 expres-‘a
1560 425 1715 478 fuerit
1752 424 1832 477 tli-
1863 429 1906 483 A
1937 435 2236 491 procreata.
2278 425 2342 480 In
2373 429 2748 497 hwreditatem,
2780 429 3071 486 Jerusalem
3103 433 3394 501 significat,
3430 434 3516 488 ubi

260 509 451 562 (tionis.
482 509 818 580 Quapropter
841 513 918 567 sic
953 529 1044 581 pro
1077 515 1187 568 suis
1211 515 1416 569 delictis
1448 515 1698 584 expulsos
1731 515 1832 568 [lc-

260 602 447 667 brteos,
480 613 536 656 et
563 605 899 659 intromissos
929 608 1120 661 asserit
1148 607 1508 672 Christianos,
1550 617 1607 661 ut
1639 607 1830 660 utrius-

257 706 348 757 que
397 693 530 761 legis
569 693 919 748 intentionem
969 698 1118 765 quasi
1158 698 1207 750 in
1252 697 1406 750 unius
1453 696 1651 752 faceret
1694 698 1830 754 botri

255 783 434 836 decore
466 783 724 852 pendere.
767 786 1022 839 Amemus
1052 802 1177 853 ergo
1216 789 1568 861 prolixitatem
1600 788 1747 855 ejus,
1776 787 1832 841 in

254 887 348 937 quo
390 871 515 924 dum
550 872 773 927 historia
819 874 1078 938 refertur,
1123 877 1251 930 Novi
1290 878 1615 933 Testamenti
1661 879 1831 946 gratia

253 968 548 1020 declaratur
575 984 590 1022 :
622 985 770 1023 more
798 969 975 1039 abyssi
1007 971 1337 1032 fluctuantis,
1374 987 1492 1038 qua:
1523 981 1598 1024 tot
1631 969 1830 1023 lumina

252 1057 412 1109 reddit
440 1067 569 1126 quot
603 1066 875 1112 "tremores
913 1059 1168 1114 effecerit.
1211 1061 1364 1114 Modo
1396 1061 1538 1114 enim
1571 1059 1643 1113 ibi
1671 1060 1828 1114 clari-

249 1159 320 1200 tas
348 1150 564 1218 lampat,
591 1151 750 1203 modo
779 1151 1079 1206 umbratilis
1104 1154 1274 1220 imago
1296 1151 1674 1215 circumvolat,
1703 1159 1755 1204 et
1779 1151 1831 1203 in

248 1238 422 1291 eodem
453 1239 722 1292 elemento
760 1240 1006 1294 videntur
1041 1257 1160 1296 esse
1189 1243 1364 1303 varia,
1396 1256 1516 1294 cum
1547 1241 1682 1294 nihil
1722 1241 1834 1294 illic

246 1327 432 1380 coloris
477 1330 729 1394 accedat,
773 1346 871 1385 nec
910 1331 1145 1386 recedat.
1185 1332 1269 1384 sic
1315 1333 1500 1398 psalmi
1544 1330 1703 1400 hujus
1741 1331 1833 1382 ad-

248 1422 473 1475 miranda
514 1423 799 1479 diversitas
835 1433 889 1478 et
919 1425 1191 1478 historiam
1225 1433 1439 1490 narrat,
1470 1435 1521 1478 et
1550 1423 1706 1492 longe
1730 1424 1830 1475 alia

245 1528 355 1580 qua:
393 1515 740 1581 Spiritualiter
797 1518 1110 1581 sentiantur,
1156 1516 1408 1570 insinuat.
1441 1515 1602 1582 Cujus
1647 1514 1834 1567 simili-

245 1606 474 1659 tudinem
515 1609 842 1661 centesimus
870 1618 1089 1675 quartus
1121 1623 1330 1678 quoque
1374 1609 1610 1676 psalmus
1648 1607 1833 1659 subse-

238 1698 428 1764 quitur.
463 1698 529 1750 Et
566 1698 706 1752 sicut
739 1697 791 1752 in
825 1699 983 1752 David
1029 1700 1232 1753 actibus
1270 1698 1606 1751 declarantur
1653 1697 1823 1749 Domi-

1938 523 2053 567 erat
2095 518 2362 571 Itwreditas
2397 520 2488 573 Dei
2522 522 2570 576 in
2600 523 2796 575 sanctis
2840 524 3143 579 hominibus
3183 527 3462 580 coostituta
3500 545 3515 579 :

1935 608 2107 671 qualis
2149 609 2246 661 fuit
2276 608 2620 673 Mathathias,
2642 611 2892 678 Eleazar,
2923 626 3124 682 septem
3173 615 3362 672 fratres
3392 632 3514 672 cum

1934 705 2113 746 sancta
2145 705 2343 762 niatre;
2371 707 2552 766 quales
2581 701 2789 754 fuerunt
2811 704 2970 767 mille,
2999 705 3107 772 qtti,
3139 720 3206 759 ne
3233 707 3510 760 sabbatum

1937 785 2226 848 violarent,
2259 803 2444 842 omnes
2486 804 2544 842 se
2583 791 2720 858 paSsi
2766 804 2889 846 sunt
2933 794 2998 847 ab
3040 796 3278 850 hostibus
3315 799 3508 864 ψιὶειῑς

1935 877 2178 930 manibus
2229 879 2478 943 interire;
2533 892 2585 934 ct
2637 884 2812 936 cteteri
2870 900 3000 954 quos
3051 887 3236 940 notitia
3291 889 3508 942 minime

1934 969 2358 1035 comprehendit.
2418 971 2665 1038 Addidit,
2706 981 2885 1038 tuam,
2931 985 2987 1028 tit
3013 978 3268 1032 excitaret
3313 979 3511 1046 judicis

1932 1061 2166 1113 animum
2235 1073 2416 1115 contra
2496 1064 2825 1118 advers::rios
2902 1071 3284 1124 truculentos:
3331 1073 3513 1126 dicens

1932 1163 2026 1202 eos
2071 1150 2261 1204 renisse
2297 1153 2360 1204 ad
2392 1151 2660 1208 hesionem
2695 1155 2803 1221 rei,
2837 1172 2953 1224 quae
2984 1159 3046 1208 ad
3072 1157 3303 1226 judicent
3353 1166 3513 1229 perti-

1934 1241 2112 1294 nebat.
2144 1242 2268 1296 Ilmc
2293 1231 2721 1300 oratores'latius
2745 1247 3062 1314 copioseque
3090 1248 3364 1315 dixerunt,
3393 1268 3511 1304 cum

1933 1331 2250 1384 adversariis
2272 1334 2570 1386 suisodium
2597 1334 2769 1389 facere
2800 1338 3160 1404 invidiamque
3190 1340 3510 1395 niterentur.

2009 1421 2154 1475 Vers.
2171 1422 2226 1474 2.
2247 1421 2707 1492 Coinquinaverunt
2732 1430 2972 1496 templum
2991 1441 3218 1483 sanctum
3239 1441 3402 1495 tuum,
3424 1450 3514 1498 po-

1931 1522 2137 1563 suerunt
2163 1511 2450 1566 Jerusalem
2478 1516 2606 1568 velut
2633 1533 2894 1585 pomorum
2920 1522 3301 1577 custodiarium.
3335 1523 3514 1593 Aptis-

1931 1602 2068 1656 sime
2118 1615 2302 1658 saneto
2349 1607 2462 1658 viro
2501 1609 2690 1660 sacrati
2740 1611 2918 1677 templi
2964 1613 3107 1678 prius
3153 1618 3388 1668 occurrit
3431 1615 3511 1668 iu-
3591 1667 3598 1672 .

1931 1691 2062 1759 jnria
2099 1711 2110 1743 :
2145 1705 2198 1745 ut
2234 1695 2332 1748 hoc
2363 1697 2498 1748 inter
2530 1688 2676 1749 initia
2713 1698 2932 1753 defieret
2956 1742 2969 1764 ,
3001 1704 3136 1771 quod
3183 1705 3247 1757 ad
3275 1705 3508 1758 divinam

238 1789 286 1839 ui
316 1789 490 1840 futura
522 1789 809 1857 mysteria,
843 1789 910 1842 ita
954 1800 1008 1843 et
1041 1805 1133 1857 per
1174 1789 1427 1842 miracula
1474 1803 1591 1852 qua:
1627 1786 1827 1842 Judaeis
1866 1780 1906 1837 li
1936 1791 2152 1834 triverat
2181 1785 2553 1838 contumeliam
2587 1787 2871 1855 pertinere.
2905 1791 3393 1863 Coinquinaverunt,
3424 1794 3510 1848 di-
3565 1802 3578 1806 ‘

235 1893 489 1932 concessa
540 1887 697 1942 sunt,
747 1879 1038 1934 Christiani
1087 1881 1263 1948 populi
1312 1890 1644 1933 sacramenta
1692 1893 1825 1968 pau-

232 1971 445 2025 duntur.

447 2062 811 2120 EXPOSITIO
848 2064 913 2118 IN
956 2062 1278 2118 PSALMUM
1331 2062 1608 2118 LXXVIII.

797 2154 1036 2208 Psalmus
1063 2154 1254 2223 Asaph.
1605 2157 1610 2161 ’

295 2245 446 2300 Sicut
477 2261 624 2314 smpe
652 2246 1028 2308 diximus,ha:e
1057 2246 1200 2317 [ed.,
1228 2244 1349 2316 hic]
1387 2246 1698 2315 significatio
1727 2261 1815 2302 n0-

223 2337 382 2391 minis
415 2338 480 2391 ad
515 2349 666 2392 actus
705 2339 821 2391 illos
853 2340 1079 2406 pertinet
1107 2339 1194 2405 qui
1235 2339 1298 2392 ad
1333 2339 1576 2392 mandata
1610 2337 1819 2392 Domini

222 2431 562 2500 gratiamque
588 2431 909 2485 referuntur.
939 2429 1113 2500 Asaph
1145 2445 1270 2484 vero
1294 2430 1557 2499 significat
1584 2430 1819 2500 Synago-

220 2536 365 2587 gum,
395 2537 516 2589 quzc
542 2508 717 2576 tamen
746 2522 1022 2576 catholica:
1045 2523 1329 2576 convenire
1354 2522 1522 2590 possit
1543 2522 1814 2575 Ecclesiur.

221 2611 408 2678 Neque
453 2611 600 2665 enim
643 2611 961 2667 Christianis
1009 2613 1166 2667 alieni
1219 2612 1469 2666 credendi
1521 2621 1674 2676 sunt,
1727 2613 1818 2681 qui

218 2700 409 2765 gratiae
445 2700 731 2754 dominicae
753 2702 993 2754 claritate
1017 2702 1294 2756 fulserunt.
1327 2701 1478 2757 Adde
1503 2703 1814 2777 prephetas,

222 2790 556 2855 patriarchas
595 2802 648 2846 et
697 2792 948 2861 populum
992 2792 1136 2846 illum
1172 2791 1282 2862 jam
1319 2793 1530 2854 Christo
1569 2795 1814 2849 devotum

222 2893 350 2934 ante
400 2893 640 2951 tempora
685 2882 1009 2938 Christiana.
1043 2883 1138 2937 Est
1180 2899 1306 2952 ergo
1345 2894 1396 2938 et
1446 2885 1542 2938 iste
1584 2885 1816 2951 psalmus

223 2978 371 3024 tutus
419 2972 472 3026 in
516 2973 896 3028 lamentatione
936 2973 1170 3042 positus,
1218 2975 1352 3028 sicut
1399 2984 1454 3029 et
1491 2976 1812 3042 septuagesi-

223 3077 348 3114 mus
389 3063 582 3118 tertius
609 3104 623 3128 ,
654 3063 744 3132 qui
778 3063 952 3117 futura
985 3073 1218 3132 tempora
1254 3065 1399 3118 velut
1432 3066 1691 3132 prmterita
1721 3065 1813 3118 de-

1926 1877 2031 1937 xit.
2067 1877 2370 1945 polluerunt
2402 1897 2414 1931 :
2444 1883 2691 1948 quoniam
2725 1883 2815 1936 illo
2843 1894 3078 1954 tempore
3111 1903 3212 1940 non
3245 1899 3323 1941 est
3352 1904 3509 1943 ever-

1924 1980 2040 2017 sum
2081 1969 2439 2021 sanctuarium
2481 1970 2720 2036 Domini,
2747 1973 2839 2026 sed
2866 1975 3038 2042 impia:
3067 1984 3254 2044 gentes
3295 1978 3345 2031 in
3384 1993 3508 2031 san-

1922 2055 2172 2110 ctissimis
2195 2057 2324 2110 locis
2345 2058 2625 2113 simulacra
2645 2061 2866 2115 nefanda
2888 2067 3295 2134 prtesumptione
3321 2082 3505 2137 posue-

1922 2155 2073 2209 runt;
2127 2155 2181 2198 ut
2229 2146 2316 2200 ubi
2363 2149 2634 2203 colebatur
2686 2167 2842 2206 verus
2875 2153 3049 2218 Deus,
3083 2155 3150 2209 ibi
3197 2157 3504 2214 immundus

1921 2233 2231 2288 adoraretur
2271 2235 2508 2301 spiritus.
2542 2237 2630 2292 Sic
2657 2239 2798 2293 enim
2825 2241 2890 2294 de
2918 2241 3180 2297 Antiocho
3208 2246 3259 2298 ir.
3292 2247 3505 2301 Macha-

1921 2326 2155 2381 ba:orum
2198 2328 2333 2382 libro
2371 2329 2563 2398 legitur
2595 2347 2608 2383 :
2641 2329 2802 2385 Jussit
2840 2335 3154 2404 coinquinari
3195 2347 3402 2401 sancta,
3451 2348 3502 2392 et

1917 2428 2146 2471 sanctum
2169 2421 2415 2488 populum
2447 2418 2641 2486 Israel;
2656 2424 2814 2493 jussit
2836 2427 3082 2494 testificari
3102 2445 3218 2481 aras
3247 2441 3293 2482 et
3317 2431 3504 2500 templa

1905 2517 1966 2568 ct
1992 2509 2130 2561 idola
2149 2551 2163 2573 ,
2190 2519 2242 2562 ut
2269 2511 2588 2564 immolarent
2618 2528 2792 2567 carnes
2821 2515 3001 2568 suillas
3024 2516 3041 2587 (
3066 2514 3093 2568 1
3125 2516 3298 2571 Marii.
3334 2535 3378 2581 ι,
3411 2522 3502 2582 40,

1918 2599 1987 2654 5'0
2009 2599 2049 2667 ),
2074 2609 2178 2654 etc.
2203 2603 2454 2668 Sequitur
2490 2602 2714 2656 dolenda
2739 2605 2897 2659 nimis
2927 2614 2979 2660 et
3004 2605 3258 2674 injttriosa
3289 2623 3503 2678 comps-

1920 2693 2056 2744 ratio
2086 2708 2098 2744 :
2133 2690 2417 2745 f’osuerunt
2453 2690 2738 2747 Jerusalem
2764 2697 2894 2748 velut
2935 2712 3196 2766 pomorum
3236 2701 3500 2753 custodiu-

1917 2785 2072 2836 iium.
2101 2783 2251 2849 Quod
2277 2783 2491 2837 schema
2512 2786 2702 2838 dicitur
2726 2786 2974 2854 parabole
2993 2829 3008 2852 ,
3044 2790 3254 2854 quando
3286 2806 3370 2845 res
3402 2793 3501 2845 sibi

1916 2889 2114 2942 genere
2139 2873 2422 2929 dissimiles
2450 2885 2852 2942 comparantur.
2884 2875 3207 2932 Custodiaria
3242 2882 3426 2950 siquid:
3451 2899 3498 2935 Ill

1918 2981 2184 3031 pomorum
2212 2966 2461 3019 dicuntur
2491 2967 2698 3035 tuguria
2717 3009 2730 3033 ,
2755 2983 2874 3035 qua:
2900 2969 3000 3021 sibi
3031 2969 3307 3024 hortorum
3335 2972 3504 3025 culto-

1918 3069 2004 3106 res
2035 3055 2096 3106 ad
2119 3055 2485 3123 depellendam
2509 3057 2640 3110 solis
2661 3055 2906 3126 injuriam
2925 3099 2941 3123 ,
2967 3067 3020 3113 et
3041 3060 3104 3114 ad
3127 3061 3500 3117 custodiendas

225 3153 430 3219 plorat,
463 3165 515 3208 et
548 3127 763 3223 propter
789 3155 1040 3209 duritiam
1066 3127 1243 3209 cordis
1272 3154 1352 3208 sui
1400 3157 1541 3224 genti
1578 3157 1810 3223 graviter
1839 3127 1885 3192 C
1917 3143 2091 3197 furum
2124 3144 2394 3214 improbas
2431 3160 2618 3202 manus
2658 3146 2931 3204 frondibus
2960 3150 3208 3219 liscisque
3236 3151 3384 3222 [ed.,
3416 3155 3498 3208 fo-

229 3244 555 3314 amigendaa,
609 3247 820 3314 pietatis
869 3245 1044 3301 studio
1097 3254 1344 3316 precatur
1386 3245 1654 3300 Christum
1708 3243 1811 3300 Do-

232 3339 431 3391 minum
461 3337 769 3392 subvenire.

809 3430 1003 3486 Divisio
1025 3430 1231 3501 psalmi.

348 3519 665 3589 Priusquam
696 3519 761 3574 de
787 3521 1047 3576 divisione
1084 3523 1353 3587 dicamus,
1395 3532 1604 3590 oportet
1636 3534 1812 3592 gesta-

229 3625 342 3664 rum
373 3627 545 3666 rerum
576 3612 809 3666 breviter
833 3613 1100 3667 insinuare
1125 3613 1394 3678 notitiam,
1420 3621 1478 3666 ut
1499 3617 1621 3667 dum
1645 3630 1802 3667 causa

233 3704 593 3770 ιηηιίιιίιιιτ,
649 3713 825 3759 textus
884 3705 1069 3772 psalmi
1121 3705 1502 3774 intelligibilins
1549 3706 1808 3760 audiatur.

229 3789 648 3848 Llachabazorum
673 3796 824 3848 nobis
855 3797 1208 3864 primus-liber
1237 3798 1460 3850 insinuat
1490 3797 1804 3851 Antiochum

229 3898 402 3950 regem
425 3902 544 3940 cum
569 3889 731 3958 272
755 3887 1139 3956 Jerosolymam
1165 3888 1418 3953 venisset,
1455 3889 1712 3943 hostiliter
1735 3892 1812 3943 ci-

228 3985 389 4029 vuate
416 3978 607 4046 opibus
631 3979 891 4042 enudata,
924 3978 973 4031 in
1004 3977 1201 4045 templo
1234 3979 1326 4033 Dei
1363 3978 1501 4032 idola
1543 3981 1803 4045 posuisse,

231 4061 582 4135 IlebrmOSque
607 4067 730 4119 dum
753 4067 853 4120 diis
879 4068 988 4121 suis
1014 4068 1316 4121 sacrificare
1339 4076 1582 4136 cogeret,
1617 4067 1812 4122 multos

229 4168 484 4226 martyres
508 4157 770 4212 effecisse.
801 4159 1128 4226 Quapropter
1155 4159 1322 4229 Asaplt
1346 4161 1363 4229 (
1384 4175 1538 4226 quem
1567 4159 1802 4214 diximus

231 4259 506 4309 personam
565 4259 774 4317 gestare
822 4249 1057 4304 fidelium
1110 4251 1466 4317 pupulorum)
1505 4266 1595 4317 per
1644 4262 1809 4306 tutum

229 4336 457 4405 loquitur
486 4341 779 4408 ρειιιιηυιιι,
807 4342 860 4396 in
892 4340 1056 4407 prima
1081 4348 1227 4408 parte
1249 4340 1591 4394 dinumerans
1615 4355 1808 4410 quanta

231 4431 558 4497 temporibus
583 4432 818 4498 praedicti
843 4434 983 4500 regis
1013 4430 1261 4486 Antiochi
1290 4434 1564 4498 pertulerit
1594 4432 1806 4487 Jerusa-

1914 3235 2140 3307 Iiisque]
2168 3238 2559 3302 communiunt;
2599 3255 2716 3308 qua:
2753 3256 2872 3293 mox
2901 3251 2958 3294 ut
2986 3258 3261 3310 pomorum
3289 3254 3495 3314 tempus

1913 3326 2267 3393 abscesserit,
2302 3338 2550 3395 tanquam
2583 3328 2786 3382 inutilia
2827 3329 3219 3400 derelinquunt.
3263 3333 3499 3403 Quapro-

1913 3433 2032 3492 pter
2045 3428 2227 3490 gentes
2239 3423 2748 3494 quzeJerosolymam
2774 3430 3133 3489 vastaverunt,
3155 3425 3295 3478 illam
3315 3427 3496 3494 templi

1914 3519 2359 3586 pulchritudinem
2393 3519 2711 3588 singularem
2751 3522 2826 3574 sic
2855 3521 3310 3590 contemptibilem
3345 3531 3498 3588 puta-

1917 3616 2109 3660 verunt
2131 3617 2377 3675 tanquam
2399 3609 2704 3662 casellulam
2732 3615 3007 3678 pomorum
3027 3654 3042 3677 ,
3068 3627 3184 3679 qua:
3205 3611 3319 3664 vilis
3340 3620 3498 3677 atque

1915 3697 2163 3765 despecta
2197 3706 2459 3753 transacta
2500 3709 2686 3754 testate
2722 3700 3006 3754 deseritur.
3050 3701 3202 3755 Unde
3242 3709 3296 3755 et
3338 3699 3526 3776 Isaias.

1914 3789 2075 3842 dicit:
2103 3788 2432 3857 Relinquetur
2451 3789 2562 3858 ﬁlia
2584 3791 2708 3846 Sion
2732 3793 2863 3844 velut
2883 3792 3236 3846 umbraculum
3260 3795 3312 3848 in
3331 3794 3492 3856 vinea,

1913 3890 1961 3934 ct
1986 3881 2114 3932 sicut
2141 3881 2401 3948 tugurium
2427 3881 2477 3931 in
2507 3883 2852 3934 cucumerario
2875 3883 2893 3950 (
2923 3881 3052 3936 Isai.
3078 3899 3121 3950 t,
3147 3884 3179 3936 8
3204 3885 3243 3949 ).

1986 3967 2137 4022 Vers.
2170 3967 2223 4020 5.
2265 3967 2555 4020 Posuerunt
2589 3969 2823 4023 mortalia
2853 3987 3109 4025 servorum
3137 3983 3335 4026 tuorum
3357 3990 3495 4028 escas

1912 4062 2200 4116 volatilibus
2221 4061 2332 4115 caeli
2347 4103 2362 4130 ,
2383 4078 2562 4116 carnes
2591 4073 2883 4117 sanctorum
2908 4076 3108 4119 tuorum
3133 4067 3302 4122 bestiis
3326 4078 3491 4122 terra.

1916 4153 2200 4222 Postquam
2233 4153 2300 4208 de
2344 4154 2510 4206 divini
2559 4156 2741 4222 templi
2785 4166 3106 4224 conquestus
3152 4167 3232 4211 est
3274 4159 3490 4227 injuria,

1912 4245 2058 4299 venit
2077 4244 2141 4297 ad
2168 4244 2440 4298 hominum
2461 4259 2651 4310 neces;
2677 4253 2734 4298 ut
2754 4261 2845 4301 eos
2865 4260 2980 4314 poet
3003 4249 3263 4319 sacrilegii
3287 4252 3493 4320 culpas,

1915 4337 2188 4392 homicidii
2227 4348 2406 4392 reatus
2445 4349 2708 4408 argueret.
2746 4340 2837 4393 llis
2875 4350 3048 4394 tamen
3094 4342 3293 4412 aliquid
3323 4341 3494 4411 majus

1914 4429 2198 4497 adjicitur,
2249 4438 2305 4481 ut
2355 4429 2555 4484 crudeli
2615 4430 2945 4486 immanitate
2992 4434 3311 4498 trucidatos,
3372 4435 3498 4488 feris

230 4518 333 4573 lem
368 4497 698 4590 populusque
727 4497 1053 4578 ludit-orum.
1084 4497 1327 4577 Secunda
1352 4535 1499 4591 parte
1527 4524 1807 4580 Dominum
1840 4497 1890 4555 D
1913 4520 2074 4574 Ellam
2134 4519 2426 4588 al'jiccrt‘nt
2479 4519 2794 4589 iltsepUIlOS-
2839 4525 3187 4593 Contemptus
3236 4525 3493 4595 siquidem

233 4623 379 4681 rogat
405 4625 462 4669 ut
491 4630 652 4683 supra
695 4625 937 4684 potentes
967 4615 1208 4669 inimicos
1239 4615 1371 4667 iram
1411 4629 1521 4668 sua:
1563 4616 1806 4683 indigna-

233 4703 380 4756 tionis
404 4704 660 4768 effundat,
685 4715 737 4758 et
761 4706 991 4772 peccatis
1016 4719 1290 4757 servorum
1314 4719 1532 4758 suorum
1563 4705 1808 4773 dignetur

231 4807 341 4848 esse
369 4797 648 4864 propitius.
683 4796 863 4850 Tertio
895 4797 1183 4863 prophetia:
1209 4797 1398 4863 Spiritu
1433 4797 1660 4862 postulat
1691 4799 1804 4849 vitt-

214 4867 383 4940 Itlicari
412 4904 516 4943 non
534 4887 916 4956 pereniptionis
940 4898 1081 4952 voto,
1117 4888 1207 4939 sed
1237 4888 1580 4940 correctionis
1604 4888 1798 4942 studio.

750 4977 1018 5044 Expositio
1067 4977 1268 5044 psalmi.

297 5068 442 5124 Vcrs.
471 5072 519 5124 l.
548 5069 689 5122 Deus
708 5112 720 5134 ,
746 5079 984 5122 uenerunt
1007 5080 1179 5140 gentes
1200 5070 1252 5122 in
1274 5068 1613 5122 Itwreditatem
1639 5079 1798 5122 tuam.

227 5158 469 5223 Quamvis
501 5160 676 5227 longis
705 5169 830 5212 ante
865 5159 1195 5228 temporibus
1225 5159 1387 5212 David
1414 5159 1598 5220 fuerit,
1639 5175 1795 5227 quam

227 5264 310 5303 res
359 5251 621 5304 existeret
667 5249 1000 5312 Antiochus,
1046 5249 1224 5303 omnia
1261 5260 1449 5302 tamen
1503 5264 1652 5302 more
1699 5265 1797 5301 suo

227 5343 364 5406 quasi
411 5349 676 5394 transacta
716 5340 908 5405 refert,
941 5353 1067 5408 qua:
1090 5339 1288 5407 Spiritu
1332 5348 1518 5392 sancto
1563 5339 1796 5406 repletus

227 5433 538 5498 praesidebat
559 5449 678 5488 esse
705 5437 950 5488 ventura.
976 5433 1110 5487 llinc
1136 5441 1216 5486 est
1237 5433 1375 5500 quod
1399 5434 1570 5502 Asaph
1596 5434 1800 5488 deflens

228 5525 386 5577 subito
416 5524 678 5576 clamabat
704 5526 768 5576 ad
804 5523 1086 5576 Dominum
1121 5540 1133 5573 :
1175 5521 1427 5574 Venerunt
1455 5531 1651 5592 gentes,
1686 5531 1800 5574 tan-

228 5630 367 5679 quam
391 5617 501 5682 jam
531 5629 714 5667 muros
740 5623 1115 5678 erumperent,
1140 5622 1192 5666 et
1215 5612 1496 5667 formidata
1519 5613 1800 5681 captivitas

225 5708 476 5760 tatioiret.
515 5704 652 5758 Ceus
693 5705 833 5760 enim
874 5706 1014 5789 dicta
1043 5713 1155 5770 est,
1195 5704 1334 5772 quod
1366 5720 1470 5760 uno
1501 5704 1570 5759 sit
1602 5718 1800 5772 genere

1912 4625 2198 4677 corporum
2232 4619 2562 4663 mortuorum
2607 4625 2709 4665 non
2743 4612 2808 4666 ad
2839 4627 3052 4680 parvam
3086 4614 3315 4669 refertur
3361 4615 3497 4670 invi-

1875 4776 1890 4781 _
1911 4701 2052 4754 diam
2075 4698 2200 4769 [τηε.
2230 4700 2292 4752 Α.
2313 4742 2327 4764 ,
2359 4701 2600 4781 injttriam
2617 4699 2667 4769 1];
2701 4717 2818 4755 nam
2846 4703 2890 4756 si
2919 4704 3148 4771 sepelire
3175 4712 3258 4758 est
3286 4701 3498 4772 pi'etatis

1909 4790 2146 4843 officium
2164 4831 2177 4854 ,
2209 4790 2494 4844 volatilibus
2516 4779 2627 4844 τιέιὶ
2655 4791 2913 4860 abjicere,
2941 4809 3147 4860 magna:
3168 4794 3498 4848 crudelita'is

1913 4890 2124 4934 con5tat
2144 4883 2463 4948 exemplum.
2492 4882 2728 4936 Dicenda
2754 4894 2930 4938 autem
2949 4926 2964 4950 ,
2988 4899 3239 4937 servorum
3265 4895 3464 4937 tuorum
3483 4927 3495 4945 .

1916 4983 2175 5041 martyres
2225 4973 2518 5041 significat,
2560 4975 2649 5042 qui
2701 4976 2750 5028 in
2807 4976 2892 5029 illa
2938 4976 3245 5044 captivitate
3286 4977 3496 5041 cupiasa

1915 5065 2289 5130 persecutione
2335 5065 2656 5132 floruerunt,
2687 5068 2822 5122 sicut
2853 5068 2903 5120 in
2947 5067 3077 5123 libro
3109 5068 3222 5136 ipso
3263 5068 3451 5135 legitur
3483 5084 3495 5118 :

1916 5153 2073 5206 Multi
2103 5156 2164 5208 de
2193 5155 2379 5224 populo
2411 5153 2575 5209 Israel
2601 5157 2952 5222 obtinuerunt,
2985 5168 3030 5210 et
3058 5159 3331 5226 confortati
3383 5167 3498 5210 sunt

1905 5241 1965 5297 in
2015 5246 2118 5312 eis,
2169 5253 2224 5296 ut
2270 5261 2371 5296 non
2414 5245 2779 5300 ntanducarent
2805 5246 3098 5310 immunda;
3147 5257 3196 5300 et
3237 5248 3496 5317 elegerunt

1905 5336 2034 5388 mali
2081 5335 2244 5404 magis
2288 5352 2443 5405 quam
2488 5335 2609 5389 cibis
2655 5353 2686 5390 a
2726 5335 2946 5392 Domino
2974 5339 3138 5392 vetitis
3178 5336 3499 5407 coinquinari

1902 5424 1922 5491 (
1950 5423 1976 5477 ι
2011 5423 2184 5477 Much.
2217 5440 2263 5490 ι,
2294 5425 2362 5481 (ἐό
2386 5423 2427 5492 ).
2469 5425 2744 5495 Sequitur,
2777 5443 2951 5481 carnes
2979 5436 3268 5481 sanctorum
3298 5436 3501 5480 tuorum
3570 5441 3581 5451 '

1906 5519 2076 5571 bestiis
2115 5526 2283 5570 terra.
2323 5516 2436 5570 Una
2487 5534 2572 5573 res
2610 5519 2804 5588 duplici
2842 5525 3097 5574 varietate
3146 5518 3460 5573 describitur
3484 5559 3500 5584 ,

1907 5620 1966 5666 ut
2010 5609 2291 5664 diversitas
2343 5611 2574 5667 crudelis
2625 5613 2745 5667 facti
2791 5613 3025 5666 auditum
3086 5612 3251 5683 possit
3304 5612 3499 5682 judicis

1907 5717 2228 5771 exaggerare
2278 5703 2522 5772 piissimi.
2577 5704 2689 5758 Non
2739 5708 2879 5762 enim
2931 5704 3214 5763 suffecerat
3257 5716 3494 5760 mortuos
