3952 6162
471 242 576 296 573

1674 238 1742 292 Μ.
1785 235 2057 292 AURELII

2110 232 2508 292 CASSlODORl
3601 234 3692 294 5ῗῦ

472 361 770 414 volatilibus
799 358 1036 421 traslerc,
1071 356 1167 409 nisi
1199 364 1251 408 et
1278 352 1414 408 feras
1453 351 1823 420 permitterent
1858 365 2040 406 eorum
2074 351 2118 407 Α
2153 346 2404 416 populum
2447 343 2618 410 trahi,
2657 343 2870 413 collegit
2917 332 3150 409 reliquos
3195 342 3404 410 ﬁdeles,
3454 354 3599 415 atque
3643 351 3688 403 in

474 469 696 521 corpora
726 453 941 506 laniare.

544 545 699 601 Vers.
727 545 780 597 4.
818 540 1120 608 Effuderunt
1166 540 1466 608 sanguinem
1495 555 1666 593 eorum
1707 537 1836 591 sicut
1866 552 2051 606 aquam

475 637 525 688 in
555 635 765 687 circuitu
791 632 1105 698 Jerusalem,
1133 640 1177 684 et
1209 649 1308 685 non
1339 640 1444 684 erat
1472 631 1557 700 qui
1587 629 1837 696 sepeliret.
1870 629 2057 683 Adhuc

476 727 527 780 in
555 726 666 793 ipsa
686 726 1092 795 exaggeratione
1116 732 1448 778 remoratur:
1488 737 1553 776 ne
1580 723 1684 776 cito
1713 720 1964 774 transiret
1991 719 2056 773 ab

478 819 692 884 animo,
724 817 860 884 quod
901 816 1064 871 atroci
1103 819 1440 870 commissum
1485 813 1760 867 videbatur
1788 811 2054 881 exemplo.

480 907 712 960 Dicendo
752 908 927 972 enim,
965 910 1093 960 sicut
1129 922 1346 974 aquam,
1370 904 1676 958 crudelibus
1711 903 1863 958 factis
1902 909 2059 972 auget

478 997 766 1064 invidiam,
800 1007 854 1050 ut
883 998 953 1051 ita
983 997 1082 1051 sibi
1109 996 1390 1051 crederent
1427 995 1710 1048 humanum
1747 996 2056 1061 sanguinem

479 1091 750 1146 elTundere
801 1092 1044 1156 licuisse,
1096 1089 1538 1158 quemadmodum
1586 1079 1724 1142 solet
1766 1101 1898 1155 aqua
1943 1085 2060 1139 sine

479 1184 699 1252 alicujus
738 1183 892 1249 culpa
935 1181 1235 1236 decurrere.
1271 1179 1399 1233 Nam
1445 1177 1584 1248 quod
1628 1177 1850 1242 addidit,
1879 1177 1930 1229 in
1961 1177 2060 1228 cir-

481 1275 622 1328 cuitu
649 1272 969 1337 Jerusalem,
999 1283 1046 1325 et
1076 1286 1177 1323 non
1207 1279 1312 1323 erat
1340 1270 1426 1338 qui
1456 1267 1716 1339 sepeliret,
1749 1265 2060 1321 nefandissi-

482 1381 623 1420 mam
655 1365 860 1433 copiam
891 1364 1161 1418 scelerata:
1188 1361 1350 1415 ca:dis
1379 1359 1646 1427 ostendit,
1675 1367 1733 1413 ut
1758 1374 1860 1412 non
1887 1359 2058 1412 solum

487 1459 624 1512 intra
654 1457 837 1511 urbem
859 1497 874 1522 ,
905 1470 1086 1510 verum
1118 1453 1275 1507 etiam
1305 1454 1443 1507 circa
1476 1466 1656 1506 muros
1684 1451 1915 1505 civitatis
1945 1459 2062 1503 tan-

483 1557 594 1602 tum
617 1547 947 1616 provenisset
966 1546 1182 1601 exitium
1205 1561 1219 1611 ;
1244 1553 1505 1614 quatenus
1525 1543 1862 1597 devotionem
1890 1542 2064 1610 sepul-

485 1646 618 1690 turas
670 1636 843 1690 nullus
887 1635 1107 1702 implere
1155 1633 1441 1698 valuisset,
1497 1633 1621 1686 dum
1675 1646 1770 1701 par
1823 1631 2059 1685 conditio

2159 438 2451 492 exercitum
2482 437 2621 505 regis
2649 435 2890 488 Antiochi
2915 450 3032 488 cum
3056 433 3175 487 ﬁliis
3196 436 3304 488 suis
3324 444 3462 488 tanta
3483 437 3692 507 indigna-

2160 531 2302 585 tione
2334 529 2616 598 prosilivit,
2647 537 2702 580 ut
2749 541 2806 580 se
2847 537 2900 580 et
2932 541 2958 576 a
3007 526 3131 593 iugo
3165 526 3430 578 servitutis
3476 537 3690 589 exueret,

2158 631 2209 676 ct
2227 622 2480 690 imperata
2502 620 2759 674 sacriﬁcia
2784 619 3164 688 gloriosissime
3185 620 3497 683 respuissct;
3542 619 3693 671 inlan-

2159 723 2266 768 tum
2297 725 2350 768 ut
2386 714 2667 782 quemdam
2704 713 2943 767 Judaeum
2971 710 3128 764 idolis
3172 709 3523 762 immolantem
3552 725 3690 778 supra

2159 810 2299 878 ipsas
2325 823 2443 861 aras
2469 822 2649 861 amore
2673 816 2868 859 sancta:
2899 805 3196 858 devotionis
3219 805 3584 871 exstingueret.

2236 897 2384 951 Vers.
2406 897 2456 950 7.
2489 894 2582 962 E/I’
2580 895 2710 948 unde
2733 896 2862 946 iram
2885 904 3021 946 tuam
3047 895 3098 946 in
3124 903 3291 963 gentes
3313 909 3422 960 qua:
3445 901 3490 946 te
3513 911 3603 947 non
3622 911 3694 946 co-

2159 997 2450 1058 gnouerunt,
2477 995 2523 1038 et
2553 986 2604 1037 in
2646 999 2799 1053 regna
2822 1000 2934 1052 qua:
2956 999 3133 1036 nomen
3173 992 3310 1035 tuum
3341 999 3440 1036 non
3464 983 3696 1036 inuocare-

2159 1087 2298 1130 runt.
2333 1078 2614 1145 Postquam
2649 1074 2879 1128 narravit
2905 1073 3177 1128 Hebraicze
3199 1075 3371 1142 gentis
3391 1076 3698 1142 gravissimas

2159 1168 2510 1232 calamitates,
2542 1180 2684 1219 nunc
2714 1165 2849 1234 petit
2889 1179 2918 1217 a
2960 1164 3308 1233 justojudice
3334 1177 3390 1216 ut
3437 1173 3699 1218 vastatores

2159 1273 2339 1312 eorum
2370 1257 2686 1310 afﬂictiones
2724 1256 3041 1320 sustineant,
3068 1256 3157 1325 qui
3190 1270 3384 1310 nomen
3410 1256 3519 1324 ejus
3546 1258 3698 1310 omni-

2161 1351 2333 1406 modis
2364 1350 2690 1404 nesciebant.
2733 1349 2960 1416 E/funde
3006 1350 3138 1402 iram
3187 1357 3346 1413 tuam,
3375 1349 3515 1413 dicit,
3543 1350 3588 1403 id
3613 1359 3699 1413 est,

2162 1457 2320 1511 supra
2361 1441 2694 1497 adversarios
2741 1442 3162 1510 indignationem
3213 1449 3357 1494 tuam
3406 1442 3703 1496 abundant-r

2160 1536 2380 1600 emitte;
2412 1543 2469 1588 ut
2496 1537 2630 1588 sicut
2676 1549 2775 1588 nos
2801 1534 2875 1589 illi
2913 1536 3308 1601 comprimunt,
3336 1533 3404 1588 ita
3438 1534 3536 1587 tuis
3562 1535 3705 1588 virtu-

2161 1625 2304 1678 tibus
2343 1624 2656 1680 obruantur.
2696 1623 2909 1680 Sciebat
2951 1626 3092 1679 enim
3137 1625 3424 1678 humanam
3464 1626 3701 1680 victoriam

487 1736 705 1780 cunctos
743 1724 1059 1789 involveret;
1092 1724 1227 1778 sicut
1264 1724 1314 1776 in
1344 1721 1608 1776 anteriore
1650 1720 1853 1790 psalmo
1885 1719 2010 1774 dicit
2038 1734 2054 1772 :
2088 1715 2134 1774 Β
2163 1718 2342 1773 tandiu
2363 1733 2520 1788 posse
2554 1720 2862 1787 pravalere,
2893 1721 3127 1790 quandiu
3156 1721 3336 1776 divina
3361 1721 3582 1790 potentia
3605 1734 3708 1788 per-

488 1815 699 1870 Jurenes
732 1830 905 1869 eorum
949 1814 1161 1867 comedit
1201 1813 1367 1885 ignis,
1407 1823 1454 1865 et
1495 1813 1714 1882 virgines
1743 1826 1918 1865 eorum
1961 1826 2062 1864 non

488 1919 601 1963 sunt
640 1908 924 1961 lamentata:
948 1904 1133 1977 (Psal.
1165 1919 1370 1970 Lsxvtt,
1402 1903 1530 1972 6'5).

563 1998 712 2052 Vers.
750 1996 802 2050 5.
851 1994 1002 2050 Facti
1039 2012 1212 2050 sumus
1257 1995 1582 2064 approbrium
1628 1993 1804 2046 vicinis
1849 1993 2064 2058 nostris,

491 2088 682 2142 derisui
721 2095 767 2141 et
804 2087 1114 2155 contemptui
1142 2087 1220 2140 his
1246 2087 1332 2155 qui
1379 2087 1432 2138 in
1463 2085 1676 2138 circuitu
1717 2093 1890 2138 nostro
1927 2092 2064 2138 sunt.

493 2177 724 2233 Gloriam
764 2178 906 2232 illam
947 2175 1402 2247 Jerosolymorum
1447 2184 1560 2229 toto
1596 2175 1726 2229 orbe
1771 2173 2071 2228 mirabilem

493 2285 660 2338 usque
678 2268 742 2322 ad
766 2267 1095 2337 opprobrium
1118 2267 1245 2321 dicit
1264 2268 1473 2321 venisse
1495 2267 1770 2319 vicinorum
1787 2306 1801 2331 ,
1831 2276 1885 2319 ut
1907 2280 2074 2334 quan-

495 2371 544 2414 ta
585 2361 728 2430 prius
776 2358 1050 2412 nobilitate
1080 2357 1405 2427 reSplenduit
1427 2398 1441 2420 ,
1473 2365 1615 2410 tanta
1650 2363 1831 2424 postea
1865 2353 2072 2409 abomi-

499 2453 710 2505 natione
740 2450 1011 2514 sorderet;
1043 2449 1181 2502 sicut
1217 2458 1270 2502 et
1293 2448 1550 2502 Jeremias
1577 2448 1626 2500 in
1660 2444 2075 2500 Lamentationi-

499 2544 594 2596 hns
636 2543 752 2596 ait:
794 2542 1055 2608 Quomodo
1096 2540 1233 2594 sedet
1271 2540 1381 2593 sola
1421 2539 1592 2592 civitas
1629 2553 1742 2607 quae
1789 2535 2078 2590 abundabat

500 2634 732 2701 populis,
764 2634 900 2701 facta
944 2643 1014 2686 est
1055 2641 1110 2684 ut
1154 2631 1303 2684 vidua
1349 2645 1461 2701 qua:
1503 2628 1839 2698 multiplicata
1880 2637 1985 2682 erat
2023 2627 2079 2681 in

498 2724 784 2778 nationibus
813 2740 832 2778 :
860 2725 1095 2792 princeps
1121 2723 1172 2776 in
1209 2722 1496 2791 regionibus
1533 2723 1666 2790 facta
1705 2732 1779 2775 est
1810 2721 1861 2773 in
1893 2720 2080 2774 tributo

500 2814 732 2884 (Tltren.
766 2827 818 2877 ι,
856 2811 1053 2882 l)?Et
1079 2812 1236 2880 paulo
1281 2820 1398 2880 p0st
1432 2829 1443 2862 :
1479 2810 1606 2864 [Itec
1644 2819 1715 2863 est
1760 2811 1932 2863 ciuitas
1971 2825 2083 2880 qua:

500 2905 760 2957 dicebatur
815 2919 1002 2958 corona
1052 2902 1260 2972 glorior,
1304 2903 1605 2972 jucunditas
1657 2903 1898 2955 universa:
1936 2909 2084 2954 terra:

503 2994 518 3055 (
551 2993 683 3047 Ibid.
712 3009 767 3056 ιι,
792 2994 858 3048 15
879 2994 922 3062 ).
950 2991 1199 3061 Sequitur
1227 2993 1446 3058 derisui,
1480 3000 1526 3044 et
1559 2993 1861 3062 contemptui
1897 2992 1975 3046 his
1998 2990 2086 3058 qui

503 3089 557 3140 in
597 3085 812 3138 circuitu
863 3093 1030 3137 nostro
1081 3092 1217 3136 sunt.
1268 3083 1461 3135 Eadem
1512 3082 1734 3151 repetita
1783 3081 2089 3139 diversitate

503 3177 868 3247 congeminat,
897 3190 951 3228 ut
975 3173 1097 3228 illud
1121 3174 1257 3242 quod
1287 3175 1491 3226 dixerat
1515 3173 1867 3242 opprobrium,
1893 3173 2087 3228 clarius

506 3277 905 3321 monstraretur.
942 3268 1073 3320 Dicit
1100 3268 1240 3319 enim
1271 3267 1520 3319 Hebraeos
1549 3265 1712 3320 fuisse
1741 3266 1967 3329 derisui,
1999 3267 2088 3334 qui

509 3361 653 3425 prius
691 3358 894 3412 fuerant
926 3357 1132 3412 Domini
1170 3357 1448 3411 devotione
1493 3357 1791 3412 revereudi.
1847 3356 2086 3412 Contem-

509 3453 622 3521 ptui
654 3465 781 3504 vero
812 3459 936 3503 tunc
966 3459 1089 3504 sunt
1121 3449 1304 3513 habiti,
1324 3449 1533 3518 quando
1554 3463 1647 3503 eos
1669 3451 1954 3518 captivitati
1985 3457 2092 3504 tra-

509 3543 648 3595 ditos
695 3542 974 3606 videbant,
1030 3542 1218 3612 quibus
1271 3542 1474 3611 pridem
1525 3551 1600 3595 tot
1648 3557 1808 3610 regna
1863 3546 2091 3599 cessi-se

509 3643 885 3702 cognoverant.
917 3632 1025 3687 Nec
1055 3642 1204 3687 vacat
1227 3633 1367 3702 quod
1392 3633 1624 3687 additum
1654 3643 1765 3702 est,
1797 3636 1885 3704 qui
1911 3637 1961 3688 in
1986 3637 2090 3688 cir-

510 3725 648 3777 cuitu
680 3735 849 3778 nostra
880 3735 993 3778 sunt
1023 3740 1042 3778 :
1071 3726 1191 3794 quia
1223 3739 1434 3793 semper
1462 3727 1703 3796 graviora
1732 3736 1856 3782 sunt
1891 3744 2092 3798 oppro-

511 3815 626 3868 bria
673 3829 791 3884 qua:
836 3816 1077 3869 vicinitas
1121 3817 1296 3880 novit,
1336 3816 1458 3870 dum
1506 3817 1718 3871 assidua
1757 3821 2093 3886 reputatione

511 3905 816 3973 suscipitur,
847 3906 985 3976 quod
1015 3906 1408 3976 longinquitatis
1439 3908 1698 3963 beneﬁcio
1721 3910 1935 3964 minime
1965 3924 2090 3966 sus-

514 3996 728 4050 tinetur.
776 3997 864 4051 Sic
919 4005 1056 4050 totus
1103 3998 1202 4051 iste
1237 4006 1409 4052 textus
1453 4013 1482 4052 a
1523 4001 1783 4068 principio
1821 4014 2091 4068 crescens,

512 4091 723 4143 schema
756 4089 892 4143 istud
926 4089 1306 4144 nobiliSsimum
1347 4089 1473 4144 facit
1510 4092 1649 4160 quod
1692 4100 1908 4146 vocatur
1936 4105 2094 4146 auxe-

514 4182 587 4235 sis
629 4222 644 4246 ,
685 4181 868 4236 Latine
899 4197 1026 4237 vero
1055 4191 1385 4252 nuncupatur
1413 4193 1774 4252 augmentum.
1829 4183 1925 4238 Ubi
1968 4193 2096 4238 sunt

514 4281 752 4326 oratores
782 4274 868 4340 qui
909 4271 974 4325 ad
1026 4257 1223 4326 artem
1255 4273 1598 4328 verisimilem
1639 4273 1877 4328 veritatis
1913 4273 2091 4328 ofﬁcia

517 4363 936 4417 transtulerunt?
979 4365 1136 4434 273
1182 4362 1320 4418 Ecce
1368 4365 1558 4433 quibus
1610 4367 1935 4432 argumentis
1988 4366 2093 4435 agit

515 4453 827 4520 simplicitas
859 4453 1162 4521 ingeniosa,
1198 4469 1300 4506 non
1336 4455 1592 4508 malitiosa
1622 4456 1900 4509 ealliditns.

589 4543 739 4596 Vers.
765 4542 817 4597 6.
847 4542 1133 4612 Usquequo,
1177 4545 1410 4608 Domine,
1441 4548 1673 4599 irasceris
1698 4549 1748 4599 in
1777 4549 1964 4614 ﬁnem;
2002 4565 2090 4601 ac-

517 4635 756 4688 cendetur
783 4633 917 4688 velut
951 4635 1080 4706 ignis
1115 4639 1250 4690 zelus
1297 4638 1450 4690 tuus?
1494 4638 1648 4691 Venit
1688 4638 1751 4690 ad
1801 4640 2087 4693 secundam

519 4736 742 4795 partem,
771 4726 822 4782 in
845 4743 943 4798 qua
974 4729 1112 4796 pium
1132 4727 1362 4797 judicem
1387 4737 1534 4797 rogat
1558 4743 1624 4783 ne
1647 4743 1815 4796 usque
1836 4729 1900 4782 ad
1932 4728 2088 4783 litium

518 4820 776 4872 irascatur
804 4819 944 4888 genti
992 4817 1262 4884 .ludaicze,
1294 4818 1504 4885 quando
1556 4833 1615 4872 se
1659 4829 1936 4870 venturum
1970 4833 2093 4885 pro-

522 4910 804 4977 phetarum
854 4909 1021 4964 sacris
1068 4908 1533 4977 praedicationibus
1589 4909 1858 4964 indicavit.
1915 4908 2093 4963 Sancti

521 5002 662 5054 enim
710 5001 806 5054 viri
849 5001 1088 5069 quamvis
1133 5000 1266 5054 mala
1302 5009 1638 5068 paterentur,
1683 4999 1925 5052 sciebant
1962 5016 2020 5052 se
2065 5014 2092 5050 a

521 5092 749 5147 Domino
789 5092 1006 5145 minime
1035 5091 1387 5157 deserendus;
1429 5092 1568 5146 sicut
1593 5090 1728 5144 alius
1761 5091 1989 5155 psalmus
2018 5089 2096 5141 di-

518 5185 590 5238 cit
624 5201 636 5232 :
672 5181 937 5252 Castigans
980 5184 1241 5254 castigavit
1280 5199 1357 5236 me
1405 5183 1686 5247 Dominusf,
1731 5191 1777 5236 et
1821 5183 1970 5235 morti
1996 5199 2098 5235 non

521 5273 734 5327 tradidit
755 5289 834 5327 me
862 5273 881 5344 (
909 5271 1053 5326 Psat.
1080 5288 1241 5337 cxvu,
1275 5274 1339 5327 18
1361 5273 1400 5342 ).
1427 5273 1722 5342 Prophetitc
1748 5286 1958 5341 quoque
1988 5273 2093 5341 spi-

471 5411 485 5424 .
521 5365 628 5419 ritu
671 5363 946 5419 denuntiat
996 5365 1107 5419 ﬁeri
1151 5380 1269 5434 quae
1303 5365 1628 5433 praevidebat
1674 5379 1794 5419 esse
1848 5374 2090 5418 ventura.

520 5456 786 5526 Tempore
811 5457 1070 5528 siquidem
1091 5458 1258 5526 ipsius
1274 5459 1597 5528 captivitatis
1621 5458 1938 5514 Mathathias
1957 5475 2094 5515 unus

522 5545 863 5602 Hebraeorum
883 5549 996 5602 zelo
1010 5558 1241 5617 paterna:
1265 5549 1564 5605 traditionis
1583 5550 1828 5605 incensus
1845 5549 1891 5621 (l
1917 5549 2092 5604 Maeli.

525 5653 584 5712 tt,
613 5639 724 5711 25),
778 5642 899 5710 quia
930 5642 1138 5700 videbat
1168 5643 1233 5698 ad
1280 5643 1534 5699 idolorum
1567 5645 1828 5699 culturam
1867 5645 2092 5699 civicum

2164 1809 2416 1864 misisset.
2441 1809 2506 1864 Et
2525 1825 2642 1864 cum
2669 1811 2816 1876 dicit,
2840 1828 2954 1879 qute
2973 1822 3019 1866 te
3043 1829 3146 1866 non
3171 1822 3526 1882 cognouerunt,
3548 1811 3706 1878 culpas

2165 1887 2365 1969 mitigat
2387 1899 2686 1954 Judaaorum
2718 1919 2730 1952 :
2760 1901 3008 1972 quoniam
3039 1902 3142 1956 etsi
3188 1903 3336 1956 multi
3380 1902 3703 1970 deliquerant,

2166 1997 2319 2042 erant
2367 1997 2542 2044 tamen
2591 1989 2730 2044 inter
2795 2006 2888 2046 eos
2941 1991 3029 2059 qui
3079 1991 3366 2047 dominicis
3417 1991 3709 2060 jussionibus

2169 2079 2492 2134 serviebant.
2522 2081 2654 2136 lstos
2683 2082 2824 2136 enim
2854 2083 2980 2137 dicit
3009 2085 3207 2138 merito
3238 2084 3614 2154 persequendos
3637 2084 3708 2151 qui

2170 2169 2604 2224 nomenDomini
2627 2171 2950 2226 omnimodis
2976 2173 3315 2241 ignorabant.
3338 2174 3424 2228 Sic
3451 2173 3590 2242 culpa
3614 2189 3710 2242 qua:

2172 2263 2413 2315 excusari
2454 2278 2559 2316 non
2593 2273 2801 2331 potest,
2849 2265 3145 2333 superioris
3194 2266 3431 2320 criminis
3467 2266 3712 2320 collatione

2173 2350 2451 2419 levigatur.
2476 2351 2582 2406 Nec
2612 2362 2762 2406 vacat
2782 2355 2919 2422 quod
2943 2366 3064 2408 ante
3089 2354 3253 2423 dixit,
3279 2357 3529 2425 ingentes,
3558 2364 3712 2424 postea

2175 2441 2230 2494 in
2255 2459 2448 2512 regna;
2477 2442 2621 2509 prius
2645 2444 2788 2498 enim
2832 2447 3040 2514 populis
3064 2439 3393 2515 imprecatus
3417 2458 3524 2511 est,
3553 2447 3714 2500 deinde

2178 2532 2307 2602 ipsis
2333 2534 2508 2602 regnis
2539 2550 2654 2604 qua:
2682 2537 2800 2591 talia
2831 2537 2945 2591 ﬁeri
2969 2539 3264 2595 crudeliter
3292 2541 3626 2609 imperabant.

2250 2623 2403 2679 Vers.
2434 2626 2486 2679 8.
2523 2626 2652 2691 Quia
2682 2629 3002 2683 comederunt
3040 2629 3236 2697 Jacob,
3268 2643 3314 2685 et
3341 2631 3498 2684 locum
3531 2634 3627 2703 ejus
3650 2631 3719 2682 de-

2181 2714 2484 2767 solarerunt.
2509 2716 2612 2768 Pro
2641 2728 2798 2786 gente
2819 2734 2936 2788 qum
2971 2731 3322 2788 peccaverat,
3353 2721 3618 2790 gratissimi
3648 2735 3719 2789 pa-

2187 2807 2430 2861 triarcha:
2469 2823 2660 2862 nomen
2686 2811 2952 2879 obiectum
2980 2823 3091 2877 est;
3120 2822 3182 2867 ut
3211 2814 3504 2868 recerdatio
3538 2814 3725 2868 sanetis-

2185 2899 2304 2954 simi
2330 2900 2426 2953 viri
2459 2902 2636 2969 populi
2659 2902 2849 2957 delicat
2885 2905 3170 2973 mitigaret.
3218 2905 3347 2973 Qute
3380 2907 3535 2974 ﬁgura
3559 2903 3723 2956 dicitur

2190 3003 2615 3060 antcprosopon,
2642 2993 2869 3060 'qttando
2911 3011 3005 3062 pro
3036 2996 3260 3051 homine
3307 2998 3505 3066 ingrato
3546 2977 3725 3064 ponitur

2115 3082 2161 3148 C
2193 3096 2419 3150 persona
2441 3084 2763 3151 gratissima.
2788 3084 3022 3138 Dicendo
3045 3087 3211 3152 enim,
3238 3089 3567 3151 comederunt,
3589 3084 3725 3154 signi-
3774 3125 3778 3129 .

2193 3173 2311 3228 ticat
2335 3177 2535 3230 con-.cdi
2561 3177 2788 3231 iecerunt
2803 3217 2814 3228 .
2831 3178 3099 3232 Szevitiam
3119 3180 3304 3250 impiae
3321 3181 3488 3251 gentis
3507 3178 3721 3240 ostendit,

2193 3264 2318 3318 dum
2372 3266 2632 3321 cadavera
2686 3277 3018 3322 mortuorum
3069 3268 3309 3324 ferarum
3355 3268 3726 3326 comestionibus

2192 3357 2544 3422 exponebant.
2579 3357 2701 3412 Sive
2735 3361 2931 3411 comedi
2959 3360 3230 3429 signiﬁcat
3251 3376 3344 3416 eos
3371 3363 3476 3432 qui,
3519 3360 3622 3428 lege
3645 3358 3728 3412 Do-

2194 3446 2323 3499 mini
2352 3446 2601 3500 derelicla
2621 3488 2635 3511 ,
2670 3449 2826 3528 impia
2869 3450 3256 3516 superstitione
3284 3452 3454 3520 glutiti
3483 3459 3613 3505 sunt.
3645 3449 3722 3504 Se-

2193 3540 2393 3608 quitur,
2425 3551 2470 3594 et
2499 3541 2668 3593 locum
2694 3545 2803 3610 ejus
2825 3543 3198 3598 desolaverunt.
3237 3544 3574 3599 Eversionem
3598 3551 3728 3596 etsov

2193 3628 2469 3684 litudinetn
2526 3631 2766 3700 deplorat
2826 3633 3202 3699 pulcherrimae
3248 3635 3511 3699 civitatis,
3553 3630 3730 3701 quando

2194 3721 2352 3791 impia
2401 3722 2796 3790 dominatione,
2858 3726 3206 3793 persuasione
3256 3727 3525 3796 gentilium
3567 3725 3727 3779 civium

2193 3827 2412 3866 suorum
2445 3812 2770 3868 habitatione
2792 3815 2985 3868 nudata
3007 3827 3110 3870 est.

2263 3903 2415 3958 Vers.
2443 3904 2496 3961 9.
2527 3905 2606 3959 Ne
2643 3908 2922 3961 memineris
2949 3908 3242 3978 iniquitates
3281 3917 3474 3964 nostras
3506 3909 3726 3977 antiquas.

2194 3991 2292 4044 cito
2320 4009 2413 4046 nos
2433 3994 2676 4064 anticipet
2702 3996 3048 4048 misericordia
3077 4007 3167 4050 tua
3189 4040 3202 4061 ,
3230 4001 3346 4068 quia
3368 4015 3595 4070 pauperes
3627 3996 3725 4066 farti

2193 4098 2366 4136 sumus
2395 4084 2567 4138 nimis.
2620 4085 2964 4141 Confessione
2992 4088 3312 4144 delictorum
3355 4091 3623 4161 pr0pitium
3649 4086 3729 4140 sibi

2189 4175 2421 4244 judicem
2455 4177 2665 4242 reddit,
2699 4187 2756 4232 ut
2781 4180 2868 4248 qui
2899 4194 2957 4233 se
2979 4181 3352 4250 perjustitiam
3381 4184 3630 4237 vindicare
3647 4193 3729 4233 non

2197 4275 2426 4334 poterat,
2461 4282 2556 4336 per
2585 4269 2996 4337 supplicationes
3028 4274 3360 4327 necessarias
3381 4275 3616 4342 expiaret.
3645 4266 3729 4322 Sed

2193 4372 2312 4412 cum
2341 4360 2504 4414 sciret
2536 4360 2709 4430 Asopia
2746 4362 2998 4416 Antiochi
3029 4364 3170 4432 regis
3213 4375 3450 4432 tempore
3483 4361 3727 4417 nonnullus

2120 4449 2166 4506 D
2193 4449 2497 4505 Iudaeorum
2529 4467 2648 4506 esse
2678 4452 3042 4519 seducendos,
3070 4464 3126 4508 ut
3151 4456 3359 4510 Domini
3387 4456 3575 4510 cultura
3601 4454 3730 4505 dere-

2195 4542 2351 4608 licta,
2401 4543 2626 4597 nefanda
2672 4545 2808 4598 idola
2839 4556 3226 4615 sequerentur,
3276 4566 3380 4603 non
3426 4554 3614 4617 poterat
3657 4557 3732 4610 pro

2196 4635 2426 4704 antiquis
2473 4645 2672 4698 tantum
2719 4651 2903 4705 rogare
2932 4640 3130 4708 culpis,
3164 4656 3298 4708 quos
3341 4641 3533 4694 sciebat
3572 4635 3733 4691 futuris

2197 4741 2405 4793 quoque
2433 4727 2760 4790 temporbus
2792 4729 3022 4797 ingentia
3066 4733 3267 4784 scelera
3301 4743 3608 4800 perpetrare.
3647 4725 3732 4780 Sed

2199 4816 2301 4880 hic,
2332 4818 2597 4886 antiquos,
2623 4819 2825 4871 similes
2854 4821 3084 4888 antiquis
3125 4823 3293 4892 Culpis
3336 4824 3532 4876 πιδεῑὶωο
3569 4819 3732 4873 debere

2198 4912 2417 4972 sentire,
2449 4911 2640 4979 quibus
2672 4927 2762 4978 per
2789 4911 3101 4966 innumeros
3134 4930 3303 4968 annos
3333 4914 3545 4968 nefanda
3579 4909 3730 4966 mundi

2199 5004 2454 5070 pravitate
2484 5013 2752 5069 peccatum
2783 5016 2894 5068 est;
2920 5005 3056 5059 sicut
3085 5016 3139 5060 et
3167 5006 3306 5060 alius
3347 5007 3565 5075 psalmus
3590 5000 3726 5055 dicit:

2198 5094 2331 5148 Ecce
2353 5103 2530 5147 reteres
2558 5096 2764 5163 posuisti
2796 5097 2900 5150 dies
2941 5113 3073 5152 utens
3104 5097 3274 5167 (Psal.
3309 5113 3522 5159 xxxviii,
3552 5097 3620 5163 6).
3651 5092 3728 5145 Se-

2200 5187 2397 5252 quitur,
2429 5186 2526 5238 cito
2567 5203 2655 5238 nos
2680 5187 2918 5256 anticipet
2966 5188 3311 5242 misericordia
3332 5200 3436 5242 tua.
3473 5185 3565 5254 Qui
3607 5184 3731 5237 timet

2192 5275 2452 5345 judicium
2484 5277 2688 5330 Domini
2721 5278 2990 5347 anticipari
3015 5294 3073 5332 se
3100 5280 3217 5347 ejus
3248 5276 3576 5332 misericordia
3611 5279 3730 5325 recte

2198 5367 2484 5430 desiderat,
2536 5368 2656 5434 quia
2685 5367 2783 5422 nisi
2817 5368 3140 5438 indulgentia
3183 5369 3492 5436 prazvenerit
3519 5370 3728 5435 peccato-

2199 5473 2333 5520 rem,
2359 5458 2410 5511 in
2438 5457 2634 5524 judicio
2656 5472 2759 5510 non
2789 5458 3033 5512 absolvet
3071 5469 3363 5514 errantem.
3393 5455 3609 5520 Addidit,
3633 5448 3730 5518 quid

2197 5564 2444 5621 pauperes
2489 5549 2610 5614 farti
2651 5564 2822 5603 sumus
2869 5550 3034 5603 nimis.
3091 5550 3378 5618 Paupertas
3417 5556 3493 5601 est
3535 5544 3655 5598 enim
3687 5538 3727 5589 in

2201 5642 2353 5696 nobis
2387 5641 2644 5706 exiguitas
2688 5640 2947 5695 bonorum
2976 5657 3236 5712 operum,
3280 5653 3329 5696 et
3370 5655 3468 5694 non
3511 5635 3725 5691 habemus
