3952 6162
262 325 317 340 ~-

229 343 310 375 UH

1125 315 1480 371 EXI’OSITIO
1522 316 1583 369 IN
1624 316 2082 372 PSAIXI‘ERIUM.
2128 317 2318 371 PSAL.
2363 316 2644 370 LXXVIII.
3389 320 3489 374 578

227 429 353 497 quod
383 427 649 496 possimus
674 425 863 481 oﬂ'erre
900 426 1148 493 iustitia},
1179 427 1226 481 si
1265 443 1359 482 nos
1389 427 1605 496 incipiat
1645 430 1794 498 vigor
1826 437 1871 491 Α
1900 428 2034 494 ﬁlios
2069 439 2227 483 morte
2263 431 2557 500 punitorum
2604 432 2616 500 [
2646 447 2744 485 ms.
2781 433 2872 498 A.,
2903 433 3323 499 morti/iratorum
3417 433 3493 487 De

229 518 480 587 aequitatis
503 517 792 586 inquirere.
819 517 989 585 Super
1008 519 1108 572 hoc
1126 520 1271 586 ponit
1288 529 1360 582 et,
1385 519 1533 572 nimis
1559 535 1576 573 :
1598 536 1661 572 ne
1684 521 1801 588 quis

228 626 280 665 se
302 619 505 678 putaret
529 610 594 661 de
620 609 880 676 probitate
902 620 1112 663 actuum
1137 626 1354 663 suorum
1380 611 1577 666 debere
1603 627 1801 675 prman-

227 715 398 764 mere,
451 715 572 754 cum
617 713 676 754 sc
726 700 877 754 bonis
923 701 1129 754 meritis
1171 702 1322 754 nimis
1369 717 1638 772 pauperem
1685 716 1802 757 esse

227 803 593 860 cognosceret.
1735 843 1755 868 ,

299 884 447 936 \'ers.
480 882 560 937 lt).
589 881 788 951 Adjuva
812 898 924 946 nos,
951 881 1088 935 Deus
1116 884 1358 936 salutaris
1390 894 1576 949 uester,
1601 896 1804 954 propter

234 976 462 1026 bonorum
487 974 702 1026 nominis
726 973 821 1025 tui.
853 975 980 1026 Cum
1006 973 1153 1041 dicit,
1189 975 1388 1046 Adjuoa
1409 991 1517 1038 nos,
1544 975 1806 1044 signiﬁcat

231 1064 446 1118 forsitan
481 1063 606 1115 illud
639 1075 906 1117 certamen
933 1065 1070 1132 quod
1097 1063 1408 1117 Mathathias
1438 1079 1805 1133 assumpturus

228 1169 338 1211 erat
390 1167 443 1210 ut
491 1156 802 1209 lIebraiosa
851 1157 1288 1224 superstitionum
1335 1159 1485 1211 clade
1528 1160 1805 1224 liberaret;

230 1262 278 1301 ιιι
307 1263 472 1301 causa
504 1247 749 1300 humanis
794 1247 995 1299 viribus
1037 1250 1314 1314 desperata
1367 1248 1569 1300 Dmtini
1614 1250 1808 1302 virtute

226 1342 518 1411 jnvarctur.
563 1339 630 1392 Et
663 1340 796 1394 bene
837 1338 1195 1394 infirmitatem
1227 1356 1376 1393 suam
1411 1341 1688 1403 intellexit,
1721 1342 1805 1410 qni

169 1450 172 1452 ‘
229 1432 561 1485 salvatorem
584 1430 847 1485 medicum
872 1431 998 1484 totis
1019 1432 1220 1485 viribus
1239 1432 1530 1497 invocmit;
1552 1443 1809 1501 quatenus

230 1524 400 1592 erepti
417 1524 587 1578 Judaei
607 1523 863 1577 honorem
885 1523 1000 1591 eius
1022 1524 1220 1578 nomini
1247 1525 1468 1579 reddere
1495 1527 1806 1591 potui:s:~nt.

233 1615 445 1669 Utiliter
469 1623 648 1667 autem
671 1628 728 1668 se
749 1614 1098 1690 adjuvandum
1123 1626 1327 1684 propter
1345 1616 1582 1668 honorem
1603 1614 1810 1669 Domini

231 1703 386 1769 dicit,
418 1719 524 1757 non
554 1711 770 1772 propter
790 1703 1004 1772 aliquod
1028 1705 1271 1758 meritum
1304 1719 1480 1758 suum.

296 1797 461 1850 Vers.
486 1799 573 1849 II.
606 1795 840 1862 Domine,
867 1795 1024 1849 libera
1051 1812 1161 1861 nos,
1184 1807 1229 1850 et
1251 1798 1501 1866 propitius
1541 1807 1648 1850 esto
1688 1814 1807 1867 pec-
1843 1801 1889 1858 Β

228 1889 359 1940 catis
387 1887 575 1939 neutris
602 1897 808 1955 propter
835 1901 1014 1940 nomen
1050 1895 1209 1940 tuum.
1243 1888 1340 1952 Qui
1382 1887 1448 1941 de
1486 1888 1711 1955 propriis
1735 1889 1812 1941 vi-

232 1981 382 2032 ribus
403 1978 678 2046 desperat,
707 1978 1010 2032 necessarie
1039 1977 1104 2031 ad
1137 1977 1388 2031 auxilium
1436 1979 1814 2047 omnipotentis

226 2070 424 2138 iudicis
453 2071 653 2135 currit,
680 2078 736 2123 ut
764 2068 906 2138 quod
945 2069 1151 2123 actibus
1177 2069 1404 2138 propriis
1445 2069 1675 2123 conferri
1707 2084 1814 2123 non

231 2170 437 2231 porest,
473 2163 669 2230 pietate
713 2161 882 2216 saneti
931 2155 1162 2216 nominis
1208 2162 1486 2216 tribuatur.
1521 2161 1642 2216 Ideo
1672 2163 1816 2217 enim

230 2255 489 2308 Salvator
526 2251 747 2316 dicitur,
771 2255 904 2320 quia
930 2253 980 2305 in
1010 2269 1067 2306 sc
1094 2263 1374 2320 sperantes
1405 2253 1594 2314 salvat,
1627 2262 1680 2305 ct
1710 2254 1811 2305 ini-

232 2355 507 2403 niincntcs
539 2357 888 2417 peccatoi-uni
928 2363 1118 2415 poenas
1153 2358 1450 2402 commutat
1480 2347 1531 2400 in
1568 2348 1808 2415 praemia.

299 2437 469 2491 Vcrs.
511 2436 600 2488 4‘2.
643 2435 723 2489 Ne
748 2436 956 2504 quando
989 2438 1168 2490 dicant
1194 2448 1403 2506 gentes:
1427 2436 1523 2491 Ubi
1556 2449 1628 2491 est
1667 2439 1804 2492 Deus

233 2545 411 2582 comm
430 2533 454 2582 ?
477 2542 522 2582 et
551 2531 830 2583 innotescat
852 2534 900 2583 in
929 2531 1213 2584 nationibus
1235 2548 1406 2584 coram
1428 2534 1585 2586 oculis
1608 2534 1812 2586 nostris.

233 2620 432 2675 Reddit
462 2637 678 2676 eausam
708 2638 803 2676 cur
833 2625 1074 2691 petiverit
1113 2626 1319 2694 plebem
1367 2627 1572 2680 Domini
1620 2628 1819 2683 debere

234 2713 487 2775 liberari,
515 2713 721 2773 scilicet
757 2729 822 2768 ne
850 2715 974 2769 illud
1008 2717 1254 2770 usitatmn
1279 2717 1484 2770 dicatur
1507 2733 1530 2769 a
1561 2718 1776 2786 perfidis
1801 2735 1817 2772 :

237 2801 330 2856 Ubi
360 2816 440 2856 est
472 2803 609 2856 Deus
632 2806 843 2858 eorum?
873 2806 998 2858 Nam
1028 2812 1271 2876 quamvis
1295 2808 1472 2862 fideles
1494 2809 1702 2863 diversa
1729 2811 1821 2866 lla-

234 2896 362 2960 gella
395 2895 697 2963 patiantur,
730 2895 866 2948 istud
899 2905 1070 2950 tamen
1102 2899 1167 2950 ab
1209 2900 1286 2951 eis
1325 2913 1427 2952 non
1458 2910 1630 2966 potest
1669 2900 1818 2968 feni,

235 2987 461 3053 quando,
497 2996 861 3041 creaturarum
895 2991 1125 3042 omnium
1161 2991 1443 3044 insultatur
1471 2993 1694 3047 auctori.
1728 2994 1819 3048 Βία

236 3078 406 3129 cendo
434 3078 606 3141 enim,
643 3077 740 3131 Ubi
767 3080 880 3132 est?
910 3091 1120 3147 putatur
1163 3091 1251 3134 ant
1281 3097 1514 3151 praesens
1544 3099 1646 3138 non
1677 3100 1818 3148 esse,

1909 521 2012 574 illis
2056 521 2182 574 dicit
2213 537 2344 589 quos
2383 537 2478 590 pro
2527 523 2742 576 nomine
2780 524 2986 578 Domini
3022 525 3266 579 vinxerat
3314 525 3496 579 irreli-

1904 613 2051 681 giosa
2093 613 2388 682 gentilitas,
2416 616 2501 683 qni
2551 615 2753 668 crebris
2801 615 3084 683 gemitibus
3131 615 3490 682 omnipotenti

1910 704 2137 756 Domino
2185 704 2547 771 supplicabant
2597 715 2650 758 ut
2702 705 2817 773 ejus
2865 706 3100 760 Ecclesia
3143 706 3196 759 in
3236 705 3484 760 fratribus

1907 809 2010 844 non
2043 793 2334 857 deﬁceret,
2368 795 2572 846 etiamsi
2616 794 2758 862 ipsos
2788 794 3073 849 imminens
3101 809 3256 862 pinna
3285 809 3480 848 consu-

1911 893 2101 938 meret.
2136 884 2316 937 Sancti
2348 885 2486 939 οιιίιιι
2518 888 2609 938 \iri
2645 888 2766 939 talia
2798 901 3011 954 semper
3040 897 3245 956 petunt,
3275 903 3393 957 qua:
3424 887 3492 940 ad

1908 976 2029 1029 ﬁdei
2057 989 2336 1039 augmenta
2370 975 2671 1043 proﬁciunt.
2697 978 2966 1043 Sequitur,
2990 978 3266 1031 secundant
3289 978 3489 1046 magni-

1909 1062 2130 1115 tudinem
2165 1064 2355 1115 bruti/lii
2378 1066 2449 1115 tui
2479 1066 2679 1131 posside
2715 1065 2848 1132 ﬁlios
2876 1077 3034 1118 morte
3061 1067 3370 1134 punitorum.
3401 1065 3492 1118 Ni-

1909 1153 2010 1206 mis
2061 1155 2144 1218 pia
2189 1154 2460 1206 subu‘ilur
2504 1165 2556 1207 et
2597 1154 2881 1208 atiectuosa
2932 1158 3204 1224 precatio,
3255 1172 3321 1210 ne
3351 1157 3486 1223 ﬁlios

1909 1260 2092 1299 Carum
2130 1247 2384 1298 Dominus
2407 1262 2434 1297 τι
2479 1262 2570 1298 sua
2606 1247 2946 1313 passessione
2974 1248 3250 1315 projiciat,
3284 1249 3372 1316 qui
3399 1263 3496 1315 pro

1910 1337 2024 1404 eius
2047 1337 2301 1404 religione
2332 1350 2488 1388 morie
2514 1340 2675 1398 puniti
2698 1349 2841 1392 sunt.
2872 1339 3151 1392 lnnurnera
3181 1339 3323 1391 enim
3365 1348 3493 1392 tunc

1913 1427 1984 1480 ibi
2016 1429 2166 1479 turba
2195 1437 2483 1497 martyrum
2516 1428 2607 1480 fuit
2633 1469 2648 1494 ,
2691 1445 2915 1496 quorum
2965 1427 3166 1493 posteri
3213 1428 3495 1482 Dominum

1914 1517 2224 1570 desiderant
2252 1517 2545 1585 possidere,
2578 1535 2644 1572 ne
2673 1520 2849 1587 aliquo
2877 1533 3064 1573 errore
3101 1518 3372 1572 vitientur.
3404 1517 3497 1571 léle

1913 1607 2170 1675 siquidem
2217 1609 2433 1675 quando
2487 1624 2586 1662 nos
2637 1610 2906 1676 possidet,
2953 1610 3215 1665 diabolica
3255 1610 3306 1664 in
3339 1610 3495 1664 nobis

1909 1697 2026 1766 jura
2058 1715 2158 1750 non
2194 1699 2501 1765 prmvalent.

1992 1791 2139 1845 Vers.
2189 1791 2271 1844 15.
2316 1790 2489 1845 Redde
2522 1791 2697 1842 vicinis
2738 1791 2922 1844 nostris
2959 1792 3247 1862 septuplum
3291 1793 3341 1845 in
3379 1794 3495 1846 sinu

1912 1898 2086 1936 eorum
2133 1898 2150 1934 :
2191 1882 2550 1950 improperium
2586 1883 2842 1948 ipsorum,
2893 1883 3026 1949 quod
3070 1885 3497 1952 exprobrauerunt

1913 1972 2003 2025 tibi
2019 2013 2033 2035 ,
2070 1971 2300 2024 Domine.
2344 1972 2471 2024 Tale
2517 1981 2598 2024 est
2644 1971 2819 2024 Redde
2864 1972 3020 2040 quale
3069 1972 3210 2040 quod
3249 1988 3380 2041 supe
3412 1975 3496 2027 ius

1915 2063 2072 2128 dixit,
2097 2061 2329 2127 Vindice,
2349 2062 2486 2132 quod
2507 2063 2604 2116 etsi
2619 2061 2960 2117 afﬂictionem
2979 2063 3162 2116 tribuit
3182 2079 3491 2132 corporum,

1917 2155 2140 2208 salutem
2174 2164 2346 2208 tamen
2381 2154 2543 2208 efficit
2571 2154 2891 2209 animarum.
2941 2154 3182 2220 Vicinos,
3234 2156 3490 2211 ﬁnitimos

1931 2246 2083 2308 dicit,
2135 2247 2200 2299 de
2239 2247 2434 2314 quibus
2465 2247 2714 2315 superius
2761 2247 2833 2298 ait
2867 2264 2882 2301 :
2919 2246 3066 2301 Fat-ti
3088 2267 3266 2306 sumus
3304 2268 3495 2320 oppro-

1930 2334 2100 2389 brium
2121 2339 2296 2390 vicinis
2320 2339 2533 2404 nostris,
2551 2339 2856 2409 Scptuplum
2873 2345 3258 2412 perfectionem
3281 2348 3493 2417 signiti-

1932 2432 2274 2484 catmnneris
2293 2431 2551 2496 caelestis,
2568 2435 2712 2501 quod
2728 2435 3025 2506 accipimus
3042 2439 3255 2506 quando
3269 2440 3352 2506 Sp.
3365 2441 3500 2494 ritus

1919 2519 2088 2573 διηυιί
2116 2520 2499 2576 illuminatione
2526 2523 2875 2592 complemur,
2929 2525 2998 2579 de
3029 2539 3132 2594 quo
3158 2535 3212 2580 et
3239 2526 3343 2580 alio
3375 2526 3494 2581 loco

1920 2614 2116 2668 dictum
2145 2624 2226 2670 est
2251 2632 2264 2668 :
2295 2617 2568 2685 Argentum
2602 2618 2714 2686 igne
2737 2620 3102 2684 examinatum,
3134 2627 3281 2672 tera:
3303 2636 3498 2690 purga-

1921 2710 2030 2755 tum
2059 2703 2346 2770 septziplum
2373 2703 2544 2772 (Psal.
2579 2722 2628 2758 χι
2650 2749 2664 2772 ,
2695 2708 2770 2775 7).
2804 2707 2954 2772 Quod
2995 2708 3060 2760 ad
3092 2710 3498 2763 conversionem

1921 2794 2156 2862 ipsorum
2192 2811 2295 2848 non
2327 2804 2411 2848 est
2434 2795 2648 2848 dubium
2687 2799 2955 2863 pertinere
2977 2840 2990 2861 ,
3021 2799 3234 2868 quando
3262 2800 3340 2854 sic
3365 2804 3504 2855 reei-

1923 2887 2102 2954 piunt,
2151 2896 2206 2939 ut
2254 2890 2304 2940 in
2347 2887 2502 2941 bonis
2540 2889 2777 2956 partibus
2817 2899 3232 2944 committentur.
3277 2890 3342 2944 In
3381 2893 3498 2945 sinu

1922 2993 2128 3042 eorum,
2175 2979 2352 3047 utique
2386 2979 2438 3032 in
2486 2982 2781 3034 animarum
2832 2993 3039 3038 secreto
3081 2984 3334 3039 debemus
3364 2988 3504 3040 acci-

1927 3085 2071 3136 perc,
2100 3070 2186 3121 ubi
2215 3085 2424 3138 semper
2451 3071 2504 3124 ﬁt
2535 3072 2760 3139 gloriosa
2787 3075 3086 3129 conversio.
3118 3076 3385 3145 Sequitur,
3410 3079 3504 3131 im-

239 3177 323 3220 aut
354 3184 468 3220 non
502 3181 660 3235 posse
681 3168 984 3223 defendere.
1020 3171 1083 3224 Et
1111 3173 1314 3239 re~pice
1344 3189 1500 3242 quam
1526 3179 1819 3231 necessarie

1929 3175 2054 3226 prop
2075 3159 2216 3210 ‘rt'unt
2239 3161 2480 3227 ipsorum,
2510 3161 2642 3225 quod
2667 3162 3092 3228 exprobrauerunt
3123 3165 3232 3232 tibi,
3268 3167 3505 3222 Domine.

239 3258 375 3313 inter
399 3260 741 3314 calamitates
763 3277 888 3316 snas
910 3263 1038 3315 illud
1055 3264 1394 3332 opprobrium
1419 3280 1823 3335 commemorat,

240 3351 377 3418 quod
411 3349 483 3402 ad
521 3351 756 3404 divinam
803 3354 1098 3420 pertinebat
1127 3357 1522 3415 contumeliam.
1555 3359 1827 3426 Sequitur,

239 3451 282 3495 ιι
303 3441 596 3494 innotescat
624 3443 677 3494 in
707 3444 990 3496 nationibus
1013 3460 1187 3497 coram
1211 3445 1370 3498 oculis
1396 3450 1602 3503 nostris.
1629 3448 1722 3502 llic
1746 3458 1829 3504 est

239 3534 692 3600 subaudiendum,
723 3535 974 3602 vindicta,
1005 3553 1160 3606 quam
1188 3538 1324 3592 solet
1349 3540 1603 3593 Dominus
1625 3541 1692 3595 de
1712 3557 1828 3608 pcr-

242 3629 358 3684 iidis
386 3631 604 3693 facere,
638 3627 850 3696 quando
879 3643 971 3682 eos
1013 3631 1154 3696 cogit
1198 3629 1460 3685 desideria
1491 3647 1655 3700 prava
1679 3632 1829 3686 dam-

243 3736 392 3774 nare.
447 3718 582 3773 Cum
620 3718 784 3793 dicit,
820 3734 990 3771 coram
1034 3720 1193 3773 oculis
1237 3721 1457 3786 nostris,
1507 3722 1828 3776 celeritatem

245 3808 484 3875 postulat
507 3807 756 3869 ultionis;
786 3815 844 3860 ιιι
881 3807 1059 3862 videat
1088 3807 1203 3862 ﬁeri
1234 3808 1374 3877 quod
1421 3809 1703 3880 aliquando
1733 3825 1829 3864 no-

243 3908 390 3952 verat
424 3911 589 3964 posse
617 3897 856 3951 concedi.

309 3988 476 4042 νει-ε.
511 3988 598 4041 I3.
632 3985 851 4040 Vindice
878 3988 1172 4058 sanguinem
1202 4003 1454 4042 servorum
1475 3998 1709 4056 tuorum,
1740 3991 1832 4059 qui

241 4079 440 4145 cimus
470 4087 568 4132 est.
595 4077 828 4133 Tertiam
858 4089 1057 4144 partem
1086 4095 1206 4148 quin
1234 4082 1466 4136 restabat
1498 4082 1824 4150 exsequitur,

241 4177 298 4222 ut
323 4168 556 4222 vindicet
582 4168 881 4239 sanguinem
922 4168 1192 4234 ﬁdelium,
1221 4172 1308 4240 qui
1344 4187 1439 4241 pro
1463 4171 1578 4241 ejus
1615 4172 1828 4227 nomine

240 4261 504 4332 artyria
537 4261 887 4328 pertulerunt.
936 4261 1227 4316 Vindicatio
1254 4274 1337 4316 est
1376 4264 1518 4318 enim
1549 4280 1643 4333 per
1668 4279 1826 4334 quam

239 4353 320 4405 vis
355 4359 416 4406 et
446 4350 640 4418 injuria
675 4351 817 4418 justa
851 4352 1200 4407 retributione
1241 4353 1557 4408 defenditur.
1606 4354 1712 4410 Sed
1743 4355 1829 4410 hic

241 4438 372 4495 illud
401 4441 618 4494 videtur
643 4441 844 4508 optari.
875 4442 1014 4508 quod
1062 4442 1127 4496 ad
1158 4444 1568 4499 conversionem
1596 4447 1826 4514 ‘l‘eSpit‘it

1931 3249 2192 3302 Fecerunt
2221 3251 2467 3317 injurias,
2496 3251 2672 3305 dicant
2700 3253 2917 3320 laudes;
2968 3255 3179 3310 fuerunt
3219 3257 3503 3322 increduli,

1930 3339 2033 3390 sint
2060 3339 2268 3403 devnti;
2300 3342 2615 3394 exstiterunt
2644 3344 2882 3410 superbi,
2917 3346 3045 3400 ﬁant
3072 3346 3323 3404 humiles.
3357 3349 3506 3404 Tunc

1929 3431 2069 3484 enim
2095 3431 2346 3485 Dominus
2367 3433 2598 3498 gloriose
2625 3436 2920 3493 vindicatus
2940 3440 3266 3509 agnoscitur,
3291 3442 3506 3511 quando

1931 3521 2309 3574 maledicorum
2342 3537 2434 3576 ore
2459 3523 2725 3578 laudatur.

2005 3609 2151 3663 Vcrs.
2190 3613 2270 3666 I6.
2301 3609 2411 3664 Nos
2435 3623 2601 3696 autem
2629 3617 2847 3686 populus
2880 3626 2996 3671 tuus
3017 3629 3066 3672 et
3097 3637 3208 3676 oves
3225 3625 3392 3693 gregis
3411 3627 3508 3692 tui,

1931 3700 2279 3768 conﬁtebimur
2307 3704 2395 3755 tibi
2424 3703 2474 3755 in
2500 3707 2765 3760 saeculum.
2825 3708 2900 3764 De
2931 3711 3034 3765 IIIIS
3065 3713 3227 3782 (sicut
3257 3716 3509 3788 arbitror)

1930 3792 2057 3850 dicit
2089 3793 2306 3860 reliquis
2350 3795 2440 3863 qui
2489 3796 2796 3853 Mathathiaa
2829 3791 3023 3857 'studio
3070 3809 3407 3877 congregati,
3434 3811 3511 3864 le-

1931 3897 2049 3952 gem
2083 3882 2288 3937 Domini
2320 3885 2592 3940 custodire
2622 3899 2952 3945 meruerunt.
3001 3891 3121 3948 Ista:
3164 3911 3348 3952 revera
3387 3910 3513 3954 sunt

1931 3990 2042 4027 oves
2071 3974 2309 4039 Domini,
2341 3991 2459 4043 qua:
2506 3976 2624 4046 ejus
2650 3980 2870 4045 gloriam
2918 3986 3236 4041 conﬁtentes
3282 3990 3332 4042 in
3385 3990 3509 4046 fidei

1931 4063 2179 4120 ﬁrmitate
2206 4075 2532 4121 manserunt.
2568 4068 2746 4122 POIest
2775 4080 2951 4126 autem
2977 4074 3075 4128 hoc
3105 4087 3157 4130 et
3181 4080 3504 4146 generaliter

1931 4164 2121 4231 accipi,
2145 4172 2204 4216 ut
2232 4164 2301 4218 ibi
2322 4165 2517 4219 mixtus
2540 4165 2784 4221 videatur
2804 4177 2855 4222 et
2884 4171 3106 4237 poniilus
3128 4173 3464 4232 Christianus
3488 4195 3504 4234 :

1930 4253 2178 4322 quoniam
2205 4255 2225 4325 (
2248 4256 2382 4308 sicut
2411 4270 2554 4324 saepe
2579 4257 2778 4312 dictum
2809 4260 2934 4330 est)
2962 4277 3026 4316 ex
3055 4263 3262 4319 duobus
3302 4269 3512 4337 populis

1931 4346 2269 4416 congregatio
2290 4347 2424 4402 facta
2455 4357 2538 4402 est
2567 4365 2667 4403 una
2700 4361 3031 4408 sanctorum.
3066 4356 3380 4413 Intuendum
3417 4376 3512 4414 an-

1932 4448 2035 4490 tem
2068 4447 2152 4493 est
2176 4438 2611 4495 lamentationem
2643 4455 2792 4496 suam
2835 4460 2935 4512 qua
2980 4448 3245 4502 suavitate
3291 4452 3513 4505 conclu-

241 4532 473 4586 ininiici.
502 4530 636 4584 Nam
657 4547 776 4585 cum
806 4531 891 4587 hic
929 4534 980 4586 in
1011 4534 1088 4587 eis
1113 4536 1474 4602 temporaliter
1506 4536 1825 4602 vindieat-ir,
1859 4525 1910 4583 D
1935 4528 2093 4592 serit.
2123 4537 2182 4580 ιιι
2206 4527 2414 4582 Domini
2445 4529 2589 4584 dicat
2611 4545 2731 4586 esse
2751 4551 2982 4606 gregem,
3028 4552 3124 4605 pro
3154 4554 3259 4606 quo
3285 4541 3516 4596 devotis-

240 4624 523 4679 interitum
567 4631 778 4677 aeterna:
805 4625 1161 4679 damnationis
1202 4627 1462 4693 evadunt;
1491 4628 1566 4682 sic
1597 4630 1738 4682 enim
1773 4630 1826 4683 in

246 4715 572 4784 Apocalypsi
600 4715 820 4783 legimus
843 4717 1026 4786 (Apoc.
1059 4733 1130 4780 vt,
1168 4717 1257 4789 10)
1293 4720 1436 4774 :Sub
1461 4736 1554 4774 ara
1576 4722 1666 4776 Dei
1691 4737 1830 4778 mar-

245 4817 430 4875 tyrum
456 4808 662 4859 animas
685 4807 951 4874 postulare
974 4819 1029 4861 ut
1052 4809 1232 4863 divino
1248 4810 1449 4879 judicio
1472 4813 1828 4870 vindicentur.

242 4899 379 4964 Qua
410 4896 834 4968 274'vindicta
865 4899 1168 4967 accipienda
1214 4912 1292 4954 est
1319 4901 1382 4955 ad
1415 4903 1631 4957 modum
1673 4920 1830 4973 quem

245 4987 513 5052 diximus,
575 4987 695 5056 quia
726 4988 864 5042 beati
903 4990 1000 5043 viri
1027 4991 1313 5045 crudeliter
1347 5006 1404 5044 se
1433 5008 1536 5046 non
1578 5004 1832 5062 expetunt

248 5080 539 5148 vindicari,
567 5094 688 5134 cum
713 5081 1015 5148 acceperint
1045 5084 1241 5134 monita
1267 5099 1280 5135 :
1315 5081 1468 5137 Orate
1498 5101 1586 5150 pro
1612 5087 1830 5139 inimicis

243 5174 451 5235 vestris,
483 5172 760 5242 benefacite
788 5173 867 5227 his
897 5175 981 5242 qui
1006 5173 1220 5228 oderunt
1246 5191 1330 5228 vos
1356 5176 1374 5244 (
1398 5174 1581 5230 Matth.
1612 5193 1666 5243 ν,
1696 5181 1764 5233 44
1786 5179 1829 5247 ).

244 5275 300 5317 et
327 5265 416 5317 his
444 5265 663 5317 similia.
693 5265 771 5318 Ad
803 5277 1127 5332 postremum
1178 5269 1289 5334 ipse
1336 5266 1593 5321 Dominus
1633 5285 1837 5338 priet-e-

247 5363 470 5420 ptorum
502 5367 720 5406 suorum
746 5355 1446 5423 potentissimusexsecutor
1473 5357 1522 5410 in
1553 5373 1716 5412 cruce
1744 5375 1837 5428 ρο·
1903 5383 1910 5388 ί

246 5447 390 5499 situs
418 5446 528 5497 ait:
563 5443 735 5510 Pater,
777 5447 979 5514 ignosce
1013 5446 1114 5499 illis
1137 5487 1150 5511 ,
1178 5447 1297 5516 quia
1338 5448 1567 5502 nesciunt
1607 5449 1728 5515 quid
1757 5451 1836 5521 fa-

248 5537 399 5586 riunt
429 5532 581 5601 (Luc.
611 5548 760 5596 unt,
793 5533 903 5601 34).

327 5627 486 5680 Vera.
520 5628 605 5681 Η.
639 5625 798 5679 Intret
824 5627 876 5680 in
899 5637 1172 5694 conspectu
1201 5637 1285 5681 tuo
1323 5630 1532 5700 gemitus
1573 5632 1834 5697 compedi-

254 5729 464 5785 ttmrm;
516 5719 790 5774 secundum
833 5718 1229 5790 magnitudinem
1263 5720 1470 5794 brachii
1516 5723 1590 5776 tui
1634 5724 1836 5790 poss'de

1937 4616 2102 4670 simus
2131 4618 2498 4687 supplicabat,
2555 4637 2622 4676 ne
2651 4615 2852 4678 diutius
2881 4627 3198 4684 irasceretur
3225 4632 3306 4686 eis
3325 4672 3340 4698 ,
3382 4648 3516 4702 quos

1935 4719 2060 4760 suos
2087 4721 2207 4761 esse
2229 4709 2562 4765 meminerat.

2005 4795 2071 4847 Et
2101 4797 2153 4849 in
2179 4800 2420 4852 siccatum
2449 4802 2622 4854 saeculi
2648 4804 2968 4860 narrabimus
3000 4806 3200 4860 laudem
3224 4817 3386 4861 tuam.
3419 4809 3516 4865 IIie

1936 4891 2084 4946 illam
2117 4895 2285 4964 tangit
2312 4893 2470 4950 futuri
2511 4899 2693 4952 sazculi
2735 4899 3094 4956 beatissimam
3134 4901 3512 4970 psalmodiam,

1935 5002 2090 5056 quam
2121 4988 2316 5042 chorus
2335 5001 2638 5046 sanctorum
2667 4995 2783 5048 sine
2809 4995 3105 5050 cessatione
3130 4995 3367 5048 dicturus
3394 5006 3511 5059 est;

1937 5095 2041 5132 non
2085 5091 2141 5133 ut
2171 5080 2304 5134 alios
2347 5083 2598 5146 instruat,
2631 5087 2754 5154 quia
2796 5086 2864 5140 ibi
2909 5087 3082 5140 nullus
3106 5087 3204 5139 erit
3237 5083 3509 5146 indoctus;

1937 5169 2031 5224 sed
2081 5183 2135 5223 ut
2187 5171 2441 5226 honorem
2493 5174 2726 5229 debitum
2767 5177 3082 5242 reddeutcs,
3123 5179 3510 5247 praeconiorum

1941 5264 2175 5331 ipsorum
2204 5266 2466 5320 suavitate
2496 5275 2799 5336 pascantur.

2471 5405 2738 5458 Conclusio
2773 5410 2976 5478 psalmi.

2009 5541 2282 5596 Secundus
2328 5541 2427 5596 iste
2462 5542 2573 5611 jam
2623 5547 2854 5613 psalmus
2883 5556 2966 5602 est
3005 5549 3093 5616 qui
3137 5549 3505 5609 honorabilcm

1937 5630 2228 5686 Jerusalem
2261 5631 2340 5699 pia
2384 5633 2764 5691 lamentatione
2803 5638 3035 5692 deflevit.
3087 5641 3192 5696 Sed
3235 5642 3509 5697 sciendum

1939 5723 2078 5795 quod
2096 5723 2516 5794 septuagesimus
2531 5728 2715 5784 tertius
2729 5731 3088 5801 captivitatem
3106 5735 3513 5804 continetquam
