3952 6162
473 315 574 372 579

1585 273 1592 284 ’
1681 295 1746 349 tu.
1789 289 2065 348 suumn
2107 283 2504 342 CASSIODOIU

3589 274 3680 330 580

473 427 692 499 pertulit
719 427 820 480 sub
841 419 1090 478 Romanis
1118 435 1132 472 :
1163 419 1262 470 iste
1293 428 1420 467 vero
1443 407 1686 464 Antiochi
1715 407 1850 474 regis
1879 405 2040 458 dellet
2067 411 2117 466 Α
2142 399 2263 454 Ideo
2290 397 2429 499 enim
2463 393 2798 462 subjunctum
2819 401 2901 499 est
2931 387 3111 492 Israel,
3142 388 3256 499 quia
3289 389 3424 499 ipsos
3451 389 3680 492 propitius

475 496 780 587 sacrilegam
833 523 886 569 et
937 509 1356 566 crudelissimam
1408 503 1730 557 Vastitatem.
1785 496 2042 587 Considef

477 584 696 667 randtnn
727 620 937 678 quoque
963 613 1018 658 et
1045 602 1148 655 alta
1187 607 1362 653 mente
1403 591 1734 650 condendam
1780 597 1860 641 est
1892 584 2040 678 quod

475 677 753 758 charitatisj
788 693 963 750 studio
1007 703 1408 746 commonemur
1450 681 1702 738 Ecclesia:
1751 679 1842 732 Dei
1891 677 2044 730 bonis

479 792 666 856 laetari,
690 799 742 843 et
763 790 950 842 iterum
972 780 1359 837 calamitatibus
1374 777 1486 844 ejus
1503 773 1848 827 vehementer
1861 765 2042 852 affligi.

479 883 691 952 Legitur
717 878 858 934 enim
889 895 901 929 :
935 874 1140 929 Felices
1186 871 1272 941 qui
1317 868 1547 938 gaudent
1585 865 1638 917 in
1687 875 1816 930 pace
1844 869 1926 952 tua
1949 898 1962 922 ,
1994 865 2048 952 et

483 948 660 1028 felices
688 981 874 1022 omnes
902 966 988 1036 qui
1029 961 1480 1017 cootrista'buntur
1516 956 1566 1008 in
1597 953 1842 1007 omnibus
1869 948 2048 1015 llagcl-

483 1061 548 1115 lis
580 1059 709 1112 tuisl
733 1057 1066 1123 Quapmpter
1090 1047 1335 1104 convenit
1359 1057 1414 1098 ut
1437 1043 1576 1113 quod
1607 1041 1890 1108 unicuique
1923 1037 2051 1091 lide-

487 1151 610 1204 lium
631 1146 949 1216 provenerit,
969 1141 1030 1195 ad
1049 1147 1259 1194 nostros
1276 1137 1488 1188 dolores
1510 1130 1864 1202 proximitatis
1878 1127 2052 1180 studio

486 1240 889 1304 transferamus,
938 1236 1074 1288 sient
1109 1230 1390 1300 Apostolus
1415 1227 1542 1281 dicit
1575 1242 1588 1277 :
1624 1224 1682 1279 Si
1709 1223 1832 1292 quid
1861 1221 2054 1290 patitur

489 1348 643 1384 unum
686 1327 989 1390 membrum,
1038 1321 1410 1392 compatiuntur
1447 1317 1615 1371 omnia
1653 1314 1907 1378 membra;
1955 1314 2058 1366 sive

489 1421 801 1490 gloriﬁcatur
833 1432 988 1469 unum
1019 1414 1323 1473 membrum,
1353 1408 1670 1479 congaudent
1703 1407 1872 1460 onmia
1899 1421 2057 1456 mem.

493 1512 582 1564 bra
611 1509 666 1581 (Ι
698 1510 813 1563 Cor.
845 1523 938 1572 xu,
963 1505 1076 1570 9.6).
1107 1503 1238 1556 llinc
1268 1505 1406 1555 enim
1437 1500 1665 1553 Charitas
1693 1497 1779 1550 illa
1809 1495 2058 1566 praecelsa

493 1601 845 1670 conquiritur,
871 1598 989 1649 hinc
1009 1593 1285 1663 praedicata
1306 1591 1474 1644 unitas
1497 1589 1776 1642 invenitur.
1800 1587 1862 1638 Et
1879 1586 1921 1638 si
1938 1599 2062 1637 ρειιιι

495 1709 606 1748 sam
631 1692 753 1746 boni
775 1691 925 1743 istius
941 1687 1097 1746 altius
1117 1682 1483 1753 perseruteris,
1509 1679 1628 1734 hinc
1648 1687 1702 1733 et
1725 1679 1808 1732 illa
1831 1677 2062 1732 cmleétis

2143 491 2280 560 re.th
2305 487 2392 557 qui
2411 503 2530 540 eum
2556 500 2685 554 puro
2708 484 2866 537 crde
2883 481 3184 546 respiciunt.
3206 477 3367 533 Israel
3389 480 3520 532 enim
3545 482 3684 534 inter-

2145 589 2381 650 pretatur
2395 577 2708 646 (sicutsaepe
2724 573 2919 626 dictum
2935 570 3034 640 est)
3049 572 3129 624 vir
3143 580 3312 624 mente
3329 569 3505 623 videns
3518 569 3686 624 Deum.

2147 670 2398 735 Intende;
2430 685 2489 722 ac
2517 669 2560 720 si
2584 667 2786 720 diceret
2818 683 2829 718 :
2857 667 3024 732 Supra
3060 677 3155 716 nos
3181 663 3355 716 lumen
3379 671 3476 714 tum
3501 663 3691 728 pietatis

2147 762 2400 826 infunde,
2433 769 2490 812 ut
2533 761 2618 828 qui
2655 773 2746 826 per
2779 771 2874 810 nos
2915 771 3096 808 sumus
3133 755 3436 820 tenebrosi,
3469 763 3692 821 aspectus

2151 856 2226 908 tui
2257 851 2539 906 reddamur
2565 850 2806 902 claritate
2839 845 3132 913 conspicui.
3163 844 3430 912 Sequitur,
3451 847 3532 912 qui
3558 845 3695 896 dedu-

2153 945 2226 997 cis
2253 945 2384 996 velut
2413 957 2526 994 oves
2554 937 2770 1005 Ioseph.
2795 936 2987 1004 Ioseph
3029 935 3236 988 lidelem
3274 935 3515 1002 populum
3552 933 3695 988 debe-

2155 1051 2272 1088 mus
2294 1035 2605 1094 advertere,
2638 1030 2728 1100 qui
2767 1033 2845 1083 sic
2872 1031 2926 1081 in
2969 1027 3147 1081 caulas
3181 1026 3387 1080 Domini
3427 1025 3696 1094 deducitur,

2155 1123 2309 1193 quasi
2338 1137 2464 1176 oves
2495 1121 2559 1175 ad
2610 1135 2801 1188 pascua
2847 1128 3256 1188 congregantur.
3296 1115 3424 1169 Nam
3465 1126 3516 1170 et
3555 1116 3700 1185 ipsum

2159 1230 2353 1269 nomen
2391 1213 2584 1283 Joseph
2606 1212 2866 1280 signiﬁcat
2893 1212 3005 1264 sine
3030 1209 3346 1278 opprobrio,
3379 1209 3514 1277 quod
3535 1209 3702 1263 devoto

2169 1305 2362 1374 populo
2383 1315 2589 1358 certum
2621 1310 2705 1357 est
2745 1302 3052 1356 convenire.
3081 1298 3147 1352 Et
3184 1313 3307 1352 nota
3337 1300 3540 1368 propria
3565 1303 3702 1354 verba

2159 1395 2380 1463 singulis
2429 1395 2548 1446 data
2595 1392 2756 1445 fuisse
2788 1391 3046 1458 personis.
3079 1390 3291 1460 Regitur
3329 1391 3411 1457 qui
3442 1379 3702 1454 lSraelesl;

2163 1485 2435 1536 deducitur
2484 1483 2569 1550 qui
2617 1481 2810 1547 Joseph
2854 1490 2954 1534 est.
3000 1479 3254 1546 Addidit,
3305 1480 3388 1545 qui
3410 1481 3544 1532 sedes
3580 1497 3708 1546 super

2163 1573 2445 1638 cherubim,
2474 1587 2682 1642 appara.
2709 1569 2994 1634 Cherubim,
3015 1569 3294 1637 plenitudo
3321 1569 3550 1623 scientiis
3574 1571 3710 1624 inter-

2167 1673 2426 1733 pretatur,
2457 1663 2509 1716 in
2539 1677 2642 1730 qua
2685 1658 2952 1714 Christum
2989 1660 3268 1713 Dominum
3323 1661 3547 1714 insidere
3567 1663 3712 1716 mani-

495 1779 708 1837 all'ectio
736 1777 985 1849 gignitur,
1016 1789 1132 1844 qua:
1163 1771 1370 1827 Domini
1412 1770 1701 1825 Ecclesiam
1742 1768 2065 1836 locupletare

2172 1755 2357 1807 festum
2385 1760 2487 1806 est.
2520 1750 2624 1806 Sed
2653 1750 2900 1817 quoniam
2932 1747 3103 1802 adhuc
3149 1748 3204 1802 in
3249 1757 3454 1802 secreto
3487 1765 3587 1803 sua:
3616 1765 3711 1802 ina-

499 1880 846 1928 moostratur.

753 1973 1110 2032 EXPOSIUO
1137 1975 1202 2031 ΙΝ
1231 1972 1546 2030 PSALMUM
1583 1969 1818 2027 LXXIX.

507 2089 570 2143 In
618 2092 797 2157 ﬁnem,
853 2105 942 2159 pro
989 2088 1076 2159 his
1113 2087 1201 2159 qui
1240 2085 1679 2159 immittebantur,
1729 2083 2064 2138 testimonium

1041 2156 1237 2226 Asaph,
1267 2157 1512 2225 psalmus.

574 2263 751 2318 Doctis
788 2264 914 2317 viris
944 2273 996 2318 et
1023 2264 1075 2317 in
1103 2265 1366 2318 auditorio
1392 2265 1584 2320 Christi
1615 2267 1918 2320 salutariter
1947 2281 2067 2319 eru-

505 2355 627 2408 ditis
656 2357 700 2410 si
729 2357 846 2425 quis
874 2357 1062 2410 usitata
1111 2364 1349 2426 repetere
1392 2366 1641 2426 conetur,
1668 2357 1905 2413 offendit.
1937 2357 2068 2411 Nam

503 2463 621 2500 cum
653 2449 828 2502 omnia
855 2448 990 2502 tituli
1018 2447 1168 2500 istius
1199 2447 1358 2501 verba
1375 2448 1482 2516 jam
1511 2457 1630 2502 nota
1657 2450 1784 2517 sint,
1821 2458 1984 2503 restat
2016 2457 2072 2502 ut

505 2537 606 2591 hoc
631 2537 766 2606 quod
807 2537 1012 2592 noviter
1037 2538 1166 2591 dixit
1196 2539 1530 2590 testimonium
1561 2535 1730 2609 Ἀδαρή
1767 2539 2072 2608 perquirere

505 2627 809 2682 debeamus.
829 2629 928 2682 Iste
945 2630 1116 2696 Asaph
1132 2639 1254 2682 ante
1275 2628 1528 2696 trepidus,
1548 2641 1672 2684 ante
1686 2631 1964 2695 sollicitus,
1985 2631 2070 2699 qui

509 2733 603 2787 pro
625 2719 916 2789 Synagoga:
959 2721 1188 2788 peccatis
1239 2721 1384 2773 visus
1421 2728 1504 2774 est
1547 2721 1765 2788 psalmis
1803 2723 2074 2790 prioribus

507 2824 746 2872 exorare,
771 2821 915 2864 tanta
942 2826 1080 2863 nunc
1107 2813 1525 2880 praesumptione
1547 2809 1862 2880 completur,
1895 2824 1948 2866 ut
1965 2813 2075 2881 jam

508 2905 842 2958 commutatis
869 2903 920 2957 in
945 2903 1128 2958 melius
1162 2905 1522 2958 testimonium
1553 2905 1920 2960 conversionis
1945 2921 2078 2974 prae-

508 2993 638 3047 bere
676 2992 937 3066 videatur.
963 2993 1099 3048 Dicit
1127 2996 1266 3049 enim
1297 2995 1362 3050 de
1388 2997 1560 3065 primo
1597 2995 1830 3052 adventu
1865 2995 2080 3054 Domini

507 3083 828 3150 Salvatoris,
860 3085 948 3153 qui
975 3085 1241 3138 hominem
1269 3085 1646 3142 deterioratum
1690 3087 1807 3156 lege
1845 3088 2069 3154 peccati,

509 3175 574 3228 ad
599 3186 796 3228 sancta:
820 3176 1236 3231 conversationis
1262 3177 1400 3230 dona
1427 3177 1701 3247 perduxit,
1737 3179 2076 3233 translatam-

509 3279 612 3332 que
633 3265 837 3318 vineam
855 3265 922 3320 de
943 3265 1174 3336 Egypto
1205 3269 1454 3336 potentia:
1477 3282 1588 3321 sum
1611 3269 1788 3322 radice
1811 3269 2076 3324 solidat-it.

517 3353 628 3408 lloc
655 3365 736 3408 est
764 3359 902 3423 quod
933 3355 1057 3409 dicit
1073 3358 1407 3409 testimonium
1424 3373 1515 3426 pro
1534 3356 1613 3410 his
1637 3358 1718 3426 qui
1740 3357 2082 3411 immutobun-

513 3449 615 3497 tur.
644 3442 894 3498 Cantator
921 3460 1049 3515 ergo
1081 3447 1306 3516 hymnus
1331 3448 1428 3502 iste
1455 3448 1520 3502 de
1543 3449 1770 3502 adventu
1799 3449 1898 3501 viri
1929 3449 2077 3518 agri-

509 3532 748 3596 cultoris,
778 3541 832 3586 et
871 3532 1020 3587 vinea
1053 3533 1291 3599 Domini,
1317 3545 1374 3588 ut
1396 3535 1506 3605 jam
1543 3551 1650 3592 non
1691 3536 1954 3606 obscuris,
1987 3539 2082 3593 sed

514 3623 806 3679 manifestis
855 3625 1106 3694 precibus
1155 3625 1270 3696 ejus
1311 3627 1604 3696 postuletur
1650 3628 1926 3685 adventus.
1983 3631 2082 3698 Qui

515 3716 747 3786 psalmos
775 3717 1008 3784 ejusdem
1039 3718 1116 3770 rei
1149 3720 1411 3772 secundus
1441 3732 1558 3773 esse
1587 3719 1936 3788 dignoscitur.

1091 3826 1281 3880 Divisio
1303 3828 1504 3896 psalmi.

588 3935 754 4006 Asaph
780 3935 880 3990 iste
905 3951 1059 4006 quem
1087 3937 1270 3992 titulus
1293 3938 1995 4007 prmcinuit‘commutatum,
2029 3943 2081 3995 in

516 4026 683 4095 prima
699 4028 936 4081 sectione
957 4027 1164 4082 Domini
1179 4027 1493 4097 deprecatur
1509 4030 1574 4084 ad
1587 4041 1819 4086 ventum.
1839 4033 2080 4087 Secunda

516 4125 737 4170 testatur
760 4118 1207 4186 quemadmodum
1231 4121 1403 4186 vinea,
1435 4135 1555 4189 quae
1581 4131 1663 4176 est
1691 4120 1945 4186 Ecclesia,
1971 4133 2082 4176 toto

513 4205 644 4259 orbe
672 4205 739 4259 sit
759 4206 993 4260 dilatata.
1020 4208 1200 4261 Tertio
1231 4207 1349 4262 loco
1376 4210 1752 4264 incarnationis
1777 4211 1892 4279 ejus
1921 4212 2085 4265 bene-

515 4293 634 4349 flcio
654 4309 748 4362 per
773 4296 1168 4350 similitudinem
1197 4297 1366 4351 vineze
1401 4299 1602 4354 visitari
1632 4300 1948 4367 deprecatur
1987 4301 2084 4356 Ec-

517 4386 728 4440 clesiam
747 4425 762 4442 .
787 4401 950 4456 seque
979 4387 1204 4440 Domino
1239 4391 1466 4456 postulat.
1503 4391 1798 4448 adhmrere.

1056 4499 1320 4568 Expositio
1354 4503 1554 4571 psalmi.

589 4606 740 4662 Vcrs.
775 4610 826 4662 1.
864 4609 964 4673 Qui
989 4611 1118 4680 regis
1147 4609 1338 4676 Israel,
1361 4613 1594 4680 intende;
1616 4615 1703 4684 qui
1720 4616 1930 4670 deducis
1952 4615 2084 4670 velut

519 4713 630 4751 ores
657 4697 777 4770 [ms.
803 4700 892 4765 Α..
912 4699 1073 4772 ovem]
1097 4701 1314 4773 Ioseph;
1355 4707 1439 4772 qui
1460 4707 1600 4760 sedes
1621 4723 1770 4778 super
1807 4708 2080 4774 cherubim,

520 4805 730 4860 appara.
756 4792 852 4846 Per
869 4795 1150 4848 Secundam
1173 4797 1400 4864 speciem
1417 4797 1736 4852 definitionis
1757 4815 1872 4868 qua:
1900 4801 2084 4855 Graice

519 4887 880 4938 ennoematice
900 4887 1056 4960 275
1083 4887 1306 4956 dicitur,
1339 4889 1522 4944 Latine
1551 4891 1696 4944 nntio
1727 4904 2079 4960 nuncupatur,

521 4987 712 5042 magno
740 4973 1002 5029 desiderio
1024 4977 1204 5030 venire
1225 4978 1464 5033 Christus
1492 4981 1741 5035 Dominus
1764 4983 2079 5050 postulatur;

524 5071 580 5116 ut
611 5079 700 5131 per
722 5063 772 5116 id
797 5066 934 5132 quod
963 5063 1105 5133 facit,
1136 5067 1438 5133 planissime
1465 5071 1725 5122 indicatus
1753 5085 1872 5125 esse
1907 5073 2086 5126 videa-

525 5162 627 5208 tur.
661 5151 789 5205 Nam
821 5155 920 5207 ista
943 5157 948 5162 ’
971 5155 1176 5222 species
1215 5157 1535 5212 deﬁnitionis
1574 5175 1677 5212 non
1713 5177 1803 5227 per
1841 5167 2088 5216 substan-

525 5245 684 5306 tiam,
721 5244 812 5298 sed
863 5259 957 5311 per
985 5256 1132 5298 actus
1178 5261 1301 5299 suos
1341 5261 1765 5316 unamquamque
1807 5265 2083 5316 personant

525 5334 758 5387 indicare
784 5335 1139 5400 cOgnoscitur.
1175 5335 1334 5390 Recte
1381 5337 1537 5404 igitur
1565 5338 1754 5390 tiiCiltll‘
1795 5342 1922 5410 Regi
1967 5345 2091 5396 ςαξιί

524 5433 577 5477 et
606 5435 757 5479 terre
785 5441 796 5474 :
829 5423 931 5487 Qui
975 5425 1105 5495 regis
1135 5423 1329 5491 Israel,
1359 5429 1507 5494 cujus
1554 5431 1770 5482 arbitrio
1821 5441 1873 5484 et
1917 5445 2093 5488 creata

525 5525 644 5572 sunt
671 5523 724 5567 et
749 5515 1184 5572 administrantur
1203 5515 1465 5570 universa.
1513 5519 1616 5571 Sed
1643 5523 1883 5586 quamvis
1913 5525 2088 5576 omnia

527 5603 576 5652 in
601 5602 716 5670 ejus
753 5613 1011 5670 potestate
1041 5607 1144 5658 sint
1184 5604 1382 5672 posita,
1418 5607 1504 5660 illa
1532 5614 1705 5662 timen
1735 5623 1920 5678 regere
1961 5611 2092 5664 dici-

526 5701 629 5756 tur,
659 5709 774 5762 quae
799 5708 856 5746 se
887 5703 1111 5750 tractare
1139 5696 1342 5752 cmlcSIi
1373 5701 1770 5754 CODVCI’:3ilOllC
1807 5715 2080 5756 noverunt.

2159 1843 2369 1912 jestatis
2395 1849 2531 1908 erat,
2565 1849 2714 1910 rogat
2745 1851 2800 1893 ut
2831 1839 3088 1893 benclicio
3127 1849 3330 1893 sancttc
3367 1839 3714 1894 incarnationis

2167 1943 2409 2006 appareat
2433 1950 2450 1996 ;
2477 1941 2736 2002 quatenus
2760 1931 2941 1986 lideles
2962 1945 3086 1986 suos
3113 1931 3416 1986 firmissima
3439 1931 3714 1984 credulitate

2171 2027 2488 2082 cunsolidct.
2523 2027 2586 2080 Et
2613 2025 2730 2080 vide
2757 2025 2876 2095 quia
2905 2027 3042 2078 trina
3073 2024 3410 2078 invocatione
3437 2039 3608 2078 versus
3633 2025 3714 2078 iste

2166 2129 2447 2174 contextus
2475 2127 2587 2185 est,
2617 2128 2678 2174 ut
2701 2119 2876 2172 omnia
2908 2099 3188 2187 cooperari
3219 2129 3460 2172 sanetam
3487 2117 3717 2186 signiﬁcet

2170 2214 2511 2268 Trinitatem.
3213 2213 3216 2216 ’

2238 2326 2391 2380 Vers.
2423 2327 2476 2378 εὶ.
2505 2325 2684 2378 Coram
2728 2325 2970 2394 Ephrem,
2997 2333 3042 2376 et
3087 2322 3385 2390 Benjamin,
3413 2331 3460 2374 et
3489 2320 3713 2373 Manasse.

2171 2419 2352 2472 Excitgt
2371 2419 2640 2488 potentium
2669 2427 2804 2468 tuam
2831 2425 2876 2469 et
2899 2416 3031 2480 veni,
3055 2425 3106 2466 ut
3129 2415 3299 2467 salvos
3325 2414 3481 2482 facias
3506 2430 3606 2465 nos.
3631 2411 3712 2464 Ista

2173 2512 2388 2566 nomina
2430 2519 2642 2563 constat
2664 2523 2782 2562 esse
2826 2509 2995 2576 gentis
3027 2509 3338 2570 llehraicae,
3369 2517 3486 2560 ante
3525 2520 3643 2574 quos
3673 2515 3716 2557 ut

2173 2611 2457 2671 appareat,
2489 2601 2748 2668 spirituali
2793 2601 2984 2654 virtute
3023 2600 3379 2666 deprecatur;
3423 2602 3518 2653 hoc
3543 2607 3642 2663 est,
3671 2607 3718 2651 ut

2175 2694 2194 2762 (
2218 2691 2352 2747 sicut
2373 2692 2667 2760 promissus
2691 2691 2862 2744 fuerat
2885 2705 2975 2758 per
2997 2691 3289 2759 prophetas
3312 2690 3331 2760 )
3360 2705 3422 2744 ex
3449 2689 3715 2744 Judaaorum

2175 2791 2335 2853 gente
2367 2788 2634 2836 nascatur.
2669 2783 2772 2836 Sed
2801 2783 3047 2849 quoniam
3083 2797 3193 2834 non
3229 2781 3486 2835 incassum
3513 2781 3614 2832 lucc
3639 2794 3716 2834 no-

2178 2876 2322 2928 mina
2349 2887 2497 2926 more
2526 2871 2814 2940 Scriptura:
2843 2873 3034 2926 divina:
3075 2873 3330 2927 videntur
3359 2881 3555 2942 aptata,
3578 2872 3717 2925 inter-

2180 2963 2506 3032 pretationes
2527 2977 2709 3016 eorum
2735 2961 3125 3016 studiosissime
3145 2964 3496 3030 requiramus.
3525 2961 3717 3030 Ephrem

2181 3053 2556 3122 interpretatur
2592 3052 2960 3118 fructificatio;
2990 3051 3286 3123 Benjan’zin,
3320 3055 3452 3108 filius
3483 3054 3714 3114 dexteras;

2105 3139 2149 3200 C
2182 3143 2469 3208 Manasses,
2501 3142 2718 3198 oblitus.
2769 3143 2873 3198 llas
2922 3143 3146 3197 virtutes
3169 3145 3370 3212 ,ittesse
3413 3151 3604 3197 constat
3629 3139 3717 3192 Do-

2185 3235 2330 3288 mino
2360 3233 2657 3298 Salvatori;
2685 3231 3019 3286 fructiﬁcavit
3045 3232 3192 3286 enim
3219 3231 3429 3301 quando
3450 3229 3512 3283 ad
3539 3240 3716 3296 tempus

2184 3341 2410 3395 corpore
2437 3325 2718 3389 trucidato,
2748 3325 2815 3378 ad
2855 3331 3108 3392 perpetua
3139 3323 3398 3379 ccelorum
3426 3337 3576 3392 regna
3613 3334 3712 3374 sur-

2185 3418 2343 3472 rexit.
2369 3415 2533 3471 Filius
2561 3414 2825 3480 dexterzn,
2857 3415 2910 3468 id
2940 3423 3022 3468 est
3051 3413 3221 3469 Filius
3247 3413 3605 3482 omnipotentis
3631 3409 3714 3463 Pa-

2186 3511 2300 3566 tris.
2323 3509 2552 3570 Oblitus,
2585 3509 2707 3562 illud
2731 3507 2928 3562 indicat
2950 3507 3162 3576 quando
3193 3508 3500 3576 iniuriarum
3527 3516 3710 3558 suarum

2186 3601 2402 3668 oblitus,
2428 3601 2480 3653 in
2503 3613 2660 3653 cruce
2689 3599 2892 3667 positus
2935 3612 3028 3666 pro
3063 3596 3292 3653 Judaico
3331 3596 3518 3666 populo
3550 3591 3718 3664 suppli-

2185 3690 2346 3744 cavit.
2379 3690 2574 3744 Orabat
2599 3703 2725 3759 ergo
2756 3699 2811 3741 ut
2837 3689 2891 3741 in
2935 3689 3016 3742 his
3045 3689 3332 3742 virtutibus
3361 3687 3586 3750 veniret,
3609 3696 3717 3752 quas

2185 3797 2306 3836 cum
2337 3783 2596 3836 facturum
2625 3797 2747 3836 esse
2779 3781 3082 3837 nullatenus
3125 3783 3439 3852 ambigeret.
3479 3781 3716 3848 Sequitur.

2186 3872 2348 3924 excita
2395 3872 2668 3940 potentiam
2713 3879 2851 3922 tuam
2881 3879 2927 3924 et
2965 3871 3105 3934 veni,
3139 3879 3198 3924 ut
3237 3871 3404 3926 salvos
3445 3873 3588 3932 facias
3625 3882 3716 3920 nos.

2185 3961 2444 4026 Quantam
2473 3959 2627 4013 nobis
2657 3958 2934 4012 utilitatem
2963 3973 3056 4027 per
3096 3961 3512 4014 incarnationem
3539 3955 3716 4012 Domini

2186 4059 2406 4105 noverat
2453 4064 2573 4104 esse
2601 4049 2960 4116 tribuendam,
2995 4057 3142 4104 tanto
3183 4052 3418 4106 studiose
3445 4049 3719 4118 deprecatur

2185 4151 2241 4196 ut
2263 4142 2444 4195 excitet
2469 4141 2744 4208 potentiam
2769 4155 2939 4208 suam,
2963 4151 3008 4193 et
3029 4143 3193 4196 veniat
3213 4144 3276 4196 ad
3305 4151 3511 4212 peccata
3535 4137 3718 4196 humani

2184 4231 2398 4300 generis
2416 4231 2698 4285 abluenda.
2718 4231 2867 4296 Quod
2884 4231 3024 4285 enim
3042 4231 3389 4299 desiderium,
3408 4247 3517 4302 qua:
3539 4243 3716 4299 preces,

2187 4337 2303 4392 quae
2347 4333 2468 4376 vota
2516 4322 2780 4376 sulticiant
2820 4322 2947 4376 illud
2988 4333 3271 4392 expetere,
3322 4324 3458 4394 quod
3501 4321 3717 4375 mundum

2186 4413 2353 4482 possit
2378 4431 2404 4466 a
2432 4429 2524 4468 sua
2557 4414 2828 4482 impietate
2859 4414 3102 4468 salvare?

2113 4517 2166 4574 Ι)
2262 4524 2414 4578 Vers.
2445 4527 2499 4580 5.
2532 4522 2669 4578 Deus
2693 4525 2954 4588 virtutum,
2985 4533 3214 4578 converte
3245 4541 3355 4590 nos,
3383 4531 3428 4577 et
3457 4521 3638 4576 ostende
3655 4519 3718 4586 fa-

2188 4616 2314 4667 ciem
2351 4625 2515 4680 luam,
2545 4627 2590 4668 et
2631 4615 2756 4668 salvi
2795 4617 2999 4668 erimus.
3041 4615 3303 4682 Quoniam
3337 4615 3640 4670 credebatin
3673 4624 3722 4660 se

2189 4707 2449 4761 mirabilia
2489 4707 2756 4770 facienda,
2799 4705 2944 4775 justo
2983 4705 3146 4762 Deum
3192 4709 3454 4762 invocavit
3493 4709 3716 4762 virtutum,

2189 4797 2275 4865 qui
2307 4795 2452 4850 solus
2481 4798 2733 4864 praevalet
2763 4797 2828 4850 de
2875 4797 3258 4852 incredulitatis
3299 4807 3464 4852 morte
3506 4796 3716 4849 liberare.

2189 4885 2257 4938 Et
2281 4887 2401 4954 quia
2424 4901 2482 4940 se
2499 4897 2718 4942 noverat
2738 4902 2855 4940 esse
2879 4888 3181 4954 distortum,
3209 4889 3422 4942 converti
3443 4901 3494 4941 se
3525 4895 3712 4953 magno-

2199 4996 2323 5050 pere
2355 4981 2662 5050 postulavit.
2695 4980 2804 5034 lloc
2833 4983 2974 5035 enim
3001 4963 3085 5037 cui
3115 4983 3392 5036 conveniat
3429 4979 3610 5041 facere,
3633 4971 3714 5028 nisi

2189 5075 2444 5126 virtutum
2475 5071 2719 5135 Domino,
2747 5075 2834 5140 qui
2859 5073 3002 5130 solus
3039 5083 3226 5141 potens
3255 5083 3334 5128 est
3357 5087 3470 5142 qua:
3497 5070 3597 5124 vult
3620 5064 3718 5120 uni-

2197 5179 2345 5216 versa
2371 5163 2675 5228 complere?
2695 5163 2819 5216 Post
2843 5164 3204 5218 conversionis
3222 5175 3392 5218 autem
3415 5159 3712 5216 beneﬁcium.

2192 5264 2312 5322 apte
2338 5254 2596 5322 sequitur,
2631 5255 2834 5306 ostende
2870 5254 3049 5320 faciem
3081 5265 3251 5318 tuum;
3288 5255 3406 5322 quia
3445 5251 3572 5306 solet
3597 5245 3716 5299 Divi'

2198 5345 2334 5396 nitas
2376 5343 2614 5396 lionnnes
2647 5342 2756 5412 jam
2787 5357 3044 5397 converso
3086 5345 3246 5396 corde
3285 5345 3556 5412 respicere.
3585 5333 3710 5401 Quod

2196 5435 2334 5486 enim
2360 5433 2580 5498 addidit,
2608 5443 2656 5487 et
2683 5434 2810 5486 salvi
2831 5437 3033 5502 erimus,
3064 5435 3332 5490 evidenter
3359 5433 3598 5504 significat
3625 5427 3709 5478 Do-

2196 5527 2395 5576 minum
2419 5525 2767 5590 Salvatorem,
2791 5527 2942 5594 cujus
2967 5541 3146 5582 revera
3174 5540 3354 5580 sumus
3391 5519 3708 5578 incarnatione

2194 5615 2399 5668 salvati.

2271 5705 2416 5756 Vera.
2453 5705 2502 5758 .l.
2539 5705 2748 5756 Domine
2781 5703 2910 5756 Deus
2941 5705 3208 5766 virtutum,
3239 5718 3476 5772 quousque
3509 5691 3700 5748 irasceris
