3952 6162
183 295 255 348 581
1046 288 1408 342 IlXPOSlTiO
1452 287 1512 338 IN
1558 284 1741 340 [‘S.\l..'

1850 285 2012 339 HUM.
2058 283 2247 336 PSAL.
2294 283 2524 338 LXXIX.

3302 286 3403 341 582

178 412 215 461 in
239 407 508 460 orationem
538 405 666 456 servi
710 403 824 455 tui?
852 402 957 456 lloc
987 403 1053 456 de
1091 403 1178 455 illo
1210 411 1447 469 tempore
1478 399 1710 454 sentien-
1742 400 1789 455 Α
1820 413 1955 450 rum.
1992 396 2145 450 Vinea
2168 397 2406 464 quippca
2433 395 2622 451 vitibus
2646 396 2783 450 dicta
2803 407 2900 450 est.
2926 397 3070 451 lianc
3098 412 3160 451 ex
3179 395 3407 469 digypto

177 500 275 553 dum
304 507 384 551 est
414 511 520 565 quo
551 495 720 565 Λεαρή
763 494 944 548 venire
987 494 1268 547 Dominum
1318 492 1633 561 postulabat.
1666 490 1732 543 Et

173 591 269 658 quia
301 604 397 658 pro
427 585 828 654 dispensatione
871 583 1051 638 divina
1081 592 1197 670 erat
1227 585 1554 650 aliquatenus
1582 580 1733 638 diffee

173 682 372 735 rcndum
392 720 407 743 ,
436 678 564 733 dicit
597 695 610 729 :
639 676 912 743 Quousque
943 675 1177 728 irasceris
1216 676 1267 727 in
1298 675 1577 727 orationem
1604 673 1732 725 servi

170 776 254 839 tui,
288 783 343 827 ut
369 787 474 824 non
505 771 594 824 illa
612 769 723 839 jam
753 766 1032 836 provenire
1062 767 1243 830 facias,
1275 782 1390 834 quae
1425 766 1735 834 promisisse

171 860 521 930 cognosceris?
550 861 613 914 Et
642 861 846 913 intuere
874 860 1120 926 pietatem
1149 873 1210 911 ac
1254 856 1577 910 desiderium
1609 872 1734 924 snp-

169 953 416 1019 plicantis.
457 950 664 1004 Iratum
706 949 805 1003 sibi
846 949 1126 1002 Dominum
1157 946 1442 1010 credebat,
1485 947 1735 1015 quoniam

172 1047 379 1100 humano
399 1043 583 1114 generi
611 1042 897 1095 subvenire
922 1040 1187 1094 tardabat.

227 1137 371 1190 Vers.
392 1138 448 1191 5.
473 1133 674 1189 Cibabis
690 1149 780 1186 nos
801 1148 930 1201 pane
949 1134 1314 1201 lacrgmarum,
1338 1140 1382 1184 et
1403 1140 1576 1200 potum
1590 1128 1735 1180 dabis

169 1227 365 1280 nobisin
395 1227 640 1294 tacrymis
681 1225 734 1276 in
777 1223 1053 1276 mensura?
1100 1222 1384 1291 Postquam
1428 1235 1487 1274 se
1533 1218 1733 1273 diﬁ‘erri

170 1332 303 1386 posse
336 1322 710 1384 praesenserat,
735 1320 1017 1366 enumerat
1037 1312 1172 1364 mala
1197 1327 1315 1379 quae
1339 1324 1595 1379 passurus
1621 1316 1738 1363 erat

169 1409 373 1477 populus
401 1405 770 1460 Hebraeorum.
806 1404 943 1458 Dicit
971 1404 1137 1469 enim,
1170 1402 1373 1457 Cibabis
1395 1419 1486 1455 nos
1510 1419 1638 1471 pone
1661 1403 1738 1454 la-

169 1513 473 1568 crymantm,
513 1496 820 1564 signiﬁcans
858 1508 951 1548 eos
996 1494 1096 1548 sub
1147 1494 1434 1547 afﬂictione
1482 1496 1733 1545 victuros.

175 1589 313 1641 Panis
344 1587 484 1640 enim
516 1588 857 1654 lacrymurum
881 1585 983 1637 vita
1012 1593 1094 1637 est
1123 1583 1276 1651 plena
1303 1583 1600 1646 doloribus;
1643 1582 1735 1636 sed

171 1691 332 1734 tamen
356 1679 406 1731 in
430 1693 489 1731 ea
513 1676 722 1730 Domini
754 1673 1095 1728 miseratione
1119 1690 1146 1724 c
1171 1675 1367 1736 bantur,
1398 1671 1607 1741 quando
1629 1671 1737 1725 cla-

1834 487 2053 541 dcduxit
2081 489 2288 556 magnis
2317 487 2560 553 notisque
2596 487 2894 553 miraculis,
2926 495 2978 541 ct
3002 489 3246 556 expulsis
3275 507 3406 560 gen—

1837 580 2000 641 tibus,
2033 579 2081 632 id
2118 589 2230 643 est,
2261 578 2614 644 Amorrhzcis,
2641 578 2891 641 Cethmis,
2938 580 3223 647 Jebusmis,
3250 592 3408 636 czete-

1834 673 2012 738 risque
2037 671 2153 724 aliis
2179 672 2412 722 ﬁnitimis
2438 685 2642 734 eorum,
2678 679 2924 738 tanquam
2957 671 3212 724 mirabitis
3259 674 3409 740 plan-

1836 761 1962 812 tavit
1991 761 2239 827 agricola.
2277 761 2386 812 lloc
2429 772 2508 810 est
2536 761 2871 811 testimonium
2897 762 3158 814 redditum
3200 761 3266 814 de
3303 760 3408 815 im-

1835 852 2046 905 mutatis
2095 851 2347 912 llebraais,
2401 851 2538 919 quod
2580 852 2880 904 continetur
2918 851 2968 903 in
3015 853 3189 905 titulo.
3246 852 3406 906 Vinea

1834 957 1859 995 s
1883 943 2093 1010 quidem
2133 943 2382 996 Ecclesia:
2411 953 2464 995 et
2507 943 2592 994 hic
2640 943 2997 1009 pulcherrime
3024 958 3360 1012 comparatur
3392 963 3404 999 :

1835 1033 2085 1100 quoniam
2107 1032 2344 1085 sicutilla
2362 1031 2498 1082 inter
2523 1030 2646 1083 folia
2672 1032 2867 1085 caduca
2896 1035 3224 1088 necessarios
3247 1035 3408 1090 infert

1837 1124 2058 1188 fructus,
2083 1125 2233 1178 sicct
2256 1126 2351 1178 ista
2374 1126 2509 1178 inter
2530 1126 2712 1179 turbas
2743 1127 3050 1181 nmbratilcs
3079 1130 3404 1197 peccantium

1836 1230 2055 1272 ornatur
2086 1219 2230 1286 fruge
2253 1227 2582 1284 sanctorum,
2613 1221 2699 1288 qui
2731 1221 2911 1274 saeculi
2945 1220 3098 1289 hujus
3119 1220 3408 1276 alﬁictione

1839 1319 2086 1378 tanquam
2121 1311 2472 1363 torcularibus
2504 1311 2703 1378 pressi,
2744 1327 2985 1378 saporem
3028 1324 3223 1366 norunt
3266 1329 3410 1367 ema-

1841 1417 1970 1456 nare
2002 1401 2387 1455 dulcissimum.
2434 1402 2558 1456 Sive
2595 1404 2714 1470 quia
2759 1402 2894 1456 fossa
2947 1403 3060 1470 plus
3094 1404 3327 1472 proﬁcit,
3359 1414 3411 1457 et

1842 1503 2026 1562 putata
2053 1492 2459 1558 multiplicatur,
2490 1493 2627 1559 quod
2657 1493 2753 1545 soli
2801 1494 2990 1548 merito
3029 1494 3184 1547 datur
3227 1495 3407 1547 Ecc'c-

1841 1586 1956 1646 sim,
1987 1598 2103 1652 qua:
2132 1583 2263 1636 sulct
2299 1584 2557 1650 passionis
2591 1582 2721 1637 falce
2757 1598 3030 1652 crescere,
3065 1595 3117 1639 et
3163 1601 3412 1654 pers:’.cu~

1840 1676 2041 1727 tionmn
2078 1675 2242 1743 plagis
2273 1675 2324 1726 in
2367 1684 2550 1728 sancto
2581 1675 2774 1742 populo
2823 1689 3034 1744 Semper
3070 1677 3272 1746 augeri.
3304 1677 3408 1731 Sed

168 1771 306 1823 dibus
330 1767 688 1835 :erumnisqne
715 1781 817 1819 non
844 1765 1252 1833 exstinguimur,
1284 1763 1378 1816 sed
1412 1763 1584 1831 potius
1615 1777 1733 1815 eru-
1766 1763 1808 1821 Β
1838 1765 1950 1817 lucc
1996 1768 2139 1817 vinea
2187 1764 2632 1834 quemadmodum
2677 1779 2770 1833 per
2808 1765 3112 1819 universum
3153 1767 3407 1821 mundtun

169 1861 353 1914 ditnur.
397 1859 674 1928 Sequitur,
705 1866 751 1909 et
796 1865 967 1926 potum
1006 1854 1150 1906 dabis
1191 1853 1330 1906 nobis
1381 1855 1432 1903 in
1476 1851 1732 1919 lacrgmis.

170 1953 305 2006 Prius
334 1950 705 2019 dixitpanem;
729 1961 865 2000 nutic
885 1945 1013 2000 dicit
1035 1953 1088 1998 et
1109 1953 1302 2012 potum.
1330 1942 1431 1995 Ista
1461 1940 1604 1994 enim
1631 1939 1737 1993 duo

168 2051 271 2094 sunt.
323 2043 518 2109 quibus
559 2039 687 2091 vivit
729 2037 904 2090 omnis
951 2034 1288 2096 humanitas,
1332 2039 1389 2084 ut
1431 2047 1611 2100 panem
1645 2043 1738 2096 pro

168 2130 391 2200 qualibet
415 2142 537 2181 esca
571 2141 769 2195 ponas,
804 2133 979 2192 potant
1024 2137 1118 2192 pro
1147 2122 1291 2175 omni
1326 2119 1560 2189 p0tione.
1607 2119 1737 2172 Nam

169 2221 288 2289 quod
325 2231 538 2288 tempus
565 2234 592 2268 a
626 2217 872 2288 lacrymis
901 2229 1023 2269 esse
1047 2223 1253 2282 poterat
1276 2226 1516 2274 vacuum,
1547 2209 1738 2278 quibus

169 2325 213 2368 et
231 2315 348 2383 ipsa
376 2311 602 2367 refectio
627 2308 905 2362 videbatur
933 2320 1052 2360 esse
1096 2305 1324 2373 ploratio
1338 2306 1358 2352 1'
1391 2301 1454 2354 In
1482 2317 1737 2362 mensura,

171 2405 213 2459 in
239 2403 530 2457 distributo
559 2398 770 2453 modulo
802 2397 960 2460 dicit,
990 2396 1124 2449 sicut
1145 2394 1215 2446 ait
1238 2393 1519 2460 Apostolus
1546 2409 1556 2442 :
1584 2389 1742 2443 Fide-

170 2497 220 2550 iis
247 2493 420 2558 Deus,
462 2493 548 2560 qui
583 2507 681 2542 non
727 2489 944 2558 patietur
989 2501 1074 2538 vos
1107 2485 1290 2536 tentari
1338 2498 1490 2552 supra
1531 2481 1582 2533 id
1606 2478 1741 2548 quod

171 2586 365 2653 potestis
392 2627 407 2652 ,
453 2583 543 2635 sed
591 2581 740 2646 faciet
780 2593 892 2629 cum
934 2576 1208 2628 tentatione
1260 2573 1409 2625 e‘iunt
1448 2581 1740 2640 proventum

169 2692 398 2742 rastrum,
425 2688 479 2728 nt
509 2674 711 2746 posaitis
735 2675 974 2725 sustinere
1006 2668 1055 2736 (I
1088 2668 1206 2723 Cor.
1234 2668 1416 2734 x,15).

231 2769 379 2822 Yers.
410 2768 467 2821 6.
501 2763 728 2818 Posuisti
760 2778 849 2813 nos
880 2763 929 2811 in
971 2759 1419 2812 contradictionem
1441 2755 1624 2808 vicinis
1645 2770 1743 2806 no-

169 2862 300 2924 stris,
326 2870 373 2913 et
402 2857 603 2911 inimici
644 2854 799 2906 nostri
824 2852 1108 2904 deriserunt
1130 2865 1237 2901 nos.
1277 2847 1623 2900 Contradictio
1655 2845 1743 2899 illa

168 2952 370 3020 gentilis
400 2945 688 3017 cogitanda
730 2952 838 3004 est,
881 2957 996 3009 qua:
1038 2941 1316 2993 adversum
1369 2937 1743 3006 prtedicatores

170 3041 354 3094 Ch'isti
404 3037 591 3107 pravis
645 3032 1072 3087 contentionibus
1120 3030 1436 3096 erigebatur,
1469 3029 1744 3081 credentes

1841 1855 2059 1909 ditatata
2088 1857 2187 1921 sit,
2218 1855 2402 1908 subter
2433 1854 2676 1908 edicitur.

1914 1946 2061 1998 Vcrs.
2089 1946 2141 1999 9.
2173 1944 2320 1998 Viam
2353 1945 2515 2012 fecisti
2545 1947 2596 1999 in
2627 1956 2889 2012 conspectu
2918 1949 3045 2016 ejus,
3073 1955 3119 2001 et
3168 1947 3413 2018 plantasti

1838 2037 2034 2091 radices
2061 2037 2193 2105 ejus,
2222 2048 2267 2088 et
2293 2036 2482 2104 repleta
2504 2045 2577 2088 est
2599 2046 2752 2090 terra.
2781 2037 2868 2089 [sti
2903 2038 3069 2090 viuere
3101 2036 3412 2101 fructuosa‘,

1840 2142 1957 2196 qua:
1982 2127 2164 2179 mundi
2197 2126 2365 2194 spatia
2393 2126 2812 2195 comprehendit,
2841 2129 2972 2179 viam
2993 2127 3110 2195 fecit
3137 2126 3414 2190 Dominus,

1840 2219 1964 2274 dum
1992 2219 2107 2288 ejus
2139 2217 2518 2286 conspectibus
2555 2233 2811 2287 apparere
2859 2219 3105 2288 dignatus
3154 2228 3254 2272 est.
3295 2217 3412 2287 Ipsa

1842 2311 1982 2365 enim
2007 2308 2318 2376 proﬁciendi
2359 2308 2630 2363 fuitcausa
2651 2350 2665 2374 ,
2701 2317 2758 2362 ut
2787 2324 2938 2362 suum
2971 2309 3173 2364 videret
3211 2313 3416 2379 agrico—

1843 2402 1968 2464 lam,
2001 2410 2055 2454 et
2083 2400 2148 2452 ab
2179 2415 2242 2454 eo
2283 2399 2504 2454 imbrem
2537 2399 2927 2468 prmdicationis
2950 2383 3211 2468 acciperet
3234 2440 3250 2465 ,
3285 2417 3417 2469 qua-

1846 2504 1998 2547 tenus
2040 2493 2239 2545 fructus
2288 2491 2632 2544 suavissimos
2683 2501 3004 2558 procrearet.
3054 2491 3328 2560 Sequitur,
3371 2490 3417 2544 ét

1847 2587 2083 2655 plantasti
2115 2585 2310 2636 radices
2336 2586 2467 2654 ejus,
2491 2592 2537 2636 ct
2567 2583 2758 2650 repleta
2783 2594 2855 2636 est
2888 2593 3043 2636 terra.
3073 2584 3284 2635 Radices
3308 2584 3417 2652 ejus

1849 2687 1968 2730 sunt
1995 2674 2265 2744 prophetae
2294 2673 2524 2727 coele~tis
2550 2671 2704 2740 Regis
2731 2673 3040 2742 operatione
3067 2673 3318 2740 plantati:
3351 2688 3417 2725 es

1849 2764 2039 2833 quibus
2069 2763 2156 2816 illa
2183 2762 2364 2815 felices
2390 2762 2636 2830 palmites
2667 2763 2906 2822 tendens,
2929 2764 3234 2815 universum
3261 2778 3416 2815 mun-

1849 2856 1973 2908 dmn
2005 2851 2153 2920 quasi
2180 2852 2400 2904 amomis
2432 2851 2556 2904 ﬁdei
2589 2852 2911 2904 umbraculis
2941 2853 3237 2918 occupavit.

1926 2945 2074 2998 Vers.
2103 2943 2185 2996 10.
2215 2941 2426 3008 Operuit
2456 2951 2644 2993 montes
2664 2943 2839 2993 umbra
2859 2942 2990 3010 ejus,
3017 2949 3063 2992 et
3085 2943 3290 2993 arbusta
3308 2943 3418 3010 ejus

1850 3038 2023 3090 cedros
2054 3035 2167 3087 Dei.
2199 3034 2441 3088 Latitudo
2469 3045 2520 3087 et
2549 3033 2769 3086 altitudo
2799 3033 2946 3086 istius
2977 3032 3146 3085 vineae
3167 3032 3419 3087 decenter

168 3132 243 3182 illa
273 3146 331 3184 se
360 3141 528 3197 posse
558 3124 868 3186 defendere,
901 3138 1018 3190 qu.e
1051 3121 1101 3172 in
1141 3120 1350 3185 templis
1382 3118 1491 3170 suis
1530 3117 1741 3170 videba-

1850 3129 2149 3195 cxponitur.
2182 3125 2301 3179 Illos
2331 3124 2470 3178 enim
2500 3123 2642 3175 novit
2668 3123 2877 3190 Operire
2905 3136 3036 3190 quos
3059 3121 3241 3190 nutrit,
3287 3136 3419 3191 quo-

170 3230 245 3274 tnr
269 3222 504 3273 adorare
531 3215 819 3284 gentilitas.
850 3211 974 3265 Sive
1004 3210 1171 3276 magis
1210 3209 1336 3262 illud
1368 3219 1575 3272 tempus
1602 3222 1749 3260 com-

171 3323 468 3364 memorare
491 3307 732 3369 videtur,
771 3303 908 3372 quod
941 3303 992 3355 in
1023 3299 1389 3368 superioribus
1417 3298 1550 3350 dixit
1581 3313 1595 3350 :
1626 3296 1745 3365 quia

171 3402 260 3453 sub
302 3414 434 3469 rege
486 3395 748 3450 Antiocho
796 3395 918 3446 dum
963 3391 1123 3460 aliqui
1173 3390 1339 3442 Judaei
1385 3388 1749 3441 sacriﬁcarent

173 3491 338 3557 idolis;
363 3487 807 3546 contradicebant
831 3485 913 3538 his
935 3485 1020 3552 qui
1053 3485 1223 3551 legem
1250 3481 1455 3534 Domini
1481 3480 1747 3533 custodire

174 3584 501 3636 ridebantur.
539 3580 605 3632 Et
635 3578 754 3630 ideo
775 3577 985 3639 vicinos,
1016 3580 1262 3641 parentes
1285 3573 1534 3625 debemus
1557 3571 1746 3624 adver-

173 3683 294 3737 tere,
328 3672 426 3740 qni
457 3671 537 3723 eis
559 3667 900 3737 proximitate
924 3663 1131 3732 generis
1161 3661 1522 3715 adharrebant.
1555 3661 1746 3729 Sequi-

168 3773 262 3826 tur,
294 3773 343 3814 et
369 3761 576 3814 inimici
598 3758 756 3811 nostri
778 3757 1060 3809 deriserunt
1083 3770 1193 3806 nos.
1234 3752 1418 3805 Merito
1440 3751 1635 3805 inimici
1659 3751 1750 3804 de-

167 3856 438 3914 ;iztebant,
487 3851 628 3904 inter
675 3863 806 3916 quos
857 3855 962 3899 tam
1021 3845 1281 3899 nefarium
1330 3841 1578 3894 videbant
1628 3856 1748 3896 esse

165 3956 442 3999 certamen
468 3983 483 4005 ,
514 3949 574 3995 ut
603 3954 725 4008 pars
757 3951 940 3992 eorum
975 3935 1024 3988 in
1074 3933 1291 4001 pristina
1338 3931 1592 3999 religione
1622 3945 1748 3984 ccu-

165 4045 354 4098 staret,
389 4048 521 4102 pars
552 4042 726 4084 autem
751 4028 908 4081 idolis
933 4033 1113 4080 coacta
1142 4023 1386 4078 serviret.

225 4127 386 4182 V'ers.
445 4127 501 4180 7.
533 4121 752 4176 Domine
791 4120 925 4172 Deus
961 4118 1229 4180 virtutum,
1271 4124 1500 4167 converte
1537 4130 1658 4176 nos,
1702 4123 1747 4165 et

160 4219 362 4269 ostende
391 4215 579 4284 faciem
602 4221 760 4274 tuam,
789 4217 834 4262 et
859 4207 986 4260 salvi
1012 4207 1217 4259 erimus.
1249 4204 1525 4271 Repetitur
1560 4215 1748 4256 versus

158 4325 307 4373 quem
339 4308 458 4376 jam
485 4302 732 4369 superius
759 4307 882 4353 ante
925 4297 1022 4350 hos
1051 4305 1159 4349 tres
1200 4296 1441 4362 posuisse
1479 4305 1747 4346 monstra-

161 4411 238 4452 tur
272 4416 287 4452 :
324 4400 460 4467 quia
486 4392 842 4449 desiderantis
885 4404 998 4442 mos
1025 4398 1106 4442 est
1154 4387 1460 4453 frequenter
1507 4395 1748 4452 repetere

1850 3220 1989 3272 niam
2021 3221 2131 3288 ejus
2157 3218 2333 3272 umbra
2359 3216 2656 3278 fructiliCat,
2685 3226 2736 3268 et
2757 3215 2984 3281 amplius
3009 3215 3132 3268 facit
3154 3229 3416 3281 crescere,

1849 3326 1966 3378 quae
1996 3311 2160 3378 magis
2195 3319 2370 3376 tegere
2397 3308 2792 3375 comprobatur.
2840 3306 2943 3360 Sed
2984 3307 3154 3375 qualis
3193 3315 3274 3360 est
3317 3307 3418 3360 ista

1849 3403 1999 3455 vinea
2055 3416 2172 3468 qua:
2199 3412 2393 3452 montes
2437 3399 2634 3466 operit?
2663 3397 2852 3465 Utique
2879 3412 3106 3465 superna
3128 3439 3143 3463 ,
3172 3397 3421 3466 quoniam

1850 3490 2095 3559 quaslith
2120 3488 2338 3542 altitudo
2368 3497 2626 3542 terrarum
2654 3498 2841 3541 cuncta
2879 3489 2976 3541 sub
3017 3490 3154 3542 cmfo
3193 3497 3295 3540 cst.
3322 3487 3423 3542 Se-

1849 3582 2047 3652 quitur,
2095 3591 2140 3634 et
2181 3582 2386 3634 arbusta
2413 3581 2521 3650 ejus
2547 3581 2721 3632 cedros
2758 3577 2867 3632 Dei.
2904 3579 3034 3645 Quia
3059 3581 3234 3632 cedros
3264 3579 3423 3644 dicit,

1851 3675 1986 3727 bene
2025 3673 2228 3726 arbusta
2269 3673 2476 3738 posuit;
2513 3674 2649 3725 vites
2679 3673 2818 3726 enim
2865 3672 3078 3737 quando
3115 3673 3164 3725 in
3205 3672 3423 3726 arbores

1851 3764 2162 3827 ascendunt,
2195 3766 2402 3816 arbusta
2434 3764 2792 3816 nominantur.
2824 3761 2929 3816 Sed
2976 3762 3217 3832 quamvis
3248 3762 3298 3815 in
3333 3761 3414 3816 tri-

1848 3856 2048 3926 gesimo
2076 3856 2278 3923 psalmo
2305 3853 2481 3907 cedrus
2505 3868 2604 3922 pro
2632 3853 2875 3920 superbia
2915 3853 3238 3922 designanda
3280 3854 3424 3922 pOsi-

1853 3955 1932 3999 tas
1960 3943 2260 3996 dixerimus
2286 3981 2300 4004 ,
2333 3950 2506 3993 tamen
2536 3941 2785 4007 quoniam
2819 3941 2902 3994 hic
2927 3951 3008 3993 est
3039 3941 3274 3993 additum
3307 3941 3420 4002 Dei,

1857 4040 2120 4098 marttrcs
2151 4029 2402 4082 debemus
2431 4027 2730 4090 advertere,
2765 4027 2853 4094 qui
2887 4027 2936 4079 in
2972 4027 3206 4081 Ecclesia
3229 4027 3423 4080 Christi

1851 4121 1903 4174 in
1930 4120 2183 4172 altissima
2228 4123 2353 4169 sunt
2391 4116 2661 4168 cacumina
2691 4116 2985 4168 constituti.
3014 4117 3076 4168 Et
3101 4119 3194 4167 hos
3233 4115 3420 4169 Eccle—

1851 4211 1927 4263 sia
1953 4208 2196 4278 protegit,
2231 4207 2478 4275 quoniam
2511 4207 2563 4260 in
2598 4205 2712 4274 ejus
2756 4219 2875 4259 esse
2917 4207 3123 4274 gremio
3178 4219 3424 4274 compro—

1853 4303 2066 4354 bantur.

1927 4394 2072 4446 Vers.
2103 4394 2185 4448 11.
2217 4392 2500 4445 Εχῑιηιτιξεεὶ
2544 4392 2775 4456 palmites
2823 4396 2931 4462 ejus
2971 4409 3129 4461 usque
3156 4393 3225 4445 ad
3263 4409 3422 4461 mare,

154 4509 268 4558 qua:
296 4487 516 4558 magnis
547 4484 790 4553 precibus
817 4481 1045 4549 postulat
1067 4479 1335 4532 advenire.
1369 4477 1481 4544 Ipsa
1513 4487 1741 4545 estergo

1850 4498 1893 4542 et
1919 4502 2073 4554 usque
2087 4485 2154 4535 ad
2175 4487 2360 4543 ﬂumen
2382 4485 2685 4552 propagines
2708 4487 2836 4554 ejus.
2865 4483 3108 4537 Palmites
3127 4485 3428 4551 significant.

155 4585 335 4648 facies,
373 4581 430 4633 id
459 4587 544 4632 est
573 4574 853 4645 praesentia
890 4571 1104 4635 Christi,
1142 4586 1232 4636 per
1257 4584 1412 4637 quam
1455 4569 1581 4620 δίιΙυὶ
1621 4568 1741 4636 facti

151 4688 348 4733 sumus,
385 4683 488 4736 per
513 4681 668 4735 quam
712 4665 927 4732 laqueos
960 4662 1145 4714 mortis
1170 4661 1434 4713 evasimus
1467 4675 1480 4710 :
1513 4660 1621 4725 ipsa
1645 4659 1741 4712 dc—

151 4764 310 4831 niqne
329 4775 464 4830 qum
490 4766 548 4812 et
573 4757 800 4826 indignis
824 4765 875 4810 et
899 4752 1272 4808 conﬁtentibus
1300 4751 1555 4804 caelorum
1581 4765 1740 4819 regna

151 4853 406 4920 largitur.

225 4942 382 4995 ἵει-ε.
436 4939 492 4993 8.
545 4935 752 4989 Vineam
792 4951 854 4986 ex
895 4933 1121 5001 xlfgypto
1170 4930 1504 4992 transtulisti;
1551 4928 1744 4996 cjecisti

146 5041 355 5098 genus,
388 5038 439 5080 et
465 5025 706 5096 plantasti
747 5039 874 5075 eam.
917 5021 1072 5075 Venit
1109 5020 1172 5073 ad
1219 5019 1507 5072 secundam
1553 5019 1746 5072 sectio-

148 5139 293 5188 nem,
331 5122 395 5176 in
428 5135 530 5189 qua
565 5133 655 5184 per
681 5117 933 5183 mysticus
976 5114 1344 5180 ﬁgurationes,
1377 5126 1493 5184 qua:
1536 5112 1744 5163 fuerunt

149 5226 301 5278 gesta
337 5217 754 5265 commemorat.
787 5204 938 5270 Quod
969 5205 1181 5258 schema
1223 5201 1416 5256 dicitur
1456 5199 1741 5263 metahole,

147 5306 305 5356 unius
340 5302 432 5356 rei
471 5301 720 5368 frequens
751 5296 960 5350 iteratio
1003 5294 1103 5347 sub
1145 5294 1400 5346 varietate
1440 5292 1739 5346 verborum.

148 5395 247 5448 Per
271 5395 387 5448 bos
413 5392 557 5446 enim
587 5405 681 5444 sex
709 5401 894 5441 versus
919 5385 1080 5456 276
1111 5399 1274 5450 usque
1305 5383 1370 5436 ad
1417 5383 1622 5435 tertiam
1659 5382 1744 5433 di-

145 5485 454 5540 visionem.
485 5481 630 5530 uinea
661 5479 760 5530 ista
808 5475 1146 5528 describitur.
1195 5471 1406 5525 Vineam
1443 5471 1584 5523 enim
1613 5470 1744 5523 dicit

147 5576 519 5628 Hebraeorum
551 5580 790 5639 gentem,
815 5582 970 5635 quam
1013 5567 1236 5633 positam
1278 5565 1328 5616 in
1373 5566 1497 5633 t‘ypo
1536 5570 1744 5615 constat

144 5667 452 5730 Ecclesia,
485 5664 622 5719 unde
646 5663 873 5717 ﬁdelium
904 5669 1022 5714 nata
1050 5671 1129 5715 est
1159 5661 1495 5729 congregatio
1527 5657 1746 5727 populo-

1848 4575 2138 4643 discipulos
2168 4573 2406 4632 Domini,
2439 4575 2629 4642 quibus
2660 4573 2772 4640 ipse
2817 4575 2866 4626 in
2919 4574 3209 4641 Evangelio
3247 4574 3373 4628 dicit
3405 4591 3420 4628 :

1849 4665 1961 4735 Ego
2001 4681 2112 4717 sum
2142 4664 2253 4715 vitis
2291 4679 2438 4730 rera,
2471 4675 2516 4714 ct
2545 4680 2630 4715 vos
2677 4664 2906 4732 palmites
2953 4662 3148 4733 (Joan.
3183 4680 3284 4732 xv,
3329 4663 3426 4732 5).

1849 4756 2012 4817 Mare,
2039 4762 2346 4809 cunctarum
2380 4755 2611 4823 gentium
2646 4757 2758 4808 vult
2786 4755 3000 4824 intclfigi
3031 4757 3420 4809 sanctissimam

1848 4843 2236 4896 credulitatem.
2280 4842 2564 4895 Ea'tendisti
2592 4845 2730 4896 enim
2759 4843 2905 4910 dicit,
2945 4845 3192 4911 quoniam
3221 4843 3288 4896 ab
3329 4843 3420 4898 Je-

1850 4933 2132 5002 rosrilymis
2164 4932 2278 4985 hrcc
2309 4932 2460 4985 vinea
2494 4948 2588 4998 per
2618 4933 2977 5000 apostolorum
3019 4933 3420 5000 prcedicationes

1849 5023 1900 5076 in
1926 5033 2142 5076 cunctas
2172 5021 2352 5073 mundi
2387 5031 2560 5085 partes
2588 5030 2805 5074 extensa
2836 5031 2937 5076 est.
2984 5023 3237 5089 Accipere
3281 5024 3421 5076 enim

1849 5128 1954 5166 non
1977 5126 2258 5182 possumus
2283 5111 2526 5176 Iocalem,
2552 5111 2617 5164 de
2639 5124 2738 5180 qna
2759 5111 2866 5179 jam
2889 5113 3085 5165 dictum
3107 5122 3185 5165 est
3215 5128 3228 5161 ε
3261 5111 3422 5164 Ριαιμ

1848 5205 1964 5258 tasti
1988 5205 2181 5257 radices
2219 5203 2361 5275 ejus‘,
2391 5215 2436 5257 et
2464 5204 2658 5272 repleta
2683 5213 2756 5256 cst
2788 5213 2946 5257 terra.
2985 5203 3300 5273 Propagines
3332 5217 3425 5253 an-

1851 5305 1954 5346 tem
2001 5297 2111 5363 ejus
2155 5293 2289 5348 ﬁlios
2336 5294 2755 5363 regenerationis
2803 5293 2961 5357 dicit,
2992 5293 3079 5361 qui
3129 5307 3158 5345 a
3207 5290 3424 5344 flumine

1846 5383 2076 5437 Jordane
2127 5391 2540 5446 emanaveruut,
2585 5383 2674 5436 ubi
2718 5383 2970 5437 Dominus
3017 5384 3068 5435 in
3116 5380 3418 5449 exemplum

1849 5482 2047 5527 nostra:
2074 5473 2260 5525 salutis
2292 5473 2545 5539 baptizari
2572 5474 2817 5542 dignatus
2852 5483 2954 5526 est.

1922 5565 2072 5618 Vers.
2105 5561 2185 5615 l2.
2215 5562 2402 5630 thuid
2421 5565 2700 5633 deposuisti
2720 5564 2870 5634 [mss.
2890 5563 2980 5629 A.,
3001 5563 3086 5628 F.,
3111 5563 3424 5634 destruxisti]

1849 5657 2117 5709 maceriam
2139 5655 2270 5723 ejus,
2295 5662 2340 5707 et
2365 5654 2674 5709 vindemiant
2703 5673 2814 5709 eam
2844 5671 3014 5709 omnes
3035 5658 3123 5726 qui
3161 5661 3426 5716 transeunt
