3952 6162
561 295 662 355 585

1740 303 1808 356 Μ.
1853 302 2122 358 AUREI.“
2166 301 2567 358 CASSIODORI
3634 313 3717 372 bist

545 419 890 477 riam?lstius
920 419 1086 472 vinem
1111 431 1228 486 qum
1258 430 1284 468 a
1316 415 1537 472 Iudaico
1561 415 1755 484 popuio
1781 414 1927 468 ducit
1948 415 2114 486 origi-
2144 423 2195 482 Α
2219 419 2341 471 ctelo
2373 427 2421 471 et
2451 418 2594 481 vide;
2626 419 2780 489 277
2824 419 3029 473 scilicet
3072 419 3256 487 quibus
3294 420 3516 478 ﬂuctibus
3549 425 3720 484 laboret

543 526 684 573 nem,
716 509 936 562 miratur
961 521 1055 560 cur
1085 505 1240 559 fuerit
1263 519 1447 559 eversa
1476 507 1721 569 munitio,
1747 505 1847 560 hoc
1873 515 1976 569 est,
2010 506 2115 561 Do-

542 599 671 653 mini
700 598 964 652 snbtracta
1005 593 1262 650 defensio.
1301 593 1527 647 Macerio
1563 604 1645 648 cst
1687 596 1828 648 enim
1871 595 1940 649 de
1985 595 2113 650 solis

541 689 801 758 lapidibus
826 697 1131 742 constructa
1175 687 1414 741 custodia
1436 726 1450 750 ,
1481 702 1600 756 qua:
1639 689 1776 742 solet
1804 689 1986 742 vincas
2016 687 2114 742 de-

539 780 869 843 fensabiliter
915 779 1159 833 circuire.
1205 778 1268 830 Et
1311 778 1500 831 merito
1533 778 1620 832 tali
1648 779 1811 832 verbo
1852 778 1904 830 in
1953 794 2114 846 supe-

540 872 668 925 riori
699 868 1042 922 translatione
1075 867 1385 935 permansit.
1415 867 1685 936 Sequitur,
1716 877 1762 919 et
1804 868 2113 921 vindemiant

537 977 648 1012 eam
677 975 866 1012 omnes.
893 957 988 1011 Hic
1009 957 1335 1023 vindemiant,
1370 959 1420 1008 in
1447 957 1586 1008 malo
1610 957 1836 1024 positum
1860 957 2114 1011 debemus

539 1051 805 1117 accipere,
837 1048 972 1102 sicut
1002 1057 1054 1100 et
1097 1047 1356 1102 Jeremias
1383 1047 1509 1099 dicit
1539 1064 1552 1099 :
1600 1047 1752 1111 Vide,
1793 1047 2023 1110 Domine,
2068 1055 2115 1101 et

539 1143 800 1196 considera
845 1142 964 1208 quia
997 1141 1314 1194 vindemiasti
1349 1157 1459 1193 nos.
1493 1141 1745 1194 Sacerdos
1781 1149 1825 1193 et
1869 1141 2115 1208 prapheta

540 1235 601 1286 de
615 1233 900 1287 sanctuariu
923 1241 1009 1284 tuo
1027 1231 1308 1298 defecerunt
1329 1231 1541 1302 (Thren.
1574 1247 1630 1296 ll,
1655 1230 1766 1301 20).
1794 1231 2115 1286 Vindriniant

540 1337 666 1390 ergo
689 1321 834 1386 dicit,
872 1321 1126 1389 diripiunt
1157 1329 1312 1388 atque
1342 1321 1686 1385 conculcant;
1717 1322 1855 1387 quod
1884 1337 1910 1374 a
1943 1332 2116 1377 trans-

541 1413 788 1470 euntibus
816 1411 927 1467 ﬁeri
953 1411 1108 1476 solet,
1142 1411 1228 1480 qui
1278 1411 1546 1480 prredandi
1570 1412 1745 1464 studio
1786 1411 1994 1466 labores
2018 1429 2115 1465 att-

543 1505 681 1559 ferre
711 1504 952 1557 nituntur
973 1503 1198 1557 alienos.
1231 1502 1506 1556 Vindemia
1530 1503 1742 1568 dicitur,
1776 1505 1987 1572 quando
2017 1522 2113 1558 uva

540 1593 632 1647 viti
660 1592 922 1656 demitur;
957 1591 1095 1660 quod
1121 1591 1278 1644 etiam
1309 1592 1396 1644 isti
1435 1591 1602 1646 vincte
1630 1592 1770 1647 Deus
1809 1608 1904 1662 per
1928 1594 2112 1648 lsaiam

542 1685 852 1754 prophetam
884 1683 1114 1736 minatur
1145 1699 1158 1734 :
1195 1681 1464 1735 Destruam
1487 1684 1757 1735 maceriam
1786 1685 1911 1754 ejus,
1941 1697 1990 1737 et
2023 1686 2115 1737 erit

2219 510 2547 574 humanitus,
2579 509 2769 578 quibus
2815 510 3044 577 peccatis
3090 510 3155 563 ad
3197 510 3389 565 inferna
3419 514 3653 583 rapiatur,
3681 531 3723 572 et

2215 599 2510 654 delectetur
2542 601 2710 667 vitiis,
2741 602 2880 656 unde
2909 617 3026 655 eam
3073 614 3316 670 perpetua
3358 614 3513 660 morte
3549 622 3723 664 constat

2216 691 2502 761 exstingui.
2532 691 2661 745 Cum
2693 702 2868 746 autem
2907 692 3070 746 dicit:
3113 692 3271 746 i’isita
3299 695 3479 747 vineam
3513 697 3672 764 istam,
3692 718 3725 753 et

2215 783 2377 852 dirige
2405 799 2513 836 eam
2544 799 2690 850 quam
2719 783 2962 852 plantavit
2988 784 3190 836 dextera
3219 793 3320 848 tua,
3348 784 3607 840 adventum
3631 802 3726 842 san-

2215 883 2316 927 cta:
2346 874 2728 928 incarnationis
2747 874 3053 941 expostulat
3068 915 3082 937 ,
3109 883 3163 927 ut
3188 885 3438 942 praesente
3453 876 3634 932 cultore
3650 893 3728 932 suo

2214 963 2366 1014 vinea
2397 961 2628 1029 plantata
2663 962 2922 1029 proﬁciat,
2954 963 3071 1016 sine
3101 979 3205 1029 quo
3237 979 3331 1016 nec
3360 963 3543 1018 fructus
3569 967 3730 1020 inferre

2215 1062 2442 1121 poterat.
2477 1069 2574 1107 nec
2602 1055 2887 1121 proﬁt-uani
2920 1054 3115 1108 habere
3161 1055 3432 1108 culturam.
3462 1055 3672 1124 Addidit,
3697 1071 3730 1111 et
3760 1055 3764 1060 ’

2213 1157 2363 1210 super
2389 1142 2552 1209 ﬁlium
2597 1143 2844 1205 hominis,
2887 1160 3031 1211 quem
3069 1143 3376 1211 conﬁrmasti
3413 1147 3513 1198 tibi.
3545 1147 3732 1200 Otnninn
3757 1169 3765 1190 ’-

2214 1232 2538 1286 declaratum
2583 1242 2665 1287 est
2712 1235 2851 1302 quod
2906 1235 3152 1300 superius
3209 1234 3369 1297 dixit,
3414 1237 3566 1288 visita.
3601 1229 3766 1290 Filiusi

2215 1326 2408 1391 quippe
2436 1324 2654 1376 hominis
2688 1324 2931 1378 Christus
2977 1334 3059 1378 est
3088 1325 3339 1378 Dominus
3379 1342 3438 1380 ex
3466 1327 3611 1380 Maria
3644 1302 3779 1380 Vir-|

2215 1413 2337 1479 ginc
2362 1413 2592 1480 genitus,
2623 1428 2650 1465 a
2682 1413 2840 1468 Patre
2872 1423 3026 1467 natus
3050 1426 3174 1467 ante
3215 1414 3390 1468 omnia
3429 1415 3623 1470 saecula.
3655 1417 3737 1481 Qui

2218 1501 2399 1569 utique
2419 1501 2762 1555 conﬁrmatus
2779 1511 2880 1565 est,
2907 1504 3119 1570 quando
3149 1502 3218 1556 de
3249 1502 3364 1572 ipso
3391 1504 3574 1557 veritas
3597 1513 3738 1571 pater-

2216 1606 2297 1644 ntc
2345 1593 2490 1645 vocis
2516 1591 2780 1658 insonuit,
2816 1592 3000 1646 dicens
3036 1611 3046 1643 :
3083 1591 3185 1644 Hic
3209 1604 3281 1645 est
3324 1591 3485 1646 Filius
3525 1610 3646 1646 meus
3679 1595 3740 1645 di-

2215 1678 2403 1746 lectus,
2456 1683 2505 1734 in
2553 1698 2651 1749 quo
2697 1682 2822 1735 mihi
2868 1682 2990 1736 bene
3029 1683 3349 1765 complacui;
3403 1685 3559 1754 ipsum
3603 1686 3747 1739 audite

540 1777 593 1829 in
623 1777 980 1844 direptionem,
1012 1783 1057 1826 et
1086 1774 1344 1826 destruam
1391 1777 1628 1844 parietem
1677 1779 1818 1841 ejus,
1849 1785 1894 1828 et
1933 1777 2028 1828 erit
2056 1775 2109 1828 in
2142 1784 2187 1842 Β
2213 1771 2425 1843 (Matth.
2458 1786 2536 1837 tit,
2569 1771 2684 1840 17).

541 1866 966 1920 conculcationem
993 1863 1010 1933 (
1037 1863 1163 1917 lsai.
1197 1880 1256 1929 v,
1301 1865 1333 1918 5
1359 1863 1398 1932 ).
1431 1863 1677 1927 Addidit,
1725 1866 1812 1932 qui
1854 1873 2115 1918 transeunt

469 1973 471 1975 ί
541 1956 692 2013 viam.
741 1954 935 2009 Gentes
973 1953 1255 2023 significat,
1289 1968 1408 2022 quae
1437 1955 1598 2019 viam,
1635 1954 1684 2007 id
1727 1963 1808 2008 est
1847 1955 2115 2008 Christum

543 2049 822 2104 Dominum
853 2055 1194 2112 transeuntes,
1235 2048 1286 2101 in
1320 2047 1583 2102 idolorum
1619 2049 1896 2103 sacriﬁciis
1921 2048 2119 2119 jugiter

547 2145 952 2214 permanebant.

617 2234 768 2289 Vers.
796 2233 879 2286 15.
907 2232 1273 2286 Exterminavit
1300 2249 1411 2285 eam
1447 2248 1570 2299 aper
1592 2233 1656 2285 de
1685 2233 1810 2286 silva
1829 2279 1841 2300 ,
1873 2244 1920 2288 et
1941 2235 2117 2304 singu-

547 2327 670 2380 laris
694 2326 828 2393 {erus
849 2326 1086 2392 depastus
1122 2334 1191 2377 est
1217 2340 1344 2376 eam.
1394 2322 1781 2390 Externainat'it,
1813 2335 1963 2379 extra
2009 2335 2120 2381 ter-

549 2415 720 2468 minos
749 2425 906 2482 atque
930 2415 1151 2482 patriam
1185 2429 1332 2467 suam
1365 2415 1560 2484 ubique
1583 2415 1866 2483 diSpersit,
1897 2419 2038 2485 quod
2071 2423 2120 2472 in

549 2517 705 2576 gente
735 2507 955 2574 contigit
983 2505 1324 2570 Judaaorum;
1354 2505 1455 2560 hoc
1482 2515 1565 2560 est
1590 2506 1727 2574 quod
1753 2511 1996 2574 superius
2026 2510 2119 2576 ait,

548 2599 863 2672 vindemiant.
885 2614 1015 2651 eam.
1055 2599 1268 2666 Aprum,
1294 2597 1676 2667 Vespasianum
1707 2599 1927 2652 forsitan
1959 2600 2119 2654 debe-

555 2704 674 2744 mus
699 2690 960 2759 acciperc,
992 2689 1083 2757 qui
1107 2690 1209 2744 illis
1235 2690 1438 2744 exstitit
1467 2702 1518 2744 ct
1552 2690 1700 2743 fortis
1726 2701 1774 2744 et
1807 2704 1998 2744 saevus.
2025 2692 2124 2744 Per

549 2781 654 2838 hoc
676 2791 850 2834 autem
882 2796 1074 2834 nomen
1115 2781 1443 2849 signiﬁcatur
1483 2780 1681 2834 Juda-is
1713 2781 1874 2834 fuisse
1907 2792 2123 2834 contra-

550 2873 709 2936 rium,
735 2871 823 2940 qui
857 2871 958 2924 hoc
985 2870 1180 2924 animal
1210 2871 1348 2924 inter
1371 2884 1562 2925 cmtera
1588 2871 1782 2925 habere
1811 2872 2124 2926 videbantur

556 2962 904 3018 immundum.
933 2961 1004 3013 De
1025 2962 1171 3024 silva,
1197 2961 1399 3015 scilicet
1416 2961 1482 3014 de
1501 2961 1767 3030 gentibus,
1795 2976 1914 3030 qua:
1937 2963 2125 3016 merito

549 3057 686 3110 silvis
733 3055 990 3124 squalidis
1037 3064 1440 3122 comparantur,
1487 3071 1603 3122 qum
1643 3054 1819 3108 adhuc
1866 3055 2036 3110 insitce
2059 3054 2126 3110 de

2290 1862 2439 1915 Vers.
2473 1862 2558 1914 16.
2587 1861 2805 1915 Incensa
2845 1862 2950 1930 igni
2976 1871 3020 1916 et
3059 1861 3250 1926 c/fossa
3280 1879 3430 1916 manu
3458 1863 3514 1916 ab
3552 1864 3748 1933 increpa-

2215 1954 2350 2007 tione
2375 1956 2538 2006 vultus
2562 1954 2634 2007 tui
2656 1955 2906 2022 peribunt.
2935 1953 3155 2009 Incensa
3181 1957 3289 2026 igni
3327 1965 3373 2009 et
3407 1954 3579 2022 effossa
3603 1973 3747 2021 manu,

2222 2051 2449 2098 ltumaua
2473 2045 2595 2099 vitia
2633 2046 2928 2116 signiﬁcata
2970 2045 3232 2101 debemus
3262 2046 3556 2102 advertere.
3587 2048 3749 2102 lucen-

2219 2135 2362 2189 ditur
2391 2138 2584 2205 quippe
2612 2136 2802 2205 aliquis
2834 2137 2958 2206 igne
2991 2137 3326 2206 cupiditatis,
3359 2141 3470 2193 sive
3497 2139 3660 2193 calore
3677 2153 3748 2191 su-

2221 2228 2436 2294 peritia,
2463 2227 2674 2294 quando
2695 2227 2915 2280 crimina
2948 2229 3175 2283 nefanda
3208 2229 3554 2284 commiserit.
3584 2227 3757 2296 Emissa

2221 2332 2351 2368 vero
2393 2332 2545 2368 manu
2580 2325 2724 2383 sunt,
2758 2331 2878 2370 cum
2930 2331 3024 2386 per
3066 2319 3440 2388 operationem
3487 2318 3758 2374 sceleratam

2223 2407 2338 2460 aliis
2370 2421 2730 2476 prmparamus
2779 2408 3019 2473 insidias,
3052 2418 3107 2463 et
3137 2411 3392 2480 decipere
3430 2411 3654 2464 volumus
3686 2425 3759 2463 ne-

2225 2498 2621 2563 scietttcs,dutn
2643 2512 2738 2550 nos
2763 2498 2812 2551 iit
2841 2500 3005 2567 ipsam
3038 2501 3210 2570 magis
3245 2502 3450 2556 foveam
3472 2514 3760 2554 corruamus.

2229 2585 2352 2638 llaec
2374 2600 2500 2654 ergo
2527 2597 2762 2655 peccata,
2797 2590 2857 2639 ab
2883 2591 3225 2653 Increpatione
3254 2593 3423 2644 vultus
3457 2590 3646 2644 Domini
3675 2606 3762 2654 per-

2226 2679 2389 2742 ibunt,
2421 2678 2632 2746 quando
2666 2679 2764 2730 illis
2811 2679 3089 2732 dicendum
3118 2691 3205 2735 est
3233 2699 3244 2731 :
3282 2681 3362 2734 Ite
3397 2684 3443 2734 in
3470 2683 3623 2752 ignem
3647 2690 3768 2732 a'ter-

2226 2786 2368 2837 num,
2397 2771 2482 2837 qui
2525 2781 2731 2837 paratus
2773 2782 2846 2824 est
2886 2771 3085 2823 diabolo
3117 2783 3168 2826 et
3205 2774 3404 2844 angelis
3438 2779 3544 2845 ejus
3585 2771 3764 2843 (Matth.

2230 2876 2362 2927 xxv,
2391 2860 2498 2927 li).
2521 2861 2636 2915 Non
2660 2862 2800 2916 enim
2821 2863 3041 2918 ulterius
3059 2861 3226 2917 visuri
3251 2875 3398 2931 sunt,
3416 2880 3567 2934 quem
3588 2871 3769 2932 propter

2227 2964 2325 3004 sua
2346 2950 2548 3004 scelera
2577 2949 2941 3018 perdiderunt.

2302 3049 2452 3104 Vers.
2481 3049 2564 3103 17.
2589 3046 2712 3102 Fiat
2737 3067 2917 3105 manus
2947 3061 3033 3103 tua
3067 3068 3222 3121 super
3246 3053 3411 3106 virum
3439 3053 3647 3106 dextera:
3674 3059 3773 3113 tua,

550 3147 823 3202 fructuosa
851 3145 1091 3214 germine
1122 3161 1225 3197 non
1257 3144 1488 3198 fuerunt.
1517 3147 1650 3214 Aper
1669 3145 1810 3199 enim
1836 3145 2008 3200 dictus
2037 3155 2119 3201 est
2147 3138 2192 3202 C
2224 3149 2270 3193 ει
2305 3155 2456 3207 ευμεν
2486 3139 2652 3206 ﬁlium
2679 3139 2899 3193 hominis
2919 3156 3067 3210 quem
3103 3143 3432 3211 conﬁrmasti
3459 3142 3564 3194 tibi.
3597 3139 3775 3195 Grande

550 3239 618 3293 ab
647 3253 712 3293 co
737 3237 876 3306 quod
906 3237 956 3289 in
989 3237 1119 3289 locis
1146 3236 1348 3302 asperis
1380 3245 1758 3289 commoretur.
1801 3234 2124 3305 Singularcm

550 3337 725 3382 autem
765 3331 926 3395 ferum
947 3365 962 3390 ,
988 3326 1164 3378 Titum
1205 3324 1322 3394 ejus
1352 3324 1516 3379 ﬁlium
1549 3335 1835 3391 memorat,
1874 3329 1962 3395 qui
1994 3328 2122 3382 reli-

551 3421 703 3491 quias
732 3420 858 3473 belli
893 3429 1034 3472 tanta
1065 3417 1401 3487 populatione
1431 3419 1716 3484 contrivit,
1753 3428 1808 3471 ut
1831 3430 2039 3488 gentem
2070 3429 2124 3474 et

551 3509 819 3564 civitatem
841 3507 991 3576 quasi
1025 3508 1303 3562 herbarum
1334 3507 1524 3574 pabula
1558 3507 1783 3561 terribili
1814 3507 2124 3576 depastione

553 3608 909 3653 consumeret.
935 3598 1165 3652 Necesse
1191 3598 1332 3650 enim
1356 3596 1451 3650 fuit
1475 3598 1576 3651 hoc
1602 3596 1768 3651 vinea:
1795 3598 2122 3666 contingere,

551 3692 702 3760 cujus
733 3689 962 3744 maceria
1001 3689 1280 3743 videbatur
1303 3703 1424 3744 esse
1467 3688 1728 3756 deposita.
1766 3687 2127 3756 Spiritualiter

553 3793 728 3837 autem
764 3797 885 3847 aper
917 3789 1130 3848 propter
1171 3780 1496 3835 ferocitatem
1541 3787 1596 3834 et
1632 3779 1992 3834 fortitudinem
2041 3782 2125 3835 ni-

553 3875 716 3929 miam
745 3873 987 3926 diabolus
1027 3870 1242 3942 intelligi
1271 3879 1463 3939 potest.
1494 3870 1570 3924 De
1611 3870 1738 3925 silva
1765 3880 1944 3925 autem
1971 3872 2124 3936 dixit,

551 3964 674 4034 quia
714 3963 1061 4032 cogitationes
1091 3961 1205 4031 ejus
1231 3971 1469 4031 agrestes
1495 3963 1734 4031 aviaeque
1771 3975 1984 4030 semper
2009 3965 2124 4015 exi-

551 4064 721 4110 stunt.
767 4055 834 4109 Et
861 4062 985 4108 nota
1017 4053 1157 4122 quod
1209 4053 1292 4108 bis
1335 4067 1430 4108 sex
1469 4053 1712 4109 versibus
1751 4053 1843 4124 qui
1885 4054 2125 4122 praedicti

549 4156 696 4214 sunt,
727 4146 882 4200 vinea
911 4145 1007 4199 ista
1038 4143 1353 4200 describitur
1373 4158 1470 4214 per
1495 4152 1741 4214 quartam
1768 4146 2001 4214 speciem
2033 4149 2128 4199 tte-

551 4236 840 4300 ﬁnitionis,
867 4249 985 4304 qua:
1013 4231 1200 4289 Grtnce
1243 4233 1656 4304 hypographice,
1690 4233 1879 4288 Latine
1925 4234 2128 4287 descri-

557 4327 808 4398 ptionalis
838 4326 1154 4395 appellatur.
1185 4326 1330 4388 Hinc,
1361 4325 1597 4380 adhibita
1619 4326 1933 4380 circuitione
1957 4325 2126 4379 dicto-

551 4435 668 4474 rum
700 4417 1098 4484 factorumque,
1140 4432 1251 4470 rem
1279 4417 1346 4471 de
1372 4432 1473 4486 qua
1505 4417 1758 4487 quaeritur
1801 4415 2124 4484 competenti

551 4505 938 4574 signiﬁcatione
968 4504 1222 4558 declarat.

624 4595 775 4648 Vers.
799 4593 886 4646 M.
921 4592 1055 4647 Deus
1080 4594 1338 4659 virtutum,
1363 4605 1648 4650 convertere
1661 4611 1678 4659 ,'
1701 4598 1894 4667 respice
1910 4597 1972 4650 de
1998 4598 2120 4650 caelo

549 4695 596 4740 ct
627 4685 755 4750 vide,
779 4693 824 4738 et
853 4685 995 4738 visita
1019 4686 1213 4738 vineam
1233 4686 1402 4738 istam.

619 4775 768 4830 Vers.
798 4774 880 4829 15.
900 4773 965 4828 Et
983 4775 1168 4842 perﬁce
1187 4791 1318 4839 eam,
1343 4791 1496 4842 quam
1519 4775 1762 4842 plantavit
1779 4776 1982 4830 dextera
2004 4786 2121 4839 tua;

547 4878 593 4920 et
615 4882 764 4932 super
793 4865 957 4934 [ilium
991 4864 1238 4929 hominis,
1269 4881 1413 4932 quem
1441 4865 1751 4934 conﬁrmasti
1783 4867 1889 4921 tibi.
1924 4865 2122 4921 Relatis

549 4954 796 5008 omnibus
823 4970 941 5024 quae
985 4955 1231 5020 superius
1269 4956 1638 5024 contigerunt,
1672 4959 1842 5024 Asaph
1884 4959 2028 5011 venit
2053 4958 2117 5010 ad

551 5045 759 5113 tertiam
781 5047 1094 5110 sectionem,
1125 5045 1174 5098 in
1210 5060 1312 5113 qua
1355 5054 1504 5114 rogat
1532 5054 1588 5098 ut
1612 5049 1952 5116 omnipotens
1975 5051 2116 5116 agri-

549 5135 664 5189 cola
713 5137 875 5187 visitet
906 5136 1098 5187 vineam
1130 5134 1436 5200 dissipatam
1467 5150 1620 5204 quam
1668 5135 1901 5202 plantare
1935 5135 2120 5204 digna-

551 5235 635 5279 tus
664 5234 763 5288 est,
796 5233 848 5276 et
876 5224 1108 5294 respiciat
1139 5240 1288 5294 super
1321 5224 1484 5290 ﬁlium
1515 5225 1762 5292 hominis,
1815 5241 1962 5295 quem
1992 5243 2117 5280 con-

551 5318 767 5387 ﬁrmavit
789 5317 910 5370 sibi.
937 5316 1306 5370 Commutatus
1336 5319 1530 5386 quippe
1561 5321 1612 5372 in
1640 5321 1848 5387 melius,
1883 5322 1984 5375 hoc
2009 5322 2120 5376 sin-

550 5407 729 5475 gulare
748 5406 1038 5460 remedium
1063 5405 1219 5460 rebus
1239 5406 1483 5462 omnibus
1506 5411 1808 5476 expetebat,
1835 5410 2117 5467 utChristo

551 5500 775 5552 Domino
804 5497 1145 5567 supplicaret.
1185 5497 1315 5551 Cum
1347 5497 1474 5552 dicit
1507 5516 1517 5550 :
1555 5497 1690 5553 Deus
1730 5500 2119 5565 virtutum,con—

550 5600 758 5654 vertere,
785 5592 914 5659 petit
930 5607 1050 5646 eum
1073 5601 1131 5645 ut
1156 5592 1426 5662 supplices
1446 5607 1570 5648 suos
1587 5608 1808 5649 serenus
1829 5596 2117 5664 aspiceret,

553 5690 610 5738 et
649 5681 1072 5750 periclitantibus
1118 5684 1442 5741 subveniret.
1492 5685 1776 5756 Sequitur,
1819 5688 2121 5763 respice_de

2231 3244 2644 3294 sacramentum,
2674 3231 2874 3301 grande
2910 3247 3103 3285 munus
3139 3232 3452 3287 Divinitatis
3479 3231 3776 3300 exponitur:

2231 3321 2351 3390 quia
2383 3321 2562 3374 tandiu
2603 3321 2819 3376 forsitan
2849 3321 3078 3377 dubitari
3103 3326 3302 3392 p0tuit,
3337 3325 3480 3395 quud
3511 3323 3659 3378 Israel
3693 3322 3780 3376 sal-

2233 3427 2329 3468 vus
2367 3411 2540 3481 ﬁeret,
2587 3413 2755 3467 donec
2801 3414 3050 3468 salutaris
3085 3414 3356 3470 Dominus
3397 3415 3678 3470 adveniret.
3704 3411 3782 3464 Illo

2231 3509 2372 3564 enim
2399 3509 2643 3562 veniente
2674 3508 2951 3577 promissio
2984 3516 3088 3562 tota
3114 3512 3394 3579 completa
3421 3521 3523 3575 est,
3555 3523 3646 3564 nec
3670 3509 3781 3560 ulte-

2231 3599 2342 3652 rius
2370 3598 2436 3652 ab
2466 3599 2581 3667 ipso
2602 3598 2826 3655 discedit
2857 3599 3119 3664 Ecclesia,
3155 3617 3284 3670 quae
3314 3602 3516 3670 Sp0usi
3543 3601 3620 3654 sui
3646 3596 3790 3669 spirit

2233 3689 2358 3743 tuali
2393 3689 2677 3745 dilectione
2704 3689 2986 3759 conjuncta
3016 3698 3117 3744 est.
3151 3692 3292 3745 Nam
3334 3707 3464 3746 cum
3502 3691 3658 3744 dicit:
3688 3686 3785 3739 Fiat

2229 3795 2408 3832 manus
2455 3787 2541 3830 tua
2585 3795 2736 3848 super
2783 3779 2948 3831 virum
2990 3778 3218 3833 dexteri:
3275 3790 3404 3847 tua,
3452 3775 3786 3846 Operationetn

2231 3880 2428 3923 saneta:
2462 3868 2842 3923 incarnationis
2871 3871 3133 3937 exposcit.
3159 3871 3289 3934 Ipse
3325 3881 3412 3926 est
3438 3870 3580 3925 enim
3610 3869 3790 3920 dextera

2231 3959 2422 4022 Patris,
2457 3960 2524 4013 dc
2546 3974 2650 4028 quo
2679 3961 2784 4014 alio
2805 3961 2922 4014 loco
2943 3961 3073 4015 dicit
3101 3977 3116 4015 :
3164 3961 3293 4016 Non
3317 3963 3457 4016 enim
3482 3963 3534 4014 in
3564 3975 3679 4012 arcu
3701 3969 3789 4006 meo

2230 4049 2456 4119 spirabo,
2487 4058 2533 4102 et
2572 4049 2773 4118 gladius
2797 4065 2934 4103 meus
2961 4066 3064 4103 non
3091 4051 3323 4105 salvabit
3355 4068 3476 4117 me;
3508 4051 3596 4105 sed
3619 4050 3792 4103 dextera

2231 4149 2336 4201 tua,
2363 4148 2408 4190 et
2436 4137 2698 4191 brachium
2739 4148 2904 4204 tuum,
2930 4150 2977 4192 et
3005 4140 3332 4195 illuminatio
3363 4144 3532 4196 vultus
3552 4141 3622 4194 tui
3647 4134 3792 4208 (Psal.

2230 4243 2377 4297 xutt,
2411 4228 2463 4293 7,
2509 4229 2586 4299 Δ).
2633 4229 2834 4284 Deinde
2882 4245 3030 4284 more
3066 4246 3166 4286 suo
3217 4243 3453 4302 propter
3495 4227 3799 4298 explanatio-

2231 4335 2352 4373 nem
2379 4322 2574 4389 repetit
2603 4321 2742 4390 quod
2784 4323 3028 4390 superius
3073 4323 3238 4390 dixit,
3271 4332 3325 4378 et
3364 4340 3525 4392 super
3549 4322 3704 4391 ﬁliuni
3723 4317 3798 4367 ho-

2227 4411 2466 4464 minis.A
2497 4412 2764 4465 communi
2797 4411 3127 4482 jungendum
3168 4424 3284 4479 est,
3334 4413 3466 4468 Fiat
3504 4427 3676 4466 manus
3709 4418 3798 4464 tua.

2153 4517 2207 4576 D
2231 4501 2282 4554 id
2312 4512 2393 4555 est
2419 4502 2660 4570 operatio
2681 4517 2860 4558 sancta
2884 4505 2948 4558 ad
2967 4504 3220 4560 eﬁectum
3253 4508 3528 4574 promissa
3553 4504 3799 4574 perducat.

2233 4590 2398 4645 Fi'ius
2422 4593 2563 4647 enim
2589 4595 2804 4648 hominis
2828 4596 2964 4650 idem
2991 4598 3106 4665 ipse
3136 4609 3226 4652 est
3251 4598 3526 4652 Dominus
3561 4596 3800 4653 Christus,

2227 4683 2317 4753 qui
2360 4683 2520 4737 etiam
2553 4685 2764 4738 dextera
2808 4685 2981 4740 Patris
3008 4695 3109 4740 est.
3143 4686 3436 4756 Sequitur,
3470 4703 3613 4755 quem
3640 4681 3804 4748 conﬁr-

2228 4774 2380 4826 masti
2403 4774 2512 4826 tibi.
2535 4773 2890 4830 Contirmatus
2912 4784 2992 4830 est
3021 4777 3207 4845 utique
3240 4779 3392 4847 apud
3428 4779 3673 4832 homines
3696 4773 3805 4840 (sic-

2230 4873 2286 4919 ut
2311 4865 2419 4934 jam
2460 4866 2659 4921 dictum
2707 4869 2813 4936 est)
2836 4869 3048 4936 quando
3080 4869 3146 4923 de
3171 4871 3301 4938 ipso
3335 4888 3444 4925 vox
3492 4881 3805 4939 pateruzevc-

2225 4959 2398 5013 ritatis
2425 4959 2680 5025 insonuit,
2709 4960 2891 5014 dicens
2917 4979 2932 5015 :
2967 4960 3069 5014 llic
3090 4971 3160 5014 est
3193 4961 3379 5018 Filius
3423 4979 3566 5018 meus
3596 4960 3808 5019 dilectus,

2222 5051 2275 5103 in
2298 5066 2398 5119 quo
2428 5051 2551 5102 mihi
2586 5050 2708 5104 bene
2735 5051 3057 5120 complacui;
3082 5053 3267 5119 ipsum
3295 5054 3484 5107 audite
3513 5049 3717 5123 (Matth.
3741 5060 3802 5102 nt.

2226 5144 2339 5212 17).
2371 5143 2520 5210 Quod
2563 5159 2668 5197 non
2699 5145 2838 5213 piget
2858 5143 3097 5215 ejusdem
3127 5148 3385 5216 exempli
3419 5145 3699 5202 iteratione
3721 5140 3802 5192 de-

2222 5235 2458 5298 clarare,
2491 5233 2702 5300 quando
2729 5235 2862 5289 etin
2898 5236 3219 5291 auctoritate
3255 5237 3462 5292 eadem
3498 5235 3655 5291 verba
3695 5245 3805 5285 con-

2223 5329 2329 5376 stat
2350 5337 2470 5377 esse
2492 5322 2736 5390 repetita.

2293 5423 2444 5477 Vers.
2478 5423 2564 5478 l8.
2597 5422 2662 5477 Et
2688 5441 2788 5478 non
2808 5425 3113 5478 discedimus
3137 5442 3172 5477 a
3197 5437 3286 5490 te;
3312 5427 3605 5496 viviﬁcabis
3643 5438 3745 5480 nos,
3767 5427 3806 5470 et

2221 5533 2402 5570 nomen
2435 5527 2575 5568 tuum
2614 5517 2978 5571 invocabimus.
3011 5516 3088 5570 Ad
3118 5518 3422 5587 superiora
3455 5514 3673 5587 respicit
3698 5523 3808 5582 pars

2222 5605 2319 5659 ista
2349 5607 2614 5660 versiculi.
2649 5607 2787 5662 Dicit
2826 5607 2968 5661 enim
2995 5624 3009 5660 :
3043 5604 3165 5658 Fiat
3198 5623 3400 5662 manus
3431 5619 3524 5662 tuo
3561 5618 3712 5675 super
3743 5601 3806 5653 vi-

2223 5711 2338 5749 rum
2359 5697 2578 5752 dextera:
2617 5706 2738 5765 tute,
2773 5696 2826 5752 id
2857 5708 2962 5765 est,
2988 5706 3045 5753 ut
3087 5696 3319 5752 mittere
3359 5695 3607 5769 digneris
3631 5691 3805 5749 Filium
