3952 6162
188 246 267 302 5'83
1063 233 1424 292 EXPOSITIO
1464 232 1527 288 IN
1570 228 2037 289 PSALTERIUM.
2077 230 2270 288 PSAL.
2317 228 2505 285 LXXX

3320 221 3385 275 5?‘
3398 218 3425 268 ."i

184 371 321 419 tuum,
348 370 438 424 qm
477 368 630 409 reum
659 348 913 406 mundum
949 348 1140 404 liberet
1164 363 1192 402 a
1223 348 1448 403 crimine
1490 353 1735 414 peccato-
1765 350 1812 407 Α
1841 341 2213 397 iunnaculatos
2246 340 2498 403 reddunt,
2523 353 2657 409 quos
2689 336 2917 408 pollutos
2942 334 3172 407 propriis
3198 331 3419 388 sceleri-

185 470 291 507 rinn.
310 450 376 503 Et
404 465 506 501 non
532 446 837 500 discedimus
859 461 891 497 a
911 443 1055 508 te;id
1080 451 1351 513 est,quem
1370 439 1533 495 semel
1559 447 1737 493 mente

182 543 537 612 concepimus,
568 537 747 594 cordis
776 536 945 591 oculis
972 535 1168 610 iugiter
1202 535 1538 598 intueamur;
1583 544 1681 584 nec
1707 545 1736 584 a

184 651 220 691 te
240 635 578 690 devotionem
612 638 843 683 nostrain
877 627 1144 697 possimus
1169 639 1441 691 amovere,
1469 622 1622 693 cujus
1644 620 1740 675 ad-

182 731 343 782 venire
373 726 567 779 Filium
606 734 929 790 magnopere
950 717 1324 787 cognoscimur
1345 713 1637 784 expetisse.
1670 712 1738 767 Et

181 834 276 888 (μιὲ
315 817 381 869 sit
410 814 611 868 utilitas
652 814 720 865 ab
751 812 865 880 ipso
893 826 997 863 non
1043 807 1301 862 discedere
1341 812 1738 875 consequenter

178 910 462 978 exponitur,
486 904 761 973 viviﬁcabis
782 918 893 969 uos,
925 911 969 955 et
1000 916 1182 954 nomen
1206 908 1351 952 tuum
1380 896 1737 950 inuocabimus.

190 1000 458 1067 Viziﬁcabis
489 1013 603 1065 nos,
636 994 871 1064 quando,
908 1002 1246 1061 peccatorum
1281 999 1452 1044 morte
1473 989 1736 1057 deposita,

179 1108 229 1146 ex
250 1103 387 1160 aqua
416 1097 473 1141 et
492 1086 697 1154 Spiritu
722 1094 909 1138 sancto
940 1082 1293 1135 renascimur.
1328 1078 1531 1133 Nomen
1563 1087 1742 1133 autem

178 1182 270 1250 ejus
312 1176 699 1243 inrocabimus,
749 1173 851 1227 hoc
894 1171 1179 1242 signiﬁcat,
1231 1171 1481 1240 quoniam
1532 1168 1745 1224 Domini

176 1276 355 1330 Christi
406 1268 747 1326 institutione
790 1266 1012 1321 salutari
1061 1266 1113 1320 in
1146 1265 1390 1319 oratione
1437 1261 1744 1332 quotidiana

178 1382 355 1423 nomen
386 1362 561 1420 Patris
584 1362 787 1432 jugiter
808 1359 1147 1413 invocamus.

236 1458 385 1513 Vera.
414 1453 501 1509 l9.
535 1452 753 1506 Domine
787 1450 927 1503 Deus
969 1450 1231 1513 virtutum,
1282 1455 1511 1501 converte
1544 1460 1675 1509 nos;
1701 1453 1749 1499 et

176 1548 368 1605 osleude
402 1546 592 1615 {aciem
627 1552 786 1609 tuam,
831 1551 877 1595 et
922 1540 1047 1595 salvi
1086 1540 1293 1594 erimus.
1328 1538 1459 1603 Quae
1489 1536 1745 1602 suavitas,

176 1658 269 1711 quae
299 1646 377 1697 sit
412 1640 614 1695 utilitas
645 1636 898 1693 versiculi
937 1635 1097 1703 huius
1136 1633 1263 1689 hinc
1301 1632 1460 1687 datur
1498 1631 1744 1700 intelligi.

1841 433 1940 487 bus
1969 441 2311 501 acceperunt.
2346 433 2450 489 Sed
2485 441 2541 485 ut
2569 432 2807 500 partibus
2837 446 2923 485 res
2955 426 3226 497 expositas
3257 423 3420 495 278

1839 522 1892 576 in
1919 534 2079 576 unam
2126 524 2322 577 seriem
2371 524 2704 593 colligamus,
2750 522 2975 577 intentio
3002 520 3135 573 tituli
3169 516 3291 572 talis
3315 525 3418 576 est,

1840 623 1895 665 ut
1920 611 1987 666 In
2013 614 2168 683 ﬁnem
2195 614 2436 685 designet
2482 615 2769 669 Dominum
2800 613 3102 675 Christum;
3132 623 3227 681 pro
3252 617 3423 661 torcu-

1842 705 2035 760 laribus
2087 706 2410 772 Ecclesium;
2464 708 2634 774 Asaph
2692 704 3188 775 congregationem;
3244 699 3423 771 quinta

1839 796 2035 850 sabbati
2079 796 2392 864 baptizatos.
2427 797 2579 852 Unde
2624 798 2892 864 colligitur
2925 797 3183 865 psalmum
3215 793 3269 848 in
3316 790 3422 846 Ec-

1840 886 2005 941 clesia
2030 886 2241 941 Doinini
2270 899 2590 956 rcgtrncrata‘.
2620 887 3015 957 congregationi
3042 900 3164 940 esse
3206 886 3418 939 locutu-

1844 990 1981 1029 rum.
2018 976 2114 1029 Ilic
2144 978 2284 1029 enim
2313 977 2486 1044 Asaph
2527 976 2592 1029 ad
2636 976 2911 1029 historiam
2945 975 3158 1041 quidem
3195 971 3426 1042 loquitur

1846 1066 2192 1131 Judazis;sed
2238 1068 2432 1121 melius
2461 1067 2811 1135 spiritualiter
2857 1065 3175 1133 intelligitur
3219 1064 3287 1119 de
3332 1080 3427 1133 po-

1846 1154 1971 1227 p'ulo
2001 1159 2324 1213 ChriStiano.

2420 1271 2608 1326 Divisio
2652 1271 2852 1341 psalmi.

1923 1382 1978 1437 ln
2011 1382 2179 1451 prima
2205 1392 2353 1453 parte
2391 1384 2579 1453 ρεπιιηή
2613 1384 2843 1453 loquitur
2870 1383 3044 1453 Λεαρή
3074 1379 3337 1443 ﬁdelibus,
3364 1386 3429 1431 ut

1852 1488 1945 1544 per
1976 1489 2175 1544 organa
2209 1473 2417 1530 diversa
2464 1475 2789 1530 musicorum
2838 1475 3024 1529 laudes
3064 1473 3295 1527 debeant
3326 1471 3429 1525 Dn-

1853 1565 1995 1620 mino
2034 1579 2364 1634 personare:
2395 1565 2647 1635 quoniam
2693 1566 2857 1619 multa
2906 1564 3168 1621 beneﬁcia
3206 1579 3305 1619 suo
3336 1578 3429 1632 po-

1854 1655 1978 1725 pulo
2029 1666 2280 1724 praestare
2329 1656 2574 1726 dignatus
2619 1665 2721 1709 est.
2773 1655 3046 1720 Secunda,
3095 1655 3253 1710 verba
3306 1661 3431 1708 sunt

173 1731 411 1800 quoniam
454 1730 510 1783 in
537 1728 639 1783 hoc
670 1726 876 1796 psalmo
906 1723 1105 1793 triplici
1135 1737 1257 1777 cum
1288 1722 1608 1792 repetitione
1632 1736 1744 1775 mc-

1860 1747 2457 1803 Dommicomminantis
2480 1763 2545 1802 ne
2576 1748 2715 1801 idola
2747 1748 3013 1811 colantur,
3040 1747 3135 1809 sed
3181 1747 3299 1815 ipse
3337 1761 3428 1801 so-
3480 1800 3481 1803 η

174 1821 416 1885 moravit;
449 1828 509 1873 ut
552 1817 703 1888 quasi
750 1816 884 1887 prati
934 1813 1157 1869 floriferi
1203 1812 1483 1882 planitiem
1533 1821 1742 1866 tensam

170 1929 251 1982 per
283 1912 511 1967 ordines
537 1919 714 1965 certos
745 1907 1051 1978 jucunditas
1092 1906 1232 1960 rosei
1260 1904 1457 1959 coloris
1502 1914 1739 1959 ornaret.

172 2007 217 2059 la
253 2010 356 2061 ista
384 2003 649 2074 siquidem
684 2001 945 2056 brevitate
986 1996 1224 2067 regulam
1264 1996 1427 2050 totius
1468 1994 1744 2064 religionis

169 2099 396 2170 exponit.
432 2095 672 2151 Primum
709 2103 792 2150 est
835 2092 999 2157 enim,
1035 2100 1091 2145 ut
1118 2106 1214 2144 nos
1246 2087 1497 2143 Dominus
1537 2102 1747 2140 corruer-

171 2198 264 2255 tat;
284 2188 511 2253 deinde,
534 2194 595 2240 ut
623 2184 854 2239 ostendat
878 2183 1061 2253 faciem
1089 2194 1240 2235 suam
1261 2195 1275 2245 ;
1298 2180 1475 2243 tertio,
1500 2186 1558 2232 ut
1582 2180 1745 2231 salvos

168 2278 513 2337 efficiat.l\'on
541 2277 682 2333 enim
700 2286 985 2345 antequam
1014 2280 1290 2338 convertat,
1316 2270 1535 2324 ostendit
1562 2270 1744 2339 faciem

168 2390 329 2441 suam;
371 2387 475 2428 nec
496 2371 689 2436 salvat,
724 2367 827 2422 nisi
858 2380 957 2420 nos
990 2365 1136 2434 prius
1167 2363 1369 2419 lumine
1390 2377 1500 2417 sua:
1525 2362 1746 2431 pietatis

167 2465 475 2536 inspexerit.
507 2464 848 2530 Quapropter
872 2470 1057 2512 versus
1089 2458 1188 2511 iste
1226 2464 1407 2510 mente
1434 2452 1747 2518 condendus

168 2567 255 2621 est,
283 2554 413 2626 quia
444 2568 545 2623 per
588 2552 760 2622 ipsum
782 2549 882 2604 sub
920 2547 1180 2602 brevitate
1204 2546 1453 2617 petimus,
1488 2543 1747 2615 quidquid

165 2648 305 2703 nobis
335 2645 606 2717 expedire
636 2648 986 2698 monstratur.

705 2746 980 2804 Conclusio
1009 2746 1212 2817 psalmi.

224 2872 394 2927 Nimis
419 2867 605 2931 Λεαρή
633 2865 793 2920 istum
826 2868 1188 2917 commutatum
1217 2863 1426 2913 constat
1456 2853 1745 2918 in‘melius,

163 2964 241 3031 qui
265 2962 489 3017 veniam
518 2955 721 3012 Christi
748 2954 1021 3009 dilatatam
1056 2960 1166 3006 toto
1206 2948 1335 3004 orbe
1362 2947 1666 3016 conspexit,
1697 2954 1750 3000 et

160 3053 401 3119 palmites
449 3048 575 3117 ejus
621 3054 832 3099 montes
874 3042 1197 3098 obumbrare
1245 3038 1377 3093 vidit
1426 3044 1482 3092 et
1526 3036 1742 3092 eedros.

160 3139 540 3210 Spectaculum
588 3149 777 3190 revera
820 3131 1030 3187 beatum
1055 3169 1071 3197 ,
1113 3128 1266 3199 cujus
1308 3127 1590 3183 ammnitas
1637 3125 1747 3195 ipsa

158 3237 379 3305 cogitata
430 3228 666 3286 refectio
705 3233 823 3280 est:
850 3233 903 3278 ut
948 3230 1059 3277 toto
1090 3218 1288 3275 mundo
1327 3234 1426 3273 una
1456 3218 1607 3271 vinea
1639 3231 1753 3271 um-

160 3331 300 3381 bram
342 3325 514 3380 faciat
543 3319 655 3375 suis
702 3316 997 3380 frondibus,
1052 3328 1122 3367 ne
1146 3311 1266 3382 quis
1297 3310 1529 3366 ﬁdelium
1562 3308 1754 3364 redda-

159 3425 237 3471 tur
254 3418 373 3472 sole
398 3416 650 3469 fuscatus
668 3426 681 3475 ;
699 3407 765 3463 de
782 3406 975 3477 quibus
997 3404 1253 3473 scriptum
1276 3410 1387 3457 est:
1408 3399 1511 3455 Per
1523 3400 1655 3453 diem
1676 3399 1756 3452 sol

158 3525 250 3563 non
272 3519 387 3562 uret
403 3517 479 3572 te,
500 3500 801 3569 nequeluna
816 3514 905 3568 per
925 3493 1305 3566 noctem(Psal.
1320 3509 1455 3559 cxx,
1470 3491 1755 3561 6).Vcrum

160 3602 255 3655 ista
276 3602 443 3655 vinea
469 3611 570 3666 pro
590 3593 758 3649 botris
784 3590 1065 3645 mustuosis
1086 3594 1301 3643 sanctos
1339 3586 1499 3642 infert
1527 3585 1752 3651 fructus,

155 3703 434 3762 martyres
462 3694 640 3751 creat,
664 3683 953 3753 prophetas
978 3680 1176 3744 educit,
1202 3679 1473 3748 apostolos
1496 3677 1681 3749 gignit,
1698 3679 1757 3732 li-

154 3780 303 3836 deles
324 3782 449 3836 edit
478 3780 821 3840 innumeros;
852 3782 904 3828 et
924 3770 1179 3843 quidquid
1220 3771 1273 3824 in
1315 3770 1549 3825 Ecclesia
1574 3780 1755 3825 sancta

149 3875 394 3943 gloriose
434 3870 667 3943 geritur,
700 3866 787 3921 isti
810 3863 1141 3920 similitudini
1170 3862 1426 3919 decenter
1452 3870 1682 3931 aptatur.

410 3977 787 4038 EXPOSITIO
825 3977 890 4032 IN
929 3975 1255 4033 PSALMUM
1296 3974 1513 4030 LXXX.

216 4075 243 4129 1
252 4096 284 4128 n
310 4076 512 4144 ﬁnem,
536 4087 633 4139 pro
660 4070 1020 4135 torcularibus,
1049 4067 1242 4137 Asaplt,
1263 4068 1442 4137 quinta
1468 4065 1682 4119 sabbati.

214 4186 333 4240 Pro
386 4182 766 4249 torcularibus,
798 4179 1094 4235 Ecclesiam
1136 4177 1425 4248 significari
1469 4177 1761 4246 superiori-

142 4281 242 4334 bus
274 4291 367 4334 est
404 4277 584 4332 titulis
608 4274 893 4329 indicatum
919 4290 932 4339 ;
961 4272 1053 4327 sed
1077 4271 1329 4341 quoniam
1357 4269 1427 4325 ibi
1458 4270 1596 4325 hanc
1627 4283 1762 4339 pra:-

142 4370 548 4439 ﬁgurationem
583 4367 635 4420 in
668 4378 887 4418 uvarum
913 4362 1258 4432 expressione
1292 4361 1591 4430 posuimus,
1621 4373 1762 4414 nunc

1849 1839 1931 1893 lus
1962 1838 2213 1894 adoretur
2240 1840 2328 1908 qui
2362 1854 2611 1908 prtestare
2644 1841 2915 1911 profutura
2941 1855 3159 1894 munera
3190 1853 3421 1893 consue-

1847 1933 1942 1984 vit.
1970 1931 2023 1984 ln
2054 1931 2205 1985 tertia
2231 1941 2379 1998 parte
2400 1931 2573 2000 Λεαρὴ
2599 1946 2667 1985 ex
2693 1946 2787 1985 sua
2813 1932 3003 1984 iterum
3030 1944 3262 1999 persona
3288 1928 3428 1983 relo.

1846 2026 2049 2093 quitur,
2108 2037 2333 2093 arguens
2384 2023 2647 2087 inﬁdeles,
2691 2038 2787 2077 cur
2832 2021 3051 2077 fallaces
3091 2021 3429 2082 exstiterint,

1847 2129 1967 2168 cum
1998 2117 2076 2170 eis
2106 2114 2244 2168 dona
2293 2114 2508 2170 Domini
2558 2116 2775 2184 ecpiosa
2808 2113 3050 2185 largitate
3081 2114 3273 2168 collata
3305 2114 3429 2166 sint.

2377 2226 2648 2295 Expositio
2696 2226 2902 2295 psalmi.

1922 2337 2070 2393 Vers.
2092 2339 2143 2393 l.
2162 2336 2428 2393 Exsultate
2454 2339 2559 2392 Deo
2588 2339 2818 2411 adjutori
2844 2347 3018 2392 nostra
3041 2354 3056 2390 :
3075 2336 3295 2409 jubilate
3327 2334 3432 2387 Deo

1847 2429 2030 2484 Jacob.
2046 2430 2216 2499 Asuph
2234 2432 2354 2499 iste,
2374 2446 2531 2500 quem
2548 2446 2689 2499 saepe
2708 2430 2940 2486 diximus
2952 2432 3251 2501 significare
3267 2431 3431 2503 Syna-

1848 2536 2061 2591 gogam,
2077 2522 2301 2590 populos
2314 2530 2619 2577 commonet
2634 2521 2838 2589 ﬁdeles,
2856 2530 2913 2576 ut
2930 2538 3032 2576 non
3047 2522 3295 2576 desinant
3314 2538 3433 2577 cuni

1851 2627 2060 2667 summa
2086 2614 2271 2667 laetitia
2289 2613 2398 2667 Deo
2413 2613 2598 2669 laudes
2622 2614 2821 2680 dicere,
2838 2615 2926 2683 qui
2956 2630 3050 2669 eos
3075 2630 3103 2668 a
3128 2616 3441 2671 suavissimis

1849 2709 2102 2779 periculis
2140 2718 2221 2764 est
2247 2709 2494 2781 dignatus
2540 2710 2765 2780 eripere.
2804 2712 3046 2782 Adjutori
3086 2721 3264 2767 autem
3296 2716 3437 2780 quo-l

1850 2800 2001 2867 dixit,
2036 2814 2194 2855 verus
2225 2801 2363 2855 Deus
2392 2801 2482 2855 tali
2514 2802 2678 2856 verbo
2700 2803 3000 2857 declaratur
3024 2819 3037 2854 :
3063 2806 3183 2871 quia
3225 2802 3437 2856 ﬁetirius

1850 2891 1982 2946 deus
2000 2907 2105 2946 non
2128 2902 2211 2947 est
2230 2891 2460 2961 adjutor,
2493 2893 2587 2948 sed
2619 2895 2812 2960 elisor;
2844 2910 2947 2948 non
2968 2909 3187 2960 sanans,
3209 2895 3301 2950 sed
3326 2899 3439 2950 vnl-

1850 2996 2080 3046 nerans;
2114 2997 2217 3036 non
2251 2982 2555 3049 sublevans,
2580 2983 2674 3038 sed
2697 2984 2850 3039 valde
2879 2983 3217 3055 demergens.
3248 2986 3439 3041 Nostro

1778 3085 1823 3149 ρ
1852 3072 1997 3128 enim
2028 3074 2152 3127 dum
2180 3072 2327 3142 dieit,
2351 3074 2573 3129 devotos
2599 3090 2657 3129 se
2684 3090 3029 3132 commonere
3068 3088 3313 3133 testatur.
3343 3078 3440 3132 Ju~

1857 3164 2011 3219 bilute
2055 3164 2254 3219 dictum
2284 3175 2368 3221 est
2406 3181 2436 3221 a
2475 3167 2730 3236 iuvando,
2765 3168 2815 3222 id
2860 3177 2946 3224 est
2988 3169 3344 3238 delectando;
3381 3185 3436 3226 ut

1856 3257 2047 3326 quibus
2076 3272 2181 3312 non
2224 3266 2435 3327 poterat
2459 3260 2747 3313 exsultatio
2774 3262 3057 3316 verborum
3088 3262 3357 3326 sufﬁcere,
3388 3264 3439 3320 in

1856 3349 2367 3404 abundantissimam
2408 3359 2566 3418 atque
2600 3351 3028 3419 inexplicabilem
3054 3354 3292 3407 lmtitlam
3320 3371 3440 3423 pro~

1857 3439 2063 3496 sitirent
2094 3455 2112 3494 :
2142 3441 2343 3497 docens
2374 3441 2729 3512 gaudentibus
2760 3444 2952 3499 animis
2986 3444 3209 3498 Domino
3238 3444 3441 3501 debere

1857 3536 2053 3606 gratias
2089 3548 2267 3603 agere,
2294 3548 2400 3589 non
2431 3533 2684 3589 confusos
2711 3535 2889 3604 aliqua
2912 3537 3177 3592 anxietate
3199 3546 3438 3592 cantare.

1858 3624 1991 3679 Nam
2014 3623 2057 3678 si
2078 3630 2292 3679 terrena
2315 3623 2660 3692 despicimus,
2678 3640 2890 3694 semper
2906 3641 2972 3681 ex
2996 3627 3089 3681 illo
3114 3628 3217 3682 laati
3234 3643 3442 3687 sumus.

1859 3715 1925 3771 ad
1956 3730 2113 3785 quem
2142 3729 2297 3770 mens
2326 3716 2528 3770 incerta
2557 3724 2718 3785 atque
2741 3717 2975 3772 titubans
2999 3735 3103 3773 non
3130 3731 3304 3786 potest
3324 3738 3444 3790 pcr-

1858 3806 2064 3861 venire.
2094 3803 2257 3859 Iacob
2304 3804 2565 3875 signiﬁcat
2619 3807 2873 3876 populum
2920 3808 3307 3877 Christianum,
3355 3815 3442 3866 cui

1859 3901 2096 3954 anterior
2123 3898 2399 3969 Synagoga
2430 3903 2718 3968 consentit,
2750 3900 2875 3955 dum
2907 3902 2971 3955 ad
3004 3903 3163 3957 istum
3194 3919 3288 3973 per
3316 3921 3442 3974 gra-

1862 3991 1989 4044 tiam
2030 3990 2343 4044 translatum
2377 3998 2480 4056 est,
2513 3991 2654 4059 quod
2711 3991 2787 4044 illi
2830 4001 3040 4046 constat
3089 3994 3347 4050 ablatum.
3380 3998 3442 4050 lli

1860 4091 1984 4138 sunt
2010 4097 2146 4152 quos
2176 4081 2344 4136 dixit:
2379 4081 2570 4146 Quinta
2594 4082 2809 4147 sabbati,
2835 4083 2924 4154 qui
2954 4086 3021 4139 de
3049 4101 3202 4142 sacra
3233 4088 3444 4145 scilicet

1863 4166 2267 4237 regeneratione
2299 4175 2608 4221 nascuntur.

1942 4262 2093 4317 Vers.
2120 4263 2177 4316 ‘2.
2213 4262 2410 4318 Sumite
2437 4264 2713 4333 psalmum,
2738 4275 2784 4318 et
2806 4266 2922 4317 date
2945 4272 3243 4333 tympanum
3267 4282 3285 4331 ;
3308 4271 3451 4335 psal-

1864 4354 2049 4408 terium
2092 4355 2385 4425 jucundum
2426 4372 2541 4409 cum
2581 4357 2797 4411 cithara.
2835 4359 3043 4424 Organa
3094 4358 3309 4425 quidem
3352 4360 3447 4414 ista

138 4464 191 4515 in
219 4463 539 4516 bacrarum
568 4456 847 4513 vindemiis
872 4453 1366 4524 explicemus.Cum
1396 4462 1583 4507 tunsus
1612 4466 1760 4506 acer.
1790 4456 1842 4515 ι)
1866 4457 2090 4513 utraque
2117 4446 2321 4500 musica
2358 4458 2504 4513 sunt,
2525 4446 2617 4501 sed
2650 4461 2836 4502 causas
2858 4449 3133 4503 continere
3161 4452 3448 4520 probantur

138 4568 237 4607 vus
264 4556 564 4606 olivarum
597 4549 869 4618 subjectus
901 4546 1060 4602 fuerit
1091 4546 1446 4617 agricolarum
1485 4554 1601 4600 arte
1633 4559 1764 4612 pon—

132 4642 421 4706 deribus,
477 4639 751 4705 nimiaque
802 4636 1028 4704 coeperit
1074 4648 1322 4705 pressura
1380 4633 1656 4703 torqueri,
1708 4642 1762 4687 et

132 4748 445 4789 amurcam
481 4744 778 4793 creuosam,
812 4737 864 4783 et
905 4727 1077 4781 oleum
1106 4724 1471 4795 pinguissima:
1513 4724 1763 4793 puritatis

128 4836 395 4882 emanat.
434 4816 605 4888 Quod
625 4822 674 4873 in
708 4820 959 4877 Ecclesiae
986 4816 1442 4887 persecutionibus
1467 4816 1581 4872 ﬁeri
1606 4832 1762 4886 posse

129 4935 238 4973 non
285 4916 548 4971 dubium
579 4924 686 4980 est,
718 4910 928 4981 quando
972 4920 1026 4964 et
1058 4910 1165 4964 Deo
1205 4923 1363 4978 puras
1410 4919 1617 4962 mentes
1662 4908 1761 4963 de-

122 5014 333 5067 clarat.
376 5018 449 5061 et.
496 5002 790 5058 ftecilentas
820 5000 1173 5056 conscientias
1203 4999 1477 5054 evidenter
1505 4998 1760 5067 assignat.

128 5102 343 5167 Quinta
406 5110 554 5150 vero
600 5092 823 5156 sabbati,
864 5092 1125 5160 signiﬁcat
1169 5106 1198 5144 a
1247 5089 1471 5145 sabbato
1518 5090 1761 5158 quintum

118 5196 301 5258 diem,
341 5188 595 5261 quando
623 5186 876 5241 Dominus
898 5188 949 5240 in
978 5185 1283 5240 conditione
1310 5198 1491 5237 rerum
1521 5197 1587 5235 ex
1611 5182 1762 5249 aquis

118 5290 348 5341 creavit
386 5279 688 5343 animalia,
718 5278 855 5331 sicut
894 5276 1115 5332 Genesis
1146 5273 1304 5329 lectio
1332 5273 1560 5328 decursa
1596 5280 1763 5325 testa-

117 5388 249 5430 tzir:
292 5375 483 5430 Dixit
522 5368 695 5423 Deus:
722 5368 1011 5422 Producant
1046 5383 1192 5437 aqua
1229 5366 1432 5437 reptilia
1472 5366 1764 5419 animarum

114 5457 597 5535 ri:mm’(Gen.
626 5474 663 5523 l,
694 5458 806 5529 εο).
835 5458 944 5513 lloc
973 5458 1037 5512 ad
1065 5457 1400 5528 baptismatis
1426 5455 1649 5528 gratiam
1694 5458 1766 5510 si-

112 5561 478 5618 militudine
520 5553 714 5606 decora
740 5552 1108 5623 conjungitur;
1140 5568 1258 5621 quae
1288 5566 1473 5606 revera
1513 5550 1764 5605 animalia

115 5660 239 5707 viva
264 5668 385 5707 sua
435 5642 779 5699 fecunditate
802 5642 1057 5710 producit,
1083 5644 1205 5698 dum
1229 5642 1571 5699 sanctificante
1604 5656 1756 5708 artua:

468 5734 743 5793 PLI'ItUl..
796 5731 990 5793 LXX.

1866 4537 2128 4606 egregias.
2160 4536 2296 4591 Dicit
2323 4538 2465 4592 enim
2499 4555 2511 4590 :
2541 4538 2781 4607 Accipite
2816 4540 3100 4607 psalmum,
3126 4552 3180 4597 et
3202 4542 3328 4599 date
3359 4547 3448 4599 ho-

1868 4641 1963 4680 nas
1993 4641 2207 4695 operas.
2246 4627 2486 4682 Psalmus
2515 4628 2658 4683 enim
2695 4629 2761 4682 ad
2808 4630 2985 4684 divina
3017 4633 3177 4685 verba
3224 4634 3448 4700 pertinet

1867 4718 2202 4783 intimanda,
2254 4719 2504 4788 quoniam
2567 4718 2923 4774 conformatio
2976 4720 3141 4788 ipsius
3192 4735 3448 4776 canorum

1867 4819 2107 4866 ventrem
2140 4810 2302 4883 (sicut
2336 4826 2481 4879 saape
2503 4810 2759 4882 dxiinus)
2804 4811 2963 4867 habet
2992 4813 3045 4867 in
3068 4813 3279 4883 capite;
3308 4816 3449 4886 quod

1868 4907 2060 4960 merito
2087 4904 2152 4959 ad
2182 4904 2445 4972 psalmum
2473 4903 2721 4968 refertur,
2754 4906 2842 4973 qui
2864 4919 3085 4975 semper
3111 4915 3328 4962 resonat
3353 4921 3446 4961 su-

1867 5014 2033 5069 perna
2084 4999 2358 5070 mysteria.
2392 4995 2716 5067 Tympanum
2754 5006 2838 5052 est
2863 5039 2878 5063 ,
2912 4998 3052 5068 quod
3096 5010 3247 5053 tenso
3301 5000 3450 5053 coria

1866 5092 2016 5161 quasi
2049 5106 2209 5161 supra
2235 5090 2367 5145 duas
2398 5090 2481 5157 (ut
2508 5091 2581 5143 ita
2604 5090 2855 5160 dixerim)
2886 5101 3053 5145 uictas
3074 5092 3171 5145 sibi
3200 5091 3269 5147 ab
3299 5106 3450 5146 acuta

1870 5194 2020 5253 parte
2069 5184 2348 5254 copulatas
2395 5183 2530 5237 solet
2579 5198 2830 5238 resonare
2878 5200 3220 5252 percussum;
3253 5186 3328 5241 sic
3359 5187 3451 5239 in»

1874 5274 2075 5329 ininum
2106 5288 2321 5343 corpus,
2365 5274 2489 5327 dum
2525 5289 2619 5343 pro
2657 5275 2878 5329 Domino
2926 5276 3268 5331 tribulatioiie
3323 5294 3451 5346 qu..-

1872 5368 2017 5431 titur,
2047 5366 2115 5420 ad
2172 5380 2400 5434 superna
2434 5366 2680 5421 mandata
2713 5367 2917 5421 dulcius
2952 5376 3301 5435 temperatur.
3340 5368 3452 5423 [loc

1871 5474 1999 5528 ergo
2041 5466 2378 5522 commonet,
2412 5466 2466 5511 ut
2517 5460 2838 5529 accipientes
2887 5459 3062 5513 divina
3125 5462 3287 5515 verba
3354 5462 3453 5516 Dn-

1871 5552 2015 5604 niiuo
2042 5550 2333 5604 debeamus
2354 5546 2544 5603 oﬂ‘erre
2572 5560 2782 5606 terrena
2812 5568 2826 5617 ;
2863 5552 2983 5620 quia
3010 5563 3134 5606 tunc
3174 5554 3284 5610 Deo
3318 5554 3455 5609 bene

1868 5644 2047 5697 damus
2068 5649 2365 5711 tympanum
2387 5641 2509 5694 dum
2539 5642 2907 5713 eleemusyuus
2944 5643 3190 5714 facimus,
3222 5664 3342 5705 cum
3378 5649 3454 5718 jn-

2988 5737 3057 5793 19
