4046 6174
533 268 632 327 587

1765 271 1836 325 Μ.
1881 270 2160 326 Αυιιιειιι
2201 270 2604 328 CASSIODORI

3715 275 3824 328 588

533 385 689 450 initiis
726 397 920 455 corpus
960 382 1270 454 alliigimus,
1303 397 1423 438 cum
1469 384 1594 437 vitia
1627 384 1806 438 surculi
1857 399 1976 438 cum
2026 400 2123 438 suo
2156 391 2202 444 Α
2233 400 2338 442 tem
2374 387 2478 441 Deo
2505 387 2688 452 Jacob,
2716 387 2766 442 id
2796 397 2878 443 est
2910 387 3018 444 Deo
3045 387 3489 443 Christianorum.
3523 387 3560 456 l,
3582 403 3640 442 se
3670 391 3825 442 enim

533 474 879 533 nihilominus
906 482 1123 528 auctore
1149 473 1505 541 deSpicimus.
1540 473 1790 537 Addidit,
1825 476 2123 542 psalterium

521 566 814 633 jucundum
857 581 969 618 cum
1020 566 1245 623 cithara.
1273 565 1539 621 Admonet
1582 567 1740 620 etiam
1776 577 1827 621 et
1868 567 1995 621 haec
2019 569 2124 622 duo

530 657 916 730 iucundissime
937 657 1210 726 copulari:
1237 668 1290 710 ut
1316 667 1369 712 et
1389 658 1549 713 verba
1575 659 1668 713 Dei
1697 672 1818 727 quae
1849 657 1901 712 in
1930 658 2120 728 psalte-

530 751 607 803 rio
636 749 999 815 continentur,
1026 758 1080 804 et
1118 750 1315 803 cithara
1337 765 1455 819 quae
1488 752 1749 804 humanos
1789 759 1941 806 actus
1962 751 2124 820 signi-

535 844 698 896 ticare
720 840 1083 911 cognoscitur,
1109 841 1162 895 in
1196 857 1353 894 uuam
1383 841 1696 896 societatem
1730 842 1962 896 debeant
1993 857 2120 896 ron-

533 933 720 986 venire
766 947 781 984 :
829 931 950 999 quia
1003 941 1288 1002 utrumque
1333 933 1505 988 melos
1560 933 1776 986 sibimet
1817 932 2122 1003 copulatum

537 1026 764 1080 Domino
808 1024 1066 1094 probatur
1113 1032 1414 1093 acceptum.
1444 1024 1753 1078 Psalterium
1800 1025 1942 1080 enim
1985 1025 2123 1079 idem

532 1118 798 1189 signiﬁcat
819 1118 958 1186 quod
991 1115 1241 1188 psalmus,
1269 1118 1470 1171 cithara
1495 1120 1637 1187 quod
1667 1128 2002 1188 tympanum;
2029 1119 2124 1174 sed

533 1208 850 1263 diversitate
881 1208 1158 1263 nominum
1196 1207 1409 1263 easdem
1442 1221 1528 1262 res
1561 1207 1662 1262 sub
1695 1209 1957 1264 brevitate
1990 1223 2126 1263 cou-

533 1299 710 1354 clusit.
745 1299 876 1352 Nam
908 1300 1359 1369 quemadmodum
1384 1299 1581 1353 cithara
1610 1311 1796 1354 contra
1826 1302 2127 1371 psalterium

534 1390 866 1444 conformata
894 1391 983 1455 sit,
1002 1377 1319 1460 frequenter
1345 1391 1646 1459 expositum
1677 1399 1780 1445 est.
1812 1391 1868 1446 lu
1900 1391 2002 1445 hoc
2026 1408 2124 1444 au-

535 1492 642 1536 tem
672 1491 725 1536 et
755 1483 997 1551 sequenti
1027 1496 1182 1537 versu
1215 1483 1406 1536 iterum
1431 1481 1585 1536 nobis
1611 1481 2122 1554 enthymematicus,

534 1573 586 1628 id
617 1582 699 1628 est
725 1573 1026 1628 rhetoricus
1052 1573 1401 1651 syllogismus
1430 1573 1688 1627 elucescit
1714 1573 1903 1628 eodem
1931 1575 2122 1629 modo:

535 1668 744 1720 tlanere
773 1673 1096 1734 prmeeptum
1125 1676 1207 1720 est
1237 1666 1288 1719 in
1319 1664 1502 1729 Israel,
1537 1673 1592 1720 et
1615 1665 1872 1736 judicium
1907 1666 2014 1720 Deo
2041 1666 2128 1719 Ja-

2230 478 2540 535 rationalem
2559 489 2857 534 creaturam
2882 480 3085 535 caelesti
3115 479 3338 534 veritate
3361 477 3580 550 [nu.A.,
3599 474 3825 548 virtute]

2223 570 2508 641 judicavit;
2535 573 2672 627 sicut
2712 573 2764 626 in
2813 572 3099 641 Evangelio
3120 573 3230 626 ait:
3272 555 3576 624 Pater‘non
3614 574 3827 641 judicat

2227 663 2547 730 quempiam;
2579 662 2668 716 sed
2707 679 2855 717 omne
2879 663 3128 733 judicium
3165 661 3306 714 dedit
3339 661 3478 715 Filio
3523 659 3716 730 (Joan.
3749 681 3780 710 γ
3805 702 3825 730 ,

2227 753 2354 821 92).
2387 753 2495 808 llac
2521 768 2648 822 ergo
2670 753 3072 822 dispensatione
3101 753 3330 807 mirabili
3375 753 3652 806 Dominum
3689 770 3830 808 con-

2228 851 2334 898 stat
2362 859 2482 900 esse
2509 845 2852 912 laudandum,
2875 845 2962 914 qui
2991 855 3044 900 et
3065 844 3234 916 legem
3262 844 3425 915 279
3455 844 3622 908 dedit,
3654 856 3703 900 et
3731 845 3826 915 jn-

2227 937 2423 992 dicium
2455 938 2688 992 futurum
2728 952 2836 991 sua:
2869 936 3164 1006 majestatis
3193 935 3440 990 innotuit.
3483 934 3643 989 Jacob
3677 940 3824 991 enim

2228 1028 2459 1083 diximus
2492 1028 2796 1098 signiﬁcare
2826 1029 3077 1098 populum
3104 1035 3441 1096 sequentem,
3475 1028 3566 1094 qui
3596 1028 3824 1095 adopta-

2232 1130 2315 1174 tus
2343 1135 2438 1188 per
2467 1119 2691 1189 gratiam
2720 1118 2921 1174 Christi
2952 1119 3136 1188 prima:
3167 1117 3524 1174 districtionis
3551 1128 3824 1189 prmeepta

2232 1213 2524 1280 superavit.

2308 1305 2456 1358 Vers.
2487 1305 2541 1358 5.
2571 1303 2942 1357 Testimonium
2989 1303 3040 1356 in
3071 1301 3265 1371 Joseph
3305 1304 3475 1372 posuit
3519 1302 3671 1365 illud,
3702 1318 3821 1356 cum

2231 1398 2388 1449 exin-t
2423 1395 2488 1448 de
2531 1405 2664 1448 terra
2697 1394 2951 1464 ngypti;
2998 1397 3221 1465 lnguam
3262 1409 3415 1463 quam
3460 1409 3562 1447 non
3607 1402 3820 1447 noverat

2231 1490 2449 1542 audivit.
2477 1485 2672 1554 Ioseph
2713 1486 2982 1556 signiﬁcat
3013 1484 3560 1554 augtnentutn,.cujus
3589 1483 3824 1538 nominis

2232 1577 2602 1647 interpretatio
2647 1577 3010 1630 testimonium
3043 1585 3125 1629 est
3158 1575 3368 1628 llebrtci
3402 1575 3606 1644 populi,
3639 1577 3726 1643 qui
3757 1577 3820 1629 de
3913 1575 3920 1580 ’

2231 1679 2365 1723 terra
2394 1667 2616 1740 ngypti
2638 1667 3020 1736 multiplicatus
3040 1666 3335 1720 exivit.Scd
3368 1666 3466 1720 hoc
3488 1665 3554 1719 ad
3584 1673 3823 1720 nostram

535 1758 633 1811 cob
665 1774 676 1809 :
708 1755 1028 1810 cantandum
1064 1764 1148 1810 est
1196 1756 1357 1824 igitur
1387 1755 1438 1807 in
1471 1755 1624 1808 initio
1658 1757 1859 1811 mensis
1895 1757 2047 1834 tuba,
2076 1758 2125 1809 in
2161 1768 2205 1828 Β
2236 1761 2635 1830 generationem
2685 1767 3051 1827 competenter
3099 1767 3333 1827 aptatur.
3379 1757 3511 1811 Nam
3551 1757 3692 1811 sicut
3737 1757 3825 1811 ille

535 1850 621 1902 die
668 1847 862 1917 insigni
902 1848 1261 1902 solemnitatis
1305 1861 1513 1900 eorum.
1550 1847 1706 1902 Modo
1735 1848 1936 1918 reliqua
1988 1862 2124 1916 pcr-

546 1948 869 1994 SCI‘Ulellllll'.

610 2029 760 2082 Vers.
793 2027 846 2082 5.
871 2026 1049 2080 Canite
1078 2027 1222 2080 initio
1250 2018 1435 2081 mensis
1467 2027 1609 2095 tuba,
1636 2028 1690 2081 in
1715 2027 1797 2082 die
1827 2029 2016 2101 insigni
2038 2045 2128 2084 so-

534 2119 806 2174 lentuitatis
830 2129 1022 2172 vestra}.
1044 2118 1375 2188 Prmceptum
1403 2118 1576 2173 fuerat
1599 2121 1741 2174 inter
1763 2121 1869 2173 alia
1898 2121 2126 2188 Iudaeis,

536 2222 646 2265 uta
689 2211 862 2281 prima
893 2211 982 2265 die
1025 2211 1238 2278 septimi
1287 2211 1508 2280 mensis,
1542 2220 1746 2280 septem
1778 2211 1968 2267 diebus
2002 2215 2128 2268 tuba

537 2313 808 2368 canerent,
833 2303 974 2372 quod
999 2302 1283 2374 hodieque
1324 2304 1615 2359 carnaliter
1654 2303 1890 2374 faciunt,
1920 2322 2024 2360 non
2053 2309 2132 2361 in.

536 2395 836 2468 telligentcs
867 2395 989 2450 ideo
1019 2393 1186 2449 fuisse
1213 2395 1446 2464 jussurn,
1476 2397 1727 2464 quoniam
1759 2395 1994 2464 Spiritus
2018 2412 2129 2450 san-

537 2490 606 2544 eti
636 2488 803 2560 gratia
834 2487 1162 2556 septiformis
1193 2487 1528 2556 baptizandis
1553 2497 1668 2542 erat
1693 2496 1805 2541 toto
1831 2488 1966 2542 orbe
1994 2502 2133 2557 pra:-

538 2584 791 2639 dicanda.
826 2581 980 2638 Unde
1009 2595 1154 2636 nunc
1191 2580 1375 2636 ﬁdefes
1407 2581 1661 2635 admonet
1691 2579 2050 2647 Christianos,
2078 2589 2135 2634 ut

539 2674 725 2730 laudes
755 2673 962 2726 Domini
987 2671 1293 2740 prmcouia‘li
1319 2673 1554 2726 debeant
1583 2686 1711 2726 voce
1741 2679 1982 2738 cantare,
2015 2685 2133 2726 cum

539 2783 692 2824 nova:
730 2767 1160 2837 regenerationis
1190 2765 1389 2820 iuerint
1415 2765 1608 2834 gaudia
1652 2767 1952 2820 consecuti.
1985 2764 2137 2818 Τυὺι

541 2864 683 2916 enim
739 2877 861 2918 cum
915 2861 1155 2931 ponitur,
1207 2861 1546 2931 grandisonis
1601 2860 1797 2930 aliquid
1855 2860 2136 2928 praedicari

541 2956 866 3009 clamoribus
919 2953 1204 3008 indicatur.
1239 2953 1330 3007 Sic
1368 2959 1424 3006 et
1461 2951 1596 3006 alios
1647 2950 1909 3021 propheta
1962 2950 2134 3006 dicit:

546 3047 798 3101 Exclamo
820 3055 865 3101 et
888 3046 1063 3100 exalto
1088 3047 1220 3099 sicut
1263 3044 1385 3098 tuba
1428 3060 1598 3098 vocem
1639 3051 1778 3098 tuam
1801 3041 1958 3116 (Isai.
1982 3059 2135 3107 Lvtzt,

2233 1869 2328 1924 per
2358 1853 2520 1907 maris
2563 1852 2730 1907 Rubri
2774 1852 2942 1905 undas
2973 1851 3209 1905 salvatus
3239 1849 3442 1920 ejectus
3471 1860 3578 1918 est,
3620 1852 3699 1906 sic
3729 1865 3824 1905 nos

2231 1961 2261 1999 a
2287 1955 2425 1999 terra
2450 1943 2692 2014 ASgypti,
2723 1943 2775 1997 id
2801 1952 2883 1998 est
2911 1957 2943 1997 a
2969 1943 3112 1996 vitiis
3139 1941 3443 1996 carnalibus
3463 1944 3716 2010 absoluti,
3745 1958 3826 1996 sa-

2231 2051 2322 2092 cra
2353 2036 2487 2090 unda
2514 2044 2886 2105 regenerante,
2917 2035 3266 2088 renascimur.
3297 2034 3404 2087 Nec
3428 2049 3623 2088 nomen
3650 2036 3822 2104 ipsum

2233 2128 2392 2184 maris
2427 2128 2589 2182 Rubri
2618 2137 2768 2182 vacat
2795 2144 2809 2180 :
2842 2129 2965 2197 quia
2995 2126 3134 2181 sicut
3173 2125 3304 2180 illud
3334 2115 3572 2179 llubrum
3609 2137 3825 2180 constat

2233 2223 2360 2290 dici,
2396 2222 2466 2274 ita
2513 2230 2567 2276 et
2600 2222 2713 2274 Itale
2742 2235 2880 2290 aqua
2924 2219 3086 2274 rubra
3140 2228 3315 2288 potest
3357 2222 3678 2290 nuncupari,
3713 2238 3828 2290 quia

2235 2328 2338 2367 una
2391 2328 2510 2368 cum
2547 2312 2806 2382 sanguine
2833 2311 2901 2366 de
2932 2312 3098 2366 latere
3145 2311 3359 2366 Domini
3389 2310 3685 2366 Salvator-is
3717 2314 3830 2365 exi-

2240 2406 2328 2458 vit.
2364 2405 2635 2474 Sequitur,
2667 2402 2897 2473 linguam
2919 2418 3070 2470 quam
3091 2417 3189 2456 non
3214 2410 3422 2456 noverat
3453 2403 3671 2455 audivit.
3707 2400 3821 2454 Lin-

2237 2513 2392 2565 guunt
2423 2496 2512 2551 hic
2538 2494 2671 2548 Novi
2697 2493 3028 2549 Testamenti
3056 2502 3323 2562 prtecepta
3355 2492 3610 2547 debemus
3636 2493 3824 2546 adver-

2241 2599 2374 2642 ιειε.
2407 2585 2541 2640 Nam
2587 2587 2632 2640 si
2669 2599 2947 2640 sermones
2989 2585 3275 2654 intelligas,
3304 2585 3572 2653 quomodo
3598 2584 3827 2655 linguam

2238 2693 2393 2746 quant
2414 2693 2518 2730 non
2536 2688 2744 2731 noverat
2772 2676 2999 2745 populus
3024 2675 3278 2731 Hebraeus
3301 2676 3656 2743 uudirit,dum
3681 2675 3828 2732 Cini-

2239 2779 2380 2824 stum
2410 2770 2692 2824 Dominum
2725 2768 2956 2824 locutum
2988 2777 3199 2840 constrt
3240 2767 3533 2823 llebraice?
3562 2769 3673 2824 Hoc
3701 2784 3828 2840 ergo

2240 2865 2391 2930 dicit,
2425 2863 2546 2934 quia
2571 2876 2667 2932 per
2697 2859 3044 2930 Evangelium
3071 2859 3352 2913 audierunt
3380 2859 3630 2930 linguam,
3665 2860 3716 2913 id
3748 2871 3830 2916 est

2243 2964 2529 3026 przccepta,
2581 2968 2702 3024 qua;
2751 2951 2896 3021 prius
2942 2966 3128 3005 eorum
3186 2951 3374 3005 uetitia
3428 2966 3531 3005 non
3580 2951 3830 3006 habebat.

2244 3051 2370 3104 Sive
2398 3048 2525 3102 illud
2553 3045 2814 3115 signiﬁcat
2855 3054 3088 3114 tempus,
3119 3044 3329 3115 quando
3368 3045 3594 3112 apostoli
3630 3044 3832 3109 Spitiltt

544 3139 1104 3211 l).Considerandum
1134 3147 1218 3193 est
1246 3152 1462 3207 quoque
1497 3137 1638 3207 quod
1672 3154 1768 3206 per
1793 3153 1994 3205 organa
2022 3153 2136 3190 ιιιιι·
2163 3143 2207 3204 C
2241 3150 2416 3195 sancto
2456 3139 2667 3207 repleti,
2733 3137 2920 3206 linguis
2963 3137 3156 3207 ignotis
3205 3145 3260 3192 et
3306 3137 3460 3190 variis
3501 3145 3622 3191 sunt
3674 3138 3837 3192 locuti

543 3233 671 3286 sica:
701 3231 998 3301 disciplina:
1029 3238 1085 3286 et
1119 3230 1350 3300 psallere
1387 3229 1635 3295 Domino,
1668 3239 1723 3283 et
1762 3227 1905 3283 diem
1949 3230 2134 3296 praeci-

544 3325 720 3395 pimur
745 3325 1104 3380 solemnitatis
1149 3323 1376 3393 implere
1396 3364 1412 3388 ,
1447 3331 1506 3376 ut
1533 3321 1674 3376 sicut
1697 3321 1792 3375 illa
1821 3322 2138 3390 rediguntur

548 3419 614 3474 ad
664 3417 1005 3474 dulcisonum
1055 3415 1246 3480 melos,
1291 3425 1344 3468 et
1395 3415 1446 3468 in
1491 3427 1652 3467 unam
1702 3413 2134 3468 convenientiam

545 3513 787 3566 suaviter
816 3511 1168 3580 colliguntur,
1197 3507 1268 3561 ita
1288 3506 1464 3560 omnis
1487 3514 1638 3560 actus
1665 3513 1849 3559 noster
1866 3504 2138 3577 redigatur

545 3597 611 3657 ad
645 3603 950 3670 Dominum,
981 3611 1033 3657 et
1065 3599 1457 3672 jucundissima
1489 3597 1856 3653 modulatione
1894 3597 2011 3667 ejus
2043 3613 2137 3650 au-

545 3695 695 3750 ribus
742 3692 1019 3748 oﬁeratur.
1061 3690 1155 3744 Est
1203 3690 1348 3744 enim
1393 3686 1691 3760 disciplinas
1721 3688 1890 3756 ipsius
1945 3701 2135 3755 magna

546 3788 629 3842 vis
673 3784 1114 3854 delectabilisque
1157 3781 1414 3851 cognitio,
1457 3795 1616 3848 quam
1663 3779 1914 3834 doctores
1958 3792 2133 3831 saccu-

549 3879 740 3934 larium
771 3876 1066 3931 litterarum
1097 3874 1388 3944 (largiente
1413 3871 1546 3940 Deo,
1579 3872 1667 3941 qui
1699 3870 1946 3926 concedit
1974 3885 2134 3926 omne

541 3971 685 4042 quod
712 3970 840 4024 utile
866 3967 985 4038 est)
1018 3967 1260 4022 iecerunt
1289 3965 1630 4020 doctrinabili
1673 3964 1905 4020 lectione
1933 3979 2134 4034 cogno-

546 4066 646 4130 sci,
666 4079 784 4134 qute
812 4064 863 4119 in
897 4077 1075 4117 rerum
1105 4073 1292 4116 natura
1323 4061 1470 4128 prius
1491 4061 1774 4114 tenebatur
1800 4058 2130 4114 abscondita.

547 4157 726 4213 Prima
753 4170 882 4226 ergo
923 4155 1080 4224 hujus
1109 4154 1404 4224 disciplinae
1446 4153 1659 4223 partitio
1691 4161 1774 4207 est
1800 4153 2130 4218 harmonica,

551 4253 876 4324 rhythmica,
917 4249 1160 4306 metrica.
1193 4249 1438 4304 Secunda
1490 4247 1704 4316 partitio
1749 4247 2128 4303 instrumento'

548 4362 667 4400 tum
698 4345 817 4416 ejus
840 4353 922 4398 est
953 4343 1006 4396 in
1037 4341 1475 4412 percussionalia,
1507 4341 1561 4394 in
1593 4340 1875 4408 tensibilia,
1914 4341 1967 4394 in
1997 4340 2130 4395 ﬂati-

549 4440 639 4492 lia.
665 4437 844 4492 Tertia
873 4435 1128 4490 dividitur
1155 4434 1206 4488 in
1237 4432 1585 4504 symphonias
1610 4448 1725 4488 sex.
1759 4432 1959 4500 Quarta
1991 4433 2131 4486 divi-

2271 3236 2379 3284 Act.
2400 3245 2457 3295 tt,
2492 3227 2575 3297 lt).

2271 3236 2433 3284 Act."
2492 3233 2517 3280 4
2559 3269 2575 3285 .

2245 3233 2262 3302 (
2317 3270 2466 3376 Vers:
2498 3233 2549 3374 6).
2585 3314 2800 3371 Divertit
2845 3317 2908 3370 ab
2953 3318 3190 3373 oneribus
3227 3318 3432 3372 dorsum
3459 3321 3608 3392 ejus;
3647 3333 3832 3372 manus

2240 3415 2350 3484 ejus
2375 3414 2426 3464 in
2455 3409 2677 3482 cophino
2703 3410 3002 3462 servierunt.
3030 3410 3092 3463 Et
3133 3409 3235 3465 hoc
3276 3411 3518 3479 quamvis
3561 3412 3629 3464 ad
3661 3411 3830 3465 histo-

2239 3507 2371 3560 riam
2396 3505 2499 3558 dici
2534 3503 2796 3570 videatur,
2823 3501 3034 3571 quando
3059 3503 3109 3555 in
3141 3501 3373 3572 Egypto
3397 3501 3705 3556 Judazorum
3734 3517 3828 3571 po-

2241 3598 2394 3666 pulus
2423 3594 2648 3648 diversis
2681 3593 3092 3649 necessitatibus
3135 3594 3422 3660 serviebat,
3453 3594 3612 3647 modo
3643 3603 3702 3647 ut
3745 3595 3826 3647 la-

2241 3701 2382 3746 teres
2424 3688 2840 3758 laceret,’m0d0
2880 3698 2939 3743 ut
2992 3698 3189 3743 terram
3233 3690 3479 3757 cophiuis
3523 3691 3829 3756 exhiberet,

2241 3792 2416 3836 tamen
2442 3781 2578 3835 istud
2602 3780 3027 3836 Christianorum
3055 3781 3294 3851 partibus
3321 3782 3627 3850 diligentius
3650 3784 3824 3852 appli-

2238 3889 2440 3939 camus,
2475 3889 2502 3926 a
2535 3889 2762 3945 quorum
2791 3874 2951 3928 dorso
2978 3875 3175 3929 avertit
3208 3876 3346 3930 Deus
3373 3891 3536 3931 onera
3586 3890 3830 3944 peccato-

2239 3984 2377 4032 rum,
2408 3967 2620 4036 quando
2664 3981 2723 4020 se
2756 3965 2893 4021 felici
2944 3968 3243 4022 humilitate
3275 3977 3651 4036 prosternunt,
3688 3970 3829 4025 sicut

2237 4062 2349 4132 ipse
2380 4062 2543 4116 dicit:
2581 4061 2758 4116 Venite
2795 4063 2863 4115 ad
2892 4079 2988 4129 me,
3019 4080 3193 4117 omnes
3228 4064 3314 4129 qui
3342 4064 3586 4116 laboratis
3614 4074 3658 4116 et
3703 4081 3828 4118 one-

2235 4154 2338 4207 rati
2365 4155 2501 4219 estis,
2537 4163 2583 4206 et
2602 4169 2694 4225 ego
2725 4153 2952 4222 reﬁciam
2976 4170 3063 4207 vos
3090 4153 3307 4224 (Matth.
3332 4169 3408 4221 XI,
3435 4154 3548 4224 :18).
3567 4152 3827 4220 Cophinos

2237 4258 2414 4301 autem
2447 4247 2673 4302 dicimus
2697 4259 2791 4316 per
2817 4261 2955 4317 quos
2985 4249 3223 4302 sordium
3267 4257 3615 4317 purgamenta
3657 4247 3828 4318 proji-

2235 4341 2426 4403 cimus,
2458 4348 2514 4391 ut
2545 4339 2648 4392 loci
2681 4339 2885 4408 puritas
2913 4339 3201 4404 elucescat.
3230 4337 3421 4392 Manus
3456 4354 3584 4409 ergo
3615 4353 3743 4394 suas
3771 4342 3824 4395 in

2235 4432 2312 4484 eis
2351 4437 2530 4484 tenent
2567 4432 2656 4499 qui
2691 4441 3028 4499 peccatorum
3064 4429 3415 4484 immunditiis
3453 4438 3825 4498 occupantur:

550 4529 696 4582 ditur
743 4527 793 4581 in
827 4535 982 4580 tonos
1009 4523 1332 4594 quindecim.
1359 4522 1448 4577 Sic
1489 4524 1650 4577 totius
1675 4522 1840 4576 virtus
1881 4523 2131 4592 pulcher-
2167 4517 2212 4574 D
2241 4524 2334 4577 sed
2385 4525 2450 4578 de
2496 4523 2594 4578 hac
2643 4524 2900 4578 servitute
2950 4523 3238 4578 liberamur
3277 4539 3304 4576 a
3337 4523 3578 4589 Domino,
3610 4523 3828 4593 quando

551 4621 698 4674 rimte
725 4618 874 4673 istius
909 4615 1204 4686 disciplina:
1234 4614 1426 4669 talibus
1449 4614 1748 4684 priscorum
1775 4615 2130 4671 distinctioni-

552 4712 652 4768 bus
680 4712 1003 4780 explicatur;
1037 4725 1132 4779 per
1157 4724 1292 4779 quos
1313 4708 1500 4763 modos
1525 4707 1578 4763 in
1606 4707 1952 4763 szecularibus
1985 4711 2132 4766 libris

553 4803 716 4857 multa
758 4803 968 4871 quidem
1017 4800 1238 4870 legimus
1270 4808 1484 4854 ostensa
1516 4797 1680 4854 fuisse
1711 4798 1986 4854 miracula.
2021 4800 2128 4856 Sed

551 4910 599 4948 Ill
634 4894 870 4948 l'ahulnsa
915 4892 1052 4946 forte
1098 4900 1401 4956 taceamus,
1430 4907 1526 4962 per
1573 4891 1832 4946 citharam
1877 4907 2126 4948 canoram

551 4988 646 5039 Dm
664 4985 714 5039 id
733 4985 1010 5055 legimusa
1037 4983 1198 5038 Saule
1222 4985 1432 5052 fugasse
1453 4983 1775 5037 daemonium
1799 4980 1851 5039 tl
1877 4983 2002 5054 Reg.
2021 4999 2128 5053 xw,

551 5077 680 5146 25);
712 5090 896 5131 muros
925 5073 1138 5132 Jericho
1165 5073 1530 5142 clangentibus
1562 5073 1702 5127 tubis
1739 5076 1982 5142 protinus
2013 5090 2132 5128 enr-

551 5171 720 5224 ruisse
741 5167 879 5238 (los.
910 5183 983 5234 vr,
1011 5167 1134 5239 20),
1169 5166 1328 5222 lectio
1353 5165 1532 5221 divina
1556 5175 1808 5232 tcStatur;
1836 5175 1891 5219 ut
1914 5166 2128 5220 dubium

555 5275 660 5313 non
685 5259 754 5313 sit
783 5258 1015 5313 nmsicos
1037 5270 1198 5312 sonos
1222 5255 1463 5326 (jubcnte
1490 5265 1664 5309 tamen
1694 5269 1757 5308 ac
1790 5257 2130 5323 permittente

553 5351 804 5424 Domino)
836 5365 1053 5421 magnas
1081 5351 1392 5420 plerumque
1421 5349 1615 5406 fecisse
1640 5347 1883 5404 virtutes.

622 5446 774 5500 Vers.
803 5445 855 5499 4.
890 5443 1023 5508 Quia
1054 5452 1363 5514 prwccptum
1407 5440 1460 5494 in
1490 5439 1657 5495 Israel
1685 5450 1778 5506 est,
1807 5450 1854 5494 et
1870 5439 2129 5510 judicium

553 5535 659 5590 Deo
682 5535 862 5591 Jacob.
893 5535 1029 5590 Dicit
1056 5530 1271 5588 causam
1300 5547 1465 5604 quare
1485 5532 1714 5588 debeant
1739 5531 1862 5586 tuba
1890 5547 2083 5587 canere
2112 5549 2124 5584 :

553 5627 672 5693 quia
708 5629 792 5680 tu
825 5627 948 5680 data
981 5637 1061 5680 est
1105 5643 1199 5696 per
1235 5627 1452 5698 Moysen
1499 5624 1552 5678 in
1597 5624 1884 5679 Israelitico
1911 5625 2127 5693 populo,

554 5731 651 5777 qui
694 5719 901 5781 coytita
944 5718 1118 5770 nullus
1161 5731 1380 5784 peccare
1419 5715 1707 5771 debuisset.
1745 5714 2008 5769 Judicium
2037 5729 2129 5769 au-

2233 4617 2494 4669 scelerum
2529 4601 2832 4669 nostrorum
2865 4615 3114 4669 sordibus
3136 4616 3438 4684 expiamur.

2308 4706 2456 4760 Vers.
2491 4706 2543 4760 7.
2579 4703 2644 4758 In
2671 4705 2994 4758 tribulatione
3019 4706 3266 4760 invocasti
3289 4724 3387 4772 me,
3420 4716 3465 4759 et
3490 4707 3698 4760 liberavi
3726 4719 3775 4760 te
3804 4723 3826 4761 :

2232 4799 2466 4852 exaudiri
2504 4808 2550 4850 te
2587 4799 2639 4850 in
2679 4796 2976 4850 abscondito
3023 4799 3380 4868 tempestatis:
3423 4799 3632 4867 probavi
3663 4809 3711 4851 te
3747 4802 3816 4852 ad

2232 4905 2418 4958 aquam
2457 4891 2892 4942 contradictionis.
2935 4888 3050 4944 Jam
3082 4889 3298 4959 quidem
3333 4890 3540 4944 Domini
3571 4890 3822 4946 Salvato-

2234 4985 2308 5038 ris
2357 4983 2517 5038 verba
2573 4981 2902 5046 referuntur,
2949 4993 3003 5037 et
3053 4992 3264 5051 poterat
3307 4998 3429 5039 esse
3476 4985 3687 5050 divisio,
3716 4987 3820 5041 nisi

2237 5085 2355 5143 post
2388 5091 2597 5128 versum
2628 5076 2787 5128 istum
2821 5074 3114 5144 diapsaltna
3147 5086 3502 5144 sequeretur:
3534 5077 3622 5132 ubi
3653 5083 3822 5148 magis

2233 5164 2626 5231 competentius
2649 5165 2920 5219 credimus
2943 5179 3062 5219 esse
3086 5164 3109 5218 Γ
3123 5166 3403 5221 ιεῐειιιιειιιι.
3429 5166 3534 5221 Sed
3563 5168 3820 5236 quoniam

2235 5270 2461 5326 persona
2510 5264 2710 5308 mutata
2761 5266 2863 5318 est,
2897 5257 2997 5310 hoc
3040 5257 3258 5312 schema
3292 5259 3489 5314 dicitur
3526 5261 3820 5329 ethopmia.

2233 5348 2444 5417 quoties
2489 5349 2720 5419 aliquem
2753 5351 3139 5405 introducimus
3169 5353 3235 5404 ad
3267 5353 3606 5421 loquendum.
3644 5354 3825 5422 Impu-

2235 5449 2416 5494 tantur
2445 5441 2588 5496 enim
2623 5441 2904 5509 beneﬁcia,
2933 5453 2988 5495 ut
3010 5443 3223 5511 gravior
3269 5443 3564 5498 aestimetur
3590 5442 3826 5498 oﬁ‘ensa.

2237 5531 2354 5600 Ipse
2381 5531 2524 5586 enim
2556 5548 2653 5587 nos
2686 5533 2754 5588 de
2784 5532 3111 5586 tribulatione
3150 5531 3350 5598 liberat,
3381 5534 3493 5601 i,‘se
3524 5536 3572 5587 in
3603 5535 3830 5588 abscon-

2234 5625 2340 5676 dito
2362 5627 2659 5693 angustiam
2691 5624 2845 5698 [mss.
2881 5624 2944 5679 (ἱ.
2977 5633 3030 5679 ει
3059 5624 3142 5688 F.,
3174 5627 3227 5679 in
3249 5627 3546 5680 abscondita
3563 5625 3825 5698 angustia]

2237 5725 2433 5770 nostrae
2465 5717 2773 5788 tempestatis
2798 5716 2936 5789 [ms.
2968 5717 3057 5784 A.,
3091 5717 3382 5771 tentationis
3403 5717 3416 5764 l
3438 5719 3648 5772 exaudit
3673 5733 3694 5772 :
3727 5717 3820 5773 sed
