3952 6162
232 272 325 327 589

1135 273 1493 329 EXPOSITIO
1532 274 1594 328 IN
1639 272 2101 361 PSAL'I‘ERIUII.
2147 272 2339 327 PSAL.
2384 272 2595 328 LXXX.

3395 273 3499 327 590

232 384 404 453 probat
435 399 537 439 nos
568 385 620 440 in
648 388 1158 443 contradictionibus
1184 387 1577 453 litereticorunt,
1598 387 1811 457 quando
1840 395 1887 449 Α
1916 386 2139 440 servire.
2185 384 2485 454 lntelligant
2528 400 2657 455 ergo
2697 382 2879 438 Ariani
2915 383 3102 454 quibus
3142 383 3328 441 sociati
3372 392 3500 450 sint,

231 477 495 547 aliquibus
525 480 963 534 altercationibus
1002 480 1149 533 velut
1179 478 1351 534 ventis
1384 479 1639 535 ﬂantibus
1673 480 1817 535 exci-

237 577 429 619 tamur.
460 565 594 620 Nam
628 568 671 622 si
714 569 777 622 ad
809 568 1085 624 historiam
1131 568 1353 637 referas,
1399 586 1584 638 aquam
1615 581 1819 624 contra-

232 656 469 711 dictionis
494 658 646 723 dicit,
672 660 887 729 quando
933 660 985 715 in
1032 660 1245 715 deserto
1272 660 1467 715 fluenta
1502 662 1821 717 Israelitico:

231 750 451 822 populus
492 751 781 807 incredulis
805 753 1074 808 mentibus
1105 752 1408 822 expetebat.

299 936 451 992 Vers.
480 936 534 991 8.
563 936 721 1000 Audi,
764 938 989 1006 populus
1036 954 1197 1002 meus,
1244 948 1288 992 et
1321 937 1506 1007 loquar
1554 936 1745 1005 Israel,
1772 948 1820 992 et

233 1031 535 1097 testiﬁcabor
566 1031 655 1084 tibi
682 1046 701 1084 :
735 1029 926 1097 Israel,
960 1031 1005 1085 si
1044 1047 1122 1085 me
1165 1032 1411 1096 audieris,
1436 1048 1539 1085 non
1568 1032 1660 1084 erit
1696 1031 1745 1084 in
1775 1040 1821 1083 te

233 1125 349 1177 deus
371 1139 572 1187 recens,
602 1139 764 1191 neque
798 1124 1040 1177 adorabis
1077 1124 1227 1178 deum
1253 1124 1502 1178 alienum.
1538 1121 1823 1193 Inlerjecto

234 1214 579 1283 diapsalmate
605 1214 770 1284 (quod
791 1215 943 1269 nobis
969 1215 1116 1270 estin
1136 1215 1485 1271 divisionibus
1502 1229 1825 1284 magnopere

235 1306 698 1377 custodiendum),
727 1307 870 1360 venit
893 1307 958 1359 ad
982 1308 1272 1362 secundam
1303 1315 1529 1376 partem.
1566 1306 1669 1360 Sed
1702 1321 1822 1359 cum

239 1406 303 1450 sit
328 1396 574 1452 anterius
601 1398 742 1467 loqui
769 1414 928 1468 quam
952 1398 1158 1463 audire,
1184 1399 1268 1453 hic
1292 1399 1437 1468 prius
1468 1397 1695 1468 positum
1722 1406 1824 1465 est,

240 1488 409 1554 Audi;
443 1497 502 1543 ut
533 1488 779 1543 advertas
818 1489 885 1544 ad
927 1489 1329 1559 intelligentiam
1376 1490 1550 1558 potius
1601 1488 1823 1551 dictum,

241 1595 338 1634 non
368 1580 437 1635 ad
470 1580 679 1635 aurium
714 1580 1077 1635 transitorium
1108 1596 1319 1634 sonum.
1355 1579 1492 1635 Dicit
1516 1580 1702 1645 etiam,
1735 1597 1827 1649 po-

239 1673 385 1737 pulus
431 1686 611 1737 meus,
661 1680 721 1725 ut
767 1670 915 1724 illam
966 1680 1328 1739 sequestraret
1375 1685 1670 1737 amurcam,
1710 1686 1828 1739 quas

240 1762 599 1817 torcularibus
630 1759 885 1816 Ecclesize
916 1771 1165 1831 tanquam
1200 1775 1323 1832 pars
1364 1759 1626 1814 fmcilettta
1669 1759 1828 1829 proji-

237 1853 391 1906 citur.
430 1852 521 1905 Ille
543 1861 625 1905 est
647 1852 790 1905 enim
823 1850 1044 1920 papulas
1073 1850 1188 1916 Dei,
1218 1852 1309 1920 qui
1330 1852 1497 1905 nescit
1521 1866 1640 1904 cunt
1671 1851 1823 1904 matis

237 1944 407 2013 aliqua
443 1957 653 1996 morum
688 1942 1043 2009 permixtione
1066 1940 1353 2005 confundi;
1385 1940 1477 1995 sed
1504 1941 1555 1994 in
1578 1940 1681 1994 olei
1709 1940 1821 2008 piu-

235 2034 467 2103 guedine
513 2046 579 2085 ac
618 2030 846 2099 puritate
894 2032 947 2085 in
995 2032 1191 2086 Christi
1224 2031 1392 2101 gratia
1444 2031 1825 2085 mundissimus

236 2131 563 2191 perseverat.
595 2120 867 2190 Sequitur,
894 2119 1081 2186 Israel,
1108 2131 1154 2174 et
1202 2121 1507 2190 testiﬁcabor
1553 2122 1663 2175 tibi.
1692 2119 1823 2175 Cum

234 2214 317 2268 hic
360 2224 492 2266 ante
534 2212 766 2280 judiCcm
802 2212 1015 2266 soleant
1061 2222 1227 2267 testes
1281 2211 1530 2281 produci,
1565 2210 1677 2279 ipse
1725 2211 1825 2264 Do-

233 2302 409 2356 minus
433 2301 623 2371 jud‘.cii
664 2311 850 2356 testem
892 2315 951 2355 se
995 2300 1124 2357 dicit
1154 2317 1275 2356 esse
1306 2301 1587 2367 veritatis;
1620 2310 1676 2354 ut
1705 2301 1822 2355 nul-

234 2393 316 2449 lus
364 2394 436 2448 de
485 2392 748 2447 factorum
792 2407 1013 2447 suorum
1054 2393 1495 2462 compensatione
1534 2392 1825 2458 dubitaret,

233 2485 321 2540 ubi
353 2483 485 2538 talis
528 2484 849 2551 astipulator
891 2482 1179 2549 existeret;
1224 2484 1365 2552 quod
1409 2493 1584 2539 tamen
1632 2499 1822 2538 conse-

234 2589 466 2647 quenter
496 2576 734 2647 exponit.
764 2575 1087 2645 Testiﬁcatur
1127 2575 1270 2631 enim
1320 2576 1575 2630 Dominus
1616 2576 1829 2647 quando

234 2671 285 2721 in
319 2669 418 2722 illo
458 2666 667 2736 judicio
695 2665 993 2735 majeStatis
1022 2680 1135 2720 suae
1167 2665 1453 2736 unicuique
1493 2663 1703 2721 dederit
1734 2682 1829 2735 pro

233 2763 505 2816 factorum
531 2774 752 2815 suorum
793 2759 1048 2829 qualitate
1084 2759 1402 2815 sententiam
1434 2777 1448 2815 :
1481 2760 1567 2814 ubi
1610 2760 1831 2815 testibus

234 2869 372 2923 opus
396 2869 508 2908 non
528 2852 702 2907 eritut
723 2852 1119 2922 judicetur,sed
1145 2853 1315 2923 ipsum
1334 2852 1593 2922 judicium
1618 2862 1829 2908 actuum

239 2957 553 3000 nostrorum
588 2945 958 2998 testimonium
1003 2944 1169 2999 dabit.
1196 2944 1447 2998 Dicturus
1476 2955 1557 2999 est
1587 2944 1728 2999 enim
1752 2945 1833 3015 jn-

236 3039 334 3093 stis
365 3054 381 3092 ε
416 3036 650 3103 Esurivi,
680 3047 725 3089 et
751 3037 962 3089 dedistis
987 3036 1113 3090 mihi
1136 3037 1444 3090 manducare
1465 3053 1484 3102 ;
1510 3036 1724 3101 sitivi,et
1745 3038 1832 3090 de-

1926 476 2014 545 qui
2042 490 2100 529 se
2129 490 2156 527 a
2187 474 2447 529 catholica
2485 475 2713 530 sanitate
2740 474 3067 545 disjungunt.

1999 564 2151 620 Vers.
2182 566 2233 618 9.
2271 564 2381 634 Ego
2419 565 2551 618 enim
2597 582 2710 617 sum
2750 564 3003 619 Dominus
3046 563 3183 618 Deus
3232 576 3377 632 tuus,
3417 567 3503 635 qui

1922 658 2078 711 eduxi
2112 668 2158 710 te
2179 656 2243 710 de
2266 665 2402 710 terra
2434 656 2674 728 JEgypti.
2713 657 2887 711 Dilata
2928 675 2983 713 os
3016 670 3180 725 tuum,
3212 671 3260 715 et
3288 661 3505 732 implebo

1922 750 2075 803 illud.
2106 750 2420 805 Reddantur
2445 751 2603 820 justze
2620 765 2794 806 causa:
2811 768 2977 821 quare
3004 753 3138 808 deus
3166 754 3375 809 adorari
3400 772 3505 808 non

1925 843 2117 897 debeat
2138 842 2612 896 alienus.Primum
2627 842 2765 912 quod
2795 843 2934 897 Deus
2956 856 3137 899 noster
3164 846 3507 902 immutabilis

1924 945 2083 1002 atque
2112 942 2344 987 teternus
2374 942 2477 996 est,
2505 933 2594 1002 qui
2624 932 2691 988 de
2712 948 2771 989 se
2799 932 2934 988 dixit
2963 952 2976 987 :
3005 933 3117 1004 Ego
3148 952 3259 988 sum
3288 936 3373 1005 qui
3395 954 3509 989 sunt

1930 1022 2123 1093 (Exod.
2150 1038 2229 1088 tu,
2274 1022 2383 1091 H).
2421 1023 2641 1084 Deinde,
2675 1032 2733 1077 ut
2775 1025 2955 1079 omnia
2986 1026 3403 1097 intelligercmus
3443 1028 3510 1081 ab

1927 1113 2044 1183 ipso
2076 1115 2186 1166 lieri
2216 1127 2546 1183 quaecunque
2576 1114 2729 1167 uobis
2766 1114 3042 1182 profutura
3072 1117 3381 1183 succedunt,
3415 1119 3505 1181 ait,

1925 1204 2013 1272 qui
2039 1203 2192 1257 eduxi
2228 1212 2275 1256 te
2316 1203 2376 1256 de
2403 1215 2536 1255 teria
2566 1201 2802 1275 :Ifgypti.
2851 1203 2980 1270 Qua:
3026 1206 3259 1259 secunda
3305 1205 3512 1274 species

1927 1295 2252 1350 definitionis
2283 1295 2467 1350 Graece
2498 1295 2869 1351 eunoematice
2898 1296 3123 1361 dicitur,
3157 1297 3344 1353 Latine
3368 1299 3513 1353 notio

1933 1396 2283 1456 nuncupatur.
2316 1385 2441 1439 "th
2485 1385 2587 1439 isto
2631 1385 2791 1440 modo
2835 1400 3048 1455 semper
3098 1387 3347 1456 eflicitur,
3392 1403 3513 1443 cum

1932 1481 2299 1549 unusquisque
2330 1478 2397 1533 de
2428 1478 2580 1532 factis
2613 1479 2842 1547 propriis
2872 1479 3160 1549 judicatur,
3188 1496 3307 1550 quae
3332 1492 3385 1536 et
3412 1481 3513 1550 ipsi

1932 1582 2158 1635 tantum,
2181 1586 2283 1624 non
2308 1578 2364 1626 et
2388 1570 2505 1624 aliis
2526 1569 2809 1624 videantur
2838 1570 3104 1627 accidere.
3133 1572 3236 1626 Sed
3266 1573 3366 1627 hoc
3392 1588 3514 1628 cum

1932 1663 2131 1718 Iudu'is
2183 1662 2247 1715 ad
2300 1662 2575 1715 historiam
2622 1661 2836 1726 dicitur,
2885 1661 3307 1719 Christianorum
3356 1666 3517 1736 280

1934 1756 2255 1827 generalitas
2305 1765 2693 1810 commonetur.
2728 1753 2913 1807 Educit
2957 1756 3099 1809 enim
3142 1772 3239 1810 nos
3278 1757 3342 1812 de
3382 1768 3516 1811 terra

1929 1848 2171 1919 ngypti,
2200 1847 2415 1916 quando
2444 1861 2538 1914 per
2564 1847 2988 1915 regenerationis
3015 1848 3237 1916 gratiam
3269 1863 3299 1901 a
3330 1864 3517 1916 pecca-

1931 1942 1996 1994 tis
2028 1938 2315 1993 tetcrrimis
2344 1937 2553 2003 liberat,
2572 1936 2764 2003 quibus
2788 1936 3102 1991 tenebamur
3129 1938 3369 2003 obnoxii,
3392 1954 3513 1993 cum

1931 2044 2119 2083 manus
2149 2042 2349 2083 nosme
2383 2027 2555 2100 (sicut
2582 2028 2655 2081 ait
2684 2027 2959 2098 superius)
2997 2029 3047 2082 in
3086 2029 3303 2101 cophino
3330 2032 3516 2085 servie-

1928 2124 2068 2176 bant.
2093 2121 2362 2192 Sequitur,
2400 2118 2571 2174 Dilata
2612 2136 2667 2172 os
2694 2130 2857 2183 tuum,
2892 2129 2937 2173 et
2970 2121 3186 2186 implebo
3232 2119 3392 2174 illud.
3422 2122 3516 2174 Di-

1929 2216 2056 2279 lata,
2081 2212 2310 2281 divulga,
2333 2211 2644 2277 dissemina,
2674 2210 2978 2264 confitendo
3002 2212 3203 2281 utique,
3225 2212 3307 2266 vel
3331 2213 3517 2267 admo-

1929 2304 2135 2370 nendo;
2164 2314 2218 2357 ut
2244 2303 2329 2357 illa
2356 2302 2490 2357 velis
2514 2303 2655 2372 loqui
2678 2317 2797 2371 qua:
2820 2302 2975 2371 digna
3005 2302 3286 2357 videantur
3307 2306 3514 2361 auditu.

1930 2397 2077 2467 Tunc
2105 2394 2244 2449 enim
2286 2408 2479 2448 sensus
2518 2393 2776 2463 spirituali
2823 2394 2990 2463 gratia
3020 2394 3278 2461 repletur,
3307 2398 3518 2464 quando

1932 2486 1985 2540 in
2022 2485 2208 2541 Iaudes
2245 2486 2451 2539 Domini
2485 2501 2541 2538 os
2569 2486 2839 2539 dilatatam
2886 2500 3008 2542 esse
3053 2490 3423 2558 cognoscitur;
3464 2503 3519 2545 ut

1933 2579 2038 2633 hoc
2088 2594 2182 2647 per
2228 2578 2345 2647 ejus
2387 2576 2611 2647 gratiam
2661 2577 2995 2642 inchoemns,
3036 2587 3091 2633 et
3134 2581 3252 2649 ejus
3300 2597 3519 2635 munero

1933 2672 2330 2738 compleanius;
2358 2670 2493 2723 sicut
2523 2668 2985 2736 dicitApostolus:
3019 2671 3320 2725 Dilalamini
3339 2684 3386 2726 et
3409 2690 3517 2731 vos,

1934 2760 2112 2815 Nolite
2150 2763 2337 2832 jngum
2383 2762 2567 2812 ducere
2613 2775 2734 2813 cum
2786 2760 3080 2829 inﬁdelibus
3130 2761 3228 2833 (ΙΙ
3274 2763 3392 2819 Cor.
3444 2779 3519 2831 vt,

1934 2857 2020 2915 ts.
2060 2857 2173 2925 tl).

2009 2947 2163 3003 Vers.
2185 2948 2269 3002 10.
2292 2945 2356 2998 Et
2385 2962 2486 3001 non
2510 2946 2703 3000 audivit
2729 2947 2956 3013 populus
2974 2962 3113 3000 meus
3138 2963 3306 3002 vocem
3331 2964 3514 3013 meam,

1935 3052 1982 3098 et
2006 3041 2171 3096 Israel
2196 3056 2296 3093 non
2324 3040 2540 3093 intendit
2561 3039 2702 3094 mihi.

240 3130 390 3183 distis
437 3130 569 3183 mihi
606 3128 770 3182 bibere
798 3127 1016 3200 (Matth.
1059 3144 1185 3195 xxv,
1217 3128 1339 3201 55),
1378 3139 1432 3183 et
1473 3128 1696 3198 reliqua.
1728 3129 1827 3183 ltn-
1854 3134 1898 3195 C
2005 3132 2157 3188 Vers.
2194 3128 2281 3185 ll.
2316 3129 2383 3184 Et
2421 3129 2595 3184 dimisi
2622 3146 2706 3184 eos
2750 3131 3027 3184 secundum
3064 3131 3370 3186 desiderium
3398 3150 3517 3187 cor-

242 3222 344 3289 piis
373 3231 557 3275 autem
589 3220 727 3290 quod
760 3221 884 3275 talia
924 3236 1029 3275 non
1059 3221 1285 3275 fecerint
1321 3222 1637 3291 imputabit;
1670 3222 1741 3276 ita
1774 3224 1831 3276 lit

244 3324 295 3365 ut
322 3313 591 3383 judicium
622 3313 737 3381 ejus
768 3328 872 3366 non
905 3314 1019 3367 sine
1063 3314 1373 3369 testimonio
1404 3329 1525 3369 esse
1565 3315 1827 3369 videatur.

244 3404 487 3469 Addeit,
518 3403 706 3471 Israel,
731 3404 775 3458 si
799 3422 874 3459 me
901 3405 1148 3469 audieris,
1178 3421 1280 3459 non
1311 3406 1408 3459 erit
1447 3407 1499 3459 in
1529 3416 1576 3460 te
1604 3406 1728 3461 deus
1754 3422 1833 3459 re-

243 3514 381 3551 cens.
412 3498 627 3567 Repetit
650 3496 834 3565 Israel,
863 3509 925 3552 ut
946 3512 1006 3553 se
1037 3498 1351 3553 familiarem
1383 3498 1662 3566 intelligat,
1690 3508 1743 3553 et
1765 3498 1831 3552 ad

244 3590 388 3655 iussa
434 3589 645 3643 Domini
698 3588 1018 3643 obedienter
1059 3600 1179 3642 vom
1238 3596 1535 3642 convertat.
1588 3589 1831 3658 Magnum

245 3689 390 3736 enim
438 3692 834 3735 sacramentum
880 3696 987 3736 uno
1032 3681 1197 3735 verbo
1231 3680 1586 3745 concluditur,
1631 3690 1686 3734 ut
1722 3680 1831 3751 jam

248 3782 377 3828 tunc
419 3784 647 3828 ventura
695 3774 912 3829 bteresis
945 3774 1185 3828 veritatis
1211 3773 1475 3829 sententia
1514 3774 1833 3828 vinceretur.

250 3865 391 3921 Dixit
416 3868 584 3932 enim,
608 3884 707 3920 non
738 3868 831 3922 erit
860 3868 911 3921 in
942 3878 989 3922 te
1012 3871 1137 3921 deus
1165 3884 1355 3931 recens,
1387 3881 1455 3922 ne
1483 3867 1709 3921 Verbum
1740 3868 1837 3920 I’a-

252 3961 349 4015 tris
389 3961 669 4031 quisquam
721 3970 934 4029 putaret
978 3974 1100 4015 esse
1146 3960 1246 4015 sub
1286 3968 1547 4030 tempore.
1580 3959 1710 4013 Nam
1750 3960 1838 4015 ille

251 4071 425 4109 recens
465 4064 548 4109 est
581 4055 669 4125 qui
698 4055 1051 4124 antiquiorem
1093 4052 1273 4107 habet.
1303 4054 1645 4122 Quapropter
1673 4054 1719 4107 si
1758 4068 1839 4104 re-

254 4161 367 4197 cens
389 4160 497 4198 non
530 4153 706 4215 potest
726 4144 856 4208 dici,
884 4154 1213 4199 coaeternum
1242 4144 1401 4200 debet
1423 4140 1617 4199 mentis
1640 4143 1841 4199 sanitas

254 4238 519 4293 conﬁteri.
555 4240 614 4292 Et
642 4254 709 4293 ne
739 4242 907 4308 possit
932 4238 1127 4308 aliquis
1160 4238 1328 4292 Deum
1369 4236 1639 4293 Christum
1669 4253 1844 4292 recen-

256 4336 354 4381 tem
374 4328 575 4393 dicere,
593 4345 745 4398 quem
765 4330 831 4383 de
855 4330 1016 4383 Maria
1053 4330 1267 4398 Virgine
1298 4336 1480 4383 natum
1505 4342 1628 4385 esse
1651 4343 1846 4401 cogno-

258 4421 377 4486 scit,
398 4420 553 4488 cujus
577 4422 873 4475 humanitas
896 4422 1030 4476 facta
1054 4421 1310 4490 probatur
1329 4435 1451 4475 esse
1466 4420 1566 4475 sub
1582 4430 1840 4491 tempore.

1934 3227 2013 3281 dis
2040 3242 2237 3291 eorum,
2272 3235 2321 3279 et
2348 3224 2492 3278 ibunt
2523 3225 2574 3277 in
2610 3222 2955 3277 voluntatibus
2986 3224 3110 3277 suis.
3136 3223 3389 3290 Quamvis
3419 3226 3515 3279 IIII-

1936 3319 2162 3389 pleverit
2196 3316 2451 3370 Dominus
2481 3312 2863 3383 pr0phetarum
2891 3327 2985 3367 ora
3010 3313 3251 3379 dilatata,
3274 3317 3401 3369 dicit
3424 3332 3518 3371 eos

1934 3411 2146 3467 auditos
2177 3424 2284 3464 non
2331 3407 2496 3462 fuisse
2542 3406 2610 3461 ab
2652 3406 2944 3461 Israelitico
2987 3407 3204 3476 populo,
3236 3408 3360 3463 dum
3404 3410 3520 3479 ejus

1936 3504 2155 3558 minime
2178 3500 2329 3573 jussa
2359 3498 2727 3568 compleverit.
2759 3496 2851 3552 llle
2879 3498 3023 3552 enim
3066 3513 3180 3552 sine
3222 3499 3362 3568 plebi
3404 3510 3522 3555 tan-

1935 3613 2005 3665 qu
2028 3613 2093 3649 ,ιιι
2120 3594 2239 3648 oleo
2268 3592 2615 3661 loquebatur;
2643 3589 2735 3644 sed
2772 3604 2987 3644 amurca
3026 3606 3132 3645 non
3173 3601 3383 3659 poterat
3423 3609 3521 3648 au-

1942 3689 2078 3750 dite,
2112 3702 2228 3756 qua:
2261 3694 2378 3739 erat
2404 3684 2550 3737 velut
2578 3682 2779 3735 inutilis
2824 3684 3142 3748 l'CSjtlIBIIdJ.
3180 3685 3417 3747 Addidit,
3451 3683 3517 3738 Et

1937 3780 2107 3832 dimisi
2131 3794 2213 3831 eos
2238 3776 2517 3830 secundum
2544 3773 2854 3827 desiderium
2885 3775 3054 3827 cordis
3090 3791 3278 3841 eorum,
3307 3786 3354 3830 et
3381 3778 3524 3830 ibunt

1937 3872 1990 3924 in
2020 3869 2361 3924 voluntatibus
2385 3868 2513 3922 suis.
2547 3866 2801 3933 Sequitur
2830 3866 2961 3919 ultio
2982 3867 3135 3935 digna
3170 3867 3523 3934 peceati.l\'on

1938 3966 2083 4020 enim
2135 3963 2427 4018 dimittitur
2475 3960 2791 4029 impunitus,
2825 3960 2915 4029 qui
2959 3975 2991 4014 a
3042 3962 3251 4016 Domini
3303 3964 3527 4020 tuitione

1940 4056 2233 4111 deseritur.
2268 4054 2361 4109 llle
2389 4053 2531 4108 enim
2560 4065 2696 4119 quos
2720 4050 2993 4116 relinquit,
3015 4050 3198 4119 afﬂigit
3223 4068 3238 4104 :
3261 4053 3381 4122 quia
3413 4068 3527 4106 ma.

1942 4151 2114 4205 lorum
2142 4148 2383 4203 omnium
2415 4144 2698 4200 retributio
2724 4152 2805 4197 est
2834 4150 2977 4195 tanta
3003 4142 3240 4197 bonitate
3270 4144 3523 4203 fraudari.

1945 4242 2100 4296 Putat
2126 4240 2271 4295 enim
2305 4246 2549 4309 peccator
2596 4250 2763 4306 genus
2808 4248 2927 4290 esse
2980 4234 3251 4301 beneﬁcii,
3285 4236 3331 4291 si
3370 4236 3518 4311 [ed.,

1938 4327 2095 4401 dum]
2132 4330 2247 4386 suis
2278 4327 2638 4383 voluntatibus
2666 4327 3003 4396 permittatur
3032 4326 3256 4395 expleri,
3289 4327 3413 4382 dum
3444 4331 3525 4382 ιιί-

1948 4430 2032 4476 cat
2066 4419 2353 4489 Apostolus
2380 4432 2391 4473 :
2426 4416 2663 4471 Tradidit
2696 4415 2813 4471 illos
2848 4417 2984 4471 Deus
3011 4420 3062 4470 in
3091 4421 3531 4483 concupiscendus

258 4511 401 4578 dicit,
432 4530 536 4566 non
574 4514 671 4567 erit
701 4514 787 4566 tibi
817 4516 942 4569 deus
968 4530 1144 4593 recens
1166 4530 1187 4569 :
1219 4514 1469 4585 quoniam
1502 4515 1616 4586 ipse
1642 4525 1723 4571 est
1747 4516 1836 4585 qui
1866 4508 1919 4568 Ι)
1946 4512 2114 4566 cordis
2136 4527 2334 4574 eorum,
2355 4510 2409 4564 in
2440 4506 3011 4581 immunditiam(Rom.
3044 4510 3211 4580 uili),
3230 4520 3283 4564 et
3301 4510 3526 4581 reliqua.

261 4616 379 4659 ante
408 4621 573 4659 omne
611 4606 925 4673 principium
966 4607 1180 4677 genitus
1213 4606 1280 4661 de
1314 4606 1485 4662 Patris
1523 4606 1843 4671 substantia,

261 4697 445 4765 aequali
468 4713 593 4751 cum
617 4713 681 4752 eo
708 4699 1073 4753 coarternitate
1094 4700 1361 4764 consistit,
1392 4713 1621 4768 regnans
1648 4714 1743 4767 per
1764 4699 1845 4753 in-

265 4792 401 4844 ﬁnita
452 4790 650 4845 sascula
693 4790 1032 4845 saeculorum.
1066 4790 1219 4846 Unde
1269 4790 1505 4846 mirabili
1551 4799 1846 4858 sanctoque

264 4885 582 4951 compendio
614 4882 800 4938 Patres
830 4885 995 4938 nostri
1032 4884 1166 4939 duas
1198 4894 1413 4938 naturas
1447 4896 1761 4953 permanere
1791 4881 1842 4936 in

264 4988 364 5025 uno
406 4974 633 5026 Domino
676 4972 892 5028 Christo
937 4974 1111 5029 unitas
1156 4985 1315 5042 atque
1365 4973 1625 5043 perfectas
1655 4972 1759 5028 dici
1790 4982 1846 5027 et

265 5078 321 5114 cr
355 5062 407 5116 di
440 5080 527 5116 ma
552 5075 778 5127 uerunt;
813 5074 869 5118 ut
898 5065 1133 5118 omnium
1177 5063 1551 5119 btereticorum
1592 5063 1841 5119 morbosa

264 5164 323 5203 ac
372 5150 535 5205 fetida
584 5155 847 5207 eructatio
889 5166 1138 5221 tanquam
1168 5156 1340 5209 hiatus
1382 5154 1601 5224 pestifer
1645 5154 1844 5209 salubri

266 5240 502 5294 remedio
532 5240 894 5297 clauderetur.
927 5241 991 5296 In
1022 5252 1070 5296 te
1100 5257 1277 5298 autem
1317 5244 1457 5313 quod
1485 5244 1638 5308 dixit,
1671 5245 1842 5315 signi-

272 5330 388 5385 ficat
432 5333 486 5387 in
513 5347 556 5386 c-
582 5332 679 5389 rde
704 5344 817 5401 tuo,
846 5334 932 5390 ubi
963 5336 1122 5391 debet
1146 5336 1361 5399 veritas,
1391 5351 1496 5390 non
1530 5335 1732 5391 falsitas
1766 5337 1846 5391 in-

269 5423 461 5478 veniri.
493 5424 723 5495 Adjccit,
774 5444 932 5498 neque
967 5426 1209 5482 adorabis
1247 5426 1397 5481 deum
1436 5428 1683 5483 alienum.
1713 5428 1845 5483 Cum

273 5526 420 5579 supra
452 5518 797 5573 interdixerit
818 5522 919 5573 coli
942 5532 1186 5574 recentem
1208 5522 1359 5574 deum
1385 5535 1494 5574 non
1519 5521 1733 5585 debere,
1763 5520 1848 5575 hic

292 5614 482 5664 Morare
526 5608 680 5664 deum
709 5612 873 5665 vetuit
900 5613 1160 5677 alienum;
1190 5621 1247 5668 ut
1274 5628 1408 5680 pene
1453 5627 1547 5681 par
1577 5611 1646 5666 sit
1674 5614 1848 5666 scelus

298 5701 508 5754 'treotem
544 5700 707 5754 deum
756 5714 959 5770 putare,
992 5714 1042 5758 ct
1090 5705 1309 5758 nefanda
1363 5703 1523 5760 idolis
1569 5702 1851 5758 devotione

2025 4604 2175 4659 \‘et's.
2212 4602 2298 4657 12.
2327 4600 2387 4657 Si
2415 4601 2552 4669 plebs
2576 4615 2686 4654 mea
2712 4600 2939 4653 audisset
2968 4615 3079 4664 nte-,-
3107 4597 3275 4654 Israel
3295 4603 3339 4655 si
3367 4603 3419 4655 in
3439 4604 3533 4657 viis

1948 4696 2071 4751 meis
2099 4696 2431 4758 ambulasset,
2461 4708 2554 4763 pro
2583 4691 2746 4747 nihilo
2787 4691 3021 4745 inimicos
3058 4708 3233 4746 eorum
3268 4694 3536 4747 lminilias-

1948 4804 2071 4851 sem,
2100 4797 2145 4840 et
2172 4801 2326 4853 super
2356 4784 2652 4838 tribulanles
2681 4799 2769 4839 eos
2808 4784 3075 4837 misissem
3101 4800 3310 4837 manum
3343 4802 3531 4841 meam.

1950 4882 2081 4948 Quae
2111 4878 2306 4933 endum
2329 4887 2410 4932 est
2431 4892 2598 4946 quare
2627 4876 2823 4947 plebem
2851 4877 3045 4931 dixerit
3066 4892 3237 4937 suam,
3262 4892 3380 4946 quas
3407 4894 3528 4932 eum

1951 4988 2055 5025 non
2084 4980 2203 5023 erat
2230 4969 2509 5023 auditura?
2535 4968 2702 5025 Suam
2732 4969 2885 5032 dixit,
2914 4970 3037 5036 quia
3069 4970 3116 5024 ei
3146 4970 3316 5038 legem
3361 4970 3529 5037 dedit,

1951 5062 2209 5117 miracula
2238 5076 2425 5131 magna
2457 5061 2803 5125 manstiavit;
2830 5070 2885 5115 ut
2913 5063 3067 5131 culpa
3097 5074 3387 5130 cresceret,
3413 5082 3531 5119 cum

1949 5154 2002 5209 in
2032 5169 2154 5208 eum
2188 5152 2339 5222 plebs
2372 5153 2541 5208 electa
2572 5163 2867 5223 peccasset.
2901 5152 2969 5208 Et
3015 5164 3137 5209 nota
3178 5154 3527 5225 quemadmo-

1948 5247 2073 5299 dum
2104 5259 2164 5301 se
2194 5243 2246 5298 in
2278 5242 2379 5298 hoc
2407 5244 2577 5313 primo
2620 5257 2775 5297 versu
2815 5244 3195 5314 subsequentia
3234 5246 3397 5301 verba
3432 5248 3532 5302 ἀθ-

1950 5338 2177 5392 clarant.
2212 5336 2363 5405 Quod
2392 5336 2546 5400 dixit,
2578 5334 2717 5405 plebs
2747 5352 2877 5400 mea,
2908 5335 3010 5392 hoc
3048 5337 3310 5408 significat
3340 5335 3529 5393 Israel.

1949 5429 2102 5495 Quod
2153 5428 2273 5494 ait,
2314 5430 2538 5481 aud'sset
2586 5442 2700 5491 me,
2757 5428 2857 5482 hoc
2904 5428 3016 5482 vult
3070 5427 3327 5497 intelligi,
3384 5430 3429 5485 si
3470 5432 3523 5484 in

1950 5521 2041 5575 viis
2094 5519 2215 5572 meis
2264 5517 2593 5570 ambulasset.
2630 5517 2720 5571 Ille
2766 5521 2907 5572 enim
2951 5527 3006 5573 et
3042 5519 3190 5573 audit
3219 5519 3525 5588 Dominum,

1953 5623 2006 5667 et
2037 5612 2086 5663 in
2122 5611 2219 5663 viis
2250 5608 2365 5676 ejus
2394 5607 2650 5671 ambulat,
2692 5609 2782 5676 qui
2815 5608 3078 5663 mandatis
3109 5611 3275 5678 ipsius
3314 5629 3419 5669 non
3452 5631 3528 5668 re-

1957 5704 2155 5773 peritur
2185 5700 2459 5755 adversus.
2499 5697 2561 5752 Et
2595 5698 2715 5753 vide
2745 5699 2987 5753 ordinem
3029 5700 3191 5759 fuisse
3238 5716 3529 5761 servaturi.
