3952 6162
443 210 563 302 59ιῦ

1649 246 1715 302 Μ.
1759 245 2036 302 AURELH
2076 244 2480 302 CASS!ODORI

3557 258 3642 312 592

442 364 598 423 Prius
642 381 782 421 enim
815 374 896 423 est
942 363 1123 419 doceri
1178 375 1293 429 nos,
1330 378 1390 415 ac
1434 362 1627 417 deinde
1668 363 1846 417 audzta
1879 379 2025 419 com-
2055 369 2104 429 Α
2134 373 2232 427 ter,
2265 369 2496 418 aeternus
2518 362 2700 425 Filius,
2737 372 2967 418 aeternus
2988 362 3216 431 Spiritus
3243 374 3458 424 sanctus.
3490 370 3655 427 bistin-

442 461 599 531 pleri.
627 459 880 530 Sequitur
906 457 1181 527 prmminm
1216 455 1354 524 quod
1387 456 1578 511 mereri
1613 471 1714 511 n0n
1748 457 1920 526 potuit
1941 457 2024 510 in-

442 556 666 611 devotus
694 572 705 606 :
735 554 808 607 Ad
846 553 1065 606 nihilum
1092 552 1325 605 inimicos
1369 566 1543 604 eorum
1575 550 1947 615 ltumiliassem,
1980 557 2026 602 et

442 661 598 715 super
628 643 930 697 tribulantcs
958 658 1043 696 eos
1068 642 1313 696 misissem
1337 657 1544 693 manum
1582 657 1762 694 meam.
1790 640 2027 695 Genera«

446 737 565 790 liter
596 745 717 789 sunt
748 734 1055 803 accipienda
1091 749 1209 801 quae
1237 733 1375 787 dicta
1423 743 1568 795 sunt.
1612 732 1730 801 quia
1771 742 1895 786 tunc
1939 730 2030 786 ille

442 825 648 880 resistit
687 825 920 879 inimicis
964 824 1180 888 nostris,
1214 823 1429 892 quando
1460 823 1510 877 ei
1556 822 1810 876 fuerimus
1844 821 2029 876 humili

443 915 806 971 satisfactione
837 915 1033 970 devoti.
1068 914 1198 969 Nam
1230 915 1273 968 si
1303 914 1410 968 Deo
1434 913 1572 968 male
1598 911 1806 984 agendo
1829 912 2034 968 resisti-

446 1023 584 1075 mus,
614 1008 702 1062 ille
724 1009 912 1062 iterum
940 1007 1136 1061 nostris
1167 1022 1269 1062 non
1298 1005 1613 1061 contradicit
1640 1006 1901 1072 inimicis;
1934 1022 2032 1061 nec

446 1115 662 1154 manum
703 1098 1033 1153 defensionis
1077 1113 1240 1167 super
1280 1113 1373 1153 eos
1412 1100 1581 1167 ponit,
1613 1099 1701 1167 qui
1734 1113 1792 1153 se
1820 1098 1886 1152 ab
1918 1098 2034 1168 ipso

446 1190 676 1259 superba
724 1190 1075 1244 reluctatione
1118 1188 1497 1243 subduxerint.
1548 1189 1700 1256 Unde
1740 1189 2034 1260 intelligere

448 1284 726 1347 debemus,
750 1284 964 1353 quando
994 1298 1022 1337 a
1052 1283 1209 1337 nobis
1238 1285 1515 1348 avertitur,
1549 1297 1652 1336 non
1678 1297 1795 1338 esse
1823 1283 2035 1353 pietatis

446 1376 735 1443 defectum,
764 1376 856 1431 sed
890 1392 1094 1445 magna:
1124 1376 1347 1431 ultionis
1377 1377 1642 1431 aculeum.
1676 1376 2036 1446 Suspendilur

446 1471 586 1524 enim
615 1469 883 1526 interdum
919 1484 947 1523 a
974 1469 1286 1525 defensione
1327 1479 1657 1534 sanctorum,
1688 1468 1898 1539 quando
1936 1469 2035 1523 tri-

447 1562 809 1618 bulationibus
852 1572 904 1616 et
951 1561 1241 1616 afﬂictione
1286 1570 1572 1616 tentantur.
1608 1563 1715 1617 Sed
1753 1560 1928 1632 justos
1960 1561 2035 1616 sic

446 1656 638 1709 tentari
689 1655 905 1723 patitur,
942 1664 999 1707 ut
1040 1668 1145 1708 non
1196 1652 1447 1718 deserat;
1489 1654 1683 1721 impios
1738 1664 1916 1711 autem
1960 1652 2039 1705 sic

447 1746 690 1802 tribulari
724 1745 1004 1815 permittit,
1037 1752 1092 1797 ut
1127 1758 1187 1799 se
1215 1743 1283 1798 ab
1308 1744 1385 1798 eis
1415 1741 1604 1797 reddat
1631 1743 1890 1797 alienum.

521 1837 671 1892 Vers.
706 1837 791 1891 i5.
838 1835 1046 1889 Inimici
1092 1834 1298 1889 Domini
1335 1835 1533 1890 mentiti
1574 1844 1689 1889 sunt
1732 1836 1810 1902 ei;
1857 1843 1905 1889 et
1941 1835 2036 1888 erit

445 1940 642 1999 tempus
682 1944 855 1983 eorum
899 1930 950 1981 in
991 1935 1260 1982 internum.
1287 1927 1416 1982 Post
1460 1927 1621 1983 verba
1654 1926 1866 1981 Domini
1898 1925 2036 1980 redit

444 2022 616 2092 Asaph
648 2021 712 2075 ad
742 2019 953 2075 tertiam
1004 2027 1230 2088 partem,
1266 2018 1511 2073 inimicos
1541 2017 1658 2087 ejus
1689 2018 1845 2086 digna
1875 2032 2030 2070 exse-

445 2112 686 2166 cratione
735 2112 1081 2179 redarguens.
1112 2109 1437 2163 Mentiuntur
1471 2111 1615 2165 enim
1662 2109 1752 2179 qui
1781 2109 1935 2164 bonis
1976 2123 2035 2163 se

446 2203 919 2272 pollicitationibus
946 2202 1265 2271 ohligantes,
1296 2200 1348 2254 in
1378 2201 1641 2269 pessimos
1672 2200 1865 2254 iterum
1895 2200 2034 2255 rela-

445 2298 645 2351 buntur
685 2310 919 2349 errores.
956 2295 1030 2348 De
1079 2293 1300 2362 paganis
1340 2292 1481 2346 enim
1534 2291 1638 2347 diei
1688 2307 1793 2346 non
1839 2292 2027 2361 potuit,

446 2388 537 2456 qui
570 2386 714 2441 nulla
747 2386 956 2442 fuerant
990 2385 1222 2452 Domini.
1250 2383 1606 2453 promissione
1636 2382 1932 2438 constricti.
1969 2384 2033 2436 Et

449 2496 515 2533 nc
539 2478 761 2534 forsitan
792 2477 933 2548 quod
975 2490 1069 2532 eos
1109 2475 1362 2531 ﬂorentes
1406 2476 1456 2530 in
1486 2476 1588 2533 hoc
1612 2475 1813 2531 mundo
1856 2476 2030 2540 vides,

445 2570 697 2627 crederes
732 2569 841 2640 jam
881 2569 1119 2633 relictos,
1167 2567 1393 2636 addidit,
1428 2568 1479 2622 in
1510 2578 1754 2623 wternum
1787 2567 1879 2621 erit
1906 2576 2031 2620 tein-

446 2678 542 2729 pus
570 2677 768 2725 eorum,
796 2660 1003 2715 scilicet
1044 2659 1355 2730 punitionis,
1391 2659 1602 2729 quando
1629 2659 1733 2714 illis
1778 2659 1984 2713 dicetur
2013 2675 2026 2714 :

446 2751 528 2807 Ite
568 2753 621 2805 in
658 2752 828 2823 ignem
868 2762 1111 2805 wternum
1147 2749 1360 2821 (Matth.
1404 2765 1531 2816 xxv,
1558 2750 1651 2819 41)
1680 2767 1693 2814 ;
1727 2750 1793 2806 de
1841 2750 2030 2820 quibus

444 2844 607 2898 etiam
648 2843 883 2913 legitur:
923 2841 1120 2897 Vermis
1161 2858 1337 2896 eorum
1367 2858 1469 2897 non
1510 2843 1774 2907 morietur,
1818 2851 1865 2895 et
1893 2842 2029 2913 ignis

445 2952 621 2989 eorum
651 2952 749 2989 non
773 2934 1120 3004 exstinguetur
1141 2932 1293 3005 (Isai.
1331 2948 1478 3002 LXVI,
1507 2930 1621 3003 24).
1640 2932 1789 3001 Quod
1813 2932 2025 2987 schema

445 3028 662 3099 eclipsis
689 3026 897 3092 Cra-ce,
932 3026 1115 3081 Latine
1152 3028 1393 3081 defectus
1419 3026 1649 3081 dicitur:
1681 3026 1775 3081 sed
1807 3041 1911 3079 non
1937 3025 2026 3094 qui

2131 456 2239 510 etio
2276 457 2417 509 enim
2450 456 2499 508 in
2538 455 2803 523 personis,
2845 455 3020 508 unitas
3046 456 3377 525 cognoscitur
3399 460 3442 513 in
3472 476 3653 520 natura.

2132 549 2484 616 Omnipotens
2524 548 2702 616 Pater,
2745 546 3082 617 omnipotens
3127 547 3329 616 Elius,
3364 556 3659 623 omnipotens

2133 640 2362 711 Spiritus
2391 650 2636 704 Sanetus;
2663 638 2858 692 trinum
2885 639 3096 708 quidem
3126 654 3334 707 nomen,
3352 644 3435 696 sed
3460 661 3547 698 una
3574 650 3659 702 vir-

2135 739 2245 798 tus,
2280 745 2383 784 una
2430 729 2687 798 poentia.
2725 728 2891 783 Filius
2920 745 2947 781 a
2976 728 3135 784 Patre
3164 730 3668 797 incomprehensibili-

2137 831 2217 875 ter
2236 821 2477 891 genitus;
2502 820 2731 889 Spiritus
2754 828 2971 874 s:mctus
3000 836 3027 872 a
3056 821 3214 876 Patre
3243 831 3295 876 et
3326 823 3449 878 Filio
3470 828 3669 883 ineliabi-

2137 915 2257 969 liter
2280 916 2575 984 procedens
2602 931 2613 965 :
2642 922 2877 981 potcsms
2905 928 3007 967 non
3033 914 3298 980 accidens,
3323 918 3410 970 sed
3434 917 3673 975 individua

2138 1022 2379 1061 manens.
2396 1006 2688 1061 Summitas
2712 1007 2997 1069 sociabilis,
3020 1022 3239 1076 regnum
3264 1009 3375 1064 sine
3400 1012 3513 1077 line,
3530 1014 3673 1082 gloria

2138 1101 2485 1166 sempiterna,
2518 1113 2637 1169 quae
2673 1100 2786 1154 sola
2815 1108 2984 1161 creat,
3007 1099 3120 1153 sola
3148 1110 3361 1168 peccata
3391 1103 3612 1167 dimittit,
3637 1115 3681 1160 et

2140 1194 2399 1249 coelorum
2438 1208 2597 1263 regna
2635 1193 2900 1249 concedit.
2948 1192 3219 1261 Sequitur,
3260 1194 3431 1259 Neque
3472 1197 3679 1251 adorabis

2138 1280 2288 1339 deum
2315 1286 2555 1340 alienum.
2579 1285 2720 1339 Deus
2747 1285 2953 1339 alienus
2980 1294 3081 1349 est,
3106 1287 3195 1355 qtti
3226 1286 3277 1339 in
3305 1288 3577 1358 sacrilegas
3602 1293 3687 1345 ttul-

2142 1392 2287 1433 turas
2325 1378 2649 1435 deuentium
2683 1377 2959 1432 hominum
3011 1380 3274 1446 pravitate
3306 1383 3567 1449 pervenit;
3600 1400 3686 1438 non

2141 1471 2426 1527 essentiam
2467 1468 2681 1524 deitatis
2716 1468 2940 1536 habens,
2969 1469 3060 1523 sed
3092 1468 3349 1524 honorem
3382 1470 3691 1544 ialstemaje-

2142 1565 2292 1618 statis
2325 1563 2620 1631 accipiens;
2657 1576 2762 1615 non
2803 1563 2894 1631 qui
2938 1560 3182 1617 homines
3231 1568 3457 1632 creavit,
3490 1567 3575 1621 sed
3619 1572 3693 1637 qui

2142 1668 2224 1713 est
2263 1658 2329 1709 ab
2369 1655 2672 1710 hominibus
2717 1655 3028 1709 fabricatus.
3077 1655 3304 1711 Alienus
3351 1673 3696 1729 revera,quo~

2066 1760 2114 1821 Β
2141 1750 2279 1803 niam
2308 1748 2541 1801 alienata
2574 1760 2753 1800 mente
2781 1756 3027 1815 repertus
3071 1757 3175 1801 est.
3208 1748 3323 1802 [loc
3352 1749 3399 1803 si
3441 1761 3700 1820 utrumque

2139 1839 2451 1910 refugimus,
2487 1841 2597 1894 veri
2638 1839 2731 1893 Dei
2771 1840 2995 1909 gratiam
3033 1852 3403 1909 promeretur,
3433 1844 3551 1911 quia
3574 1844 3700 1916 [θύη

2137 1933 2261 2005 qui]
2307 1934 2452 1988 novit
2486 1933 2553 1989 de
2582 1948 2643 1988 se
2685 1933 2823 1988 male
2866 1933 3159 1989 sentientes
3202 1935 3462 2004 abjicere,
3492 1946 3544 1993 et
3579 1947 3706 1993 recte

2136 2025 2481 2084 credentibus
2510 2026 2771 2082 beneﬁcia
2799 2027 2956 2096 digna
2986 2036 3273 2098 praestare.

2258 2170 2414 2240 281
2472 2167 2833 2224 EXPOSITIO
2871 2167 2936 2223 ΙΝ
2977 2168 3317 2226 PSALMUM
3358 2172 3597 2229 LXXXI.

2694 2281 2935 2335 Psalmus
2965 2280 3156 2351 Asaph.

2207 2398 2413 2453 Dic‘um
2454 2407 2535 2453 est
2576 2397 2626 2452 in
2668 2397 2978 2467 praefatione
3010 2398 3255 2466 psalmos
3298 2400 3575 2456 universos
3610 2416 3715 2456 esse

2135 2490 2456 2553 Davidieos;
2512 2488 2606 2543 sed
2672 2489 2769 2542 hos
2825 2488 2913 2557 qui
2972 2488 3368 2545 vocabulorum
3433 2476 3721 2546 diversitate

2135 2592 2515 2651 pruinotantnr,
2567 2591 2782 2649 propter
2826 2580 3239 2650 intelligentiam
3290 2584 3570 2638 nominum
3612 2598 3719 2636 suo-

2132 2690 2247 2729 rum
2268 2673 2321 2727 in
2345 2674 2509 2741 titulis
2537 2673 2699 2726 fuisse
2721 2672 3063 2741 praescriptos
3088 2672 3217 2744 [ms.
3249 2673 3340 2735 A.,
3369 2674 3723 2745 perscriptas].

2133 2765 2352 2819 Ponitur
2395 2765 2538 2819 enim
2582 2764 2669 2817 hic
2706 2763 2908 2831 Asaph,
2945 2762 3086 2832 quod
3126 2763 3349 2819 indicat
3378 2766 3721 2835 Synagogam,

2131 2871 2249 2922 qua:
2278 2855 2558 2910 Dominum
2592 2854 2925 2911 Salvatorem
2957 2870 3001 2908 et
3026 2869 3230 2921 rporea
3264 2872 3488 2926 quoque
3518 2871 3731 2925 praesen-

2132 2949 2204 3002 tia
2259 2948 2452 3002 meruit
2505 2948 2716 3012 iniucri,
2769 2945 2981 3014 quando
3027 2947 3324 3016 dignatqu
3377 2959 3464 3004 est
3516 2950 3729 3004 Verbum

2131 3056 2258 3095 caro
2288 3040 2424 3106 ﬁeri,
2456 3049 2510 3095 et
2556 3041 2608 3094 in
2637 3038 2860 3109 gratiam
2892 3048 3087 3092 nostra;
3118 3040 3528 3097 viviﬁcationis
3558 3040 3736 3096 occidi.

447 3136 541 3190 per
573 3120 927 3191 ignorantiam
979 3117 1183 3180 deﬁcit,
1227 3116 1319 3171 St‘d
1363 3116 1452 3187 qui
1493 3131 1571 3184 se,
1603 3127 1659 3173 ut
1689 3116 2023 3185 potissimum

2138 3132 2368 3199 Denique
2410 3131 2642 3198 psalmus
2683 3130 2797 3197 ipse
2836 3129 2914 3183 sic
2954 3128 3181 3184 inchoat
3216 3149 3228 3183 :
3273 3132 3449 3184 Deum
3479 3132 3670 3185 stetisse
3695 3131 3740 3181 in

446 3226 736 3285 quaeratur,
763 3212 1063 3267 abscondit.

518 3306 668 3361 Vers.
704 3306 788 3360 Η.
820 3302 1013 3359 Cibavit
1044 3320 1126 3357 eos
1148 3319 1209 3356 ea:
1233 3302 1383 3370 adipe
1411 3301 1677 3368 frumenti,
1706 3308 1753 3353 et
1794 3300 1856 3353 de
1882 3310 2026 3371 petra

444 3400 603 3461 melle,
634 3398 880 3453 saturavit
911 3413 1016 3450 eos.
1052 3395 1146 3449 llic
1199 3394 1366 3462 pietas
1414 3393 1683 3447 Greater-is
1712 3407 1884 3461 expon
1912 3403 2021 3457 tur;

445 3501 501 3545 nt
533 3492 783 3556 inimicos,
817 3489 866 3544 id
891 3499 971 3543 est
997 3489 1233 3558 ingratos
1256 3485 1528 3541 beneﬁciis
1560 3486 1669 3539 suis
1713 3484 2021 3553 repleverit,

444 3597 578 3650 quos
632 3582 878 3651 superius
908 3580 1041 3634 dixit
1089 3578 1255 3633 fuisse
1309 3577 1565 3632 mentitos.
1600 3575 1683 3629 Ea:
1726 3577 1879 3643 adipe
1917 3570 2028 3645 fru-

445 3677 621 3741 menti,
666 3676 779 3732 sive
830 3691 1021 3729 manna
1078 3673 1371 3745 signiﬁcat,
1416 3672 1531 3728 sive
1573 3686 1767 3739 corpus
1817 3671 2024 3725 Domini

444 3771 665 3824 Clu-isti.
700 3769 913 3838 Adipem
958 3768 1153 3837 quippe
1194 3765 1419 3820 dicimus
1466 3764 1772 3818 animalium
1805 3764 2026 3833 pingue-

444 3866 621 3917 dinem
680 3862 1080 3931 corpulentam;
1136 3858 1278 3929 quod
1334 3872 1525 3912 nomen
1578 3857 1644 3911 ad
1700 3855 2022 3911 frumentum

442 3958 663 4012 abusive
712 3956 1028 4009 transfatum
1081 3960 1184 4016 est,
1230 3960 1284 4004 ut
1336 3949 1659 4019 signiﬁcaret
1701 3948 1751 4003 ei
1805 3948 2025 4003 interius

442 4049 672 4119 aliquam
700 4046 876 4102 inesse
900 4044 1214 4098 bonitatem.
1252 4040 1325 4094 De
1353 4050 1496 4111 petra
1528 4037 1696 4104 melle,
1727 4040 1827 4093 hoc
1856 4038 2025 4094 estde

443 4144 705 4213 sapientia
728 4140 923 4196 Christi
957 4155 970 4193 :
998 4139 1248 4210 quoniam
1283 4137 1395 4206 ipse
1423 4136 1579 4190 Petra
1606 4145 1685 4189 est
1718 4135 1783 4189 de
1810 4151 1912 4205 quo
1938 4151 2027 4189 su-

445 4250 625 4304 perna:
680 4230 937 4286 doctrina:
989 4228 1149 4284 mella
1201 4235 1570 4282 manaverunt.
1621 4225 1885 4281 Saturavit
1940 4242 2026 4279 eos

446 4323 597 4389 dixit,
631 4320 683 4376 id
712 4330 797 4376 est
824 4327 1005 4373 saneta
1038 4318 1418 4388 prmdicatione
1444 4318 1748 4387 complevit.
1767 4316 1873 4371 Sed
1906 4332 2026 4386 per-

447 4412 535 4467 ﬁdi
560 4410 729 4481 jejuni
771 4410 987 4464 luerunt
1016 4408 1140 4476 ﬁde,
1173 4409 1262 4479 qui
1298 4409 1520 4463 auribus
1541 4408 1810 4479 aggravati
1841 4408 2025 4462 audire

446 4505 732 4562 noluerunt
760 4501 939 4577 [mss.,
971 4502 1036 4557 ad
1068 4502 1230 4557 satias
1256 4499 1593 4572 audierunt].

976 4593 1249 4650 Conclusio
1277 4596 1487 4667 psalmi.

512 4686 819 4744 Redeamus
846 4702 985 4742 nunc
1004 4686 1068 4741 ad
1092 4687 1409 4743 sententiam
1432 4686 1855 4756 superiorem,et
1878 4701 2029 4741 more

443 4798 600 4851 apum
632 4780 958 4839 dulcissimis
987 4779 1206 4835 ﬂoribus
1235 4777 1550 4845 insidentes,
1577 4778 1792 4834 assidua
1822 4778 2026 4848 repeti-

447 4876 594 4931 tione
641 4875 824 4931 suavia
875 4872 1032 4927 mella
1084 4886 1369 4940 carpamus
1411 4887 1424 4925 :
1469 4871 1590 4940 quia
1641 4885 1732 4925 res
1780 4869 2031 4937 salutaris

445 4967 865 5036 quotiescunque
894 4965 1175 5033 repetitur,
1204 4964 1505 5018 necessaria
1540 4976 1752 5031 semper
1786 4961 1908 5016 inde
1940 4975 2031 5015 su-

448 5059 1038 5128 Inuntur.Quapr0pter
1066 5056 1456 5110 studiosissime
1482 5054 1848 5123 perquiramus
1864 5068 2032 5123 quare

445 5155 514 5208 sit
544 5151 740 5206 dictum
777 5168 791 5206 :
829 5147 949 5203 Non
978 5149 1072 5203 erit
1097 5149 1149 5201 in
1181 5156 1227 5201 te
1255 5145 1378 5200 deus
1409 5161 1600 5207 recens,
1639 5144 1681 5198 si
1716 5157 1900 5197 revera
1937 5156 2035 5195 vo-

448 5245 626 5299 lumus
673 5257 793 5298 esse
838 5240 1038 5296 lsrael?
1071 5240 1125 5295 ln
1170 5239 1271 5292 hoc
1314 5237 1457 5292 enim
1504 5234 1669 5290 verbo
1702 5225 1827 5288 ﬁdei
1870 5234 2033 5288 totius

449 5338 621 5390 virtus
648 5333 985 5390 sanctissima
1010 5331 1313 5389 continetur
1349 5345 1360 5381 :
1398 5329 1448 5383 in
1482 5327 1583 5383 hoc
1614 5341 1862 5381 sermone
1894 5327 2033 5381 inel-

451 5428 626 5483 labilis
672 5427 761 5482 illa
793 5426 1087 5497 majestatis
1134 5434 1321 5477 natura
1364 5420 1629 5476 declarata
1677 5427 1779 5475 est.
1809 5419 1941 5474 Nam
1985 5418 2029 5473 si

449 5518 583 5572 deus
621 5532 811 5573 recens
841 5532 944 5570 non
977 5515 1250 5584 accipitur,
1277 5522 1541 5567 eoa-terna
1573 5512 1671 5565 sibi
1705 5522 1886 5564 sancta
1915 5510 2033 5563 Tri-

451 5609 592 5663 nitas
623 5610 738 5664 sine
776 5608 1107 5663 dubitatione
1146 5607 1375 5662 sentitur
1405 5623 1416 5658 :
1452 5605 1573 5676 quia
1613 5603 1794 5674 junior
1819 5603 1888 5655 ibi
1926 5618 2030 5653 non

455 5711 553 5765 est,
590 5702 674 5753 ubi
706 5703 882 5756 senior
908 5718 1011 5757 non
1041 5702 1315 5772 probatur.
1348 5699 1599 5755 Etcrnus
1631 5707 1713 5755 est
1742 5697 1902 5767 igitur
1927 5694 2030 5749 Pa-

2130 3239 2390 3293 synagoga
2417 3224 2645 3275 deorum.
2678 3220 2787 3276 Nec
2832 3220 2958 3276 illud
3008 3222 3398 3277 omittendum
3448 3239 3573 3278 esse
3613 3220 3742 3291 diju-

2129 3317 2268 3384 dico,
2311 3330 2475 3385 quare
2515 3314 2850 3384 Synagogam
2899 3316 3098 3383 antiqui
3154 3319 3556 3383 vocitaverint,
3599 3330 3745 3385 qnam

2130 3424 2269 3462 nunc
2296 3408 2590 3463 Ecclesiam
2616 3406 2937 3461 Christianis
2963 3409 3325 3472 temporibus
3356 3422 3748 3479 nuncupamus.

2128 3500 2407 3570 Synagoga
2453 3508 2533 3554 est
2601 3499 2922 3568 generaliter
2982 3498 3131 3553 dicta
3204 3505 3598 3572 congregatio,
3660 3515 3753 3554 non

2128 3590 2257 3643 satis
2314 3590 2620 3659 exprimens
2667 3589 2941 3644 hominum
2989 3598 3258 3657 emtum;
3329 3594 3583 3649 Ecclesia
3635 3608 3753 3646 vero

2126 3682 2439 3734 Convocatio
2489 3688 2858 3748 nuncupatur,
2916 3693 3035 3747 qua:
3080 3678 3162 3752 de
3217 3682 3472 3738 diversis
3521 3683 3757 3754 gentibus

2127 3780 2406 3839 aggregata
2434 3770 2719 3839 colligitur.
2751 3768 3050 3823 Convocari
3079 3772 3247 3825 enim
3279 3772 3354 3827 ad
3382 3774 3513 3829 illos
3536 3773 3760 3844 pertinet

2127 3864 2214 3925 qui
2258 3861 2465 3914 ratione
2504 3859 2859 3929 prmcellunt;
2917 3865 2977 3911 ut
3014 3858 3423 3931 intelligamus
3470 3864 3761 3919 Ecclesiatu

2128 3951 2218 4005 Dei
2252 3962 2299 4006 et
2333 3952 2543 4005 nomine
2572 3950 2808 4005 crevisse
2838 3964 3055 4019 semper
3086 3960 3148 4005 et
3182 3954 3443 4009 meritis.

2614 4138 2617 4139 ν
2696 4060 2888 4115 Divisio
2935 4060 3155 4131 psalmi.

2197 4178 2405 4245 Asaph,
2456 4190 2614 4246 quem
2664 4190 2761 4244 pro
2810 4175 3228 4245 signiﬁcatione
3280 4183 3376 4236 sui
3432 4181 3677 4237 nominis
3723 4179 3772 4234 in

2036 4268 2050 4294 ’
2127 4268 2280 4323 titulo
2327 4276 2539 4322 constat
2580 4267 2904 4335 appositum,
2945 4278 3143 4322 contra
3184 4271 3438 4329 Judmos
3491 4276 3561 4330 de
3592 4273 3777 4327 Christi

2127 4363 2357 4418 adventu
2412 4376 2505 4430 per
2558 4370 2727 4414 totum
2779 4360 3010 4429 loquitur
3069 4365 3411 4430 psalmum.
3498 4368 3559 4423 In
3621 4368 3780 4437 prima

2131 4463 2281 4524 parte
2306 4466 2653 4507 conunonens
2683 4466 2777 4506 eos
2808 4451 2974 4505 Deum
3007 4452 3059 4505 in
3098 4468 3326 4511 eorum
3366 4460 3563 4515 medio
3594 4461 3784 4513 consti-

2059 4517 2109 4575 D
2138 4547 2286 4608 tisse,
2319 4555 2368 4599 et
2400 4542 2522 4599 ideo
2547 4556 2653 4596 non
2682 4542 2881 4597 debere
2921 4542 3039 4597 illos
3082 4550 3475 4606 consortium
3520 4550 3783 4617 suscipeie

2129 4644 2490 4705 peccatorum.
2534 4632 2783 4688 Secunda
2826 4642 2974 4703 parte
3016 4634 3323 4695 admonet
3371 4652 3438 4696 ut
3494 4643 3791 4710 intelligant

2131 4728 2304 4795 ipsum
2350 4738 2472 4780 esse
2519 4721 2822 4790 Christum,
2881 4724 2969 4794 qui
3024 4724 3084 4779 in
3144 4732 3574 4802 assumptione
3626 4731 3794 4787 Carnis

2134 4833 2331 4888 panper
2372 4830 2424 4872 et
2463 4830 2662 4887 egenus
2704 4830 2827 4871 esse
2860 4815 3193 4876 videbatur.
3258 4823 3476 4881 Tertio
3525 4827 3648 4879 loco
3677 4823 3798 4877 dicit

2130 4924 2225 4963 eos
2255 4908 2287 4962 h
2312 4915 2546 4963 moratos
2576 4915 2633 4961 ut
2662 4906 2752 4960 ﬁlii
2779 4905 2873 4961 Dei
2906 4906 3136 4975 ﬁerent,
3173 4914 3289 4967 sed
3329 4914 3499 4984 ipsos
3535 4916 3592 4969 in
3622 4909 3799 4967 mortis

2130 5003 2349 5073 laqueos
2373 5015 2470 5055 suo
2499 4999 2626 5054 vitio
2656 4998 2951 5054 corruisse.

2670 5111 2938 5183 Expositio
2967 5114 3217 5182 psalmi.

2208 5231 2359 5284 Vers.
2403 5229 2453 5283 i.
2499 5224 2636 5281 Deus
2662 5227 2799 5279 stetit
2830 5226 2882 5278 in
2911 5240 3214 5298 synagoga
3252 5230 3533 5296 deorum;
3568 5232 3623 5284 in
3654 5228 3809 5281 medio

2138 5333 2306 5377 autem
2340 5323 2461 5373 deos
2487 5320 2745 5372 discernit.
2788 5318 2903 5371 Uno
2928 5315 3109 5369 verbo
3149 5319 3337 5377 Jesus
3371 5322 3641 5379 Christus
3672 5321 3822 5375 mira-

2142 5416 2228 5468 bili
2309 5413 2462 5467 nobis
2507 5410 2768 5467 brevitate
2822 5409 3181 5466 declaratur.
3277 5416 3417 5485 Ipse
3476 5419 3630 5473 enim
3682 5414 3815 5468 Deus

2138 5509 2273 5560 stetit
2305 5507 2357 5559 in
2389 5521 2672 5575 synagoga,
2706 5503 2794 5571 qui
2837 5509 2887 5555 et
2928 5499 3097 5555 sedet
3148 5505 3227 5558 ad
3278 5507 3592 5564 dexteram
3624 5506 3814 5563 Patris.

2142 5602 2285 5656 Situs
2317 5600 2456 5653 enim
2490 5598 2575 5650 isti
2607 5594 2913 5663 corporales
2943 5604 3109 5648 sunt.
3174 5598 3332 5654 Nam
3383 5605 3433 5654 si
3484 5604 3613 5670 maj'
3638 5610 3823 5653 statein

2142 5692 2257 5760 ejus
2288 5690 2531 5745 intendas
2553 5731 2566 5755 ,
2598 5688 2797 5756 ubique
2830 5695 2991 5743 totus.
3052 5686 3291 5761 ubique
3332 5693 3547 5765 plenus
3579 5701 3699 5757 est;
3736 5704 3823 5743 nec
