3952 6162
274 318 370 373 3.93

1161 313 1520 370 EXPOSITIO
1559 314 1623 369 IN
1666 314 2126 370 PSALTERIUM.
2172 311 2365 368 PSAL.
2409 311 2641 366 LXXXI.

3432 307 3535 363 59s

272 436 436 497 potest
476 424 579 482 dici
623 441 654 481 a
696 436 880 482 natura
928 425 1142 481 deitatis
1186 435 1330 481 stare
1373 424 1456 478 vel
1503 424 1710 489 sedere,
1758 423 1847 492 qui
1877 428 1923 484 Α
1955 422 2169 491 pupillo,
2202 421 2284 476 cui
2322 430 2473 491 pater
2501 420 2731 475 carnalis
2766 420 2992 473 lltllllall'l
3035 419 3224 473 solatia
3267 433 3371 472 non
3403 432 3542 486 prat-

270 520 401 573 nnlla
465 518 571 573 loci
638 517 1087 573 determinatione
1151 516 1507 572 concluditur.
1585 517 1691 571 Sed
1748 516 1849 570 iste

265 611 439 680 Asapb
487 613 665 666 divina
706 612 1037 681 inspectione
1080 610 1428 676 illumittatus,
1467 609 1624 663 Deum
1655 611 1852 663 clamat

264 707 436 759 Jesum
486 704 757 759 Christum
807 705 860 758 in
901 720 1159 776 synagoga
1206 703 1429 769 stetisse,
1474 703 1561 755 cui
1610 699 1723 754 nisa
1768 708 1852 753 est

266 796 541 866 impiorum
575 795 729 850 turba
775 795 1062 860 resistere;
1107 802 1163 849 ut
1192 792 1381 848 allectu
1425 801 1647 862 paterno
1682 791 1852 846 corri-

264 893 407 952 geret
453 899 591 953 quos
641 885 695 938 in
738 884 947 952 seipsos
994 885 1169 952 potius
1217 892 1545 952 cognoverat
1591 881 1847 937 insanire.

259 974 343 1028 Sic
371 974 517 1029 enim
546 974 615 1028 de
655 973 771 1043 ipso
817 984 872 1029 et
900 973 1134 1029 Joannes
1168 974 1402 1043 Baptista
1433 974 1563 1029 dicit
1595 991 1608 1026 :
1645 971 1851 1026 Medius

258 1074 425 1119 autent
462 1076 686 1119 uestrum
730 1075 849 1133 stat,
897 1082 1042 1134 quem
1074 1082 1159 1119 vos
1202 1066 1408 1119 nescitis
1439 1063 1619 1136 (Joan.
1664 1080 1702 1129 I,
1731 1063 1847 1134 26).

255 1157 476 1212 Addidit
516 1160 698 1223 etiam,
732 1160 965 1222 deorum,
1006 1170 1065 1213 ut
1105 1158 1404 1214 evidentius
1444 1158 1511 1213 de
1544 1157 1849 1213 hominibus

256 1252 457 1305 dictum
486 1250 819 1314 adverteres,
854 1249 994 1306 inter
1026 1266 1160 1318 quos
1197 1251 1551 1319 corporaliter
1581 1250 1849 1306 habitasse

254 1343 601 1411 cognoscitur
631 1343 906 1409 Christus,
954 1343 1092 1399 sicut
1126 1344 1330 1398 Baruch
1361 1344 1618 1413 prapheta
1652 1344 1848 1412 pracdi-

252 1438 367 1492 xit:
404 1435 536 1489 Post
583 1437 691 1489 Iure
732 1437 784 1489 in
828 1437 976 1492 terris
1015 1437 1149 1489 visus
1194 1444 1284 1500 est,
1329 1444 1373 1489 et
1419 1453 1530 1489 cum
1562 1436 1850 1489 hominibus

250 1536 579 1580 conrersatus
604 1535 675 1579 est
704 1526 931 1597 (Bnruclt
974 1540 1064 1590 III,
1092 1522 1204 1594 53).
1236 1523 1367 1578 Nam
1397 1524 1498 1578 hoc
1527 1523 1593 1578 de
1619 1523 1851 1579 homini-

252 1616 345 1670 bus
387 1617 594 1671 dictum
633 1619 829 1684 saepius
871 1616 1210 1682 invenimus;
1256 1615 1397 1669 unde
1433 1623 1487 1668 et
1524 1616 1591 1668 ad
1627 1616 1847 1687 Moysen

249 1707 374 1762 dicit
412 1727 427 1760 :
460 1707 715 1762 Constitui
757 1717 807 1762 te
847 1709 999 1762 deum
1041 1706 1336 1760 Pharaonis
1379 1705 1577 1777 (Exod.
1629 1722 1721 1772 vn,
1770 1707 1845 1775 l).

249 1799 313 1853 Et
356 1799 591 1854 inferius
636 1801 873 1869 psalmus
916 1799 1030 1868 ipse
1067 1800 1306 1853 dicturus
1348 1809 1430 1853 est
1483 1815 1495 1851 :

248 1888 330 1944 Dii
364 1893 514 1958 estis,
548 1903 593 1945 et
622 1893 718 1961 filii
743 1891 944 1946 Επειδὶ
970 1909 1162 1945 omnes.
1204 1892 1294 1948 Sic
1322 1893 1465 1946 enim
1495 1902 1548 1947 et
1580 1894 1723 1949 ﬁlios
1751 1893 1846 1949 Dei

245 1987 499 2040 homines
529 2000 800 2040 vocamus.
830 1985 978 2052 Quod
1011 1986 1055 2040 si
1087 1986 1154 2039 ad
1186 1995 1428 2040 naturam
1459 1986 1673 2041 deitatis
1706 1986 1847 2045 refe-

244 2092 353 2140 ras,
386 2092 558 2131 unum
591 2088 676 2131 est
708 2078 939 2132 Verbum
973 2078 1113 2146 quod
1144 2078 1409 2134 veraciter
1433 2093 1498 2133 ac
1525 2079 1741 2148 proprie
1767 2080 1845 2133 sic

245 2170 447 2224 debeat
509 2172 828 2238 nuncupari.
908 2171 1144 2227 Dicimus
1193 2185 1573 2243 nonnunquam
1626 2172 1846 2228 abusive

244 2263 396 2328 deos,
455 2272 509 2317 et
559 2280 781 2333 superas
831 2272 1163 2333 potestates.
1215 2265 1355 2320 sicut
1400 2266 1475 2319 ait
1523 2265 1841 2332 Apostolus:

243 2352 353 2407 Etsi
384 2356 496 2407 sint
527 2356 615 2422 qui
646 2356 884 2409 dicantur
914 2356 1018 2423 dii,
1050 2357 1152 2411 sive
1182 2358 1231 2409 in
1263 2356 1418 2420 caelo,
1449 2356 1552 2409 sive
1582 2356 1633 2410 in
1666 2367 1801 2410 terra
1824 2371 1843 2410 :

244 2448 387 2501 nobis
432 2456 606 2501 tamen
646 2464 779 2500 unus
819 2456 889 2501 est
920 2445 1057 2501 Deus
1088 2446 1246 2501 Pater
1293 2445 1343 2516 (1
1391 2446 1510 2503 Cor.
1538 2462 1649 2512 vttt,
1684 2447 1734 2512 5,
1764 2446 1842 2515 6).

242 2536 505 2607 Sequitur
540 2557 553 2591 :
585 2538 650 2592 In
679 2540 843 2593 medio
872 2550 1038 2592 autem
1064 2540 1182 2592 deos
1209 2539 1470 2593 discernit.
1501 2538 1639 2594 Ecce
1670 2538 1844 2594 adhuc

244 2630 552 2685 incarnatio
590 2631 706 2700 ejus
736 2632 843 2687 situ
888 2646 1149 2700 corporeo
1180 2631 1502 2686 declaratur.
1557 2632 1687 2686 Nam
1721 2647 1843 2687 cum

243 2721 394 2787 dicit,
431 2722 486 2775 in
514 2724 707 2790 medio,
734 2722 900 2778 locale
930 2722 1159 2791 spatium
1193 2722 1476 2792 signiﬁcat,
1504 2722 1645 2790 quod
1678 2724 1844 2778 turbis

241 2813 616 2867 ambientibus
654 2813 987 2882 cingebatur.
1042 2812 1173 2865 Deos
1205 2812 1470 2878 discernit,
1505 2811 1556 2867 id
1588 2821 1670 2867 est
1714 2827 1845 2882 apo-

242 2903 415 2958 stolos
447 2913 613 2974 atque
637 2904 831 2973 justos,
853 2902 940 2970 qui
964 2903 1257 2973 majestatis
1279 2905 1391 2975 ejus
1423 2904 1625 2960 monita
1658 2905 1845 2960 ﬁdem-

238 3008 341 3060 que
382 2995 565 3048 secuti
612 3005 756 3048 sunt.
805 2994 1105 3048 Discernere
1146 2995 1289 3049 enim
1333 2995 1397 3049 ad
1448 2996 1841 3065 praescientiam

241 3086 486 3155 pertinet
520 3086 965 3155 intellectumque
995 3086 1253 3149 divinum,
1300 3088 1389 3156 qui
1431 3102 1528 3142 nos
1568 3088 1635 3142 de
1666 3102 1841 3142 massa

1954 517 2130 570 bebat.
2159 515 2288 569 Nam
2316 518 2451 569 sicut
2476 523 2599 569 ante
2626 513 2805 568 mundi
2836 513 3272 568 constitutionem
3308 511 3537 567 Verbum

1954 606 2071 659 sine
2102 612 2271 658 matre
2302 604 2398 657 fuit
2425 644 2440 669 ,
2473 604 2541 657 ita
2581 612 2819 673 tempore
2848 602 3231 657 incarnationis
3258 616 3368 656 suae
3397 600 3537 657 idem

1954 697 2069 765 ipse
2101 696 2357 750 Dominus
2386 697 2630 751 Christus
2670 695 2876 751 exstitit
2902 696 3020 751 sine
3049 705 3199 765 patre
3229 706 3461 751 terreno.

2027 788 2180 843 Vers.
2222 793 2278 841 4.
2324 787 2527 856 Eripite
2566 805 2878 858 pauperem,
2928 798 2975 842 et
3022 804 3238 859 egenum
3282 788 3343 842 de
3384 804 3541 843 manu

1954 881 2235 949 peccatoris
2265 878 2495 934 liberate.
2551 880 2630 934 Ad
2660 880 2783 935 illos
2815 880 2929 935 lucc
2959 879 3118 935 verba
3153 880 3269 934 ﬁeri
3299 880 3541 935 sentiun-

1956 982 2060 1037 tur,
2082 972 2171 1043 qui
2204 985 2394 1027 manus
2423 985 2546 1027 suas
2574 971 2789 1042 quidem
2837 972 2888 1027 in
2920 986 3050 1027 nece
3080 971 3290 1026 Domini
3319 972 3541 1026 minime

1954 1067 2313 1133 miscuerunt,
2368 1064 2462 1119 sed
2520 1074 2705 1120 contra
2758 1065 3048 1119 sceleratas
3101 1065 3541 1133 prazsumptiones

1952 1159 2163 1215 obviam
2207 1159 2285 1213 ire
2331 1158 2638 1224 noluerunt,
2678 1166 2734 1211 ut
2761 1166 2813 1212 et
2842 1157 2989 1211 illum
3022 1172 3049 1209 a
3082 1156 3321 1225 pernicie
3346 1170 3539 1224 corpo-

1954 1252 2054 1306 rali
2084 1251 2394 1317 liberarent,
2420 1261 2473 1306 et
2511 1265 2571 1306 se
2602 1265 2631 1303 a
2661 1264 2925 1306 consensu
2954 1250 3223 1318 pravitatis
3251 1258 3538 1313 exuerent;

1954 1345 2021 1400 de
2067 1345 2258 1414 quibus
2306 1353 2359 1399 et
2408 1344 2535 1397 alibi
2579 1342 2777 1396 dicitur
2823 1360 2834 1395 :
2883 1341 3048 1396 Canes
3088 1343 3216 1395 muti
3256 1340 3540 1394 nescierunt

1955 1441 2146 1495 latrare
2199 1438 2372 1510 (Isai.
2423 1454 2540 1504 ωσι,
2590 1437 2720 1507 10).
2778 1435 2883 1505 Ipsi
2931 1450 3065 1507 ergo
3113 1443 3540 1497 commonentur,

1954 1547 2022 1586 ne
2076 1530 2323 1587 desinant
2377 1528 2576 1598 injuste
2633 1527 2884 1583 traditum
2940 1526 3191 1595 eripere,
3247 1526 3337 1596 qui
3389 1534 3541 1581 erant

1954 1625 2136 1694 iniquo
2178 1624 2412 1678 facinore
2456 1618 2746 1691 peccaturi.
2788 1618 2919 1673 Nam
2963 1634 3082 1673 cum
3114 1617 3286 1687 possis
3324 1616 3539 1673 obviare

1955 1714 2245 1785 perversis,
2290 1715 2334 1767 si
2381 1713 2598 1767 desinas
2649 1709 2950 1776 adversari,
2998 1723 3296 1765 consensus
3340 1709 3541 1764 erroris

1550 1797 1661 1870 Ego
1701 1799 1845 1852 άίιῑῖέ
1884 1806 1923 1864 Β
1954 1816 2057 1862 est.
2091 1805 2379 1875 Pauperem
2415 1818 2544 1859 vero
2580 1812 2626 1857 et
2657 1818 2871 1873 egenum
2911 1802 2978 1856 de
3010 1803 3235 1856 Domino
3264 1800 3542 1856 Salvatore

1949 1898 2053 1954 dici
2117 1913 2276 1967 posse
2334 1899 2640 1966 frequenter
2702 1896 3008 1964 expositum
3048 1904 3129 1948 est
3186 1912 3198 1946 :
3251 1893 3373 1963 quia
3418 1908 3541 1947 cum

1954 1991 2339 2045 humanitatem
2369 1988 2626 2057 suscepit,
2671 1986 2828 2041 simul
2860 1994 2916 2041 et
2960 1985 3312 2056 indigentiam
3347 1995 3540 2039 nostra:

1948 2081 2277 2150 paupertatis
2303 2079 2620 2148 assumpsit,
2651 2077 2869 2132 sicutet
2907 2076 3031 2130 alibi
3069 2076 3267 2130 dicitur
3292 2094 3303 2128 :
3332 2075 3539 2147 Pauper

1945 2182 1993 2227 et
2023 2172 2199 2225 dolens
2228 2187 2321 2242 ego
2349 2187 2458 2225 sunt
2490 2168 2662 2241 (Psal.
2692 2184 2880 2233 LXVIII,
2912 2167 3027 2238 50).

2020 2262 2173 2317 Vers.
2217 2263 2269 2318 5.
2316 2262 2640 2326 Nescierunt,
2674 2275 2834 2331 neque
2874 2258 3257 2327 intellexerunt,
3306 2261 3361 2312 in
3401 2269 3537 2314 teno-

1948 2354 2053 2408 bris
2082 2356 2347 2408 ambulant
2381 2370 2401 2408 :
2432 2355 2762 2407 movebuntur
2804 2352 2978 2407 omnia
3009 2352 3340 2421 fundamenta
3370 2361 3536 2407 term.

1949 2448 2083 2503 Vera
2116 2448 2411 2512 conclusio,
2447 2447 2729 2517 brevisque
2759 2446 3070 2501 sententia:
3103 2461 3209 2499 non
3241 2444 3359 2500 illos
3385 2442 3538 2499 intel-

1947 2541 2130 2596 lexisse
2187 2550 2461 2596 auctorem
2517 2541 2751 2607 luminis,
2796 2540 2886 2611 qui
2943 2540 2998 2594 in
3037 2541 3252 2594 tenebris
3304 2540 3538 2596 ambula-

1946 2632 2105 2700 bant;
2152 2635 2311 2704 282
2367 2633 2434 2687 de
2476 2633 2667 2700 quibus
2717 2632 2846 2687 dicit
2888 2632 3178 2701 Apostolus
3232 2648 3245 2685 :
3297 2632 3358 2688 Si
3402 2634 3536 2687 enim

1946 2726 2315 2794 cognovissent,
2365 2740 2622 2794 nunquam
2657 2724 2931 2779 Dominum
2962 2725 3142 2795 gloria:
3169 2726 3536 2791 crnciﬁxissent

1947 2817 1997 2888 (I
2038 2817 2154 2872 Cor.
2196 2834 2252 2882 II,
2302 2819 2378 2885 8).
2431 2818 2697 2888 Sequitur,
2748 2818 3073 2871 movebuntur
3122 2818 3295 2871 omnia
3340 2818 3535 2888 {unda-

1945 2920 2115 2964 menta
2156 2921 2323 2977 tm'w,
2367 2921 2423 2963 ut
2464 2912 2725 2965 veraciter
2764 2911 2833 2965 de
2873 2925 2978 2980 quo
3019 2911 3157 2964 dicta
3230 2912 3337 2963 sint
3372 2926 3533 2977 supe-

1948 3002 2089 3056 riora
2124 3002 2296 3071 possis
2337 3001 2643 3057 advertere.
2694 3002 2912 3070 Signum
2945 3000 3071 3054 dicit
3102 3000 3240 3071 quod
3273 3001 3324 3053 in
3355 3001 3532 3053 cruci-

1949 3096 2143 3150 lixione
2193 3095 2404 3150 Domini
2464 3103 2674 3149 constat
2730 3093 3005 3157 evenisse;
3066 3093 3210 3147 sicut
3259 3091 3532 3159 Evangelii

241 3176 452 3241 peccati
485 3177 663 3245 erip‘t,
698 3186 749 3230 et
784 3175 847 3230 ad
894 3176 1152 3231 cmlorum
1194 3191 1354 3248 regna
1396 3177 1657 3246 perducit.
1694 3179 1846 3234 Unde
1872 3175 1916 3238 C
1952 3185 2191 3240 doctrina
2226 3193 2451 3239 testatur
2484 3202 2497 3237 :
2526 3182 2685 3237 Terra
2710 3194 2849 3236 mota
2880 3192 2973 3248 est,
3006 3194 3162 3253 petra:
3204 3181 3377 3234 scissa:
3416 3188 3531 3233 sunt

236 3268 402 3320 etiam
442 3269 738 3338 Apostolus
766 3269 893 3322 dicit
922 3286 933 3320 :
969 3269 1095 3333 Quis
1123 3270 1259 3322 enim
1289 3281 1334 3323 te
1365 3270 1604 3323 discernit
1637 3270 1684 3341 (1
1720 3269 1841 3325 Cor.

238 3374 309 3425 Iv,
336 3360 447 3429 7)?

309 3452 478 3507 νει-ε.
521 3452 579 3508 2.
625 3451 896 3521 Quousque
926 3454 1181 3524 judicatis
1222 3453 1574 3524 iniquitatem,
1615 3467 1663 3509 et
1689 3458 1845 3527 facies

240 3546 570 3609 peccantium
616 3543 739 3616 [ms.
769 3547 861 3613 A.,
897 3542 1239 3616 peccatorum]
1288 3547 1532 3600 sumitis?
1581 3546 1837 3616 Dicendo,

241 3636 568 3706 Quousque,
627 3650 844 3705 pravam
899 3637 1340 3693 consuetudinem
1392 3636 1537 3708 longi
1585 3640 1843 3709 temporis

236 3730 543 3783 accusavit.
577 3725 854 3797 Susceptae
884 3728 1145 3798 siquidem
1181 3728 1283 3798 legi
1316 3728 1600 3784 durissime
1630 3732 1842 3785 restite-

240 3832 397 3887 runt;
449 3822 674 3877 directis
702 3821 975 3891 prophetis
1000 3833 1200 3877 mortes
1226 3822 1486 3891 pessimos
1510 3821 1837 3888 intulerunt;

239 3914 555 3968 venientem
607 3912 700 3967 Dei
750 3912 945 3967 Filium
996 3910 1314 3982 cruciﬁgere
1368 3926 1525 3981 (luam
1576 3912 1841 3967 honorare

238 4004 584 4066 maluerunt;
637 4013 692 4057 ut
736 4004 928 4058 merito
972 4005 1043 4058 sit
1090 4003 1335 4058 dictum:
1372 4002 1665 4073 Quousque,
1717 4018 1837 4058 cum

235 4095 399 4147 etiam
443 4104 499 4148 et
540 4093 712 4162 ipsum
742 4093 1079 4163 Creatorem,
1113 4107 1367 4164 quantum
1407 4094 1472 4147 ad
1508 4094 1835 4150 voluntatem

235 4200 427 4238 eorum
460 4186 675 4250 attinet,
706 4186 1008 4240 interﬁcere
1039 4186 1421 4241 decrevissent.
1445 4183 1629 4239 Facies
1657 4195 1835 4241 autem

234 4279 439 4331 sumitis
471 4278 795 4348 peccantium
824 4278 1024 4332 dictum
1057 4287 1158 4343 est,
1192 4286 1411 4347 propter
1448 4291 1542 4331 eos
1571 4277 1659 4346 qui
1690 4291 1747 4332 se
1778 4278 1833 4331 in

235 4372 322 4424 illa
353 4371 633 4425 seditione
662 4370 1025 4424 cruciﬁxionis
1056 4370 1368 4424 discernere
1396 4368 1712 4433 noluerunt;
1737 4370 1833 4423 sed

233 4478 357 4517 cum
392 4463 700 4517 furentibus
733 4462 1030 4530 furuerunt,
1062 4476 1181 4516 cum
1214 4460 1604 4515 iIISaanIItibus
1632 4460 1828 4514 clama-

1949 3274 2160 3347 (Matth.
2200 3291 2365 3340 xxvii,
2395 3273 2508 3345 51),
2538 3284 2590 3328 et
2619 3276 2844 3344 reliqua.
2875 3274 2984 3327 lloc
3013 3272 3155 3327 enim
3186 3273 3229 3326 si
3263 3273 3313 3324 in
3346 3282 3531 3325 causas

1947 3370 2078 3421 alias
2108 3370 2447 3429 Irant‘eratur,
2482 3366 2623 3420 sicut
2650 3366 2838 3433 perlidi
2861 3364 3027 3420 Judaei
3061 3364 3266 3428 volunt,
3302 3363 3531 3418 nulla'e-

1946 3474 2047 3513 nus
2096 3457 2289 3528 poterit
2335 3458 2640 3513 convenire.
2691 3456 2851 3511 Terra
2899 3472 3028 3511 vero
3073 3467 3213 3510 mota
3262 3466 3433 3522 potest
3475 3468 3531 3510 ot

1944 3551 2298 3620 spiritualiter
2327 3551 2495 3619 accipi
2532 3566 2546 3602 :
2581 3549 2705 3619 quia
2748 3548 2840 3603 illo
2881 3561 3119 3617 tempore
3160 3548 3309 3601 multi
3350 3559 3533 3612 pecca-

1945 3653 2111 3710 tores,
2167 3644 2217 3697 id
2258 3651 2341 3699 est
2385 3641 2584 3697 terreni
2633 3641 2877 3695 homines
2926 3643 3037 3693 viso
3080 3650 3227 3694 tanto
3274 3637 3531 3693 miraculo

1942 3738 2308 3803 crediderunt,
2340 3751 2405 3790 ex
2437 3735 2627 3803 quibus
2657 3733 2914 3790 Centurio
2946 3733 3268 3787 exclamavit
3307 3732 3530 3786 dicens:

1950 3830 2079 3884 Vcre
2110 3829 2276 3883 Filius
2304 3828 2397 3883 Dei
2426 3837 2535 3881 erat
2568 3830 2661 3881 iste
2689 3825 2933 3895 (Ibidem,
2962 3824 3075 3893 Si).

2019 3922 2168 3975 Vers.
2202 3921 2254 3975 6.
2290 3919 2399 3989 Ego
2430 3919 2540 3972 diri
2571 3934 2591 3973 :
2625 3917 2709 3971 Dii
2734 3919 2871 3979 esth,
2904 3927 2950 3970 et
2978 3916 3074 3985 ﬁlii
3102 3913 3304 3969 Escelsi
3326 3931 3530 3970 omnes.

1942 4011 2099 4066 Venit
2144 4009 2209 4064 ad
2259 4012 2466 4065 tertiam
2519 4017 2757 4079 partem,
2808 4008 2874 4062 ad
2924 4007 3197 4076 apostolos
3261 4014 3315 4059 et
3360 4006 3529 4074 iustos

1941 4103 2177 4171 reliquos
2229 4101 2395 4157 verba
2445 4108 2788 4155 convertens.
2855 4098 2963 4151 lloc
3021 4112 3162 4150 enm
3215 4095 3530 4148 honorabile

1942 4207 2139 4247 nomen
2190 4192 2321 4245 solis
2377 4189 2621 4245 ﬁdelibus
2672 4188 2859 4253 datur,
2920 4184 2988 4240 de
3038 4185 3231 4254 quibus
3284 4184 3529 4251 superius

1939 4283 2073 4338 dixit
2104 4301 2117 4337 :
2149 4281 2284 4337 Deus
2312 4282 2447 4337 s’etit
2487 4281 2539 4334 in
2568 4294 2827 4349 synagoga
2865 4276 3097 4330 deorum.
3145 4275 3529 4329 Promissiones

1938 4390 2065 4445 ergo
2096 4375 2226 4429 tales
2249 4380 2595 4442 acceperant,
2620 4380 2677 4424 ut
2702 4370 2746 4424 si
2775 4368 3021 4424 mandata
3052 4366 3259 4421 Domini
3288 4366 3528 4420 cusmdi-

1939 4477 2077 4533 rent,
2096 4468 2192 4537 ﬁlii
2222 4474 2534 4521 vocarentur
2561 4462 2785 4527 Excelsi,
2808 4476 2903 4531 per
2928 4459 3153 4530 gratiam
3187 4458 3389 4527 utique,
3420 4472 3527 4512 non

233 4565 455 4620 verunt,
494 4556 795 4626 faciemque
846 4555 987 4609 illam
1020 4555 1357 4621 peccantium
1404 4554 1556 4609 tetris
1596 4553 1829 4610 vultibus
1864 4551 1909 4611 D
1936 4576 2030 4630 per
2061 4571 2321 4613 naturam.
2354 4556 2537 4612 Solum
2563 4556 2704 4609 enim
2726 4552 2957 4609 Verbum
2992 4560 3095 4614 est,
3116 4550 3255 4621 quod
3282 4550 3532 4603 substan-

233 4647 553 4702 induerunt.
602 4648 733 4701 Nam
776 4648 820 4702 si
861 4648 995 4702 facie
1041 4647 1267 4702 fuissent
1311 4646 1487 4712 divisi,
1530 4657 1585 4702 et
1626 4647 1831 4703 actibus

230 4757 459 4811 quoque
489 4750 739 4810 pmerant
770 4741 1061 4811 segregari.

308 4832 472 4887 Vera.
517 4832 572 4885 5.
609 4828 851 4885 Judicnte
898 4847 1052 4902 egeno
1103 4840 1148 4883 et
1203 4830 1439 4901 pupillo;
1496 4829 1737 4883 humilem
1788 4840 1835 4883 et

230 4942 521 4996 pauperem
566 4925 872 4995 justiﬁcate.
949 4924 1235 4991 lntcrjccto
1286 4922 1637 4990 diapsalmate
1687 4926 1835 4976 venit

228 5019 297 5070 ad
356 5022 656 5073 secundam
715 5026 943 5086 partem,
1003 5017 1054 5071 in
1110 5031 1212 5086 qua
1266 5024 1571 5069 commouet
1627 5016 1834 5071 enixius

226 5112 491 5177 Judaeos,
546 5119 605 5164 ut
652 5110 963 5165 debuissent
1012 5108 1312 5178 intelligete
1356 5120 1511 5176 quem
1559 5106 1833 5176 videbant,

225 5215 282 5255 et
314 5204 673 5258 adverterent
699 5202 941 5255 humilem
974 5210 1192 5270 propter
1222 5215 1280 5254 se
1310 5198 1524 5264 factum,
1556 5199 1641 5253 cui
1671 5201 1836 5255 ecclo-

225 5312 357 5349 rnm
396 5304 693 5363 potestates
734 5294 1235 5364 dominationesque
1278 5294 1624 5360 deserviunt;
1657 5294 1832 5367 pupil-

224 5390 343 5443 lum
399 5389 587 5455 fuisse,
638 5390 729 5460 qui
776 5400 953 5444 rector
1006 5397 1089 5445 est
1135 5387 1407 5453 omnium;
1457 5402 1689 5457 egenum,
1740 5388 1828 5458 qui

220 5481 494 5537 donando
520 5482 693 5537 nescit
718 5480 980 5551 expendi;
1003 5496 1297 5553 pauperem,
1322 5478 1476 5547 cujus
1502 5485 1624 5533 sunt
1650 5477 1831 5533 omnia

221 5590 355 5643 quae
404 5574 455 5629 in
501 5575 643 5630 cmlo
690 5584 745 5631 et
793 5576 845 5630 in
896 5585 1043 5632 terra
1082 5583 1259 5629 creata
1300 5582 1441 5627 sunt.
1489 5572 1662 5641 Ipsum
1703 5587 1830 5640 ergo

221 5679 547 5723 commonet
604 5670 915 5737 iustiﬁcari,
974 5682 1131 5737 quem
1187 5666 1493 5721 .ludxorum
1560 5665 1828 5734 protervia

222 5759 586 5816 desiderabat
633 5762 919 5832 exstingui.
972 5760 1197 5815 Pulchre
1245 5771 1421 5816 autem
1467 5758 1667 5814 dictum
1710 5764 1826 5824 est,

1939 4653 2132 4707 tialiter
2161 4661 2213 4706 et
2248 4649 2460 4719 prOprie
2486 4647 2684 4702 dicitur
2710 4645 2804 4699 Dei
2831 4644 3025 4709 Filius;
3060 4643 3190 4697 sicut
3226 4651 3308 4695 est
3352 4640 3481 4695 illud
3510 4658 3521 4694 :

1939 4746 2192 4800 Dominus
2225 4745 2353 4797 dixit
2379 4743 2447 4795 ad
2473 4758 2551 4795 me
2580 4738 2792 4795 :Filius
2826 4754 2964 4790 meus
2994 4752 3045 4790 es
3070 4720 3124 4789 iu
3158 4733 3330 4801 (Psal.
3355 4750 3414 4799 II,
3450 4736 3528 4802 Ἰ).

1937 4840 2135 4893 Omnes
2164 4844 2338 4891 autem
2371 4834 2459 4887 lilii
2504 4832 2618 4901 ejus
2658 4839 2936 4894 vocantur,
2971 4829 3057 4897 qui
3100 4825 3300 4879 Sanctis
3325 4825 3524 4895 jussio-

1940 4930 2096 4985 nibus
2125 4929 2497 4997 acquiescunt;
2551 4924 2607 4978 sit
2631 4933 2687 4977 ut
2717 4923 2766 4975 in
2800 4918 3086 4988 Evangelio
3117 4919 3307 4987 legitur
3334 4934 3347 4968 :
3376 4916 3419 4981 Ο
3460 4926 3531 4969 οε⁴

1937 5032 2057 5093 quot
2083 5032 2252 5074 autem
2293 5025 2588 5085 receperunt
2631 5031 2764 5078 eum,
2794 5014 2932 5066 dedit
2962 5013 3032 5065 eis
3063 5020 3357 5078 potestatem
3391 5009 3527 5077 ﬁlios

1940 5114 2035 5168 Dei
2066 5114 2178 5183 ﬁeri
2208 5110 2390 5181 (Joan.
2422 5126 2459 5174 I,
2486 5108 2594 5177 1'2).
2644 5107 2862 5162 Intende
2904 5120 3030 5159 vero
3078 5103 3218 5173 quod
3248 5117 3342 5173 per
3381 5102 3526 5154 deci-

1938 5222 2079 5262 mam
2121 5205 2330 5261 tertiam
2372 5200 2603 5271 Speciem
2644 5195 2992 5261 delinitionis,
3025 5208 3181 5264 quam
3212 5191 3384 5249 ϐιωρὶ
3414 5192 3523 5247 κατ’

1937 5301 2223 5375 ἀναλογίαν,
2255 5294 2423 5352 Latini
2451 5293 2599 5365 juxta
2630 5292 2888 5346 rationem
2931 5289 3139 5352 dicunt,
3173 5285 3413 5353 homines
3443 5284 3524 5336 di-

1941 5401 2137 5445 cuntur
2174 5387 2244 5443 dii
2284 5397 2338 5441 et
2377 5386 2467 5439 lilii
2498 5384 2621 5449 Dei;
2667 5398 2784 5451 qua:
2826 5389 2950 5435 tunc
2988 5392 3102 5434 exo.
3122 5378 3257 5441 itur,
3309 5374 3524 5444 quando

1941 5480 2158 5549 majoris
2190 5478 2263 5533 rei
2296 5476 2510 5532 nomine
2538 5489 2626 5529 res
2652 5473 2903 5528 delinitur
2932 5471 3167 5524 interior.
3218 5468 3330 5522 Hoc
3356 5467 3517 5521 etiam

1938 5576 2315 5642 argumentum
2371 5564 2781 5636 comparationis
2834 5561 3065 5617 refertur
3116 5574 3147 5614 a
3197 5559 3406 5613 minore
3453 5556 3518 5610 ad

1938 5659 2131 5727 majus.
2163 5657 2393 5711 Minores
2422 5664 2546 5710 sunt
2583 5653 2724 5711 enim
2757 5649 2999 5707 homines
3027 5664 3181 5720 quam
3206 5648 3301 5703 dii.

2015 5750 2163 5807 Vcrs.
2189 5750 2243 5807 7.
2278 5747 2381 5803 Vos
2411 5757 2577 5803 autem
2605 5747 2734 5802 sicut
2761 5742 2986 5798 homines
3017 5739 3324 5804 moriemini.
3350 5748 3397 5796 et
3431 5739 3503 5798 sic
