4046 6174
425 381 531 437 595

1638 365 1706 418 Μ.
1753 356 2028 417 Αωίιμιλι
2070 355 2467 411 CASSIUDURI

3595 352 3697 409 596

429 508 486 551 nt
522 512 653 551 unus
690 496 755 549 de
786 490 1098 563 principibus
1135 488 1343 541 cadetis.
1394 482 1735 551 Superiorem
1785 488 1999 531 versum
2031 471 2075 528 A
2106 470 2348 539 credere,
2376 471 2536 527 dicite
2564 472 2697 527 duas
2740 473 3087 538 substantias,
3118 472 3280 528 dicite
3311 471 3443 525 duas
3476 470 3694 537 fortnas,

424 589 561 643 dixit
604 586 667 640 ad
709 586 924 655 iustos,
977 595 1119 637 nunc
1167 579 1331 635 verba
1380 574 1614 631 deﬂectit
1675 572 1741 627 ad
1793 568 2007 637 impios.

426 680 669 745 Increpat
708 675 848 729 enim
897 672 1222 734 incredulos,
1264 670 1354 740 qui
1402 668 1534 723 mori
1579 665 1753 736 potius
1795 677 1886 731 per
1923 675 2013 715 su-

425 769 665 836 perbiam
709 782 869 838 quam
914 782 1011 837 per
1056 763 1416 820 obedientiam
1464 760 1643 815 vivere
1688 755 2008 811 maluerunt.

424 857 663 913 Dicenda
717 857 859 912 enim
912 874 928 911 τ
983 856 1130 911 Sicut
1184 854 1453 917 homines,
1512 847 1777 919 signiﬁcat
1832 843 2015 913 utique

428 959 760 1020 peccatores,
812 948 898 1017 qui
957 948 1103 999 nullo
1156 941 1331 1013 pretio
1385 950 1512 995 sunt
1561 935 1861 1004 redempti,
1916 946 2015 987 nec

426 1044 495 1095 de
531 1039 785 1096 obnoxiis
822 1039 944 1092 lacti
983 1048 1108 1091 sunt
1144 1034 1317 1091 liberi.
1364 1031 1591 1100 Adiecit,
1632 1038 1679 1081 et
1716 1028 1845 1079 sicut
1885 1039 2016 1077 unus

426 1133 490 1184 de
521 1129 836 1198 principibus
864 1128 1078 1182 cadetis.
1130 1126 1277 1181 Unus
1320 1124 1383 1177 de
1411 1120 1725 1194 principibus
1756 1113 2019 1185 signiﬁcat

427 1225 720 1287 diabolum,
757 1223 843 1293 qui
874 1223 941 1276 de
969 1221 1105 1276 etelo
1137 1218 1403 1289 proiectus
1451 1212 1677 1275 corruit,
1708 1219 1762 1264 et
1800 1222 2012 1279 poenam

429 1331 544 1371 suae
570 1315 935 1386 perversitatis
973 1312 1194 1367 invenit.

508 1409 658 1462 Vers.
683 1407 737 1463 8.
764 1407 1018 1477 Exsurge,
1049 1405 1205 1468 Deus,
1227 1400 1415 1473 judico
1444 1408 1671 1453 terram:
1697 1392 1940 1465 quoniam
1964 1400 2017 1441 tu

430 1498 755 1553 Itwreditabis
785 1499 837 1552 in
867 1496 1097 1551 omnibus
1128 1492 1381 1564 gentibus.
1402 1490 1495 1544 Cui
1523 1488 1735 1547 dicitur,
1766 1481 2012 1549 Exsurge,

430 1591 534 1647 nisi
595 1590 670 1645 illi
711 1590 800 1660 qui
847 1586 1241 1657 praevidehatur
1296 1579 1512 1636 occidi?
1568 1574 1760 1629 Jud'ra
1808 1582 2016 1634 terram,

431 1681 603 1736 eidem
643 1680 741 1749 ipsi
778 1678 975 1734 dicitur
1011 1676 1079 1731 de
1117 1688 1222 1744 quo
1252 1672 1506 1741 scriptum
1537 1677 1619 1724 est
1648 1682 1663 1720 :
1692 1664 1819 1721 Cum
1847 1669 2018 1716 autem

431 1777 619 1830 renerit
663 1773 835 1827 Filius
883 1771 1101 1825 hominis
1148 1769 1201 1821 in
1246 1769 1513 1839 majestate
1562 1778 1691 1822 sua,
1746 1767 1793 1812 et
1847 1770 2019 1810 omnes

2115 567 2251 619 sicut
2289 565 2577 634 Apostolus
2621 565 2698 619 ait
2745 582 2759 619 :
2811 567 2911 631 Qui
2959 583 3072 619 cum
3117 568 3169 618 in
3211 563 3381 631 [arma
3417 561 3508 617 Dei
3552 575 3715 630 esset,

2115 674 2217 713 non
2248 661 2487 727 rapinam
2513 658 2788 713 arbitratus
2815 670 2888 713 est
2909 675 3016 714 esse
3057 675 3111 712 se
3149 659 3393 728 (aqualem
3420 656 3569 721 Deo;
3613 659 3699 711 sed

2114 751 2436 821 semetipsum
2467 751 2739 804 exinanivit
2776 751 2997 820 formam
3036 751 3164 804 servi
3192 751 3478 817 accip'ens,
3522 758 3567 801 et
3606 751 3701 802 ha-

2117 842 2222 894 bitu
2252 842 2481 896 inventus
2509 850 2564 895 ut
2592 842 2743 896 homo
2774 840 2998 912 (Phil'p.
3031 857 3089 907 ll,
3119 842 3171 910 6,
3206 842 3284 911 7).
3333 840 3563 895 Tantum
3595 852 3699 908 est,

2118 949 2183 990 ne
2234 934 2557 1003 refugientes
2606 935 2796 1008 dogma
2844 933 3220 997 salutiferum,
3276 935 3494 989 exilium
3548 934 3703 989 vobis

2118 1025 2429 1094 prmparctis
2469 1033 2748 1079 attentum.
2812 1023 3096 1080 Sciendum
3138 1038 3266 1079 vero
3307 1031 3391 1077 est
3430 1022 3569 1089 quod
3618 1022 3703 1077 hic

2118 1116 2353 1185 psalmus
2390 1115 2605 1183 quintus
2644 1124 2726 1171 est
2768 1130 2953 1171 eorum
2998 1130 3130 1185 quos
3167 1116 3235 1171 de
3268 1115 3471 1170 duabus
3500 1115 3703 1172 naturis

2121 1207 2328 1262 Domini
2358 1206 2557 1262 Christi
2580 1205 2909 1276 conscriptos
2936 1220 3055 1262 esse
3084 1206 3456 1276 praediximus.

2349 1315 2712 1372 EXPOSITIO
2752 1316 2817 1371 ΙΝ
2859 1316 3186 1373 PSALMUM
3227 1316 3479 1374 LXXX".

2560 1408 2829 1462 Caut'cum
2857 1410 3042 1476 psalmi
3069 1409 3264 1477 Asaph.

2189 1498 2390 1552 Cantici
2432 1498 2619 1566 psalmi
2657 1499 3062 1567 signiﬁcantiam
3101 1499 3153 1553 in
3184 1499 3492 1568 praefatione
3522 1502 3702 1569 posui-

2120 1602 2270 1653 mus,
2320 1597 2374 1641 et
2421 1602 2515 1656 per
2557 1588 2759 1653 titulos,
2810 1588 2897 1642 ubi
2937 1588 3087 1643 locus
3136 1589 3346 1658 exegit,
3400 1588 3703 1660 frequenter

2119 1678 2383 1734 ediximus
2409 1696 2423 1733 :
2447 1679 2697 1748 quoniam
2722 1680 2999 1733 nominum
3031 1679 3253 1734 istorum
3278 1680 3441 1736 virtus
3465 1681 3531 1734 ad
3560 1681 3705 1735 illum

2122 1785 2221 1825 nos
2272 1770 2599 1826 intellectum
2644 1771 2842 1835 trahit,
2886 1780 2944 1825 ut
2990 1772 3041 1825 in
3087 1771 3245 1826 rebus
3293 1772 3587 1828 actualibus
3638 1772 3705 1827 ad

430 1866 603 1935 angeli
641 1881 757 1918 cum
806 1879 888 1929 eo,
935 1872 1056 1915 tunc
1100 1858 1289 1914 sedebit
1332 1871 1487 1927 super
1531 1854 1697 1907 sedem
1739 1846 2018 1920 majestatis

2128 1864 2356 1918 divinam
2392 1865 2898 1933 contemplationem
2939 1865 3147 1919 animos
3177 1865 3373 1934 iugiter
3414 1865 3703 1937 erigamus.

435 1973 561 2024 suat,
589 1967 634 2011 et
663 1954 1103 2026 congregabantur
1127 1959 1244 2004 ante
1268 1963 1383 2002 eum
1410 1961 1582 2000 omncs
1604 1956 1771 2014 gentes
1801 1939 2014 2011 (Matth.

432 2065 577 2115 xxv,
624 2047 733 2112 51,
782 2046 854 2102 52
877 2048 916 2116 ).
993 2042 1333 2099 Iltcreditabis
1399 2041 1453 2093 in
1491 2036 1759 2107 gentibus,
1826 2043 2021 2086 terram

435 2141 640 2195 scilicet
666 2154 823 2209 quam
853 2138 1100 2208 superius
1126 2134 1286 2199 dixit,
1316 2131 1460 2186 illam
1490 2144 1647 2199 quam
1680 2127 1818 2182 beati
1851 2122 2023 2193 possi-

435 2230 659 2296 debunt,
701 2239 756 2285 et
791 2236 1046 2284 uernam
1082 2223 1468 2296 iucunditatem
1511 2233 1714 2289 magnae
1755 2215 2022 2271 lelieitatis

437 2324 719 2391 accipient.

973 2388 1248 2445 Conclusio
1281 2386 1485 2453 psalmi.

507 2484 722 2549 Audite,
762 2482 965 2547 Judasi;
1010 2479 1308 2549 intelligite,
1352 2475 1675 2547 pertinaces,
1719 2478 1911 2541 quanta
1957 2468 2025 2524 de

438 2578 668 2633 adventu
699 2574 907 2630 Domini
932 2571 1103 2640 Asaph
1131 2570 1231 2626 iste
1260 2570 1470 2623 locutus
1507 2575 1610 2621 est.
1657 2564 1793 2632 Quid
1826 2561 2022 2628 colitis,

438 2673 484 2726 si
534 2669 911 2740 prophetarum
963 2676 1257 2720 vestrorum
1309 2661 1448 2716 dicta
1501 2656 1760 2715 nescitis?
1839 2656 2025 2711 Venite

438 2763 505 2817 ad
549 2760 776 2817 catholic
813 2774 840 2815 s
886 2757 1224 2821 sacerdotes,
1275 2753 1581 2824 aperiantur
1628 2764 1788 2805 aures
1835 2758 2026 2803 vestra:

439 2864 498 2909 ut
526 2852 742 2924 pos~itis
769 2850 912 2906 dono
937 2847 1147 2904 Domini
1187 2847 1492 2901 diuturnam
1531 2841 1760 2899 evadere
1797 2840 2030 2895 surdita-

438 2957 571 3001 tem.
616 2942 727 3001 Vos
767 2956 997 3014 quoque,
1028 2940 1216 3011 psalmi
1258 2938 1415 3008 huius
1466 2938 1635 3007 primo
1675 2950 1832 2991 versu
1874 2951 2028 2990 cura-

440 3038 595 3099 mini,
631 3036 720 3107 qui
747 3034 976 3091 Nestorii
1017 3042 1072 3087 et
1097 3032 1350 3103 Eutychis
1391 3030 1640 3099 pestifero
1681 3044 1879 3098 vapore
1919 3028 2025 3084 ler-

441 3132 599 3188 vetis.
642 3130 715 3184 De
752 3143 858 3199 quo
894 3128 1036 3182 enim
1077 3125 1271 3180 dicitur
1301 3142 1312 3177 :
1347 3123 1482 3178 Deus
1513 3124 1647 3178 stetit
1684 3124 1736 3175 in
1764 3138 2027 3193 synagoga

2122 1957 2291 2026 Asaph
2339 1972 2468 2012 vero
2513 1956 2979 2027 congregationem
3005 1956 3195 2011 Latina
3226 1957 3402 2027 lingua
3454 1972 3709 2011 resonare

2122 2063 2227 2103 non
2257 2046 2476 2103 dubium
2509 2058 2611 2103 est.
2652 2046 2757 2102 Sed
2797 2047 2898 2102 iste
2929 2048 3127 2118 Asaph,
3157 2048 3366 2117 quoties
3396 2047 3446 2101 in
3476 2048 3708 2101 medium

2121 2138 2425 2202 deducitur,
2470 2138 2609 2192 sicut
2641 2137 2750 2207 iam
2792 2137 3048 2203 diximus,
3091 2153 3196 2191 non
3236 2145 3320 2192 est
3362 2146 3547 2190 auctor
3594 2136 3709 2204 ipse

2123 2234 2420 2298 carminis,
2470 2231 2564 2287 sed
2613 2242 2828 2300 promer
2874 2230 3102 2285 nominis
3142 2230 3224 2284 sui
3269 2229 3710 2298 signiﬁcationem

2124 2326 2451 2393 virtutesque
2479 2322 2801 2392 psalmorum
2831 2333 2952 2392 apte
2982 2322 3150 2376 titulis
3177 2331 3261 2377 eat
3289 2322 3582 2389 appositus.

2704 2436 2768 2490 Di
2790 2436 2903 2489 'isio
2933 2435 3135 2506 psalmi.

2210 2544 2419 2618 Asaph,
2464 2545 2554 2614 qui
2603 2543 2768 2598 multa
2814 2543 2919 2610 iam
2974 2543 3025 2596 in
3075 2542 3438 2611 superioribus
3489 2543 3711 2612 psalmis

2127 2638 2195 2694 de
2225 2638 2433 2692 Domini
2474 2636 2837 2692 incarnatione
2876 2635 3217 2704 praedixerat,
3259 2651 3400 2689 nunc
3444 2636 3497 2689 in
3532 2637 3707 2704 primo

2127 2729 2370 2786 membro
2423 2728 2491 2785 de
2540 2728 2769 2783 adventu
2821 2728 2939 2797 eius
2992 2728 3253 2783 secundo-
3290 2728 3528 2783 dicturus
3587 2737 3707 2783 est:

2128 2830 2387 2892 expetens
2423 2829 2479 2876 ut
2507 2821 2758 2892 quoniam
2804 2821 2854 2874 in
2889 2821 2992 2874 ﬁne
3020 2820 3200 2875 saeculi
3244 2819 3439 2874 inimici
3472 2820 3589 2888 eius
3619 2833 3711 2888 per

2131 2914 2519 2969 Antichristum
2551 2913 2711 2967 nimis
2751 2911 2987 2981 erigendi
3017 2920 3161 2980 sunt,
3192 2913 3359 2983 ipsius
3386 2913 3493 2968 cito
3521 2913 3713 2970 debent

2129 3008 2311 3063 venire
2332 3006 2589 3080 iudicium
2621 3026 2635 3062 :
2661 3007 2819 3078 283
2847 3022 2913 3061 ne
2944 3006 3241 3078 gravissimi
3271 3006 3438 3061 hostis
3461 3006 3712 3062 diuturna

2129 3099 2342 3156 licentia
2382 3106 2625 3154 cunctam
2667 3108 2875 3153 vastare
2914 3099 3079 3167 possit
3115 3098 3425 3153 Eeclesiam.
3466 3099 3712 3156 Secundo

444 3227 653 3279 deorum
671 3239 693 3290 ;
734 3191 789 3277 el
824 3220 1084 3292 sequitur,
1120 3217 1173 3271 in
1202 3216 1368 3270 medio
1397 3224 1566 3269 autem
1593 3212 1716 3269 deos
1745 3191 2027 3266 discernit?
2053 3211 2101 3275 ρ
2131 3193 2376 3249 membro
2414 3191 2466 3247 in
2497 3207 2590 3248 eos
2622 3207 2716 3262 per
2742 3191 3119 3246 similitudines
3144 3192 3398 3262 quasdam
3440 3194 3715 3248 nominum

446 3314 598 3373 Stetit
624 3315 805 3384 utique
841 3313 910 3367 ab
940 3311 1288 3376 humanitate,
1319 3308 1553 3363 discrevit
1591 3323 1620 3361 a
1651 3306 1846 3363 deitate
1889 3322 2026 3361 unus

444 3416 606 3475 atque
653 3404 791 3460 idem
834 3404 1094 3459 Dominus
1136 3401 1418 3466 Christus;
1476 3410 1759 3470 utrumque
1809 3415 2026 3463 verum,

446 3506 731 3569 utrumque
760 3496 1050 3566 perlectum
1082 3506 1184 3551 est.
1232 3494 1373 3549 Talis
1403 3494 1547 3548 enim
1585 3507 1739 3548 error
1778 3502 1859 3545 est
1897 3487 2029 3547 duas

447 3598 667 3645 naturas
705 3588 902 3645 divisas
939 3586 1230 3643 secundum
1273 3586 1403 3639 duas
1433 3597 1689 3655 personas
1733 3583 1784 3637 in
1815 3582 2028 3639 Christo

449 3679 674 3735 Domino
722 3678 979 3749 proﬁteri,
1031 3677 1202 3749 qualis
1254 3690 1410 3729 unam
1463 3675 1737 3729 confusam
1785 3673 2026 3742 credere,

445 3770 687 3838 quamvis
740 3768 791 3822 in
840 3767 1041 3822 unitate
1088 3781 1352 3836 persona).
1432 3764 1592 3819 Vobis
1639 3763 1780 3819 enim
1829 3764 2026 3820 Sedulii

446 3874 635 3915 versus
685 3859 774 3914 ille
815 3858 1073 3913 dicendus
1118 3871 1191 3912 e51
1226 3875 1239 3911 :

508 3959 662 4008 Ambo
685 3972 857 4009 errore
879 3971 1043 4021 pares,
1067 3970 1339 4020 quanquam
1359 3956 1547 4007 diversa
1570 3964 1853 4020 sequantur.

442 4050 573 4106 Nam
623 4052 668 4106 si
735 4050 1001 4106 hominem
1048 4049 1114 4103 ad
1182 4049 1348 4105 ctelos
1408 4063 1513 4103 non
1569 4050 1798 4116 extulit,
1869 4049 2030 4105 dicite

442 4162 603 4216 quem
658 4145 923 4201 redemit?
978 4144 1225 4199 Formam
1277 4144 1540 4213 siquidem
1609 4143 1751 4197 servi
1824 4158 2031 4197 assum-

444 4248 609 4307 ptam,
667 4240 801 4310 legis
854 4254 959 4293 non
1014 4239 1372 4307 absumptam.
1424 4236 1563 4310 Nulli
1621 4247 1799 4291 autem
1845 4237 2026 4290 datum

440 4340 523 4386 cst
562 4340 686 4385 tunc
725 4333 921 4399 perire,
953 4331 1166 4401 quando
1203 4347 1270 4386 ne
1308 4329 1593 4400 aliquando
1631 4332 1808 4397 perire
1838 4332 2026 4399 possit,

442 4422 669 4488 accepit.
716 4421 846 4474 Nam
908 4422 954 4475 si
995 4420 1105 4490 iam
1170 4435 1272 4474 una
1324 4430 1509 4475 natura
1565 4423 1666 4476 sub
1715 4421 2030 4477 confusione

445 4513 617 4582 magis
666 4522 862 4573 vestra.
912 4526 943 4566 ο
993 4512 1332 4582 Eutyebiani,
1383 4513 1517 4567 facta
1565 4524 1666 4579 est,
1712 4524 1770 4570 ut
1811 4517 2023 4585 putatis,

2132 3286 2397 3354 supplicat
2436 3284 2725 3350 vindicari,
2768 3283 3119 3339 correctionis
3163 3294 3309 3354 voto,
3352 3301 3456 3340 non
3496 3286 3715 3339 maledi-

2130 3381 2324 3435 ctionis
2354 3379 2612 3435 instinctu

2675 3493 2937 3564 Expositio
2978 3495 3180 3565 psalmi.

2203 3612 2357 3667 Vers.
2403 3613 2451 3668 Ι.
2491 3612 2653 3679 Deus,
2696 3614 2808 3679 quis
2848 3610 3033 3664 similis
3058 3610 3153 3665 erit
3194 3608 3334 3663 tibi?
3405 3606 3487 3662 Ne
3528 3618 3716 3669 taceas,

2132 3720 2291 3774 neque
2316 3703 2673 3773 campescaris,
2709 3701 2861 3754 Dens.
2895 3701 3020 3755 Hice
3052 3702 3218 3769 ﬁgura
3250 3700 3446 3753 dicitur
3470 3697 3718 3766 epanale-

2133 3793 2265 3863 psis,
2313 3794 2363 3847 id
2406 3801 2489 3848 est
2531 3792 2679 3846 verbi
2720 3792 2773 3845 in
2815 3791 3075 3859 principio
3120 3804 3307 3843 versus
3347 3787 3524 3857 positi,
3568 3796 3622 3841 et
3666 3788 3719 3840 in

2133 3885 2371 3952 eiusdem
2407 3885 2510 3938 ﬁne
2539 3883 2805 3953 repetitio.
2864 3880 3317 3936 Considerandum
3348 3889 3431 3935 est
3458 3880 3583 3949 quid
3614 3880 3720 3934 sibi

2132 3976 2262 4031 velit
2301 3975 2440 4030 istud
2484 3975 2724 4043 initium,
2763 3974 3014 4043 quoniam
3055 3988 3263 4027 summa
3300 3973 3560 4028 brevitate
3601 3986 3718 4025 tua-

2132 4082 2356 4136 gnarum
2396 4082 2576 4122 rerum
2616 4073 2950 4121 sacramenta
2990 4065 3278 4120 concludit.
3329 4065 3451 4130 Quis
3478 4062 3620 4119 enim
3652 4064 3722 4116 si-

2131 4158 2273 4213 milis
2327 4159 2421 4212 erit
2478 4158 2552 4212 illi
2608 4159 2699 4228 qui
2750 4158 2942 4214 ccelum
2999 4166 3053 4213 et
3108 4166 3343 4223 terram,
3395 4155 3478 4210 vel
3530 4166 3721 4210 cuncta

2131 4265 2252 4318 qua:
2304 4250 2353 4304 in
2403 4251 2483 4305 eis
2523 4258 2669 4319 sunt,
2720 4258 3091 4306 momentanea
3141 4248 3415 4304 celeritate
3461 4247 3723 4316 perfecit?

2134 4341 2263 4399 Nam
2296 4341 2421 4397 licet
2448 4340 2708 4397 Dominus
2734 4341 3001 4407 Christus,
3032 4340 3123 4410 qui
3166 4341 3302 4394 inter
3326 4339 3541 4394 Iudaeos
3585 4354 3719 4393 eon-

2135 4443 2378 4490 versatus
2408 4443 2513 4501 est,
2544 4449 2574 4488 a
2608 4434 2821 4502 perﬁdis
2856 4433 3157 4490 hominibus
3196 4431 3562 4485 tantummodo
3598 4446 3718 4484 cre-

2131 4524 2273 4579 ditus
2308 4532 2391 4579 est
2425 4539 2546 4579 esse
2584 4524 2909 4587 simillimus,
2945 4523 2998 4577 in
3031 4532 3232 4577 tantum
3276 4532 3332 4576 ut
3370 4538 3488 4576 eum
3520 4532 3572 4575 et
3621 4521 3720 4575 lla-

441 4603 711 4673 quomodo
755 4603 922 4659 Filius
963 4604 1194 4659 hominis
1230 4607 1294 4659 ad
1331 4606 1676 4672 iudicandum
1719 4596 2023 4675 prmdieitu:

2131 4615 2285 4685 gellis
2326 4616 2615 4679 caederent,
2658 4623 2713 4668 et
2749 4613 3029 4668 sentcntiae
3065 4612 3324 4682 pravitate
3361 4612 3715 4675 damnarent,

441 4697 616 4753 adhuc
652 4712 775 4753 esse
813 4699 1105 4753 venturus?
1156 4701 1259 4753 Aut
1297 4702 1566 4770 quomodo
1604 4702 1840 4756 videbunt
1880 4703 2026 4773 impii

440 4789 497 4842 in
532 4805 683 4856 quem
724 4798 1130 4858 compunxerunt
1175 4790 1360 4862 (Zach.
1394 4808 1484 4859 xu,
1518 4791 1647 4864 i0)?
1692 4794 1926 4864 Denique
1970 4805 2029 4849 ut

441 4879 558 4933 haec
594 4880 872 4948 persuasio
909 4880 1146 4936 funditus
1179 4883 1474 4950 tolleretur,
1524 4893 1645 4953 post
1679 4884 2028 4940 resurrectio-

441 4983 565 5023 nem
593 4968 813 5025 Thomae
842 4970 1105 5026 dubitanti
1140 4972 1253 5041 ipse
1283 4973 1560 5042 respondit
1594 4990 1607 5025 :
1642 4973 1792 5027 Mitte
1820 4991 2026 5027 manum

439 5070 580 5115 tuam
617 5073 665 5116 et
707 5062 839 5129 vide,
884 5065 1125 5134 quoniam
1174 5066 1387 5134 spiritus
1427 5083 1629 5121 carnem
1678 5077 1726 5123 et
1764 5085 1876 5122 ossa
1922 5085 2025 5121 non

440 5154 611 5219 habet,
657 5155 786 5208 sicut
834 5171 914 5209 me
958 5156 1136 5210 uidetis
1182 5157 1365 5212 habere
1412 5157 1590 5229 (Joan.
1638 5176 1724 5221 xx,
1755 5159 1854 5225 27;
1898 5160 2025 5214 an.

440 5259 587 5312 xxrv,
614 5243 728 5314 39).
773 5243 1125 5302 Considerate
1162 5247 1322 5302 etiam
1357 5264 1477 5318 qua:
1516 5265 1611 5305 vos
1652 5262 1904 5319 sequitur
1934 5254 2026 5307 ab-

440 5335 691 5390 surditas.
736 5335 867 5393 Nam
897 5353 1019 5392 cum
1048 5353 1118 5394 ex
1151 5338 1356 5394 duabus
1397 5340 1601 5395 naturis
1643 5357 1798 5394 unam
1832 5341 2023 5396 factum

441 5426 656 5496 dicitis,
710 5437 803 5484 aut
849 5432 1216 5486 confusionem
1271 5433 1581 5500 provenisse
1627 5434 1884 5498 creditis,
1936 5445 2025 5488 aut

443 5535 606 5574 unam
647 5521 869 5589 periisse
908 5524 1025 5578 sine
1075 5523 1274 5592 pudore
1319 5523 1562 5579 ﬁrmatis.
1606 5526 1743 5592 Quid
1791 5526 2027 5596 relngitis

443 5609 684 5664 conﬁteri
712 5612 851 5681 quod
882 5612 1127 5669 Patribus
1158 5614 1387 5681 nostris,
1417 5615 1615 5684 Spiritu
1645 5625 1831 5670 sancto
1878 5632 2029 5670 reve-

448 5696 612 5760 lante,
652 5700 1018 5769 complacuit?
1055 5701 1214 5758 Certe
1242 5707 1285 5758 si
1316 5721 1419 5760 non
1452 5705 1610 5762 vultis
1639 5707 1771 5760 duas
1814 5720 2030 5761 ιιθιυικις

447 5786 775 5859 inconfusas,
825 5792 1209 5865 immutabilcs,
1259 5796 1545 5865 indivisas,
1599 5800 2033 5870 inseparatasqne

2134 4706 2235 4760 iste
2276 4716 2451 4760 tamen
2494 4706 2576 4758 vir
2613 4704 2856 4774 egregius
2895 4705 2985 4774 qui
3012 4703 3278 4758 Christum
3318 4705 3566 4773 potenti-aa
3606 4716 3718 4756 suae

2136 4794 2499 4865 magnitudine
2535 4794 2908 4861 contuebatur,
2939 4794 3132 4848 merito
3167 4794 3367 4848 nullum
3407 4794 3457 4846 ei
3485 4790 3717 4846 similem

2135 4901 2255 4942 esse
2294 4886 2593 4956 proﬁtetur,
2625 4884 2717 4954 qui
2765 4885 2942 4939 carnis
2980 4886 3205 4939 veritate
3241 4884 3485 4946 vestitus,
3530 4882 3721 4936 divini-

2137 4980 2259 5033 tatis
2297 4993 2410 5033 snae
2440 4977 2559 5048 iura
2600 4994 2705 5033 non
2750 4977 2980 5033 minuit:
3026 4978 3120 5033 sed
3163 4992 3282 5033 cum
3312 4976 3468 5032 Patre
3506 4974 3720 5046 semper

2135 5084 2377 5134 manens,
2420 5070 2696 5124 nobiscum
2740 5069 2981 5125 habitare
3019 5069 3267 5137 dignatus
3305 5078 3405 5123 est.
3448 5068 3729 5125 Veracitcr

2134 5177 2262 5232 ergo
2302 5161 2530 5230 positum
2574 5171 2701 5215 est:
2740 5160 2864 5228 Quis
2907 5161 3088 5214 similis
3132 5160 3227 5213 erit
3270 5158 3402 5213 tibi?
3448 5160 3725 5227 Sequitur,

2135 5253 2220 5308 Ne
2247 5265 2435 5319 taceas,
2466 5268 2624 5316 neque
2653 5252 3008 5322 compescaris,
3040 5252 3199 5306 Deus.
3226 5251 3321 5304 llic
3344 5249 3457 5321 iam
3489 5250 3720 5319 patentia

2136 5345 2224 5399 illa
2258 5344 2418 5399 futuri
2451 5344 2754 5399 declaratur
2780 5344 3079 5409 adventus,
3111 5344 3323 5414 quando
3349 5361 3441 5398 nec
3471 5352 3599 5397 tacet
3630 5344 3720 5412 qui

2124 5436 2350 5507 indicat,
2380 5452 2469 5489 nec
2496 5437 2835 5507 compescitur
2875 5437 2966 5505 qui
3004 5436 3218 5490 virtutis
3257 5452 3370 5491 sua:
3412 5434 3725 5488 manifesta-

2131 5532 2276 5583 tione
2304 5529 2621 5583 declaratur.
2657 5528 2803 5583 Talia
2848 5528 2989 5584 enim
3035 5530 3085 5582 in
3125 5530 3297 5595 primo
3340 5528 3570 5582 adventu
3616 5540 3723 5580 non

2136 5621 2298 5675 fuisse
2342 5619 2681 5674 manifestum
2724 5629 2826 5682 est,
2862 5618 3074 5688 quando
3101 5618 3247 5673 Sicut
3278 5620 3385 5671 ovis
3414 5618 3481 5671 ad
3512 5617 3729 5671 occisio-

2136 5730 2251 5767 nem
2282 5713 2462 5766 ductus
2493 5723 2586 5779 est,
2624 5722 2671 5767 et
2700 5712 2830 5767 sicut
2871 5728 3037 5783 agnus
3073 5728 3245 5765 coram
3278 5713 3512 5764 tondente
3536 5727 3613 5775 se,
3653 5711 3731 5765 sic

2140 5822 2238 5858 non
2264 5806 2459 5872 aperuit
2494 5823 2545 5859 os
2578 5821 2725 5858 suum
2766 5803 2917 5875 (lsai.
2950 5820 3063 5868 Lm,
3096 5805 3172 5868 7).
3216 5803 3533 5872 Compescutt
3563 5804 3726 5861 etiam
