4046 6174
263 316 370 372 51η

1164 311 1516 366 [ΧΡΟΞΙῙῚΟ
1560 310 1621 365 IN
1666 309 2122 365 l‘SALTERlUM.
2169 309 2359 365 l’S.\L.
2406 310 2662 364 LXXXII.

3440 309 3541 364 598

268 430 521 480 virtutem
572 438 742 487 suam,
798 421 1007 489 quando
1057 435 1115 474 se
1156 435 1342 487 passos
1386 433 1464 475 εει
1508 420 1658 489 quasi
1711 435 1857 472 reum
1892 424 1935 479 Λ
1968 420 2239 473 invidiam.
2316 418 2465 486 Quod
2513 422 2803 490 argumenti
2854 436 3021 490 genus
3063 428 3302 476 oratores
3348 422 3411 473 ad
3451 435 3544 475 sua

270 518 479 584 teneri,
545 526 598 573 et
653 513 840 567 Pontio
892 512 1058 566 Pilato
1111 513 1227 566 sine
1283 513 1456 581 aliqua
1516 511 1865 565 reluctutione

269 607 537 662 cuntradi.
580 605 683 659 Ista
724 604 864 658 enim
898 603 949 656 in
980 603 1152 656 futura
1188 602 1514 672 judicatione
1554 601 1863 665 cessabunt,

278 697 366 751 ubi
404 696 636 764 polentia
665 693 953 746 divinitatis
982 692 1269 747 elucescet.

344 787 503 843 Vers.
535 788 589 839 2.
634 786 895 854 Quoniam
925 801 1037 839 ecce
1064 785 1258 837 inimici
1286 785 1358 837 tui
1380 792 1681 847 sonuerunt,
1710 791 1756 835 et
1781 782 1868 852 qui

273 883 493 934 oderunt
534 890 581 933 te
608 878 900 933 extulerunt
930 887 1099 945 caput.
1149 876 1364 945 Sngula
1404 875 1625 945 singulis
1672 873 1865 927 reddit.

275 972 412 1026 Nam
462 981 649 1025 contra
700 970 829 1023 illud
877 968 1017 1037 quod
1063 968 1157 1032 ait,
1214 967 1294 1020 Ne
1340 976 1528 1031 taceas,
1575 963 1866 1033 suhjungit,

280 1063 539 1125 Quoniam
590 1073 702 1115 ecce
754 1060 953 1113 inimici
1008 1060 1081 1111 tui
1132 1067 1452 1121 sonuerunt;
1504 1068 1687 1110 contra
1742 1054 1869 1108 illud

277 1165 457 1207 autem
486 1153 627 1221 quod
656 1152 805 1214 dixit,
840 1167 999 1217 neque
1035 1151 1389 1219 compescaris,
1427 1164 1639 1203 causam
1672 1147 1868 1213 reddit,

279 1255 323 1297 et
364 1245 454 1313 qui
491 1244 704 1296 oderunt
746 1251 793 1295 te
830 1242 1121 1296 extulerunt
1160 1252 1330 1311 caput.
1408 1239 1510 1294 Sed
1553 1238 1652 1292 hoc
1704 1247 1871 1291 totum

279 1336 347 1388 ad
389 1335 701 1389 Antichristi
745 1335 911 1403 magis
955 1341 1195 1401 tempora
1234 1341 1601 1400 competenter
1639 1339 1870 1397 aptatur,

281 1425 499 1493 quando
538 1426 737 1478 inimici
768 1424 975 1478 Domini
1017 1422 1356 1477 tumultuosis
1395 1420 1747 1475 seditionibus
1788 1421 1870 1472 in-

282 1517 574 1571 sonabunt.
614 1516 677 1569 Et
717 1516 851 1569 bene
894 1530 1001 1569 non
1045 1514 1251 1581 posuit,
1287 1512 1448 1566 locuti
1491 1520 1633 1578 sunt,
1668 1510 1760 1563 sed
1793 1525 1875 1562 so-

284 1618 545 1670 nuerunt;
586 1617 639 1661 ul
677 1607 754 1660 eis
788 1606 1059 1660 hominum
1101 1606 1290 1658 merito
1330 1612 1651 1672 negarentur
1689 1600 1872 1664 vetba,

284 1700 376 1769 qui
408 1714 567 1754 voces
607 1697 949 1752 rationabiles
979 1712 1081 1750 non
1116 1695 1399 1749 habebant.
1460 1692 1677 1747 Intende
1715 1691 1874 1746 etiam

1966 510 2139 564 studia
2206 513 2621 575 transferentes,
2688 512 2891 563 animos
2930 510 3167 579 judicntn
3221 513 3363 563 so'tli
3424 518 3547 562 sunt

1965 603 2288 658 omnimodis
2319 617 2678 658 commovere.

2040 693 2187 748 Vers.
2227 694 2280 748 6.
2323 693 2677 747 Tabvrrtacula
2714 692 3087 758 ldnmworum,
3122 703 3167 746 et
3200 690 3554 745 lsnmltelitnrn

1971 784 2094 856 [ηις.
2131 788 2220 851 A.,
2254 786 2334 850 Ρ..
2372 782 2727 853 Ismahelitaz].

2042 875 2193 928 Vers.
2237 878 2291 928 Ἰ.
2336 873 2513 937 Moab,
2557 884 2602 925 et
2648 876 2891 942 Agareni,
2940 873 3118 935 Gebal,
3167 880 3213 924 et
3246 872 3479 935 Ammon,
3511 878 3559 922 et

1971 967 2182 1021 Amalec
2215 984 2232 1021 .'
2272 976 2319 1020 et
2349 968 2648 1037 alienigena:
2680 983 2792 1018 cum
2824 965 3166 1018 habitantibus
3202 964 3410 1033 Tyrum.

2046 1060 2197 1113 Vers.
2240 1059 2296 1113 8.
2339 1058 2543 1111 Etenim
2575 1058 2734 1110 Assur
2764 1058 2919 1109 simul
2946 1056 3076 1109 venit
3108 1071 3221 1107 cum
3251 1054 3353 1107 illis
3386 1068 3403 1106 :
3436 1052 3561 1122 {acti

1973 1163 2090 1206 sunt
2127 1154 2179 1205 in
2218 1152 2589 1221 susceptionem
2633 1147 2755 1213 ﬁliis
2791 1149 2907 1203 Lot.
2958 1147 3300 1203 Enumeratio
3339 1146 3561 1199 istorum

1976 1248 2250 1301 nominum
2283 1261 2443 1314 quam
2481 1245 2535 1297 lii
2567 1254 2673 1298 tres
2706 1258 2890 1297 versus
2921 1241 3335 1310 amplectuntur,
3364 1236 3561 1291 Christi

1976 1340 2214 1394 det-iurat
2240 1339 2483 1392 inimicos
2506 1378 2521 1403 ,
2546 1352 2770 1406 quorum
2796 1334 3216 1405 signiﬁcalimes
3239 1330 3562 1399 aperiamus,

1977 1438 2035 1485 ut
2056 1430 2232 1483 omnia
2259 1428 2587 1497 temporibus
2606 1426 2925 1482 Antichristi
2948 1438 3243 1493 congruere
3265 1422 3562 1476 videantur.

1979 1520 2201 1574 Μυηιωὶ
2242 1522 2661 1587 interpretantur
2713 1519 2792 1570 vel
2849 1516 3124 1585 sanguinei
3192 1515 3273 1568 vel
3337 1514 3563 1574 terreni;

1980 1610 2295 1665 lsmaltelitaz
2348 1610 2659 1665 obedienles
2699 1610 2916 1673 mundo,
2970 1624 3074 1661 non
3118 1608 3368 1669 Domino;
3412 1603 3564 1655 Moab

1979 1717 2044 1757 ex
2066 1713 2235 1771 patre,
2256 1700 2395 1769 quod
2426 1699 2518 1753 tali
2550 1698 2709 1753 modo
2737 1698 3002 1767 significat
3033 1707 3389 1765 peecatorem,
3420 1704 3473 1747 ut
3499 1693 3565 1748 ad

284 1790 432 1860 quod
466 1790 654 1858 plurali
688 1805 909 1843 numero
938 1788 1105 1852 dixit,
1135 1788 1221 1854 qui
1250 1787 1498 1848 oderunt;
1529 1793 1581 1837 et
1611 1783 1871 1852 sequitur,

1985 1805 2184 1863 patrem
2203 1793 2371 1847 Adam
2393 1793 2509 1861 ejus
2533 1792 2891 1848 inobedieutia
2920 1789 3213 1853 referatur;
3242 1788 3482 1859 Agareni,
3512 1786 3563 1839 id

286 1881 588 1935 extulerunt
627 1889 802 1949 caput,
848 1879 972 1934 dum
1020 1879 1186 1945 capita
1230 1878 1408 1930 dicere
1446 1876 1744 1937 potuisset:
1782 1870 1876 1926 sed

285 1972 541 2025 omnibus
580 1970 780 2025 insanis
811 1986 972 2023 unum
1001 1977 1081 2023 est
1110 1979 1266 2037 caput
1295 1966 1670 2020 Antichristus.
1722 1963 1875 2030 Quod

286 2066 414 2118 ideo
452 2063 575 2116 dit-it
614 2064 829 2127 elatum,
870 2062 992 2131 quia
1036 2060 1194 2113 multa
1240 2066 1499 2127 potestate
1544 2054 1874 2124 gloriabitur,

288 2174 346 2215 ut
376 2176 434 2215 se
466 2173 622 2215 etmm
655 2153 809 2215 deum
840 2153 1020 2209 dicere
1048 2158 1326 2216 praesumat
1356 2147 1647 2203 excelsum.

366 2258 523 2312 Vers.
562 2258 616 2313 3.
657 2259 723 2311 In
753 2259 949 2327 plebem
980 2268 1119 2309 tuam
1148 2259 1309 2305 astute
1334 2245 1679 2318 cogitaverunt
1709 2241 1880 2295 consi-

287 2352 443 2416 l'um,
486 2360 533 2405 et
570 2353 914 2420 cogitaverunt
959 2352 1200 2403 adversus
1243 2359 1440 2401 sanctos
1489 2356 1621 2399 tuos.
1672 2336 1877 2401 RIsoria

291 2445 475 2511 potius
530 2458 687 2513 quam
747 2442 972 2497 dolenda
1030 2439 1380 2508 conquestio,
1436 2446 1618 2491 contra
1671 2436 1877 2506 plebem

291 2533 509 2587 Domini
540 2534 805 2602 cogitasse
838 2533 1121 2600 perituros,
1148 2540 1199 2583 et
1227 2538 1403 2583 astuta
1436 2527 1684 2591 falsitate,
1716 2524 1768 2577 id
1801 2532 1882 2578 est

290 2624 480 2677 dolosa
511 2624 781 2677 voluntate
809 2624 954 2676 nisos
982 2636 1100 2676 esse
1127 2620 1393 2687 decipere,
1425 2632 1558 2687 quos
1587 2616 1881 2686 probantur

291 2713 538 2768 veritatis
584 2713 756 2766 studia
799 2712 1148 2766 communire.
1198 2709 1302 2764 Sed
1343 2720 1396 2762 ut
1435 2706 1660 2777 amplius
1696 2721 1879 2761 eorum

292 2805 489 2860 levitas
517 2816 908 2875 exponeretur,
951 2804 1147 2857 addidit
1178 2822 1189 2855 :
1226 2804 1473 2856 Adversus
1505 2812 1704 2855 sanctos
1734 2812 1881 2866 tuos;

292 2907 355 2951 nt
386 2912 492 2950 non
522 2900 693 2951 solum
724 2897 1079 2951 mediocribus
1109 2895 1285 2949 dolum
1308 2937 1322 2961 ,
1349 2911 1532 2948 verum
1563 2896 1722 2949 etiam
1754 2896 1883 2965 ips's

294 2989 691 3060 quodammodo
751 2989 1059 3045 cmlestibus
1113 2989 1242 3044 viris
1305 2988 1498 3043 inferre
1560 2996 1885 3042 conarentur

295 3093 547 3137 exutum.

1979 1895 2057 1940 est
2072 1885 2291 1939 advena:
2310 1902 2323 1951 ;
2343 1884 2523 1951 Gebal,
2541 1885 2690 1955 vallis
2706 1900 2872 1950 vana;
2898 1885 3136 1947 Ammon,
3156 1883 3382 1950 populus
3399 1881 3567 1934 turbi-

1980 1976 2107 2041 dus;
2134 1975 2376 2031 Amalech
2409 1977 2635 2044 populus
2661 1976 2891 2045 lingens,
2922 1974 2972 2028 id
3004 1986 3082 2029 est
3111 1973 3365 2028 fallaciter
3410 1972 3565 2025 blan-

1980 2068 2162 2134 diens;
2186 2068 2348 2137 Tyrus
2374 2068 2613 2138 angustia
2638 2086 2651 2132 ;
2678 2069 2839 2122 Assur
2863 2082 2958 2135 pro
2980 2067 3095 2135 ipso
3124 2066 3336 2120 diabolo
3362 2065 3567 2135 positus

1981 2169 2079 2221 est,
2107 2162 2195 2228 qui
2220 2176 2404 2215 revera
2427 2160 2587 2213 simul
2609 2174 2729 2213 eum
2750 2160 2829 2213 eis
2857 2158 3001 2213 venit
3026 2158 3091 2212 ad
3114 2168 3564 2227 oppugnationem

1982 2251 2251 2318 ﬁdelium;
2304 2252 2401 2305 Lot
2442 2253 2716 2307 declinans
2756 2254 3167 2319 interpretatur;
3200 2250 3343 2303 unde
3375 2250 3568 2301 turrito

1983 2343 2087 2398 tale
2116 2358 2311 2397 nomen
2335 2344 2387 2397 in
2416 2345 2522 2399 line
2551 2345 2779 2412 positum
2804 2355 2907 2411 εει,
2939 2357 2999 2396 ac
3028 2342 3074 2396 si
3105 2340 3305 2395 diceret
3334 2358 3344 2391 :
3381 2338 3567 2391 Omnes

1981 2443 2379 2501 declinaverunt,
2420 2438 2575 2491 simul
2616 2437 2822 2491 inutiles
2866 2437 2987 2506 facti
3032 2448 3150 2491 sunt
3175 2452 3195 2490 :
3223 2452 3324 2489 non
3368 2445 3442 2489 est
3483 2435 3570 2501 qui

1982 2536 2139 2601 faciat
2180 2536 2387 2599 bonum,
2415 2545 2516 2587 non
2554 2541 2628 2588 est
2667 2546 2827 2601 usque
2853 2531 2918 2583 ad
2950 2546 3108 2583 unum
3141 2526 3313 2600 (Psal.
3347 2544 3457 2591 xm,
3489 2529 3565 2593 1'»).

1984 2625 2108 2679 Haec
2151 2627 2293 2679 enim
2343 2627 2493 2680 turba
2549 2624 2877 2694 perditorum
2925 2637 3046 2689 qua:
3090 2621 3190 2675 sub
3232 2620 3565 2674 Antichristo

1982 2716 2353 2786 congreganda
2382 2725 2485 2782 est,
2517 2716 2775 2771 allusione
2820 2716 3001 2769 talium
3048 2712 3319 2769 nominum
3350 2711 3567 2766 eviden-

1985 2816 2065 2859 ter
2094 2820 2346 2876 expressa
2380 2817 2484 2873 est,
2516 2818 2573 2861 ut
2602 2808 2794 2863 merito
2825 2816 2903 2860 tot
2934 2808 3193 2860 malorum
3222 2804 3481 2861 voeabula
3517 2804 3568 2857 in

1984 2899 2073 2952 illa
2123 2899 2449 2968 intelligeres
2497 2900 2651 2969 plebe
2705 2908 2983 2969 congesta.
3041 2897 3345 2951 Meminisse
3395 2906 3568 2950 autem

1984 2989 2242 3045 debemus
2266 2990 2363 3046 hos
2388 3006 2571 3045 versus
2603 3006 2696 3059 per
2722 2991 2943 3060 figuram
2972 2989 3380 3061 polysyntheton
3406 2987 3569 3042 fuisse

1984 3082 2273 3148 decursus;
2299 3097 2432 3151 quos
2460 3083 2505 3137 si
2536 3082 2764 3137 sollicite
2794 3081 3017 3150 relegas,
3045 3082 3281 3150 reperies
3306 3094 3400 3134 eos
3432 3082 3567 3134 mul-

376 3171 527 3227 Vers.
565 3174 619 3228 4.
662 3172 912 3228 Dixerunt
964 3189 982 3228 :
1034 3173 1233 3237 Venite,
1286 3174 1643 3242 disperdamns
1692 3187 1775 3225 eos
1820 3170 1883 3223 de
1911 3155 1956 3219 C
1990 3174 2053 3225 tis
2082 3173 2547 3241 eonjunctionibus
2579 3187 2699 3227 esse
2729 3173 3030 3241 copulatus.

295 3272 463 3334 gente,
497 3275 541 3317 et
580 3281 680 3317 non
720 3278 1028 3319 memoretur
1069 3281 1252 3318 nomen
1283 3264 1451 3319 Israel
1486 3265 1726 3335 amplius.
1781 3262 1884 3317 Re-

296 3357 401 3408 fert
439 3356 617 3409 inania
654 3358 815 3411 verba
858 3357 1205 3417 dementium.
1248 3372 1368 3426 quae
1410 3356 1601 3411 merito
1640 3355 1884 3423 superius

296 3449 546 3504 sOuuisse
587 3452 762 3518 posuit
800 3466 957 3520 quam
1006 3452 1211 3505 loculos
1259 3450 1368 3504 Hac
1404 3450 1549 3503 enim
1590 3448 1884 3504 intentione

298 3541 542 3595 facienda
600 3552 681 3596 est
704 3541 1016 3597 Antichristi
1073 3541 1374 3611 persecutio
1428 3543 1514 3596 illa
1565 3542 1878 3608 Stevissima,

297 3641 361 3685 ut
391 3630 747 3687 Christianum
781 3650 974 3688 nomen
1006 3634 1073 3689 de
1112 3635 1243 3688 orbe
1289 3642 1549 3688 terrarum
1582 3634 1733 3703 quasi
1767 3648 1883 3686 ma-

296 3721 410 3774 lum
466 3723 676 3790 aliquod
725 3723 961 3778 funditus
1014 3725 1300 3794 abrogetur
1349 3740 1365 3780 :
1423 3726 1721 3779 nescientes
1763 3723 1883 3793 quia

297 3814 429 3868 dum
466 3831 653 3871 servos
682 3817 878 3871 Christi
920 3833 1110 3873 necare
1149 3819 1390 3885 cupiunt,
1436 3830 1742 3872 sanctorum
1785 3834 1885 3871 nu-

299 3922 509 3959 merum
555 3909 761 3962 assidua
804 3910 1175 3978 persecutione
1213 3910 1577 3978 complebunt.
1632 3908 1707 3962 De
1742 3918 1890 3979 gente

299 4008 480 4051 autem
511 4000 650 4065 quod
682 4002 857 4068 posuit
896 4016 1118 4055 numero
1157 4000 1449 4070 singulari,
1488 3999 1748 4069 significat
1789 4014 1887 4068 po-

300 4090 487 4157 pulum
519 4090 909 4157 Christianum;
958 4106 1081 4145 nam
1116 4092 1359 4161 quamvis
1387 4091 1454 4146 de
1496 4091 1678 4145 multis
1717 4094 1888 4161 genti-

300 4180 404 4233 bus
434 4181 686 4235 duceatur
712 4198 831 4237 esse
860 4183 1137 4250 collectus,
1168 4185 1358 4238 merito
1380 4200 1502 4255 gens
1529 4183 1728 4239 dicitur
1760 4199 1885 4251 una,

300 4287 425 4339 quae
472 4273 536 4326 de
579 4289 685 4327 uno
732 4274 875 4329 fonte
921 4275 1253 4345 baptismatis
1305 4278 1544 4331 noscitur
1589 4291 1710 4331 esse
1761 4292 1888 4346 pro-

301 4376 505 4418 creata.
582 4365 707 4422 Slve
754 4367 845 4421 ille
898 4379 1208 4436 perseeutor
1254 4385 1411 4423 unam
1456 4379 1664 4439 gentem
1711 4370 1890 4424 dicere

304 4458 500 4525 potuit,
545 4472 679 4526 quos
718 4458 770 4513 in
810 4475 968 4513 unam
1014 4462 1339 4515 voluntatem
1380 4461 1611 4516 sociatos
1644 4475 1764 4516 esse
1795 4476 1891 4516 co-

2061 3261 2212 3315 Vcrs.
2256 3261 2308 3315 9.
2361 3260 2471 3315 Fac
2512 3264 2618 3315 illis
2663 3262 2791 3315 sicut
2823 3260 3060 3325 Madian,
3095 3270 3143 3314 et
3176 3261 3399 3327 Sisara};
3443 3276 3570 3317 sicut

1984 3352 2139 3405 Jabin
2167 3354 2219 3405 in
2254 3362 2472 3406 torrente
2503 3352 2705 3407 Cisson.

2055 3443 2211 3499 V'ers.
2258 3448 2342 3501 10.
2383 3446 2732 3515 Disperierunt
2772 3446 2823 3497 in
2853 3442 3037 3497 Enrlor
3061 3460 3078 3509 ;
3121 3444 3241 3514 facti
3282 3457 3400 3498 sunt
3441 3460 3571 3499 sicut

1986 3548 2181 3593 stercus
2213 3549 2381 3595 terrm.
2415 3540 2571 3593 Venit.
2599 3539 2665 3593 ad
2695 3538 2983 3593 secundam
3035 3546 3272 3605 partem,
3321 3540 3405 3593 ubi
3453 3556 3573 3606 pru-

1988 3628 2183 3696 phetiae
2241 3629 2429 3698 spiritu
2486 3630 2563 3683 eis
2622 3630 2844 3686 retribui
2899 3632 3221 3699 deprecatur
3279 3635 3573 3687 secundum

1988 3719 2152 3791 284
2192 3721 2435 3774 ordinem
2479 3720 2794 3775 futurorum.
2844 3722 2910 3776 Et
2947 3724 3069 3791 quia
3112 3725 3354 3792 superius
3402 3741 3574 3777 mores

1989 3827 2173 3867 eomtn
2202 3828 2295 3881 per
2317 3830 2438 3866 nom
2465 3828 2530 3865 na
2557 3813 2781 3868 collecta
2804 3814 3179 3883 descripserat,
3208 3830 3345 3868 lillltc
3368 3831 3575 3883 quoquo

1990 3904 2366 3958 retributiones
2405 3906 2485 3958 eis
2510 3920 2603 3971 per
2639 3904 3015 3959 similitudines
3058 3906 3291 3975 gentium
3336 3907 3446 3959 fieri
3489 3907 3573 3957 de-

1991 4007 2259 4066 precatur,
2285 4013 2416 4066 qnas
2446 3997 2769 4053 lsraeliticus
2792 4000 3042 4067 populus,
3080 3999 3303 4052 Domino
3328 3998 3569 4069 iuvante,

1990 4089 2280 4158 superavit.
2312 4087 2526 4141 Madian
2560 4089 2942 4157 interpretatur
2980 4089 3255 4143 declinans
3282 4090 3570 4157 judicium;

1993 4179 2196 4241 Sisara,
2218 4179 2390 4247 gaudii
2419 4179 2689 4245 exelusio;
2722 4178 2899 4245 Jabin,
2919 4180 3150 4247 sapiens,
3174 4179 3265 4232 sed
3292 4182 3391 4231 iste
3422 4196 3576 4232 mun-

1991 4272 2194 4337 danus;
2239 4273 2306 4326 de
2336 4288 2437 4341 quo
2466 4271 2750 4339 Apostolus
2775 4272 2847 4324 ait
2879 4289 2890 4324 :
2927 4271 3023 4324 Ubi
3050 4274 3271 4338 sapiens,
3298 4272 3382 4323 ubi
3410 4272 3575 4323 scriba

1996 4365 2050 4434 (I
2080 4366 2199 4419 Cor.
2232 4382 2268 4431 ι,
2293 4366 2422 4433 20)?
2467 4364 2568 4431 Qui
2615 4379 2800 4420 omnes
2844 4366 2896 4418 in
2936 4376 3152 4419 torrente
3192 4365 3390 4430 Cisson,
3424 4377 3477 4421 et
3524 4370 3576 4419 in

1994 4455 2175 4509 Endor
2242 4455 2389 4508 fonte.
2442 4459 2733 4521 perierunt.
2805 4455 3060 4524 Factiqne
3110 4467 3226 4509 sunt
3282 4468 3335 4510 ut
3382 4465 3575 4512 stercus

300 4548 509 4616 guovit.
542 4549 646 4604 Seu
667 4563 760 4618 per
782 4550 1001 4620 figuram
1031 4552 1277 4622 exallage
1304 4559 1480 4622 potest
1508 4552 1698 4620 accipi,
1725 4551 1776 4605 id
1807 4561 1891 4606 est
1923 4534 1970 4593 1)
1999 4558 2165 4613 ten-a2,
2196 4547 2320 4601 dum
2353 4547 2613 4602 cadavera
2644 4563 2829 4601 eorum
2864 4549 3128 4617 corporali
3160 4549 3437 4617 putredine
3470 4552 3577 4601 δοι-

305 4661 399 4712 per
429 4645 805 4710 mutationem,
837 4646 1051 4716 quando
1079 4661 1175 4717 pro
1204 4662 1426 4701 numero
1455 4646 1641 4716 plurali
1675 4647 1887 4716 ponitur

302 4736 616 4804 singularis.

379 4831 530 4884 Vers.
557 4832 609 4886 5.
642 4832 893 4897 Quoniam
920 4836 1261 4905 cogitaverunt
1287 4852 1586 4889 consensum
1615 4837 1665 4888 in
1694 4850 1885 4887 unum:

301 4926 571 4977 adversum
613 4936 659 4979 te
698 4936 1048 4981 testamentum
1086 4929 1466 4997 disposuerunt.
1511 4928 1883 4983 Testamentum

303 5015 355 5065 in
383 5013 579 5068 divinis
608 5014 895 5084 Scripturis
929 5032 1032 5070 non
1081 5018 1251 5071 solum
1295 5018 1882 5085 dicitur‘mortuorum,

302 5104 396 5159 sed
446 5107 606 5160 etiam
658 5118 864 5175 pactum
914 5109 1051 5161 inter
1095 5109 1243 5162 vivos
1292 5109 1526 5162 habitum
1578 5127 1590 5161 :
1632 5110 1883 5178 quoniam

303 5204 513 5251 mentes
544 5198 921 5265 paciscentium
952 5202 1309 5255 interveniens
1334 5202 1605 5268 Scriptura
1636 5212 1882 5255 testatur.

304 5287 393 5342 Sic
428 5290 571 5341 enim
605 5288 781 5343 Laban
823 5300 875 5343 et
899 5291 1064 5345 Jacob
1099 5291 1286 5345 fecisse
1329 5292 1553 5361 legimus
1591 5300 1882 5346 testamen-

305 5388 412 5431 tum
446 5376 598 5446 (Gen.
630 5394 784 5443 χχιι,
812 5379 929 5449 ﬂ),
958 5381 1083 5434 dum
1126 5382 1297 5448 aliqua
1349 5382 1489 5434 inter
1518 5397 1577 5435 se
1604 5382 1707 5435 vivi
1742 5384 1892 5451 pepi-

303 5471 440 5539 gisse
471 5472 782 5526 doceantur.
835 5473 1050 5527 Paetum
1083 5475 1225 5528 enim
1257 5475 1648 5543 quodammodo
1675 5485 1729 5530 et
1770 5492 1890 5544 per-

303 5564 397 5618 diti
430 5564 623 5619 fecisse
653 5566 919 5630 dicuntur,
954 5568 1167 5637 quando
1208 5570 1438 5622 adunato
1480 5570 1659 5623 studio
1700 5586 1886 5637 perse-

305 5667 536 5725 quuntur
577 5672 672 5712 eos
724 5661 811 5729 qui
856 5661 923 5714 ab
966 5678 1152 5715 eorum
1202 5677 1387 5716 errore
1434 5663 1773 5717 dissentiunt.
1820 5665 1885 5719 Et

305 5744 504 5817 inspice
530 5749 780 5820 quoniam
812 5749 1055 5817 dicendo,
1092 5761 1268 5806 contra
1298 5762 1375 5818 te,
1408 5751 1725 5810 adversariis
1760 5753 1883 5809 fecit

1994 4650 2278 4703 verentur;
2312 4640 2448 4693 sicut
2489 4638 2726 4708 legitur:
2759 4638 2917 4693 Terra
2965 4656 3015 4693 es
3059 4652 3102 4693 et
3146 4642 3198 4693 in
3248 4651 3436 4694 terram
3483 4642 3577 4694 ibis

1995 4728 2147 4802 (Cen.
2176 4746 2254 4799 nt,
2287 4730 2399 4800 19).
2449 4731 2541 4785 llis
2574 4731 2731 4799 igitur
2771 4731 2858 4801 qui
2891 4733 2943 4786 in
2972 4748 3067 4787 sua
3111 4737 3395 4800 pertinacia
3428 4750 3577 4787 man-

1991 4824 2099 4876 snri
2152 4833 2295 4890 sunt,
2346 4824 2537 4876 similis
2586 4833 2801 4891 optatur
2846 4839 3067 4879 oceasns
3103 4842 3113 4876 :
3147 4826 3268 4894 quia
3315 4825 3449 4879 sicut
3499 4827 3574 4879 illi

1994 4927 2180 4967 contra
2212 4914 2558 4968 lsraeliticum
2585 4915 2859 4982 populum,
2887 4916 2955 4967 ila
2986 4916 3066 4969 isti
3094 4917 3363 4969 bellabunt
3389 4928 3575 4974 contra

1995 5008 2335 5063 ﬁdelis~imos
2376 5008 2517 5063 illius
2548 5012 2823 5078 temporis,
2860 5013 3041 5080 utique
3070 5012 3424 5065 Christianos.

2066 5111 2217 5164 Vers.
2252 5109 2338 5165 11.
2385 5109 2526 5164 Pone
2550 5112 2803 5182 principes
2832 5129 3006 5166 eorum
3036 5115 3163 5167 sicut
3194 5112 3346 5176 Ureb,
3380 5122 3423 5165 et
3451 5111 3574 5178 ΖΛ),

1992 5212 2038 5254 et
2084 5201 2270 5267 Zebee,
2324 5213 2372 5255 et
2412 5202 2688 5267 Salmana,
2743 5221 2913 5258 omnes
2962 5206 3217 5274 principes
3265 5221 3459 5257 eorum.
3522 5205 3582 5257 ltt.

1993 5293 2197 5347 eisdem
2232 5294 2729 5348 enumt-rationibus
2778 5306 3105 5364 perseverat,
3137 5296 3221 5349 ubi
3253 5296 3365 5348 Sola
3398 5297 3560 5346 nomi-

1994 5398 2120 5436 num
2171 5386 2476 5452 explanatio
2523 5386 2826 5439 necessaria
2871 5380 2981 5439 est.
3025 5385 3287 5440 Caeterum
3335 5386 3399 5437 ad
3444 5403 3574 5452 quas

1992 5490 2181 5529 causas
2210 5476 2383 5544 posita
2414 5484 2566 5541 sunt,
2612 5478 2855 5544 proxime
2899 5493 2995 5531 nos
3028 5478 3227 5531 dixisse
3260 5478 3573 5531 retinemus.

1994 5570 2124 5622 Oreb
2170 5569 2381 5622 siccitas
2416 5569 2825 5636 interpretatur;
2860 5570 2980 5634 Zeb,
3017 5572 3190 5639 lupus,
3234 5581 3283 5625 et
3313 5570 3471 5623 Zebee
3499 5569 3574 5624 ti-

1989 5662 2182 5725 clima;
2236 5661 2486 5715 Salmana
2531 5670 2709 5716 autem
2763 5663 2947 5716 umbra
3000 5665 3393 5719 eommntionis.
3451 5664 3573 5718 Ihec

1989 5754 2163 5810 omnia
2205 5753 2463 5810 exercitui
2503 5755 3007 5826 optatAntichristi,
3039 5759 3129 5827 qui
3171 5760 3311 5815 nulla
3351 5772 3573 5815 conver-
