4046 6174
439 271 540 325 sua

1668 261 1736 314 Μ.
1782 251 2065 313 AURELII
2101 252 2503 310 CASSIODORI

3600 251 3710 307 600

439 396 592 437 mone
620 379 860 436 33mm];
891 391 1036 446 sum,
1058 395 1282 450 quorum
1316 380 1367 433 ίη
1401 379 1530 443 ints
1558 390 1767 446 quoque
1800 371 2028 427 nomini—
2053 370 2108 427 Α
2132 367 2371 436 impletur
2397 367 2696 438 ignominia,
2726 366 2817 438 qui
2857 377 3195 436 peccatorum
3239 381 3456 420 suorum
3485 378 3592 420 non
3622 365 3710 420 itt-

441 472 540 526 l-us
581 471 878 526 tenebrosis
908 470 1238 525 detestabilis
1259 470 1367 539 jam
1396 485 1580 524 eorum
1628 465 1858 522 sentitur
1887 464 2025 518 inte-

443 563 598 616 rltus.
643 560 795 628 Quod
825 575 996 630 genus
1035 560 1317 616 locutionis
1348 560 1620 631 proprium
1650 558 1874 615 dicimus
1909 572 2027 613 esse

446 656 840 718 Scripturarum
873 653 1196 719 divinarum,
1233 662 1288 710 ut
1319 669 1413 724 per
1436 653 1905 723 interpretationes
1934 667 2029 706 no-

443 742 648 799 minum
676 744 902 800 virtutes
933 746 1200 815 possimus
1226 747 1426 802 sentire
1453 746 1741 800 dictorum.

514 832 674 892 Vers.
718 834 806 890 12.
858 836 958 901 Qui
997 837 1289 892 dixerunt:
1323 837 1635 892 Hareditate
1681 836 2029 906 possideamus

444 927 600 988 nobis
628 931 980 984 sanctuarium
1018 929 1138 986 Dei.
1180 931 1355 1002 Ipsum
1395 940 1477 986 est
1515 930 1654 1002 quod
1693 937 1748 986 et
1784 930 2030 998 superius

447 1020 657 1075 dixerat
696 1038 710 1076 :
761 1021 940 1076 Venite
976 1033 1022 1076 et
1063 1025 1421 1094 disperdamus
1458 1040 1541 1078 eos
1567 1024 1632 1077 de
1656 1032 1821 1091 gente,
1851 1031 1897 1075 et
1928 1038 2030 1076 non

447 1115 807 1166 memorabitur
837 1131 1017 1168 nomen
1045 1112 1214 1170 Israel
1240 1115 1483 1186 amplius.
1534 1113 1632 1169 llic
1663 1113 1804 1169 enim
1840 1113 2032 1181 princi-

449 1220 544 1272 pes
597 1204 860 1262 malorum
926 1208 1268 1262 consiliorum
1333 1208 1703 1278 signiﬁcantur
1760 1217 2029 1262 auctores.

450 1294 771 1351 "meditate
807 1299 1178 1368 possideamus,
1227 1310 1413 1353 contra
1462 1299 1591 1354 illud
1635 1299 1870 1368 ponitur,
1909 1298 2033 1366 quia

452 1386 660 1440 Domini
691 1387 885 1442 dicitur
911 1388 1226 1452 Itwreditis;
1273 1399 1328 1444 ut
1359 1390 1433 1444 illi
1465 1390 1632 1460 magis
1666 1389 2032 1444 hereditatem

450 1478 704 1534 invadere
751 1482 1071 1548 niterentur,
1104 1497 1261 1552 quam
1289 1481 1412 1552 jure
1439 1482 1541 1537 sibi
1573 1481 1833 1536 Dominus
1871 1481 2040 1537 vindi-

451 1566 614 1623 cavit.
646 1568 752 1624 Sed
782 1585 900 1640 quze
929 1570 999 1626 sit
1025 1572 1125 1626 ista
1156 1572 1426 1626 Iuereditas
1457 1583 1847 1642 consequenter
1872 1588 2034 1642 expo-

453 1659 618 1726 nitur,
660 1665 1010 1717 sanctuarium
1039 1662 1154 1726 Dei,
1200 1663 1247 1716 id
1289 1674 1370 1718 est
1410 1663 1637 1733 populus
1671 1664 2032 1729 Christianus;

2130 460 2373 512 venerint
2428 458 2776 525 laudatores;
2834 460 2926 513 sed
2983 460 3161 528 potius
3213 458 3294 512 eis
3346 458 3400 511 in
3460 456 3716 527 praesenti

2099 556 2428 618 ,reputatnr,
2477 550 2616 618 quod
2667 551 2718 604 in
2771 549 2912 605 mala
2961 550 3168 604 actione
3213 559 3518 618 gesserunt.
3577 550 3718 608 Istos

2129 644 2444 715 plerumque
2497 644 2841 714 Opprobrium
2895 643 3138 713 corrigit,
3195 643 3323 697 dum
3372 659 3432 698 se
3481 643 3717 700 viderint

2133 751 2160 790 a
2185 737 2537 804 generalitate
2567 735 2792 805 culpari.

2203 829 2355 884 Vers.
2390 831 2476 884 l7.
2527 829 2922 897 Confundanfur
2963 835 3007 880 et
3047 825 3406 880 conturbentur
3454 826 3508 879 in
3554 841 3718 880 saeuo

2132 927 2234 978 lum
2274 922 2492 988 sa'culi;
2529 932 2577 978 et
2615 933 2935 977 rte-vereantur
2972 931 3018 975 et
3058 929 3285 988 pereant.
3329 919 3486 974 Redit
3525 920 3718 974 iterum

2131 1017 2199 1071 ad
2253 1021 2584 1084 pertinaces,
2655 1015 2744 1084 qui
2808 1014 2902 1069 Dei
2973 1029 3190 1067 munera
3258 1027 3362 1066 non
3421 1013 3718 1068 habebunt.

2135 1111 2366 1164 Possunt
2401 1109 2544 1165 enim
2589 1109 2750 1176 aliqui
2797 1107 2850 1162 in
2883 1107 2984 1160 hoc
3020 1105 3218 1160 smculo
3252 1105 3556 1164 salutariter
3590 1120 3724 1160 cun-

2134 1201 2282 1257 l‘undi
2329 1207 2380 1256 et
2409 1201 2748 1264 erubescere,
2781 1199 2993 1270 quando
3034 1198 3401 1252 conversionis
3428 1197 3566 1252 dona
3599 1213 3724 1268 per-

2135 1293 2358 1361 cipiunt.
2399 1291 2799 1362 Coufundantur
2838 1298 3014 1345 autem
3055 1299 3101 1342 et
3134 1290 3499 1342 conturbantur
3531 1291 3583 1343 in
3624 1305 3727 1344 sat-

2138 1383 2312 1437 culum
2358 1382 2552 1447 steculi,
2598 1382 2688 1450 qui
2737 1392 2939 1435 Merita
2988 1380 3191 1434 ultione
3244 1380 3530 1435 damnandi
3571 1392 3719 1436 sunt.

2137 1473 2408 1544 Sequitur,
2443 1481 2490 1526 et
2528 1480 2844 1527 revereantur
2879 1481 2928 1524 et
2972 1479 3199 1540 pereant.
3258 1470 3377 1538 Ipse
3418 1486 3602 1524 sensus
3642 1485 3727 1526 est

2140 1578 2298 1634 quem
2329 1562 2576 1631 superius
2603 1561 2778 1616 dixit:
2811 1563 2931 1630 quia
2973 1561 3041 1614 ibi
3087 1575 3269 1614 revere
3309 1561 3379 1614 do
3425 1578 3528 1614 non
3560 1565 3725 1630 proli-

2143 1657 2309 1722 ciunt,
2345 1654 2439 1710 sed
2469 1662 2694 1724 pereunt
2719 1651 2808 1723 qui
2836 1651 2900 1706 ad
2929 1663 3186 1706 aiternum
3217 1652 3532 1720 supplicium
3565 1653 3727 1706 desti-

453 1753 519 1808 de
540 1769 645 1824 quo
666 1755 952 1825 Apostolus
973 1757 1046 1811 ait
1071 1775 1083 1809 :
1114 1757 1378 1826 Templum
1408 1759 1540 1812 enim
1565 1755 1661 1811 Dei
1684 1767 1915 1812 sanctum
1936 1768 2030 1818 est.
2069 1735 2112 1793 Β
2143 1759 2356 1801 "amur-

451 1846 586 1915 quod
614 1849 731 1900 estis
760 1863 844 1901 vos
875 1847 925 1919 (l
959 1845 1075 1902 Cor.
1109 1864 1184 1914 ιιι,
1216 1849 1323 1918 17).

527 1935 678 1992 Vers.
718 1940 797 1993 l5.
832 1939 970 1994 Deus
997 1957 1160 2007 meus,
1207 1960 1338 2010 pone
1367 1943 1481 1997 illos
1509 1953 1574 1996 aut
1602 1953 1806 2008 rotam;
1834 1952 1880 1998 et
1908 1944 2038 1997 sicut

451 2029 692 2100 stipulam
722 2041 838 2084 ante
867 2035 1049 2102 [aciem
1081 2037 1232 2088 venti.

523 2118 682 2175 Vers.
731 2121 811 2175 14.
859 2122 1004 2178 Sicut
1053 2125 1220 2194 ignem
1264 2126 1353 2195 qui
1391 2126 1642 2180 comburit
1687 2127 1868 2193 silvas;
1908 2127 2040 2182 velut

457 2210 663 2279 ﬂamma
686 2211 982 2268 comburens
1013 2227 1226 2269 utentes.
1279 2216 1385 2270 llos
1424 2217 1558 2272 duos
1600 2233 1786 2272 versus
1825 2230 2042 2288 propter

455 2302 858 2358 similitudinem
892 2321 1068 2360 rerum
1088 2307 1387 2376 iunximus,
1423 2310 1474 2363 in
1503 2309 1694 2379 quibus
1722 2311 2042 2380 multiplices

455 2391 787 2448 calamitates
818 2396 1181 2463 pra-dicuntur
1211 2399 1518 2454 incredulis.
1561 2399 1714 2471 Impii
1741 2401 1882 2456 enim
1911 2401 2038 2458 dum

456 2485 510 2538 in
542 2486 682 2539 mala
734 2488 1058 2558 cogitatione
1101 2492 1407 2558 volvuntur,
1455 2493 1583 2547 rotis
1633 2493 1766 2549 ﬁunt
1811 2495 2040 2565 similes,

457 2591 576 2645 quae
603 2578 982 2647 posterioribus
1010 2579 1233 2636 elevatis
1259 2586 1527 2638 anteriora
1558 2598 1654 2640 sua
1683 2587 2044 2644 transmittere

456 2665 708 2722 videntur
743 2667 809 2721 ad
843 2676 1075 2738 tergum;
1119 2686 1217 2724 nec
1246 2672 1535 2742 quidquam
1575 2675 1882 2744 proﬁciunt,
1916 2677 2042 2732 dum

458 2759 572 2814 suis
597 2762 951 2818 rotationibus
997 2772 1318 2820 atteruntur.
1351 2765 1605 2837 Sequitur
1631 2769 1866 2824 secunda
1897 2785 2044 2825 com-

459 2852 682 2916 paratio,
731 2860 787 2904 ut
835 2851 1021 2906 levitas
1072 2855 1406 2923 peccantium
1454 2859 1603 2926 quasi
1645 2868 1792 2912 vento
1833 2860 2044 2916 meabili

460 2941 834 3009 transferatur,
868 2956 919 2998 et
951 2943 1054 3000 huc
1083 2955 1240 3016 atque
1269 2947 1395 3002 illuc
1417 2948 1646 3016 volitans
1670 2951 1869 3004 incerta
1899 2966 2046 3006 sem-

460 3047 554 3099 per
593 3033 866 3090 voluntate
905 3047 1208 3093 moveatur.
1289 3039 1440 3096 Venti
1479 3051 1658 3098 antem
1703 3044 1864 3098 facies
1903 3060 2041 3114 prte-

460 3125 630 3178 scntia
671 3125 835 3193 ipsius
865 3128 1009 3182 venti
1049 3131 1294 3199 ponitur;
1338 3147 1442 3186 non
1484 3134 1627 3188 enim
1670 3135 1823 3190 nobis
1852 3144 2040 3191 ventus

459 3217 636 3287 aliqua
667 3217 984 3288 figuratione
1011 3230 1362 3292 praenotatur,
1392 3224 1484 3278 sed
1512 3240 1829 3294 corpOteum
1861 3229 1914 3281 in
1946 3228 2046 3284 hoc

463 3318 665 3363 tantum
708 3314 992 3380 sentimus,
1023 3314 1164 3384 quod
1195 3317 1311 3383 ejus
1348 3314 1549 3384 impetu
1587 3324 1641 3371 et
1687 3320 2044 3374 transcursio-

461 3399 621 3456 nibus
662 3403 1028 3458 vcrberamur.
1079 3405 1256 3476 Ignem
1302 3422 1513 3477 quoque
1559 3417 1614 3463 et
1657 3408 1921 3465 llarnmam
1955 3426 2047 3481 po-

461 3494 567 3548 ruit
611 3494 797 3565 judicii
849 3506 1094 3567 tempus,
1143 3500 1354 3568 quando
1406 3512 1458 3555 et
1511 3502 1660 3558 silva:
1707 3503 2048 3561 densissima:

462 3597 824 3658 peccatorum,
857 3600 911 3646 et
937 3601 1149 3647 montes
1181 3595 1448 3662 superbire
1477 3597 1878 3653 cremaltuntur.

537 3681 688 3736 Vers.
721 3682 805 3736 15.
829 3680 914 3737 Ita
938 3686 1251 3755 persequeris
1276 3701 1362 3739 eos
1389 3688 1440 3739 in
1468 3695 1761 3754 tempestate
1786 3699 1894 3759 tua,
1918 3699 1966 3745 et
1994 3691 2047 3744 in

462 3774 538 3832 ira
567 3785 657 3830 tua
695 3777 1014 3833 conturbabis
1042 3794 1148 3834 eos.
1198 3777 1283 3833 Ita
1327 3781 1639 3850 persequeris
1678 3797 1792 3848 eos,
1827 3783 2048 3851 τεερὶςίι

463 3865 529 3920 ad
559 3867 648 3922 illa
677 3882 799 3946 qua;
823 3868 1069 3940 superius
1098 3871 1262 3938 dixit;
1307 3881 1362 3926 ut
1401 3873 1478 3927 sic
1525 3872 1757 3929 debeant
1795 3875 2049 3930 extermi-

465 3957 601 4024 nari,
643 3960 1094 4030 quemadmodum
1143 3965 1569 4032 comparationes
1611 3964 1860 4020 antelata:
1899 3981 2047 4021 com-

464 4061 782 4107 memorant.
835 4053 1185 4108 Adducuntur
1228 4055 1346 4110 alia:
1394 4055 1801 4124 similttndines,
1833 4058 1886 4111 in
1913 4066 2045 4112 tem-

464 4151 657 4210 pestate
685 4151 794 4210 tua,
821 4155 867 4199 et
887 4145 940 4198 in
970 4147 1048 4202 ira
1073 4155 1160 4200 tua
1183 4147 1503 4202 conturbabis
1531 4165 1634 4202 eos.
1663 4147 1729 4202 In
1754 4159 2048 4220 tempestate

467 4249 573 4297 tua.
609 4235 658 4289 id
689 4245 772 4292 est
810 4237 994 4307 judicii
1025 4248 1284 4310 tempore,
1314 4242 1457 4311 quod
1503 4245 1804 4313 tempestati
1852 4246 2047 4299 merito

465 4335 838 4395 comparatur:
869 4329 1122 4396 primum,
1154 4331 1275 4399 quia
1307 4331 1652 4401 improvisum
1685 4342 1796 4393 est;
1827 4333 2044 4401 deinde,

466 4417 608 4480 quod
637 4416 811 4470 subito
842 4417 955 4487 trag
992 4434 1051 4474 re
1076 4421 1303 4475 conturb
1324 4431 1380 4488 =t,
1406 4432 1460 4478 et
1487 4422 1662 4479 locum
1697 4424 1834 4480 tollit
1862 4427 2044 4481 consi-

2218 1842 2368 1897 Vers.
2411 1840 2497 1894 18.
2539 1837 2605 1892 Et
2635 1847 2943 1908 cognoscant
2973 1837 3094 1906 quia
3123 1852 3300 1891 nomen
3331 1835 3418 1889 tibi
3442 1835 3728 1891 Dominus:

2142 1944 2196 1987 tu
2227 1935 2366 1988 solus
2397 1933 2688 1988 Altissimus
2718 1933 2772 1983 in
2801 1932 2939 1984 omni
2971 1941 3124 1983 terra.
3195 1926 3514 2000 Cogito-cant
3541 1928 3605 1981 ad
3632 1943 3731 1997 ge~

2144 2044 2244 2082 nus
2270 2026 2489 2095 respicit
2534 2032 2817 2092 utrumque
2847 2022 3201 2090 peccantitnn,
3232 2020 3345 2074 sive
3373 2022 3462 2090 qui
3493 2021 3733 2075 obstina-

2144 2119 2287 2172 tione
2314 2131 2407 2172 sua
2436 2113 2657 2186 perituri
2683 2121 2827 2180 sunt,
2854 2115 2967 2167 sive
2993 2112 3079 2181 qui
3107 2111 3340 2165 adhibita
3365 2111 3732 2167 satisfactLonc

2143 2215 2457 2268 liberantur.
2497 2211 2697 2266 Omnes
2734 2208 2878 2266 enim
2923 2218 3252 2276 cegnoscunt
3288 2209 3732 2277 omnipotentiam

2145 2307 2379 2373 Domini,
2428 2306 2552 2376 quia
2596 2305 2712 2373 ipse
2750 2313 2834 2359 est
2865 2304 3002 2358 solus
3033 2302 3344 2367 Altis~imus,
3388 2301 3515 2356 dum
3557 2303 3733 2370 ipsum

2143 2399 2491 2470 cognoverint
2510 2407 2563 2453 et
2584 2398 2863 2453 conversis
2887 2411 3124 2466 parcere,
3145 2406 3198 2450 et
3219 2395 3512 2452 obduratos
3534 2407 3732 2454 aeterna

2145 2494 2347 2548 ultione
2374 2491 2652 2547 damnare.

2680 2603 2956 2660 Conclusio
2992 2604 3197 2675 psalmi.

2237 2721 2632 2781 Meminerimus
2663 2719 2808 2774 hunc
2837 2719 3012 2786 Αθαρὴ
3060 2731 3165 2770 non
3218 2715 3414 2770 frustra
3487 2717 3734 2772 undecim

2149 2818 2365 2888 psalmis
2387 2813 2749 2884 superioribus
2772 2811 3158 2879 introductum,
3183 2817 3241 2865 ut
3264 2809 3424 2865 corda
3448 2811 3735 2865 durissima

2146 2911 2452 2968 Judaaorum
2480 2905 2745 2976 frequenti
2772 2904 3067 2975 Synagogaa
3097 2903 3265 2973 ipsius
3294 2919 3425 2958 voce
3454 2905 3738 2960 verltera'a

2151 3005 2574 3065 mollescerent,
2632 3006 3046 3066 crescerentque
3097 2998 3183 3053 vel
3237 2996 3339 3068 ipsi
3392 2997 3593 3051 nomini
3649 2999 3739 3052 cui

2069 3108 2114 3168 ε
2146 3098 2465 3153 videbantur
2491 3105 2612 3147 esse
2643 3089 2843 3145 devoti.
2893 3087 3232 3158 Quapropter
3261 3088 3412 3144 adest
3439 3103 3565 3144 cura
3599 3105 3729 3156 pm:-
3825 3164 3830 3166 _

2151 3187 2468 3250 dicantium,
2517 3184 2560 3239 si
2592 3183 2694 3237 sibi
2746 3197 2850 3236 non
2883 3181 3139 3251 impediat
3169 3182 3458 3237 obstinatio
3505 3182 3739 3252 perdito-

2150 3296 2290 3336 rum.
2323 3275 2514 3333 Omnia
2543 3275 2610 3329 de
2627 3271 2842 3328 Domini
2873 3273 3240 3327 incarnatione
3271 3275 3528 3342 perlecta,
3557 3275 3738 3328 orttuia

2147 3373 2215 3427 de
2243 3368 2479 3440 gentium
2520 3365 2836 3420 credulitate
2884 3363 3169 3418 manifesta
3199 3371 3342 3417 sunt.
3386 3363 3577 3418 Judicii
3610 3373 3718 3418 tem

2150 3479 2248 3533 pus
2277 3469 2466 3527 restat,
2493 3457 2632 3529 quod
2660 3472 2847 3511 omnes
2877 3457 3199 3528 generaliter
3245 3459 3607 3523 sustinemus;
3642 3458 3736 3511 sed

2147 3564 2308 3611 antea
2353 3561 2566 3624 oportet
2610 3549 2865 3616 credere,
2911 3563 2980 3604 ne
3030 3549 3101 3605 ibi
3151 3551 3320 3619 possit
3365 3551 3556 3620 impios
3608 3551 3737 3605 u'tio

2151 3647 2403 3719 praedicta
2434 3644 2716 3700 damnare.

2274 3758 2435 3832 285
2468 3754 2824 3812 EXPOSITIO
2867 3753 2930 3808 IN
2970 3753 3290 3810 PSALMUM
3331 3752 3614 3811 LXXXIII.

2223 3853 2289 3908 In
2319 3854 2473 3922 ﬁnem
2495 3894 2510 3919 ,
2545 3866 2638 3921 pro
2681 3849 3018 3904 torcularibus
3046 3847 3171 3917 ﬁliis
3209 3848 3374 3919 Core,
3413 3851 3664 3920 psalmus.

2223 3963 2359 4034 Quid
2388 3963 2652 4034 signiticet
2674 3960 2739 4015 ln
2763 3962 2944 4030 ﬁnem,
2976 3960 3284 4031 frequenter
3303 3963 3739 4031 expositumest,

2151 4067 2348 4115 etcum
2370 4054 2742 4126 superioribus
2771 4053 2939 4108 titulis
2961 4069 3055 4125 pro
3083 4053 3421 4108 torcularibus
3444 4055 3740 4110 dixerimus

2150 4148 2220 4203 ad
2269 4145 2564 4204 Ecclesiam
2612 4146 2914 4214 pertinere,
2961 4143 3212 4213 congruit
3242 4154 3418 4200 tamen
3461 4144 3741 4216 diligenter

2157 4239 2418 4308 inspicere
2443 4253 2541 4291 cur
2570 4235 2806 4291 Ecclesia
2838 4236 2946 4289 visa
2970 4245 3053 4290 est
3099 4237 3206 4291 tale
3238 4251 3433 4292 nomen
3474 4239 3740 4306 accipere.

2154 4331 2264 4389 Uva
2296 4331 2536 4401 pendens
2560 4338 2720 4400 atque
2749 4331 2978 4396 intacta,
3006 4341 3058 4385 et
3086 4331 3242 4385 olivae
3271 4331 3432 4386 bacca
3463 4333 3514 4386 in
3545 4335 3743 4391 arbore

2151 4423 2440 4480 constituta
2468 4422 2773 4478 suavissimi
2804 4423 3012 4490 saporis
3050 4422 3131 4476 sui
3174 4438 3281 4503 non
3310 4423 3550 4478 indicant
3571 4426 3744 4494 digni-

469 4510 540 4560 lio
589 4511 862 4577 repentina
913 4513 1130 4580 periculi
1185 4515 1514 4584 magnitudo.
1549 4516 1863 4586 Tempestas
1904 4519 2045 4573 enim
2082 4485 2127 4546 θ
2156 4524 2361 4583 tatem,
2402 4514 2498 4569 sed
2551 4528 2674 4570 cum
2704 4512 2771 4568 ad
2823 4513 3058 4568 torcular
3099 4523 3326 4584 utraque
3379 4517 3743 4585 pervenerint,

471 4599 738 4665 imbrium,
769 4603 908 4656 aeris
937 4613 1017 4659 est
1045 4604 1290 4674 quaedam
1322 4607 1584 4663 concitata
1613 4609 1828 4677 seditio,
1862 4609 1915 4664 in
1943 4624 2045 4680 qua

466 4686 813 4744 vehementer
849 4701 1132 4762 terremur,
1175 4696 1300 4750 dum
1342 4711 1596 4767 aquarum
1639 4699 1915 4756 nimietate
1953 4715 2047 4756 ve-

468 4794 677 4836 samur.
710 4779 978 4852 Sequitur,
1012 4795 1058 4838 et
1099 4785 1151 4839 in
1183 4787 1262 4841 ira
1291 4797 1378 4842 tua
1406 4789 1728 4844 conturbabis
1753 4805 1859 4844 eos.
1895 4792 2050 4860 Saepe

467 4873 575 4946 jam
613 4873 844 4930 diximus
881 4877 1012 4930 iram
1053 4878 1322 4934 Divinitati
1363 4895 1470 4935 non
1512 4895 1670 4950 posse
1729 4897 2048 4951 congruere,

467 4965 563 5022 sed
592 4965 659 5021 ab
686 4966 992 5023 hominibus
1023 4979 1248 5026 tractum
1280 4981 1380 5036 est,
1412 4972 1504 5043 qui
1549 4973 1763 5043 quando
1811 4974 2052 5030 scelera-

470 5069 553 5110 tus
577 5056 844 5128 judicant,
876 5059 1084 5118 fervore
1113 5062 1273 5118 animi
1305 5075 1738 5131 commoventur;
1775 5081 1871 5122 nec
1898 5067 2054 5122 aliter

466 5149 533 5202 ad
563 5148 924 5205 damnandum
956 5153 1198 5209 homines
1245 5156 1483 5220 veniunt,
1519 5157 1620 5211 nisi
1653 5156 1720 5211 de
1749 5156 2053 5213 commissis

467 5257 653 5297 corum
682 5243 997 5301 criminibus
1024 5247 1348 5302 excitentur.
1653 5255 1658 5262 '

545 5335 695 5390 Vers.
727 5337 810 5391 16.
843 5335 1010 5408 Imple
1038 5338 1195 5406 {acies
1223 5355 1400 5392 eorum
1430 5340 1728 5409 ignominia,
1760 5351 1806 5393 et
1828 5353 2054 5410 qumrcnt

471 5443 653 5482 nomen
691 5437 860 5496 tuum,
899 5429 1133 5486 Domine.
1175 5431 1440 5486 Hactenus
1480 5433 1684 5489 futuras
1725 5449 1908 5501 punias
1948 5435 2054 5489 illis

475 5522 839 5592 peccatoribus
887 5524 1246 5593 proplietavit,
1301 5525 1472 5592 quiin
1527 5529 1637 5581 suis
1679 5536 2054 5582 remanserunt

473 5611 761 5666 sceleribus
792 5614 1124 5682 pertinaces;
1159 5630 1300 5669 nunc
1330 5615 1396 5669 ad
1441 5616 1560 5671 illos
1603 5617 1933 5674 convertitur
1961 5619 2051 5685 qui

477 5710 596 5758 sunt
621 5699 845 5761 Domino
877 5716 1161 5775 prastaute
1191 5708 1464 5764 credituri.
1499 5707 1626 5764 Nam
1657 5711 1860 5766 illorum
1893 5709 2052 5780 [aries

2157 4609 2431 4677 nimioque
2455 4606 2688 4675 pondere
2717 4620 3027 4676 compressa
3055 4605 3442 4674 detumuerint,
3474 4616 3598 4663 tunc
3628 4609 3743 4664 truc

2157 4708 2276 4755 ctus
2313 4698 2610 4753 dulcissimi
2643 4697 2866 4767 liquoris
2889 4707 3161 4762 emanant,
3194 4697 3284 4764 qni
3315 4700 3363 4751 in
3397 4698 3607 4753 follibus
3631 4699 3744 4754 suis

2160 4790 2421 4847 reconditi
2468 4803 2570 4843 non
2611 4787 2882 4857 patebant.
2917 4787 3006 4842 Sic
3040 4787 3280 4842 Ecclesia
3323 4788 3416 4843 Dei
3459 4804 3580 4844 cum
3610 4790 3744 4844 allii-

2157 4882 2422 4939 ctionibus
2453 4879 3022 4951 persecutionibusque
3052 4880 3367 4945 conteritur,
3405 4881 3745 4938 declarantur

2157 4976 2346 5030 merita
2391 4981 2726 5041 sanctorum,
2773 4989 2893 5044 qua:
2923 4974 3120 5043 quietis
3173 4975 3504 5044 temporibus
3532 4977 3744 5045 cognita

2159 5081 2265 5124 non
2294 5066 2524 5121 luerunt.
2556 5065 2713 5120 Istius
2745 5081 2876 5136 ergo
2907 5066 3190 5120 torcularis
3221 5082 3469 5136 pressura
3509 5070 3746 5122 sanctiﬁ-

2157 5170 2264 5228 cat,
2292 5160 2542 5214 contritio
2570 5160 2848 5224 meliorat,
2889 5158 3044 5229 cujus
3083 5159 3235 5215 labor
3279 5161 3516 5218 ccelestis
3545 5159 3748 5215 fructus

2157 5262 2262 5318 est,
2295 5262 2349 5307 et
2395 5266 2547 5320 poena
2581 5265 2820 5321 praesens
2854 5252 3068 5320 requies
3097 5252 3447 5330 sempiterna.
3480 5252 3588 5307 Nec
3618 5252 3747 5306 illud

2157 5355 2305 5398 vacat
2337 5343 2477 5414 quod
2524 5345 2576 5396 in
2608 5352 2798 5399 octavo
2827 5353 2882 5399 et
2923 5344 2977 5398 in
3009 5346 3363 5415 octu.gesinto,
3397 5355 3450 5400 et
3481 5347 3596 5411 hic,
3631 5355 3750 5400 tan-

2156 5444 2268 5490 tum
2301 5450 2392 5502 pro
2419 5433 2752 5490 torcularibus
2775 5435 3007 5503 positum
3029 5445 3134 5491 est.
3164 5436 3441 5506 Signiﬁcat
3488 5437 3632 5493 enim
3676 5437 3748 5495 ad

2156 5538 2396 5583 sanctam
2437 5525 2749 5582 Trinitatem
2796 5526 2897 5581 boc
2945 5527 3258 5598 mysterium
3293 5527 3547 5590 Ecclesia:
3582 5527 3751 5599 perti-

2159 5635 2324 5688 nere,
2357 5621 2497 5690 quod
2540 5621 2661 5674 trini
2693 5620 2903 5676 numeri
2955 5622 3274 5691 repetitione
3317 5632 3588 5677 sacratum
3630 5630 3743 5678 est.

2159 5710 2288 5767 Core
2332 5727 2456 5768 vero
2499 5711 2769 5769 caltitium
2819 5713 3164 5784 interpretari
3205 5729 3364 5783 supra
3407 5714 3516 5788 jam
3542 5715 3608 5770 dit
3629 5724 3747 5773 tum
