3952 6162
312 279 395 331 (itit
1203 281 1566 352 EXPUSlTlQ
1610 284 1670 337 ΙΝ
1710 280 2169 342 PSALTERIUM.
2213 288 2405 346 PSAL.
2451 293 2730 350 LXXXIII.

3469 298 3577 354 602

307 400 396 446 est.
420 391 585 460 Cujus
630 394 858 449 nominis
902 393 1270 462 interpretatio
1320 399 1590 451 denuntiat
1624 397 1882 451 Calvarim
1912 401 1961 456 Α
1991 399 2074 454 lici
2109 413 2254 458 sorte
2287 409 2626 475 proruperit:
2663 410 2961 476 prmvidcus
2995 411 3127 464 bona
3162 409 3324 465 futuri
3351 411 3530 466 saeculi
3556 452 3574 476 ,

303 496 495 554 locum,
523 489 608 541 ubi
641 488 908 544 Christum
955 489 1236 544 Dominmn
1285 503 1496 547 conStat
1538 508 1658 548 es~e
1706 494 1882 547 cruci-

299 575 482 633 iixutn.
515 578 581 632 Et
621 578 742 633 ideo
773 580 866 645 ﬁlii
905 579 1066 647 Core,
1116 582 1398 637 Christiani
1431 583 1603 637 modis
1634 584 1883 638 omnibus

297 669 620 735 indicantur,
660 686 728 726 ex
760 687 987 742 quorum
1024 691 1247 738 persona
1299 677 1530 745 psalmus
1567 677 1669 731 iste
1701 690 1885 731 canta-

301 770 406 818 tur.
443 763 511 817 Et
549 757 770 826 intende
812 767 952 834 quod
983 767 1049 820 de
1080 768 1462 834 pretiosissima
1489 770 1746 824 charitate
1781 768 1884 822 Do-

298 851 424 910 utini
450 855 688 922 psalmus
711 855 813 911 iste
832 857 1100 912 secundos
1128 870 1230 944 est,
1256 875 1372 930 qua:
1397 876 1493 914 nos
1515 875 1677 930 supra
1700 863 1881 916 omnia

295 947 476 1016 gratia:
505 947 707 1002 divina:
736 950 1031 1004 consociat.

875 1061 1070 1116 Diuisio
1108 1065 1311 1132 psalmi.

365 1171 625 1225 Filiorum
653 1171 814 1240 Core,
841 1188 975 1242 quos
1021 1191 1116 1242 per
1153 1176 1592 1244 signiﬁcationem
1626 1178 1881 1234 Calvaria:

291 1261 355 1316 ad
383 1261 662 1317 Christum
694 1265 978 1320 Dominum
1007 1266 1240 1322 diximus
1267 1270 1555 1337 pertinere,
1581 1286 1680 1324 una
1716 1273 1882 1325 intru-

289 1356 503 1411 ducitur
532 1373 758 1426 persona
789 1359 1075 1428 generalis,
1099 1376 1216 1430 qua:
1234 1361 1284 1414 in
1306 1363 1474 1430 prima
1495 1364 1671 1418 fronte
1690 1365 1879 1432 psalmi

292 1447 670 1502 inaestimabile
724 1449 824 1503 sibi
873 1450 1202 1505 desiderium
1234 1452 1569 1508 demonstrat
1603 1456 1876 1510 Ecclesiae.

287 1537 540 1593 Secundo
587 1539 750 1593 modo
801 1541 1016 1596 beatum
1048 1557 1170 1596 esse
1203 1544 1482 1611 proﬁtetur
1509 1547 1593 1599 cui
1627 1547 1881 1602 Dominus

288 1639 508 1698 praestat
535 1631 824 1696 auxilium,
867 1648 1096 1702 cumque
1129 1633 1254 1688 facit
1281 1634 1345 1687 ad
1375 1635 1731 1691 confessionis
1759 1654 1882 1707 gra-

288 1721 414 1776 tiam
446 1726 749 1785 pervenire.
785 1724 969 1777 'l‘ertio
1000 1725 1165 1778 multo
1193 1729 1540 1794 prmstantius
1586 1729 1714 1784 dicit
1757 1746 1876 1786 esse

1985 510 2102 563 quae
2129 498 2243 565 ejus
2275 515 2333 553 se
2362 499 2615 562 credebat
2646 500 2977 571 largitatibus
3005 505 3248 572 adipisci.

2057 606 2210 663 Vers.
2234 609 2286 663 ὅ.
2317 608 2516 665 Etenim
2545 630 2719 682 passer
2745 615 2935 668 invenit
2961 615 3056 668 sibi
3080 614 3308 679 domum,
3335 624 3382 670 et
3403 625 3570 670 turtur

1985 697 2165 750 nidum
2194 699 2288 752 sibi
2327 701 2411 753 ubi
2449 712 2606 771 ponat
2637 704 2804 772 pullos
2837 721 2976 757 suos.
3021 706 3152 759 Cum
3186 706 3430 773 superius
3458 706 3571 760 aui-

1987 802 2130 841 tnatn
2163 804 2467 859 corpusque
2496 792 2696 846 dixerit
2727 797 2778 846 in
2813 796 3018 848 Domini
3065 796 3423 851 exsultatione
3443 810 3570 864 gau-

1985 877 2145 944 dere,
2177 880 2262 934 hic
2283 882 2458 936 avium
2484 883 2584 937 ista
2614 885 2719 937 duo
2745 901 2939 952 genera
2971 887 3035 940 ad
3065 887 3346 955 quamdam
3379 889 3571 942 simili-

1990 970 2232 1026 tudinem
2253 974 2728 1028 commendandam
2750 978 2992 1043 posuisse
3015 977 3362 1046 dignoscitur.
3390 977 3572 1032 Passer

1985 1073 2066 1118 est
2089 1063 2248 1116 nimia
2279 1063 2557 1118 velocitate
2578 1066 2911 1132 ce'errimus,
2937 1068 3024 1136 qui
3060 1068 3108 1120 in
3142 1069 3288 1121 silvis
3315 1070 3564 1122 habitare

1986 1172 2088 1210 non
2120 1158 2338 1225 patitur,
2369 1157 2461 1212 sed
2489 1157 2704 1212 domum
2733 1158 2832 1211 sibi
2861 1161 2908 1212 iu
2933 1160 3190 1224 parietum
3217 1160 3567 1213 foraminibus

1984 1247 2354 1304 desideranter
2404 1251 2664 1320 exquirit,
2705 1266 2863 1320 quam
2916 1251 3039 1304 dum
3098 1253 3358 1306 invenerit
3405 1253 3568 1306 nimio

1985 1340 2176 1407 gaudio
2198 1340 2352 1394 laetus
2383 1341 2612 1394 exsultat
2638 1383 2653 1408 ,
2687 1344 2808 1410 quia
2839 1356 2896 1395 se
2924 1341 3254 1396 diversarum
3278 1342 3568 1396 adversita-

1946 1435 1950 1440 '
1987 1441 2094 1484 tum
2129 1431 2352 1485 ulterius
2409 1443 2589 1499 patere
2638 1447 2743 1485 non
2789 1433 2957 1486 credit
3007 1432 3234 1486 insidiis.
3270 1432 3359 1485 Sic
3387 1433 3564 1484 anima

1980 1525 2324 1594 jttcundatur,
2352 1525 2475 1579 dum
2505 1527 2556 1578 in
2578 1527 2835 1579 cmlorum
2869 1541 3028 1595 regna
3061 1528 3391 1579 mansionem
3414 1541 3564 1579 suam

1985 1616 2210 1671 senserit
2240 1631 2358 1671 esse
2400 1627 2771 1686 praeparatam.
2828 1615 3018 1668 Turtur
3061 1631 3188 1669 vero
3231 1613 3566 1670 abstinentia:

1987 1706 2354 1762 moderatione
2379 1706 2716 1760 castissimus
2746 1716 2850 1767 est,
2891 1707 2976 1774 qui
3009 1722 3110 1758 una
3159 1715 3363 1759 tantum
3395 1721 3563 1776 copu-

287 1812 338 1866 ίη
369 1781 540 1866 δοξηο
587 1813 798 1868 Domini
848 1814 1114 1884 abiectum
1147 1781 1407 1881 mum,
1445 1835 1602 1886 quam
1633 1781 1876 1889 peccvavl;
1907 1781 1952 1840 Β
1981 1799 2176 1852 latione
2207 1807 2521 1863 contentus,
2555 1797 2676 1851 ﬁliis
2703 1798 2815 1851 suis
2847 1797 3031 1850 nidum
3065 1798 3331 1852 mdiﬁt-are
3368 1813 3566 1866 cogno-

285 1917 404 1956 rum
462 1904 810 1958 tabernacula
860 1921 980 1959 cum
1030 1906 1354 1976 quibuslibet
1395 1909 1677 1964 mundanis
1706 1913 1875 1967 ltouo-

284 1996 434 2049 ribus
476 1997 719 2051 introire.

856 2108 1126 2181 Expositio
1153 2112 1354 2182 psalmi.

353 2223 517 2277 Vers.
554 2225 605 2277 1.
645 2223 810 2289 Quam
839 2224 1080 2278 amabilia
1111 2236 1226 2278 sunt
1267 2226 1592 2282 tabernacula
1617 2239 1736 2296 tua,
1767 2229 1872 2284 Do-

280 2315 421 2369 mine
457 2315 699 2368 virtutum
721 2315 740 2367 .'
783 2313 948 2368 Filius
993 2315 1129 2370 Core
1159 2318 1417 2384 Spirituali
1447 2319 1765 2377 fecunditate
1787 2339 1875 2378 re-

279 2415 604 2476 generatus,
633 2414 688 2460 et
716 2405 1076 2460 torcularibus
1105 2408 1358 2463 Ecclesia:
1387 2423 1755 2480 competenter
1782 2431 1874 2468 ex-

279 2511 535 2568 pressus,
568 2497 631 2550 ad
663 2497 890 2550 futuram
925 2496 1220 2552 Jerusalem
1251 2499 1518 2555 desiderat
1561 2507 1870 2571 pervenire:

280 2591 331 2644 in
379 2602 490 2656 qua
543 2585 656 2656 jam
707 2587 850 2640 nulla
880 2590 990 2641 siut
1038 2588 1278 2658 pondera
1327 2592 1747 2664 tribulationum,
1779 2599 1874 2653 sed

280 2680 624 2738 beatitudine
651 2697 875 2748 secura,
911 2682 1292 2752 imperturbata
1340 2685 1591 2743 felicitate
1611 2691 1871 2758 potiatur.

283 2777 560 2843 Diceudo,
601 2777 798 2843 Quam,
843 2777 1260 2846 magnitudinem
1313 2779 1387 2831 rei
1419 2781 1720 2848 exprimere
1769 2799 1870 2837 non

280 2872 495 2942 potuit;
527 2870 625 2925 sed
654 2869 802 2925 dedit
836 2869 937 2925 hoc
966 2870 1328 2926 inﬁnitissime
1358 2874 1714 2928 Sentieudum.
1746 2875 1873 2942 Quis

277 2969 429 3021 enim
475 2963 643 3035 possit
681 2963 1141 3032 comprehendere
1172 2981 1276 3036 quo
1307 2966 1504 3020 ambitu
1533 2975 1622 3020 aut
1647 2966 1872 3024 afﬂictus

279 3058 556 3127 requiem,
585 3063 676 3109 aut
697 3056 1051 3111 mternitatem
1084 3057 1318 3111 conditio
1347 3058 1684 3114 mortalitatis
1705 3075 1870 3128 «expo-

278 3151 441 3206 scat?
468 3151 602 3205 Nam
629 3149 768 3220 quod
799 3150 948 3217 dicit,
977 3148 1192 3205 Domine
1214 3152 1455 3204 virtutum
1473 3195 1488 3219 ,
1517 3153 1696 3207 nescio
1717 3169 1872 3222 quam
1903 3144 1947 3203 C

279 3244 346 3298 ibi
383 3257 641 3312 magnam
668 3241 834 3296 sensit
861 3243 1035 3296 inesse
1061 3243 1369 3311 potentiam;
1404 3252 1456 3297 ut
1499 3243 1742 3313 quamvis
1770 3244 1874 3299 tale

277 3349 486 3388 munus
510 3349 615 3387 non
643 3334 902 3401 potuisset
932 3333 1109 3387 verbis
1133 3348 1400 3401 exponere
1418 3374 1432 3398 ,
1460 3333 1674 3404 aliquod
1699 3343 1872 3390 tamen

277 3429 345 3484 ibi
382 3429 594 3483 bonum
640 3429 825 3497 ingens
850 3440 971 3481 esse
1000 3434 1340 3480 monstraret.
1379 3427 1507 3495 Qute
1539 3427 1702 3494 ﬁgura
1744 3427 1877 3481 dici-

278 3531 366 3574 tur
401 3519 698 3589 cmphasis,
749 3533 867 3588 quae
919 3519 1034 3588 plus
1074 3504 1344 3574 intellectu
1399 3520 1651 3590 relinquit
1697 3520 1876 3591 utique

278 3628 450 3684 quam
479 3611 708 3666 dicatur.

347 3704 519 3758 Vers.
554 3702 609 3755 Ξ.
653 3701 978 3772 Concupiscit
1005 3712 1053 3756 et
1079 3702 1251 3770 deﬁcit
1282 3705 1452 3756 animo
1495 3719 1604 3757 mea
1648 3706 1700 3758 in
1743 3707 1877 3758 atria

283 3795 539 3859 Domini;
562 3811 649 3848 cor
677 3811 842 3849 meum
862 3803 908 3848 et
935 3811 1054 3848 caro
1082 3811 1194 3848 mea
1225 3793 1597 3849 exsultaverqu
1626 3797 1678 3849 in
1712 3794 1877 3850 Deum

279 3892 478 3944 rit-um.
508 3887 737 3957 Quiquid
763 3896 949 3942 contra
977 3887 1234 3942 humanas
1262 3887 1402 3941 vires
1423 3889 1736 3953 assumitur,
1766 3889 1864 3942 de-

281 3981 464 4035 iectus
497 3979 566 4033 ibi
596 3993 694 4049 pro
722 3995 898 4034 rerum
933 3978 1299 4046 magnitudine
1331 3979 1616 4046 reperitur.
1661 3980 1714 4032 ln
1746 3979 1874 4034 illud

279 4078 432 4130 enim
466 4087 687 4128 necesse
708 4081 788 4128 est
815 4071 1042 4140 deﬁciat,
1077 4087 1182 4142 quo
1212 4086 1363 4126 meus
1394 4071 1595 4126 directa
1626 4071 1692 4125 ad
1741 4086 1876 4140 pra:-

280 4181 416 4220 sens
447 4180 551 4220 oon
584 4173 759 4234 potest
812 4164 1114 4233 pervenire.
1146 4163 1423 4233 Cogitabat
1448 4165 1641 4232 quippe
1665 4165 1747 4218 vir
1776 4165 1874 4219 iste

278 4257 661 4312 sanetissimus
684 4255 894 4311 Domini
920 4256 1142 4309 virtutes
1169 4267 1220 4309 et
1253 4255 1490 4324 praemia,
1519 4256 1874 4311 heatitodines

281 4349 408 4400 illas
455 4346 704 4400 cmlestes
751 4355 804 4399 et
849 4345 1075 4413 gaudia,
1111 4345 1407 4400 Jerusalem
1450 4360 1518 4401 ex
1561 4348 1873 4402 mortalibus

279 4438 504 4508 pupulis
545 4438 911 4490 immortaliter
946 4435 1255 4502 leuantem;
1299 4445 1355 4492 et
1401 4453 1623 4493 necesse
1669 4448 1785 4492 erat
1817 4449 1870 4492 ut

281 4530 336 4584 in
379 4529 497 4584 suis
527 4527 730 4596 gaudiis
759 4543 948 4582 sensus
975 4529 1086 4596 ipse
1118 4529 1512 4594 succumberet,
1542 4530 1628 4598 qui
1661 4529 1725 4583 ad
1755 4547 1867 4584 rem
1901 4511 1947 4568 D

277 4621 647 4677 desideratam
703 4637 731 4673 e
782 4620 1007 4691 vestigio
1046 4636 1150 4674 non
1183 4630 1390 4690 poterat
1422 4623 1720 4689 pervenire.
1763 4622 1867 4677 Sed

278 4731 448 4780 quam
481 4715 732 4768 robustus
755 4713 825 4767 sit
854 4714 954 4768 iste
981 4714 1240 4779 delectus,
1271 4730 1429 4784 quam
1453 4715 1742 4770 fortissima
1767 4716 1870 4770 las-

278 4804 489 4870 situdo,
522 4812 918 4872 consequenter
947 4805 1202 4872 exponit,
1228 4804 1484 4858 dicendo:
1509 4804 1609 4858 Cor
1636 4821 1798 4858 meum
1823 4815 1869 4858 et

278 4912 407 4949 caro
441 4912 554 4958 mea
578 4895 952 4948 exsultuvei'unt
982 4896 1032 4946 in
1056 4894 1217 4946 Deum
1243 4896 1426 4948 vivum.
1451 4896 1702 4964 Quamvis
1727 4897 1866 4950 enim

279 5000 512 5057 utraque
540 4989 808 5057 pertinere
851 4987 1134 5042 videantur
1175 4987 1239 5041 ad
1281 5002 1531 5053 carnem,
1577 5006 1664 5044 cor
1693 5000 1868 5044 tamen

280 5081 352 5135 ad
386 5080 788 5150 intelligentiam
818 5080 1003 5136 referri
1047 5095 1204 5150 posse
1234 5096 1338 5136 non
1362 5081 1582 5137 dubium
1613 5093 1712 5138 est.
1737 5084 1866 5138 Nam

281 5171 438 5242 cujus
459 5173 779 5242 sapientiam
813 5169 1052 5239 proferre
1085 5170 1349 5237 volumus,
1382 5171 1497 5241 ejus
1523 5190 1610 5227 cor
1637 5174 1752 5228 sine
1772 5174 1872 5228 du-

284 5266 338 5318 bi
368 5269 545 5320 atione
597 5265 894 5319 laudamus.
945 5263 1180 5334 Utraque
1231 5266 1373 5319 enim
1426 5266 1616 5335 quibus
1662 5278 1867 5323 constat

285 5357 610 5417 humanitas,
646 5355 697 5408 id
725 5363 805 5408 est
830 5368 1025 5421 corpus
1050 5363 1104 5409 et
1131 5355 1330 5421 anima,
1362 5357 1414 5411 in
1440 5358 1710 5413 caelestem
1742 5360 1870 5414 dicit

284 5446 528 5510 Crttpisq-
585 5445 841 5498 laetitiam.
901 5444 1003 5498 Sed
1063 5444 1446 5502 advertendum
1496 5457 1580 5504 est
1627 5452 1710 5504 vir
1769 5451 1868 5506 iste

283 5543 483 5601 quanta
511 5536 665 5585 ιιιιιτίι
693 5538 974 5590 sanctitate
1005 5538 1316 5605 praeclarus,
1337 5548 1394 5593 ut
1421 5555 1526 5595 non
1554 5541 1727 5596 solum
1750 5542 1867 5611 ejus

283 5623 484 5684 animo,
515 5636 700 5676 verum
726 5623 888 5680 etiam
916 5641 1060 5690 caro,
1092 5643 1210 5696 quae
1259 5630 1376 5697 plus
1412 5631 1866 5698 prtevaricatioois

289 5712 421 5768 vitio
449 5712 700 5785 probatur
731 5715 979 5787 obnoxia,
1016 5718 1067 5774 in
1109 5720 1519 5780 exsultationem
1553 5721 1762 5778 Domini
1793 5723 1867 5779 [εκ

1979 1890 2180 1953 scitur;
2213 1889 2300 1958 qui
2334 1905 2442 1944 non
2474 1899 2534 1943 ut
2562 1905 2735 1960 passer
2769 1896 3119 1958 praeparatam
3151 1887 3366 1940 domum
3407 1904 3563 1956 repe-

1981 1982 2072 2047 rit,
2095 1981 2190 2036 sed
2223 1996 2415 2034 novam
2446 1981 2546 2033 sibi
2575 1981 2641 2034 de
2669 1979 2895 2050 quibusd
2918 1997 2982 2032 tttl
3010 1979 3281 2048 particulis
3305 1979 3564 2032 fabricare

1983 2074 2277 2129 Contendit.
2317 2073 2448 2126 lluic
2481 2087 2607 2126 caro
2639 2082 2818 2125 nostra
2866 2088 2971 2126 non
3021 2072 3170 2125 irrite
3198 2083 3561 2138 comparatur,

1979 2180 2098 2234 qutn
2126 2181 2287 2234 Opera
2320 2181 2413 2218 sua
2443 2166 2496 2219 itt
2529 2165 2740 2218 Domini
2777 2165 2971 2234 gaudet
3021 2165 3262 2232 posuisse
3292 2164 3560 2218 mandato.

1979 2256 2079 2311 l’cr
2111 2256 2246 2311 hanc
2282 2258 2424 2311 enim
2450 2259 2650 2323 evenit,
2697 2266 2753 2310 ut
2777 2256 3103 2326 jejuniorum
3149 2256 3408 2309 sacriﬁcia
3441 2270 3559 2308 sua-

1981 2353 2116 2405 viter
2168 2351 2501 2419 olTerantur,
2555 2361 2611 2405 ut
2663 2352 2841 2406 cibum
2893 2351 3211 2421 pauperibus
3244 2353 3464 2422 demus,
3509 2360 3563 2404 et

1977 2444 2303 2513 sepeliatuus
2347 2443 2658 2508 deiouccs,
2708 2445 2925 2513 {egrotis
2977 2445 3312 2507 serviamus,
3360 2442 3562 2511 positos

1977 2534 2030 2588 in
2062 2549 2279 2589 carcere
2319 2534 2623 2600 visitemus,
2657 2543 2710 2600 et
2756 2546 2944 2589 cmtera
2980 2535 3191 2603 pietatis
3212 2535 3414 2599 ofﬁcia,
3446 2549 3561 2602 qua:

1975 2626 2347 2694 corporalibus
2395 2637 2691 2680 noscuntur
2751 2627 3066 2680 ministeriis
3125 2625 3400 2694 explicari.
3457 2624 3560 2679 Alii

1978 2727 2226 2771 turturem
2271 2727 2469 2772 sancta:
2525 2718 2924 2786 applicaverunt
2976 2718 3225 2772 Ecclesia:
3265 2717 3558 2786 :qu0niam

1975 2816 2170 2876 praeter
2217 2808 2414 2863 Christi
2457 2807 2666 2862 Domini
2710 2808 2928 2862 alterius
2974 2809 3158 2863 'nesc'it
3200 2809 3396 2863 habere
3434 2824 3553 2863 con-

1975 2897 2221 2953 sortium.

2055 3009 2200 3063 Vers.
2235 3009 2288 3064 4.
2321 3009 2520 3063 Allaria
2548 3019 2666 3078 tua,
2705 3010 2918 3064 Domine
2948 3013 3189 3065 virtutum
3219 3026 3238 3066 :
3269 3012 3377 3066 Rea:
3422 3028 3557 3066 naeus

1981 3111 2026 3154 et
2070 3100 2209 3154 Deus
2241 3118 2398 3156 meus.
2435 3102 2632 3156 Versus
2682 3103 2766 3158 hic
2816 3103 2881 3157 ad
2927 3104 3204 3171 superioia
3250 3105 3556 3172 respondet.

1981 3196 2067 3250 Ait
2098 3194 2240 3249 enim
2266 3211 2280 3248 :
2311 3197 2508 3250 Altaria
2538 3207 2657 3262 tua,
2691 3195 2905 3251 Domine
2931 3200 3198 3266 virtutum,
3223 3199 3308 3253 ubi
3329 3201 3550 3269 jungen-

1979 3283 2104 3338 dum
2136 3295 2219 3340 est
2263 3287 2404 3356 quod
2439 3288 2490 3342 in
2538 3288 2710 3356 primo
2750 3303 2904 3343 versu
2957 3291 3145 3359 psalmi
3197 3290 3394 3344 dictum
3441 3299 3556 3357 est,

1982 3375 2150 3440 Quam
2178 3375 2419 3430 amabilia
2453 3378 2611 3430 sunt!
2641 3379 2770 3445 ρηιέ
2800 3379 2964 3448 ﬁgura
2992 3379 3187 3432 dicitur
3225 3381 3324 3434 ἀπὸ
3365 3387 3556 3446 κοινοῦ,

1979 3467 2032 3522 id
2061 3478 2166 3533 εει,
2211 3484 2240 3520 a
2264 3471 2569 3533 communi,
2601 3472 2812 3539 quando
2858 3471 2999 3526 dicta
3038 3473 3284 3540 superius
3313 3471 3378 3525 ad
3427 3472 3556 3527 infe-

1980 3561 2120 3614 riora
2179 3561 2523 3630 respondent.
2585 3562 2688 3618 Sed
2746 3564 2995 3632 quoniam
3049 3564 3284 3617 anterius
3351 3563 3556 3617 dixerat

1980 3653 2186 3704 domum
2206 3654 2452 3723 passeris,
2484 3665 2530 3708 et
2557 3665 2773 3708 torturts
2803 3655 2980 3708 nidum
2998 3696 3012 3720 ,
3041 3657 3203 3726 286
3231 3655 3356 3724 quid
3398 3657 3452 3710 in
3481 3655 3557 3710 eis

1978 3746 2276 3816 intelligere
2327 3749 2698 3803 debuissemus
2746 3749 2999 3804 ostendit.
3034 3751 3088 3803 In
3127 3751 3207 3804 his
3237 3751 3381 3804 enim
3422 3750 3556 3803 alta-

1978 3838 2119 3891 ribus
2143 3838 2294 3905 quasi
2343 3837 2396 3892 in
2436 3839 2653 3892 domum
2691 3841 3050 3908 gratissimam
3092 3842 3389 3911 gratulatur
3427 3842 3555 3912 [ηις.

1977 3925 2044 3982 G.
2081 3935 2127 3981 et
2173 3927 2280 3992 ed.,
2319 3926 2576 4001 l‘t'itinuit}
2625 3929 2794 3984 ﬁdelis
2845 3930 3063 3984 anima:
3101 3932 3154 3984 in
3188 3931 3269 3986 his
3307 3930 3556 3986 altaribus

1977 4020 2154 4074 carnis
2182 4035 2374 4089 Opera,
2407 4037 2526 4089 quae
2567 4032 2742 4076 tamen
2781 4031 2909 4076 sunt
2936 4030 3152 4087 sancta,
3201 4033 3554 4092 reponuntur.

1976 4109 2032 4164 In
2063 4110 2154 4164 illo
2181 4111 2334 4164 altari
2364 4125 2486 4179 spes
2519 4111 2821 4166 ﬁrmissima
2852 4113 3167 4177 collocatur,
3215 4115 3268 4166 in
3295 4127 3401 4183 quo
3425 4112 3554 4168 bea-

1977 4209 2151 4256 torum
2175 4202 2369 4255 animae
2397 4203 2545 4257 velut
2573 4204 2623 4256 in
2647 4202 2876 4271 quodam
2920 4205 3142 4270 perenni
3170 4204 3394 4272 prandio
3422 4219 3554 4258 con-

1975 4294 2129 4348 viviis
2149 4294 2456 4349 cmlestibus
2488 4295 2770 4363 epulantur
2801 4314 2813 4348 :
2858 4295 2946 4350 ubi
2977 4297 3195 4350 satietas
3221 4297 3394 4366 magis
3422 4296 3553 4350 inci-

1977 4394 2087 4452 tat,
2140 4401 2241 4441 nee
2291 4386 2444 4441 beata
2490 4386 2698 4441 esuries
2741 4387 3028 4457 aliquando
3056 4387 3302 4443 discedit.
3335 4387 3554 4443 Addidit

1973 4477 2155 4542 etiam,
2182 4477 2291 4532 Rea:
2319 4495 2458 4532 meus
2480 4487 2527 4532 et
2555 4478 2692 4533 Deus
2717 4495 2878 4534 meus.
2904 4480 3014 4534 Rex
3034 4495 3064 4533 a
3089 4479 3320 4549 regendo
3342 4480 3554 4546 dicitur;

1975 4567 2112 4622 Deus
2153 4568 2396 4624 videlicet
2425 4584 2453 4622 a
2489 4569 2751 4633 creando;
2778 4572 3021 4638 quamvis
3065 4579 3118 4626 et
3173 4571 3418 4626 timorem
3451 4571 3554 4626 tale

1974 4675 2169 4716 nomen
2198 4659 2434 4715 indicare
2463 4669 2812 4715 monstretur.

2047 4800 2195 4854 Vers.
2230 4801 2283 4855 5.
2310 4799 2561 4871 Βραιὶᾳαὶ
2601 4801 2833 4854 habitant
2881 4801 2933 4854 in
2973 4801 3122 4854 domo
3151 4809 3264 4864 tuo,
3299 4797 3552 4863 Domine;

1975 4893 2025 4945 iu
2055 4893 2298 4946 swculum
2330 4893 2507 4947 δασειιί
2541 4892 2825 4946 laudabunt
2855 4904 2921 4947 te.
2955 4893 3090 4959 Quid
3142 4893 3378 4947 muneris
3417 4908 3546 4947 con-

1978 4986 2146 5040 ferant
2173 4985 2357 5040 altaria
2393 4986 2478 5040 illa
2506 4985 2771 5054 praedixit.
2795 4985 2926 5040 Nam
2953 4986 2996 5040 si
3027 4986 3213 5040 beatus
3245 4985 3330 5040 hic
3357 4983 3553 5038 habea-

1979 5087 2095 5144 tur,
2141 5079 2224 5134 cui
2275 5077 2340 5132 ad
2393 5089 2602 5148 tempus
2631 5079 2806 5133 omnia
2855 5078 3083 5134 secunda
3115 5077 3428 5148 procedunt,
3453 5089 3551 5130 nec

1976 5172 2151 5240 aliqua
2179 5170 2502 5228 adversitate
2524 5173 2852 5240 concutitur,
2877 5172 3003 5241 quid
3027 5172 3091 5226 de
3109 5172 3198 5226 illa
3222 5167 3551 5226 beatitudine
3629 5217 3636 5222 .

1976 5262 2298 5330 sentiamus,
2327 5262 2412 5316 cui
2455 5277 2555 5317 nec
2585 5263 2637 5316 in
2667 5262 2950 5331 qualitate,
2995 5276 3092 5316 nec
3139 5263 3188 5315 in
3221 5257 3549 5330 perennitate

1975 5355 2262 5422 quidquam
2295 5353 2469 5408 simile
2497 5355 2796 5422 reperitur?
2825 5353 2926 5408 Sed
2955 5353 3074 5422 quia
3102 5353 3348 5406 immanis
3374 5351 3550 5405 verbis

1978 5447 2078 5500 hoc
2108 5447 2302 5499 bonum
2333 5461 2437 5499 non
2470 5456 2642 5515 potest
2671 5446 2953 5510 explicari,
2987 5456 3163 5498 tamen
3193 5443 3331 5498 unde
3361 5456 3550 5512 prove-

1973 5536 2082 5591 niat
2110 5551 2216 5588 non
2248 5544 2471 5589 tacetur.
2506 5536 2638 5591 Dicit
2683 5535 2823 5590 enim
2843 5576 2859 5600 ,
2890 5535 3173 5587 laudabunt
3217 5543 3282 5587 te.
3313 5531 3440 5588 Inde
3466 5541 3550 5588 est

1972 5627 2166 5698 quippe
2204 5625 2288 5680 illa
2331 5625 2602 5681 beatitudo
2646 5624 2937 5690 mirabilis,
2985 5639 3145 5695 quam
3188 5633 3244 5679 ut
3287 5635 3542 5678 mternam

1973 5720 2314 5804 iutclligcrcs,
2344 5718 2586 5790 subjecit,
2623 5721 2673 5775 in
2706 5715 2942 5774 accidunt
2982 5719 3177 5775 sa‘cttli.
3209 5717 3316 5773 Sed
3345 5714 3542 5789 qualis,
