3952 6162
389 307 496 364 6)5

1629 300 1699 354 Μ.
1745 300 2021 356 AURELII
2063 299 2473 354 Ctssmbtltl
3517 309 3574 364 to

393 445 552 496 rogo,
591 428 730 480 illius
781 422 958 476 surculi
1005 431 1224 474 ventura
1279 419 1459 473 lartitia
1506 427 1617 484 est,
1651 416 1737 470 ubi
1767 415 2312 480 dabiturAdebitur,
2369 416 2542 480 dixrt,
2598 431 2736 478 non,
2789 417 3133 486 intell'gitur,
3187 419 3296 487 quia
3351 421 3464 476 illud
3507 437 3601 478 erat

391 523 609 586 copiose
633 518 883 584 gaudere,
914 528 968 568 et
997 528 1264 580 nunquam
1291 511 1358 565 ab
1383 527 1442 565 ea
1479 523 1632 578 posse
1660 507 1975 562 discedere?

469 609 617 662 Vers.
654 609 703 660 6.
740 603 923 658 Beatus
955 605 1029 656 uir
1060 606 1206 672 cujus
1233 611 1306 655 est
1347 601 1596 653 auxilium
1635 599 1725 652 abs
1767 607 1842 661 te,
1875 597 1978 650 Do-

395 702 562 764 mine;
592 713 826 751 ascensus
855 697 905 748 in
931 694 1085 748 corde
1106 696 1236 764 ejus.
1272 693 1499 746 Decursa
1531 688 1978 758 contemplatione

395 789 661 844 felicitatis
709 787 932 850 futuras,
969 785 1113 839 venit
1160 785 1224 836 ad
1281 783 1575 837 secundum
1613 781 1851 844 modum,
1885 778 1975 832 ubi

401 881 490 934 Dei
523 879 781 932 famulum
813 877 972 932 etiam
1001 877 1082 930 hic
1108 875 1578 930 octentlit‘bearum
1603 891 1615 924 :
1641 888 1706 926 ne
1731 883 1980 940 putaren-

393 981 478 1025 tur
515 972 759 1026 ﬁdelibus
799 971 1015 1040 pramtia
1064 969 1144 1022 vel
1196 969 1279 1022 hic
1323 969 1373 1019 in
1429 977 1596 1020 totum
1650 965 1818 1020 fuisse
1855 964 1975 1016 sub-

395 1072 584 1117 ltacta.
613 1063 849 1117 Dicendo
873 1064 1037 1122 enim,
1069 1062 1320 1114 auxilium
1351 1062 1436 1114 abs
1463 1071 1540 1123 te,
1579 1058 1826 1122 Domine,
1859 1073 1984 1123 pro-

395 1155 532 1208 didit
557 1154 638 1206 hic
660 1153 873 1207 labores
901 1152 1412 1218 colluctationcsqne
1435 1149 1704 1204 difﬁciles.
1729 1147 1969 1216 Adiecit,

391 1260 629 1297 ascensus
661 1245 712 1295 in
759 1242 910 1294 corde
940 1241 1068 1310 ejus.
1109 1239 1301 1308 Utique
1327 1239 1402 1293 illi
1433 1239 1588 1292 beato
1614 1237 1696 1291 cui
1721 1246 1802 1291 est
1823 1237 1978 1290 anxi-

393 1335 521 1388 lium
551 1350 582 1389 a
611 1333 858 1396 Domino,
898 1349 1134 1386 ascensus
1166 1341 1248 1384 est
1295 1332 1345 1385 in
1401 1331 1586 1398 carde,
1619 1331 1739 1400 quia
1769 1345 1984 1399 semper

398 1427 627 1495 prolicit,
654 1439 868 1492 semper
896 1423 1158 1484 ascendit,
1187 1431 1240 1474 et
1267 1433 1522 1490 quantum
1553 1422 1810 1474 Dmni:.us
1841 1437 1982 1489 pra:-

393 1527 500 1572 stat
523 1517 807 1580 auxilium.
844 1525 991 1570 tanto
1022 1515 1180 1569 altius
1212 1515 1452 1568 elevatur
1490 1513 1556 1566 ad
1601 1514 1820 1566 caelum.
1854 1511 1985 1565 Tale

392 1618 475 1663 est
521 1609 664 1663 enim
700 1608 879 1679 (verbi
930 1607 1124 1677 causa)
1177 1606 1316 1675 quod
1347 1605 1574 1660 dicimus
1595 1645 1608 1668 ,
1640 1619 1763 1659 cum
1795 1604 1984 1658 vicerit

392 1700 509 1769 quis
563 1699 842 1754 libidinem
900 1697 1102 1750 auxilio
1161 1697 1403 1760 Domini,
1457 1695 1696 1748 ascendit
1751 1695 1982 1761 primum

2082 507 2349 571 omnium,
2383 506 2520 560 istud
2555 521 2681 561 vero
2717 522 3026 575 paucorum.

2153 596 2305 652 Vcrs.
2333 597 2386 651 9.
2439 598 2658 651 Domine
2705 597 2842 651 Deus
2899 600 3178 663 virtutum,
3227 602 3400 654 exaudi
3433 605 3609 670 "prerem

2081 705 2275 752 memn;
2307 689 2515 742 auribus
2543 689 2743 759 percipe
2766 730 2778 754 ,
2809 686 2946 742 Deus
2972 688 3152 741 Jacob.
3184 688 3244 743 Ut
3277 707 3445 744 revera
3473 709 3613 747 unum

2081 778 2248 831 Deum
2277 780 2603 850 intelligeres
2631 781 2839 833 illarum
2862 794 2981 834 esse
3001 781 3246 834 virtutum
3269 798 3390 850 quas
3404 797 3618 852 superius

2081 869 2221 924 dixit
2247 889 2260 925 :
2289 871 2630 926 Ambulabunt
2667 873 2730 924 de
2760 873 2940 924 uirtute
2979 873 3028 924 in
3062 871 3320 937 virtutem,
3347 876 3622 928 exclamans

2083 961 2194 1028 ipse
2220 978 2430 1032 quoque
2455 964 2726 1030 professus
2749 971 2860 1016 est:
2895 959 3112 1015 Domine
3141 962 3270 1016 Deus
3300 965 3537 1019 virtutum.
3563 967 3620 1020 lat

2081 1055 2200 1124 quis
2228 1063 2310 1109 est
2339 1056 2440 1109 is€e
2473 1054 2609 1108 Deus
2639 1055 2925 1108 virtutum?
2957 1054 3090 1108 Deus
3134 1053 3324 1130 Iacob,
3353 1055 3398 1108 id
3434 1065 3510 1110 est
3537 1056 3626 1110 Do-

2083 1149 2260 1202 minus
2291 1146 2538 1202 Christns
2559 1189 2571 1210 ,
2618 1147 2708 1216 qui
2739 1148 3074 1202 inimicorum
3109 1161 3320 1200 suorum
3349 1146 3627 1200 clementis-

2082 1241 2248 1294 simus
2279 1240 2650 1308 supplantator
2673 1239 3000 1309 agnoscitur,
3025 1237 3236 1306 quando
3261 1253 3434 1290 eorum
3459 1254 3626 1304 pravas

2084 1331 2377 1400 nequitias,
2412 1332 2476 1384 ad
2507 1332 2762 1384 virtutum
2803 1329 3019 1384 semitas
3063 1329 3184 1384 facit
3219 1331 3484 1398 pervenire
3513 1333 3636 1386 dire-

2083 1433 2219 1476 ctas.
2252 1423 2376 1477 Sive
2409 1423 2536 1476 illud
2573 1423 2774 1477 mavult
2807 1421 3064 1491 in'elligi,
3113 1411 3178 1476 uti
3201 1422 3503 1476 sicutlarob
3533 1425 3637 1480 fecit

2083 1515 2244 1570 Israel
2285 1517 2486 1578 vocari,
2519 1516 2642 1585 quia
2675 1515 2880 1570 viderat
2927 1515 3092 1569 Deum
3116 1559 3132 1584 ,
3180 1526 3234 1570 et
3272 1519 3424 1570 istum
3455 1531 3640 1585 quoque

2087 1611 2480 1672 ﬁdelissimum,
2511 1612 2597 1678 qui
2634 1610 2720 1663 hic
2745 1609 2998 1677 loquitur,
3024 1609 3224 1664 laceret
3251 1609 3528 1677 maiestati.
3550 1626 3642 1664 sua:

2090 1717 2344 1758 aeternam
2371 1705 2592 1770 gloriam
2623 1703 2886 1757 contueri.

392 1789 649 1858 gradum;
682 1805 803 1844 cum
837 1789 1018 1842 domin
1040 1798 1140 1842 itus
1186 1787 1342 1840 luerit
1373 1787 1672 1856 superbiae,
1704 1785 1824 1839 salit
1855 1785 1983 1838 alte-
2021 1787 2061 1843 Β
2159 1795 2311 1850 vers.
2349 1797 2433 1850 ιο,
2470 1794 2740 1848 praua-0,.
2771 1807 2960 1860 "05m,
2985 1797 3187 1865 “pice,
3233 1794 3398 1855 Deus;
3423 1807 3464 1850 ε,
3485 1799 3650 1867 resp.“

397 1896 547 1946 rmn;
585 1881 709 1934 dum
755 1879 1422 1949 superaveritavaritiam,
1453 1878 1596 1931 subit
1644 1879 1886 1938 tertium;
1932 1885 1986 1929 et.

393 1983 469 2026 tot
505 1973 755 2043 gradibus
785 1972 1030 2027 evehitur
1052 1983 1182 2040 quot
1221 1972 1364 2025 vitiis
1391 1971 1422 2023 i:
1445 1973 1550 2024 erit
1578 1970 1874 2023 abSolulus.
1898 1970 1988 2022 Sic
2035 2014 2038 2018 .

394 2081 488 2134 per
509 2067 745 2134 quintam
779 2066 1012 2132 speciem
1048 2062 1404 2124 deﬁnitionis,
1457 2077 1576 2130 qua:
1623 2061 1812 2115 Grzece
1859 2062 1988 2115 κατὰ

394 2165 481 2219 τήν
534 2161 692 2224 λέξιν,
723 2158 912 2212 Latine
940 2157 1004 2211 ad
1039 2157 1262 2211 verbum
1294 2155 1326 2207 d
1352 2155 1506 2216 ritur,
1545 2154 1683 2207 beati
1722 2155 1858 2208 facta
1893 2155 1988 2205 dc-

395 2247 565 2302 ﬁnitio
596 2257 709 2314 est;
749 2249 1126 2316 complectitur
1154 2249 1297 2301 enim
1326 2245 1453 2316 quid
1479 2248 1546 2300 sit
1577 2246 1784 2310 beatus,
1811 2246 1893 2299 cui
1915 2255 1988 2299 est

401 2340 655 2392 auxilium
677 2339 765 2392 abs
788 2351 852 2402 te,
889 2338 1124 2392 Domine.
1621 2359 1624 2362 ’
1653 2351 1656 2354 ‘

477 2429 626 2483 Vers.
657 2431 709 2483 7.
747 2430 1007 2499 Disposuit
1033 2431 1083 2480 in.
1107 2426 1720 2498 conrallelacrymarum,
1743 2429 1795 2480 in
1825 2427 1989 2481 locum

395 2539 541 2589 qne'n
572 2520 865 2590 disposuit:
890 2522 1072 2574 etenim
1118 2521 1517 2573 benedictionem
1543 2521 1686 2572 dabit
1713 2522 1799 2588 qui
1829 2521 1989 2590 legem

399 2613 558 2668 dedit.
585 2615 840 2667 Convallis
867 2614 1214 2684 lacrymarum
1239 2614 1544 2682 pmnitcntis
1571 2615 1842 2668 humilitas
1867 2623 1948 2682 est
1969 2655 1981 2678 ,

397 2706 463 2759 de
493 2721 594 2774 qua
627 2715 830 2759 tantmn
877 2706 998 2774 quis
1027 2705 1092 2760 ad
1137 2705 1409 2772 snpe:iora
1459 2705 1794 2769 conscendit,
1829 2721 1990 2775 quan-

403 2808 512 2852 tum
546 2799 596 2852 in
635 2799 726 2852 illa
753 2798 1119 2852 satisfactione
1147 2797 1507 2852 descenderit.
1535 2797 1636 2852 Sed
1672 2813 1737 2850 ne
1766 2798 1792 2850 I-
1822 2799 1985 2851 rsitan

401 2907 674 2960 quarreres
699 2892 786 2945 ubi
810 2891 1213 2954 ascenderetur,
1247 2891 1539 2958 subiunxit,
1567 2892 1616 2944 in
1649 2891 1812 2943 locum
1837 2907 1985 2959 queui

399 2981 676 3049 disposuit.
729 2981 894 3035 Locus
939 2983 1121 3051 utique
1161 2981 1251 3036 ille
1299 2982 1576 3048 dispositus
1623 2996 1844 3048 regnum
1881 2980 1984 3032 Do-

400 3072 528 3128 mini
559 3073 825 3143 signiﬁcat
857 3075 1115 3139 futurum,
1145 3090 1302 3143 quem
1327 3073 1636 3143 continge-re
1669 3074 1804 3127 felici
1837 3083 1983 3126 sorte

2089 1889 2140 1940 in
2173 1889 2364 1954 faciem
2395 1885 2589 1940 Ch'isti
2617 1887 2711 1940 tui.
2745 1887 2904 1940 Venit
2943 1886 3008 1938 ad
3051 1888 3272 1940 tertium
3313 1885 3539 1948 modum,
3577 1888 3654 1946 ubi

2089 1977 2407 2040 deprecatur
2431 1979 2768 2051 innotescere
2792 1975 2992 2028 llllllldt)
3013 1974 3298 2028 llotninum
3326 1975 3652 2030 Salvator-em.

2091 2066 2216 2120 Ilmc
2275 2082 2380 2120 non
2430 2075 2682 2135 tanquam
2711 2065 2961 2120 dubitans
2991 2066 3072 2118 vir
3100 2067 3468 2120 sanctissimus
3492 2075 3657 2134 optat,

2090 2157 2187 2213 sed
2221 2157 2454 2225 postulat
2483 2159 2591 2210 cito
2619 2155 2730 2209 ﬁeri
2767 2172 2888 2224 qua:
2931 2165 3160 2210 noverat
3192 2171 3313 2210 esse
3347 2166 3580 2210 ventura.
3609 2157 3659 2208 Et

2090 2253 2208 2321 quia
2240 2265 2332 2318 per
2362 2247 2754 2316 redemptorem
2782 2257 3020 2300 nostrum
3048 2245 3312 2300 mundum
3343 2247 3537 2300 sciebat
3559 2261 3662 2299 esse

2090 2341 2434 2406 salvandum,
2483 2339 2618 2407 petit
2663 2347 2720 2392 ut
2767 2339 2844 2392 sic
2895 2337 3120 2406 aspiciat
3155 2353 3323 2406 genus
3363 2338 3660 2396 humanum,

2089 2441 2356 2504 quatenus
2393 2431 2446 2482 in
2493 2430 2676 2492 faciem
2706 2426 2896 2482 Christi
2938 2429 3015 2481 sui
3059 2429 3311 2498 respiciat
3364 2429 3540 2493 Pater;
3571 2441 3666 2479 uolt

2092 2523 2234 2592 quod
2266 2523 2354 2576 ille
2383 2521 2672 2590 aliquando
2703 2535 2823 2574 eum
2849 2535 2953 2572 non
2983 2519 3234 2587 respicit,
3263 2518 3356 2573 sed
3382 2528 3434 2572 ut
3460 2531 3668 2586 praesen-

2089 2615 2159 2668 tia
2183 2595 2566 2667 incarnationis
2597 2611 2849 2680 gentibus
2896 2611 3039 2663 illum
3074 2609 3420 2664 innotescere
3451 2609 3668 2672 faceret,

2090 2707 2178 2774 qui
2199 2706 2274 2759 eis
2304 2705 2436 2759 facie
2461 2704 2780 2772 probabatur
2799 2701 3125 2770 incognitus.
3157 2702 3281 2756 Ilaec.
3301 2700 3469 2770 ﬁgura
3493 2702 3670 2754 dicitur

2091 2799 2391 2871 hypallage,
2417 2799 2603 2852 Latine
2637 2799 2986 2866 permutatio,
3013 2798 3236 2866 quoties
3280 2797 3474 2874 dicitur
3491 2795 3670 2874 respici

2089 2893 2258 2962 magis
2287 2892 2377 2946 ille
2405 2893 2491 2961 qui
2522 2891 2762 2959 respicit,
2795 2890 2874 2942 vel
2917 2890 2998 2943 his
3035 2890 3240 2944 similia
3260 2934 3276 2958 ,
3305 2905 3428 2958 qua:
3457 2891 3510 2942 in
3549 2889 3676 2942 Scri-

2091 2985 2262 3054 pturis
2313 2984 2506 3038 divinis
2553 2983 2864 3052 frequenter
2913 2983 3272 3047 adhibentur;
3305 2991 3362 3034 ut
3409 2989 3490 3034 est
3519 2978 3673 3034 illud:

2093 3074 2342 3128 Dominus
2373 3077 2436 3128 de
2463 3075 2590 3128 caelo
2645 3076 2902 3146 prospexit
2946 3091 3100 3142 super
3133 3075 3276 3142 ﬁlios
3311 3075 3600 3136 hominum,
3633 3079 3680 3122 ut

399 3165 746 3230 merebimur,
771 3165 816 3220 si
837 3165 904 3218 ad
933 3181 1053 3219 cum
1086 3168 1362 3233 pervenire
1391 3165 1663 3232 dispositis
1693 3183 1717 3216 a
1749 3166 1972 3218 Darnino
2001 3153 2046 3214 C
2080 3165 2246 3218 videat
2266 3166 2310 3218 si
2327 3175 2400 3218 est
2424 3165 2710 3234 intelligens
2725 3175 2812 3218 aut
2829 3167 3094 3236 requirens
3117 3165 3290 3219 Deum
3311 3167 3480 3237 (Psnl.
3501 3180 3589 3230 LII,
3608 3161 3676 3230 3).

400 3263 594 3328 regulis
637 3271 966 3328 appetamns.
1025 3261 1144 3329 Ipse
1171 3260 1314 3314 enim
1347 3261 1610 3327 diSpOStiit
1663 3261 1857 3327 gradus
1887 3261 1979 3330 qui

399 3353 661 3406 ordinavit
685 3362 738 3406 et
769 3352 964 3407 locum.
1009 3354 1105 3418 Qui
1136 3353 1244 3405 vult
1283 3353 1526 3419 accipere
1556 3353 1854 3420 prtemium,
1888 3368 1982 3404 au-

401 3442 511 3497 diat
561 3442 686 3512 quid
731 3443 968 3512 iubetur.
1020 3441 1309 3511 Sequitur,
1353 3442 1539 3494 etenim
1584 3441 1980 3494 benedirtiunem

399 3534 536 3587 dabit
559 3535 648 3604 qui
673 3533 834 3603 legem
863 3533 1022 3586 dedit.
1062 3531 1193 3586 Cum
1245 3533 1539 3600 prophetia:
1589 3541 1798 3599 tempus
1836 3540 1980 3586 esset

399 3626 498 3680 sub
529 3625 644 3694 lege
674 3624 883 3679 Domini
927 3626 1274 3679 constitutum
1300 3665 1313 3688 ,
1375 3637 1473 3676 nec
1526 3621 1700 3676 adhuc
1753 3622 1984 3676 venisset

399 3717 584 3786 gratia:
611 3715 836 3780 donum,
867 3715 1114 3770 eumdem
1147 3715 1273 3768 dicit
1297 3713 1692 3768 benedictionem
1717 3714 1979 3777 daturum,

401 3808 452 3861 id
484 3817 566 3863 est
589 3807 813 3877 gratiam
845 3822 1014 3872 suam,
1049 3808 1137 3878 qui
1167 3807 1328 3878 legem
1352 3806 1490 3859 dedit
1528 3814 1650 3860 ante
1684 3807 1976 3875 justitiam:

401 3899 598 3954 docens
653 3900 936 3954 Dominum
989 3899 1261 3954 Christum
1328 3901 1604 3967 utrimque
1653 3897 1982 3952 'I‘estamcnti

399 3993 674 4047 evidenter
711 4002 1008 4059 auctorem,
1049 4007 1170 4047 cum
1213 3991 1363 4054 dicit,
1408 3991 1806 4045 benedictionem
1836 3991 1981 4043 dabit

399 4084 484 4152 qui
505 4086 665 4154 legem
687 4083 848 4138 dedit.

474 4177 622 4231 Vers.
647 4178 705 4232 8.
733 4177 1072 4230 Ambulabunt
1093 4177 1156 4230 de
1175 4179 1358 4231 virtute
1379 4177 1433 4229 in
1457 4180 1710 4238 virtutem;
1735 4173 1983 4228 uidebitur

399 4267 543 4322 Deus
584 4268 794 4322 deorum
825 4269 878 4321 in
909 4269 1060 4324 Sion.
1095 4268 1270 4323 Virtus
1317 4269 1546 4337 primum
1587 4275 1706 4321 crat
1738 4268 1788 4320 in
1827 4267 1942 4336 lege
1963 4308 1977 4332 ,

399 4375 542 4412 nunc
569 4368 654 4413 est
684 4362 852 4414 virtus
883 4361 934 4414 in
961 4360 1153 4430 gratia;
1184 4359 1276 4414 sed
1303 4361 1589 4429 jucundior
1620 4361 1716 4413 iSta
1751 4375 1870 4429 qua:
1899 4375 1984 4414 re-

399 4449 556 4500 dimit
599 4447 716 4519 [ms.
767 4447 854 4514 F.,
902 4447 1186 4520 remittit],
1236 4465 1398 4520 quam
1451 4453 1538 4506 illa
1593 4466 1710 4519 quae
1754 4451 1978 4520 judicat.

399 4539 626 4594 Pratstet
653 4539 765 4610 ipse
793 4541 882 4610 qni
905 4527 1195 4610 “utrumque
1241 4542 1422 4608 dedit,
1464 4553 1520 4596 ut
1559 4544 1808 4612 quoniam
1841 4543 1977 4598 bona
2010 4521 2057 4579 θ

401 4644 494 4698 per
517 4631 684 4698 legem
713 4643 1022 4701 peccatores
1053 4633 1328 4702 suscipere
1360 4647 1464 4686 non
1497 4647 1790 4698 meremur,
1824 4634 1980 4687 abso-

399 4721 654 4776 lutionem
687 4723 841 4777 nobis
863 4738 958 4793 per
984 4723 1208 4793 gratiam
1232 4723 1482 4779 conferre
1515 4723 1786 4794 dignetur.
1821 4724 1981 4782 Intel-

397 4813 525 4882 ligat
557 4824 732 4868 tamen
755 4813 1092 4870 Christianus
1122 4815 1185 4868 de
1210 4817 1389 4869 virtute
1419 4817 1473 4869 in
1507 4816 1740 4869 uirtutem
1765 4817 1981 4871 sibimet

396 4905 799 4974 ambulandum,
833 4921 901 4962 ne
931 4922 988 4961 se
1017 4909 1249 4961 remittat
1278 4907 1344 4961 ad
1387 4909 1579 4962 otium.
1610 4908 1884 4977 Sequitur,
1908 4909 1982 4962 ri-

397 4997 599 5050 debitm
621 4997 758 5051 Deus
782 4998 994 5052 deorum
1019 5001 1071 5052 in
1099 4999 1249 5054 Sion.
1283 4999 1421 5054 Ecce
1451 5001 1582 5054 duas
1615 5001 1736 5054 illas
1759 5003 1982 5053 virtutes

399 5088 452 5140 in
477 5104 632 5142 unam
660 5089 786 5142 dicit
814 5089 1012 5144 Christi
1043 5091 1332 5146 convenire
1357 5107 1661 5160 personam.
1687 5091 1806 5160 Ipse
1837 5095 1980 5145 enim

398 5181 531 5234 visus
552 5191 626 5234 est
667 5181 1014 5252 Jerosolymis
1056 5184 1110 5235 in
1139 5183 1263 5239 Sion
1291 5191 1468 5238 monte
1488 5225 1502 5251 ,
1535 5183 1621 5252 qui
1645 5183 1812 5251 legem
1839 5183 1984 5238 dedit

396 5286 449 5326 et
496 5277 741 5346 gratiam.
771 5275 935 5329 Deum
968 5292 1094 5331 vero
1145 5280 1356 5330 deorum
1393 5275 1842 5346 quemadmodum
1891 5277 1982 5330 de-

397 5365 617 5420 beamus
671 5368 979 5432 advertere,
1033 5369 1272 5437 proxime
1324 5368 1375 5421 in
1427 5367 1756 5436 octogesimo
1807 5371 1978 5436 primo

399 5457 599 5522 psalmo
622 5458 735 5524 jam
777 5459 975 5513 dictum
1007 5470 1083 5516 est
1113 5477 1128 5513 :
1159 5459 1280 5529 quia
1310 5469 1363 5514 et
1394 5470 1608 5514 sanctos
1641 5461 1782 5514 viros
1833 5459 1976 5514 Scri-

397 5559 550 5614 ptura
595 5550 770 5604 divina
813 5551 932 5606 deos
978 5553 1249 5621 appellare
1295 5568 1398 5606 non
1449 5552 1662 5606 desinit.
1697 5553 1788 5608 Sic
1832 5559 1973 5608 enim

396 5637 588 5692 dicitur
637 5639 772 5694 Deus
819 5643 1064 5710 deorum,
1105 5645 1553 5713 quemadmodum
1602 5647 1709 5699 Ilex
1754 5663 1969 5718 regum,

399 5729 625 5783 Sanctus
654 5739 995 5804 sanctmum,
1041 5746 1094 5793 et
1146 5737 1398 5795 Dominus
1443 5738 1848 5795 dominantium.
1886 5741 1970 5795 γε.

2091 3257 2158 3312 Ut
2187 3259 2350 3310 videat
2379 3259 2520 3311 enim
2549 3257 2702 3322 dixit,
2733 3258 2783 3311 id
2808 3267 2919 3324 est,
2953 3258 3146 3314 videre
3179 3259 3372 3313 faciat.
3403 3259 3586 3313 Simile
3611 3262 3682 3310 est

2082 3359 2136 3403 et
2185 3349 2312 3404 illud
2346 3367 2359 3404 :
2393 3348 2630 3420 lntellige
2667 3351 2942 3404 clamorem
2995 3369 3208 3418 meum;
3261 3367 3369 3407 non
3417 3350 3554 3421 quod
3605 3349 3682 3402 ille

2059 3444 2402 3512 'deprecatns
2426 3443 2708 3512 intelligat,
2731 3443 2820 3512 qui
2848 3444 2993 3496 novit
3022 3447 3216 3499 omnia
3243 3445 3408 3498 sicuti
3433 3451 3578 3508 sunt,
3602 3441 3686 3496 sed

2083 3535 2306 3604 intelligi
2339 3534 2496 3589 iaciat
2520 3535 2586 3588 ab
2615 3536 2696 3587 his
2725 3535 2814 3602 qui
2844 3535 3098 3606 ignorare
3133 3547 3467 3590 noscuntur.

2155 3629 2307 3682 Vers.
2347 3629 2429 3682 Il.
2466 3627 2602 3694 Quia
2639 3627 2814 3681 melior
2863 3637 2936 3681 est
2983 3629 3096 3682 dies
3145 3647 3258 3683 una
3310 3632 3364 3684 in
3408 3630 3552 3682 atriis
3603 3625 3691 3679 tuis

2083 3735 2236 3786 super
2272 3720 2458 3774 millia.

2156 3809 2310 3864 νυν..
2359 3807 2444 3863 19..
2480 3809 2628 3882 Elegi
2657 3811 2887 3880 abjeclus
2932 3826 3036 3863 esse
3083 3811 3140 3862 in
3189 3811 3352 3862 domo
3409 3809 3499 3861 Dei
3545 3809 3693 3876 magis

2083 3915 2239 3966 quam
2284 3899 2514 3952 habitare
2556 3901 2608 3953 in
2637 3900 2980 3953 tabernaculis
3007 3913 3376 3968 peccatorum.
3421 3901 3534 3966 I;-sa
3583 3909 3692 3950 sunt

2083 3993 2217 4044 atria
2266 3991 2508 4058 Domini,
2541 3991 2590 4044 in
2638 3991 2828 4060 quibus
2875 3992 3130 4060 superius
3182 3991 3539 4060 concupiisse
3567 4003 3623 4044 se
3650 3996 3697 4042 ct

2083 4083 2344 4138 defecisse
2375 4093 2597 4137 testatus
2624 4095 2727 4148 θεῖ,
2769 4083 2822 4137 in
2845 4083 3033 4151 quibus
3065 4099 3179 4136 una
3221 4084 3346 4138 dies
3386 4085 3534 4152 jnste
3567 4080 3696 4134 desi-

2085 4179 2301 4232 deratur
2329 4193 2345 4235 ε
2391 4181 2515 4248 quia
2540 4191 2757 4245 semper
2780 4187 2976 4230 aeterna
3011 4186 3123 4244 est,
3162 4193 3293 4244 qua:
3327 4177 3463 4230 solis
3485 4175 3700 4230 adventu

2085 4289 2190 4326 non
2219 4271 2410 4338 oritur,
2445 4285 2541 4325 nec
2576 4271 2694 4340 ejus
2727 4269 2907 4322 ﬁn'tur
2930 4283 3166 4334 occasu;
3197 4286 3370 4338 quam
3401 4285 3508 4323 non
3539 4267 3699 4334 sequi-

2085 4374 2169 4419 tur
2193 4365 2456 4428 crastina,
2511 4377 2608 4417 nec
2639 4362 2886 4430 pra‘celit
2921 4361 3086 4431 287
3121 4361 3394 4416 hesterna
3417 4401 3433 4426 ,
3479 4359 3572 4414 sed
3613 4359 3701 4410 im-

2085 4456 2354 4510 mutabilis
2404 4470 2627 4508 manens
2677 4461 2884 4508 constat
2927 4453 3144 4506 unitate
3202 4463 3498 4520 perpetua.
3547 4451 3702 4516 Super

2085 4549 2280 4612 millia,
2311 4549 2566 4602 mundum
2598 4546 2758 4600 istum
2803 4543 3094 4613 signiﬁcat,
3155 4544 3253 4597 ubi
3289 4544 3468 4598 millia
3507 4541 3702 4596 dierum

2081 4639 2342 4694 sustinent
2390 4639 2569 4703 linem,
2624 4647 2678 4690 et
2723 4639 2790 4692 ab
2832 4653 2937 4692 uno
2965 4637 3055 4690 illo
3087 4639 3348 4694 vincitur
3373 4636 3630 4708 quidquid
3659 4635 3705 4685 in

2083 4731 2307 4784 istorum
2357 4729 2883 4795 multiplcationibus
2927 4739 3290 4800 aggregatur.
3349 4731 3542 4784 Merito
3587 4736 3708 4794 ergo

2084 4821 2278 4874 talibus
2307 4819 2590 4874 desideriis
2615 4819 2894 4887 quaeritur,
2919 4819 3005 4872 cui
3035 4819 3184 4874 nihil
3209 4821 3406 4874 simile
3429 4817 3708 4888 reperitur.

2091 4910 2214 4964 Ilaec
2235 4911 2398 4980 ﬁgura
2431 4909 2623 4962 dicitur
2657 4911 2894 4978 parison,
2925 4910 2972 4964 id
3005 4919 3091 4964 est
3126 4913 3384 4981 mquatio
3410 4910 3707 4972 sententiae,

2088 5002 2298 5068 quando
2326 5001 2442 5054 dum
2465 5015 2550 5054 res
2593 5015 2623 5054 c
2669 5001 2882 5054 dixerso
2921 5011 3240 5069 poliuntur,
3282 5005 3384 5058 sed
3417 5019 3520 5056 una
3555 4999 3710 5067 riiagis

2091 5097 2329 5165 eligitur;
2383 5101 2520 5150 sicut
2560 5103 2614 5148 et
2659 5097 2774 5158 hic,
2810 5105 2862 5149 et
2911 5097 3170 5164 saperins
3215 5097 3378 5162 fecit,
3409 5109 3467 5151 et
3499 5097 3710 5150 iuierius

2089 5185 2200 5256 ipse
2245 5187 2479 5239 facturus
2515 5197 2616 5238 est.
2667 5187 2940 5255 Sequitur,
2997 5183 3160 5255 Elegi
3219 5189 3475 5260 objectus
3519 5203 3626 5240 esse
3665 5186 3712 5236 in

2088 5279 2238 5331 domo
2274 5278 2398 5346 Dei,
2431 5279 2593 5350 magis
2622 5295 2774 5346 quam
2797 5279 3021 5331 habitare
3049 5280 3109 5331 in
3134 5280 3510 5334 tabernaeulis
3537 5292 3710 5344 pecca-

2086 5381 2273 5425 torum.
2310 5371 2402 5424 Vir
2431 5373 2641 5438 sapiens
2671 5387 2774 5423 non
2811 5369 3095 5438 judicibat
3129 5373 3204 5424 ad
3241 5374 3438 5426 carnis
3470 5371 3711 5431 oculum,

2086 5463 2180 5516 sed
2209 5463 2274 5515 ad
2324 5463 2487 5530 ipsius
2533 5461 2769 5515 veritatis
2801 5470 3114 5529 aSpectum;
3153 5472 3216 5514 ut
3249 5471 3392 5516 esset
3415 5463 3639 5534 abjeetus
3663 5458 3710 5508 in

2083 5555 2232 5608 domo
2255 5555 2523 5610 dominica
2550 5598 2562 5620 ,
2601 5571 2756 5624 quam
2793 5555 2841 5608 in
2871 5555 3037 5622 gloria
3068 5556 3280 5610 surculi
3309 5559 3501 5611 vivere
3535 5551 3715 5610 crimi-

2084 5663 2233 5702 nosa.
2266 5646 2310 5701 0
2335 5647 2560 5715 ahjecrio
2592 5647 2678 5701 illa
2723 5646 2980 5716 pulchra!
3023 5663 3058 5697 ο
3105 5649 3441 5702 sublimitas
3473 5648 3574 5701 ista
3617 5645 3708 5698 lm-

2083 5741 2332 5797 dissima!
2380 5740 2493 5811 Ipsa
2521 5747 2603 5797 est
2633 5740 2838 5796 scilicet
2869 5753 2986 5810 qtae
3015 5741 3300 5811 superius
3339 5737 3564 5805 dicitur,
3597 5751 3716 5790 con-
