3952 6162
286 294 373 347 $05

1142 301 1502 357 EXPO.S|T|0
1541 301 1608 357 IN
1647 296 2107 357 PSALTEIHUM.
2152 295 2338 351 PSAL.
2386 296 2667 350 LXXXlV.

3447 304 3551 361 606

277 408 411 461 milis
453 409 836 480 lacrgmarnm,
870 408 1081 478 palatiis
1110 412 1358 466 omnibus
1387 412 1503 465 sine
1530 406 1863 465 dubitatione
1890 414 1939 471 Α
1966 404 2212 470 cundior,
2246 406 2332 475 qui
2368 408 2445 460 sic
2494 406 2645 460 nobis
2680 406 2929 462 Ecclesiae
2971 409 3252 464 torcularia
3286 410 3405 467 fecit
3435 432 3553 468 oni-

279 499 519 567 superior
552 516 567 553 :
602 501 690 554 ubi
735 499 837 555 etsi
874 499 940 555 ad
973 510 1183 570 tempus
1212 503 1497 571 plangitur,
1532 502 1655 556 inde
1677 512 1852 555 tamen

272 590 381 643 sine
404 588 511 644 ﬁne
530 589 814 660 gaudetur.
845 589 1085 661 Abjectus
1107 591 1247 643 enim
1273 591 1488 655 dicitur,
1511 592 1600 655 qui
1625 591 1852 644 humana

271 680 623 735 rstimatione
647 681 874 736 habetur
912 693 1208 736 extremus.
1254 682 1359 738 Sed
1398 684 1534 749 apud
1571 684 1731 737 Deum
1763 683 1855 737 ille

272 771 435 841 magis
459 769 790 824 honorabilis
806 772 1096 838 judicatur,
1124 774 1211 842 qui
1234 784 1451 842 propter
1473 790 1663 828 nomen
1688 775 1855 844 ipsius

270 866 403 921 inter
428 866 676 922 homines
702 868 916 922 videtur
938 884 1061 923 esse
1081 869 1386 937 despectus.

340 956 493 1012 Vers.
529 959 616 1016 13.
650 959 907 1023 Quoniam
937 960 1341 1013 misericordiam
1387 970 1432 1013 et
1482 961 1739 1012 ceritatem
1775 962 1854 1014 di-

271 1048 374 1120 ligit
404 1048 655 1103 Dominus
688 1048 858 1114 Deus;
886 1051 1105 1120 gratiam
1156 1060 1204 1103 et
1252 1050 1466 1122 gloriam
1507 1050 1644 1104 dabit
1678 1051 1852 1103 Domi-

269 1156 379 1193 nus.
405 1140 581 1193 Causa
605 1140 845 1193 redditur
868 1156 1033 1209 quare
1059 1141 1252 1194 domus
1279 1141 1487 1194 Domini
1524 1142 1640 1206 plus
1662 1141 1851 1195 debeat

271 1230 410 1298 diligi
468 1248 629 1301 quam
685 1233 1027 1286 tabernacula
1084 1242 1443 1299 peccatorum.
1502 1232 1556 1285 In
1616 1233 1851 1287 Ecclesia

268 1324 404 1378 enim
438 1324 610 1391 ipsius
640 1325 865 1392 primum
899 1325 1245 1377 misericordia
1275 1334 1387 1391 est,
1418 1326 1539 1393 quia
1570 1325 1635 1377 de
1669 1341 1852 1392 pecca-

267 1416 470 1471 toribus
517 1416 684 1470 efﬁcit
736 1416 947 1485 justos,
1002 1426 1055 1469 et
1109 1418 1389 1471 veritatem
1443 1417 1549 1470 illis
1606 1418 1851 1484 promissi

269 1506 469 1575 praemii
504 1520 607 1559 non
633 1506 875 1575 negavit;
907 1506 1041 1560 sicut
1074 1505 1201 1559 dicit
1224 1506 1540 1573 Apostolus:
1576 1508 1673 1571 Qui
1712 1507 1853 1576 prius

265 1600 337 1667 {ni
364 1597 708 1667 blasphemus,
740 1615 802 1651 ac
827 1606 1117 1667 persecutor
1142 1611 1188 1650 et
1229 1598 1546 1670 injuriosus;
1588 1597 1674 1650 sed
1706 1599 1853 1651 mise-

263 1690 537 1741 ricordiam
583 1698 879 1741 consecutus
928 1705 1039 1740 sum
1075 1686 1137 1758 (Ι
1170 1687 1304 1741 Tim.
1352 1704 1400 1751 ι,
1454 1688 1568 1759 15);
1606 1701 1659 1743 et
1701 1691 1852 1754 jaulo

1960 498 2089 552 nino
2134 498 2474 562 dulcescere,
2523 508 2580 552 ut
2630 500 2915 566 optabilius
2966 500 3257 555 habeamus
3288 505 3377 557 tali
3411 507 3551 560 fasce

1958 587 2206 656 deprimi,
2252 604 2407 659 quam
2468 589 2623 659 hujus
2678 589 3016 643 felicitatibus
3062 593 3350 647 sublevari.
3402 595 3549 649 Unde

1952 682 2064 750 jam
2098 682 2290 733 merito
2313 680 2578 734 dicimus:
2615 679 2940 750 Concupiscit
2969 693 3014 733 et
3040 684 3208 749 deﬁcit
3242 688 3413 737 anima
3446 706 3547 737 tum

1956 774 2009 824 in
2030 775 2165 825 atria
2196 770 2423 825 Domini.
2452 772 2556 828 Sed
2591 784 2831 826 sanctam
2861 783 3101 840 petamus
3132 775 3467 839 Trinitatem,
3496 788 3549 829 ut

1957 864 2407 931 quemadmodum
2464 880 2653 918 sensus
2711 876 2923 919 nostros
2982 868 3210 922 dulcedo
3270 872 3547 937 praesentis

1958 954 2202 1008 lectionis
2232 954 2430 1018 ali'ecit,
2476 956 2545 1007 ita
2572 955 2771 1025 jugiter
2818 956 2869 1009 in
2905 957 3057 1011 nobis
3106 968 3353 1026 maneat,
3403 959 3545 1029 quod

1960 1046 2071 1113 ipse
2095 1046 2379 1098 mi~eralus
2410 1044 2620 1098 infudit.

2175 1184 2535 1240 EXPOSITIO
2579 1187 2641 1240 IN
2684 1187 3006 1244 PSALMUM
3043 1188 3327 1246 LXXXIV.

2274 1295 2339 1350 In
2384 1300 2567 1367 ﬁnem,
2614 1302 2736 1369 ﬁliis
2782 1302 2941 1369 Core,
2976 1303 3224 1373 psalmus.

2030 1407 2093 1461 In
2124 1410 2279 1477 linem
2298 1452 2313 1476 ,
2343 1411 2629 1468 Dominum
2654 1415 2991 1471 Salvatorctn
3014 1419 3205 1488 signiﬁt
3224 1434 3315 1471 are
3340 1428 3541 1474 constat

1956 1502 2010 1555 in
2064 1504 2263 1569 titulis,
2317 1507 2459 1559 sicut
2506 1505 2633 1559 dicit
2684 1508 3015 1573 Apo~tolus:
3066 1506 3210 1561 Finis
3248 1511 3379 1562 cnim
3424 1512 3549 1578 legis

1957 1594 2187 1648 Christus
2210 1595 2280 1647 ad
2302 1597 2561 1667 justitiam
2592 1599 2729 1650 omni
2753 1600 2977 1652 credenti
3005 1601 3180 1667 (Rom.
3211 1618 3262 1664 κ,
3290 1601 3368 1668 ὀ).
3398 1600 3547 1657 Filiis

1956 1686 2110 1751 Core,
2143 1689 2389 1757 psalmus.
2416 1688 2551 1754 Qttil
2600 1688 2865 1757 signiﬁcet
2895 1689 3054 1753 Core,
3106 1706 3245 1758 sa-p»
3268 1692 3377 1761 jam
3409 1691 3546 1745 diti-

262 1793 375 1850 post
406 1799 419 1833 :
468 1779 668 1834 Bonum
708 1790 962 1833 certamen
984 1782 1170 1834 certavi
1192 1822 1207 1845 ,
1237 1797 1443 1835 cursum
1492 1784 1853 1846 consummavi,
1888 1788 1934 1846 Β
1962 1792 2100 1831 mus.
2127 1777 2238 1833 lloc
2264 1787 2439 1833 tamen
2465 1781 2514 1831 in
2539 1795 2745 1833 summa
2769 1795 3111 1835 commouet‘e
3133 1784 3380 1846 sufﬁciat,
3405 1785 3543 1837 hunc

260 1874 411 1940 ﬁdem
458 1875 693 1937 servavi;
734 1884 966 1942 superest
996 1875 1118 1926 mihi
1166 1890 1356 1928 corona
1406 1875 1649 1942 iustitiae,
1700 1892 1851 1941 quam

260 1965 436 2017 reddet
468 1965 876 2018 mihi‘Dominus
905 1967 957 2018 in
991 1965 1082 2019 illo
1110 1966 1193 2019 die
1210 1968 1385 2037 justus
1406 1967 1575 2038 judea:
1601 1966 1689 2038 (11
1717 1967 1848 2021 Tim.

260 2071 328 2122 tv,
352 2057 407 2119 7,
454 2057 528 2123 8).
557 2057 693 2111 Ecce
722 2071 1011 2126 utrumque
1055 2060 1366 2127 complexus
1393 2072 1511 2125 est,
1552 2070 1605 2114 et
1656 2062 1853 2114 miseri-

260 2152 489 2205 cordiam
514 2151 723 2205 Domini
747 2161 793 2204 et
814 2152 1094 2205 veritatem.
1119 2151 1402 2222 Subjungit
1424 2154 1607 2218 etiam,
1631 2155 1850 2224 gratiam

258 2253 304 2296 et
352 2242 581 2313 gloriam
624 2243 763 2295 dabit
808 2241 1071 2295 Dominus.
1107 2242 1184 2297 Ne
1228 2244 1394 2298 solam
1422 2247 1641 2315 gratiam
1674 2247 1723 2300 in
1751 2246 1851 2302 hoc

257 2334 457 2387 saeculo
508 2336 711 2389 sanctis
764 2344 980 2402 putares
1021 2349 1142 2389 esse
1190 2336 1462 2402 collatam,
1513 2338 1771 2405 sequitur.
1803 2348 1851 2391 et

256 2429 473 2497 gloriam
513 2426 657 2479 dabit
687 2424 958 2480 Dominus.
992 2426 1086 2479 llic
1114 2429 1255 2481 enim
1282 2429 1456 2499 primo
1479 2439 1696 2497 praestat
1726 2447 1847 2500 gra-

254 2518 396 2580 tiam,
431 2528 490 2571 ut
522 2527 832 2586 peccatores
860 2528 1245 2573 convertantur
1271 2520 1335 2572 ad
1368 2521 1557 2586 vitam;
1592 2520 1643 2573 in
1674 2520 1850 2575 futuro

255 2610 394 2663 dabit
417 2608 664 2678 gloriam,
690 2620 748 2664 ut
767 2610 947 2665 divino
973 2627 1192 2666 munere
1216 2611 1509 2680 justilicati,
1541 2612 1847 2679 angelorum

254 2714 573 2759 mereantur
594 2720 714 2760 esse
744 2715 1042 2762 consortes.
1077 2705 1261 2760 Gratia
1290 2708 1433 2761 enim
1465 2706 1662 2760 dicitur
1686 2710 1849 2773 gratis

248 2796 407 2859 data,
462 2796 606 2849 sicut
653 2797 726 2850 ait
769 2798 1098 2865 Apostolus:
1143 2796 1202 2852 Si
1256 2807 1422 2850 autem
1451 2798 1615 2868 gratia
1660 2814 1762 2850 non
1789 2814 1851 2851 ea:

248 2886 512 2955 aperibus,
543 2887 775 2954 alioquin
804 2889 971 2957 gratia
991 2890 1104 2959 jam
1136 2904 1235 2941 non
1266 2898 1337 2941 est
1366 2889 1533 2958 gratia
1564 2886 1741 2951 (Rom.
1774 2904 1844 2951 XI,

248 2975 335 3043 6).
382 2976 506 3045 lp~a
557 2988 640 3032 est
673 2979 870 3048 quippe
916 2979 1124 3033 Domini
1153 2979 1349 3033 Christi
1381 2980 1572 3047 gratia,
1600 2994 1718 3049 quae
1753 2994 1849 3034 nos

249 3077 545 3137 prmparat,
577 3069 817 3137 adjuvat,
850 3071 1187 3135 corroborat,
1224 3081 1276 3125 et
1305 3079 1551 3126 coronat.

324 3160 482 3214 νει-ε.
518 3160 605 3215 Η.
636 3160 755 3214 Non
794 3162 1009 3231 privabit
1042 3163 1185 3216 bonis
1233 3163 1546 3216 ambulantes
1593 3164 1644 3215 in
1697 3164 1847 3216 inno-
1872 3149 1919 3211 C

247 3256 433 3306 centia.
466 3252 727 3307 Malorum
759 3263 962 3308 tantum
997 3270 1150 3322 paena
1192 3264 1273 3308 est
1311 3268 1341 3308 a
1389 3270 1608 3309 munere
1650 3254 1851 3308 Divini-

247 3347 369 3399 tatis
408 3347 609 3399 arceri.
655 3343 1005 3399 Innocentiam
1056 3361 1185 3401 vero
1233 3347 1443 3414 plenam
1498 3346 1590 3400 Dei
1640 3356 1848 3401 constat

246 3454 368 3493 esse
398 3440 754 3504 muneribus,
783 3439 875 3495 sed
926 3439 1037 3494 haec
1068 3441 1357 3495 innocentia
1388 3442 1469 3496 sui
1498 3442 1656 3497 debet
1692 3459 1849 3498 voca-

250 3529 361 3584 buli
389 3531 499 3585 line
526 3533 801 3599 cognosci.
837 3532 957 3601 Ipse
1000 3542 1081 3586 est
1122 3534 1265 3586 enim
1314 3535 1574 3590 innocens
1604 3536 1689 3603 qui
1719 3536 1845 3589 nulli

254 3632 443 3677 nocet.
473 3621 621 3676 Talis
664 3638 792 3692 ergo
820 3638 923 3677 non
958 3632 1130 3691 potest
1160 3624 1353 3691 privari
1392 3627 1698 3679 muneribus
1730 3626 1842 3689 Dei,

255 3716 346 3781 qui
374 3717 487 3783 jam
539 3715 623 3769 hic
654 3716 794 3770 dona
825 3716 992 3770 beata:
1013 3717 1380 3771 conversionis
1404 3717 1531 3790 [ηις.
1558 3719 1621 3772 Α.
1646 3730 1691 3772 ει
1720 3720 1801 3772 ed.
1826 3759 1842 3782 ,

255 3807 713 3880 conversationis]
755 3808 979 3877 accepit.
1025 3809 1284 3864 [utiocens
1313 3818 1488 3864 autem
1531 3820 1614 3864 est
1641 3812 1729 3879 qui
1763 3810 1846 3865 hic

253 3898 566 3967 disponitur
597 3901 648 3954 in
698 3902 942 3957 convalle
981 3902 1359 3973 laerymarum,
1392 3904 1479 3971 qui
1522 3903 1659 3973 eligit
1707 3902 1846 3969 obje-

245 4002 354 4045 etus
375 4008 485 4044 esse
504 3993 558 4043 in
586 3992 737 4045 domo
762 3992 857 4045 Dei
886 3995 1044 4062 magis
1072 4009 1222 4060 quam
1250 3992 1479 4046 habitare
1508 3992 1561 4045 in
1610 3991 1845 4045 taberna-

242 4085 377 4139 culis
405 4094 767 4153 peccatorum;
798 4094 853 4139 et
882 4086 965 4139 his
987 4086 1181 4139 similia
1210 4101 1329 4155 qua:
1359 4085 1608 4153 superius
1630 4084 1783 4138 dixit.

321 4176 476 4229 Vers.
505 4177 595 4231 15.
624 4176 847 4230 Domine
875 4176 1010 4231 Deus
1048 4179 1329 4231 virtutum!
1357 4178 1531 4231 beatus
1569 4177 1716 4229 homo
1754 4177 1843 4247 qui

240 4276 418 4336 sperat
466 4268 523 4321 in
572 4276 637 4321 te.
688 4268 791 4322 Tot
842 4268 980 4322 bona
1029 4269 1305 4337 explicare
1348 4284 1455 4322 non
1488 4268 1691 4338 potuit,
1723 4284 1842 4338 qua:

239 4368 466 4413 sanctus
495 4375 625 4415 suus
650 4362 863 4415 animus
895 4362 1195 4426 sentiebat;
1228 4369 1278 4415 et
1329 4362 1449 4415 ideo
1479 4362 1577 4415 sub
1605 4362 1840 4414 admira-

241 4449 393 4503 tione
417 4450 703 4521 legendum
727 4462 842 4505 est:
874 4450 1094 4505 Domine
1120 4449 1260 4505 Deus
1285 4452 1561 4505 virtutum!
1584 4452 1670 4520 qui
1696 4460 1837 4505 tanta

1957 1869 2216 1938 psalmum
2245 1870 2313 1924 de
2344 1870 2445 1923 illis
2480 1870 2585 1923 dici
2614 1872 2703 1938 qui
2740 1871 2850 1940 jam
2881 1872 3105 1925 Domino
3135 1872 3397 1925 Salvatori
3430 1872 3532 1925 sin-

1954 1974 2077 2013 cera
2130 1970 2310 2015 mente
2359 1960 2744 2016 crediderunt:
2795 1962 2862 2017 de
2912 1963 3063 2033 cujus
3115 1968 3285 2034 primo
3312 1965 3536 2021 adventu

1960 2064 2201 2118 praesens
2229 2052 2466 2121 psalmus
2496 2052 2687 2107 tertius
2714 2055 3053 2123 approbatur.

2539 2190 2731 2247 Divisio
2771 2194 2975 2263 psalmi.

2023 2302 2077 2358 ln
2110 2306 2277 2373 prima
2326 2316 2475 2375 parte
2521 2308 2707 2376 psalmi
2742 2308 2997 2375 propheta
3035 2307 3261 2359 Dom’no
3302 2309 3539 2364 brut-iter

1952 2399 2153 2465 gratias
2184 2399 2309 2467 agit,
2347 2400 2600 2467 quoniam
2628 2398 2695 2452 de
2728 2399 2812 2452 illa
2840 2400 3151 2466 antiquitate
3186 2399 3415 2452 Judaicae
3447 2416 3529 2453 ua-

1953 2490 2109 2545 tionis
2143 2492 2391 2560 pervenit
2435 2492 2660 2561 populus
2708 2492 2773 2545 ad
2806 2492 3068 2545 culturam
3122 2493 3328 2545 Domini
3356 2494 3532 2547 Salva-

1955 2582 2106 2635 toris.
2128 2581 2370 2634 Secunda
2403 2594 2551 2651 parte
2576 2582 2743 2636 refert
2766 2582 3211 2651 quemadmodum
3238 2582 3367 2635 iram
3387 2598 3535 2637 suam

1951 2672 2209 2727 Dominus
2240 2675 2290 2726 in
2325 2674 2521 2742 populo
2549 2674 2854 2727 Judmorum
2889 2674 3133 2741 mitigare
3155 2674 3401 2743 dignatus
3420 2689 3534 2730 est:

1951 2775 2212 2829 expetens
2256 2764 2542 2818 adventum
2587 2763 2816 2830 Christi,
2848 2764 2899 2817 in
2930 2779 3034 2833 quo
3069 2764 3293 2817 humana
3330 2765 3539 2821 recitas

1949 2854 2412 2908 evidentissimum
2470 2854 2643 2909 lumen
2711 2855 3042 2909 credulitatis
3091 2857 3314 2923 accepit.
3358 2856 3537 2911 Tertia

1951 2957 2099 3014 parte
2138 2947 2203 2999 ad
2250 2961 2308 3002 se
2350 2949 2519 3017 ipsum
2569 2948 2730 3002 verba
2787 2950 3081 3015 convertit,
3137 2960 3190 3004 et
3246 2950 3531 3019 prophetia!

1955 3038 2149 3108 spiritu
2178 3039 2435 3094 incarnati
2462 3040 2616 3095 \‘erbi
2646 3042 2898 3108 praidteat
2923 3042 3199 3097 evidenter
3220 3044 3359 3098 adre
3383 3054 3530 3098 itum.

2418 3218 2426 3225 ε
2484 3151 2750 3223 Expositio
2794 3153 2996 3219 psalmi.

2026 3260 2178 3319 Yers.
2216 3263 2263 3317 1.
2298 3262 2612 3316 Benedixisti
2636 3308 2648 3331 ,
2688 3263 2936 3329 Domine,
2970 3274 3157 3317 terram
3181 3276 3319 3318 tuam
3342 3282 3359 3320 .'
3392 3282 3532 3319 arer-

1952 3355 2057 3407 tisti
2095 3355 2436 3421 captivitatem
2464 3353 2649 3410 Iacob.
2700 3356 3005 3410 l'rmridens
3037 3356 3313 3411 Psaltnista
3366 3358 3532 3413 futura

1950 3442 2238 3507 miracula,
2306 3453 2555 3513 tanquam
2610 3444 2676 3498 de
2734 3446 3003 3509 prmterito
3049 3445 3203 3500 lzetus
3252 3448 3531 3501 exsultat:

1949 3534 2177 3589 adventu
2210 3535 2414 3589 Domini
2448 3536 2761 3588 benedictum
2786 3546 2972 3588 terram
2998 3552 3120 3591 esse
3149 3539 3529 3605 pronuntians,

1950 3624 2000 3680 id
2048 3638 2129 3680 est
2159 3643 2372 3681 carnem
2418 3630 2598 3697 utique
2637 3642 2793 3697 quam
2843 3628 2957 3696 ipse
2997 3638 3079 3682 est
3119 3630 3363 3697 dignatus
3384 3644 3528 3683 assu-

1951 3735 2117 3772 mere.
2153 3718 2254 3772 Per
2289 3719 2449 3772 Jacob
2479 3720 2621 3773 enim
2667 3720 3017 3787 patriarcltam
3065 3721 3366 3790 frequenter
3392 3722 3531 3775 dixi-

1949 3828 2068 3864 mus
2119 3812 2408 3881 signiﬁcari
2442 3815 2690 3881 populum
2724 3813 2956 3879 lidelem,
2990 3816 3076 3882 qui
3109 3814 3159 3865 li}
3182 3827 3362 3868 eratus
3389 3824 3469 3869 est
3501 3830 3527 3866 a

1948 3901 2258 3970 captivitate
2302 3903 2531 3967 diaboli,
2584 3904 2798 3971 quando
2840 3908 3034 3959 meruit
3062 3905 3269 3959 Domini
3314 3907 3524 3961 misera-

1949 3993 2096 4046 tione
2119 3992 2333 4045 salvari.
2363 3992 2599 4046 Dicendo
2621 4010 2634 4045 :
2660 3995 2897 4047 Avertisti
2917 3996 3275 4064 captivitatem.
3299 3999 3526 4051 ostendit

1946 4098 2064 4135 eam
2108 4098 2202 4152 pro
2253 4082 2500 4138 humanis
2541 4084 2757 4154 quidem
2790 4086 3156 4154 iniquitatibus
3189 4089 3349 4141 fuisse
3387 4102 3526 4142 cras-

1944 4182 2112 4227 satam
2134 4216 2146 4239 ,
2180 4176 2271 4229 sed
2300 4176 2475 4230 divina
2507 4177 2848 4231 miseratione
2889 4177 3212 4230 submotam.

2018 4266 2165 4320 \‘ers.
2194 4266 2249 4321 9..
2285 4266 2547 4320 Remisisti
2580 4266 2892 4335 iniquitatem
2923 4268 3079 4336 plebis
3120 4277 3255 4333 tute;
3285 4270 3533 4337 op-u'uisti

1942 4359 2107 4429 288
2145 4360 2315 4411 omnia
2365 4370 2571 4428 peccata
2616 4375 2813 4414 eorum.
2848 4359 3121 4413 Rcmittere
3162 4371 3245 4415 est
3290 4362 3525 4415 debitum

1943 4452 2219 4517 relaxare,
2247 4466 2353 4505 non
2386 4466 2563 4505 causae
2593 4450 2817 4519 alicujus
2849 4454 3169 4516 interventu,
3198 4452 3291 4507 sed
3318 4453 3527 4521 pietatis

238 4540 377 4595 bona
425 4542 578 4608 facis,
612 4552 805 4612 quanta
837 4542 1083 4598 homines
1114 4542 1321 4599 referre
1346 4558 1450 4597 non
1482 4555 1721 4612 possunt.
1754 4544 1835 4599 Ad
1866 4525 1920 4587 Ῑ)
1947 4543 2160 4597 intuitu.
2194 4544 2282 4597 Sic
2311 4542 2565 4596 Dominus
2609 4543 2814 4597 remisit
2844 4544 3081 4612 culpam,
3108 4545 3232 4598 dum
3262 4562 3382 4600 reos
3403 4563 3527 4615 per-

238 4647 575 4701 postremum
640 4636 817 4690 intulit
875 4636 1075 4705 aliquid
1130 4635 1270 4690 aliud
1327 4650 1485 4706 quam
1537 4635 1833 4705 praemisit:

236 4726 431 4782 Beatus
480 4728 633 4781 homo
681 4730 767 4797 qui
816 4738 983 4799 sperat
1028 4729 1083 4781 in
1112 4738 1176 4782 te.
1219 4727 1369 4795 Quod
1402 4730 1615 4783 schema
1644 4728 1836 4781 dicitur

236 4819 651 4887 paraprosdocia
676 4861 690 4885 ,
725 4820 906 4874 Latine
953 4819 1257 4888 inopinatus
1294 4820 1502 4884 exitus;
1558 4819 1661 4873 hoc
1710 4828 1829 4886 est,

237 4925 357 4965 cum
396 4911 542 4965 aliud
583 4911 920 4981 proponitur,
963 4921 1016 4964 et
1064 4911 1207 4965 aliud
1238 4910 1595 4980 subjungitur.
1628 4910 1829 4964 Intelli-

237 5018 422 5069 gaulus
437 5019 567 5071 ergo
591 5014 845 5072 quantum
874 5018 1155 5072 possumus
1174 5018 1389 5057 sensum
1414 5004 1650 5057 divinum
1671 5016 1827 5071 quam

239 5094 520 5161 inultiplici
553 5095 746 5149 decore
776 5097 1047 5159 reluceat;
1086 5107 1142 5149 ut
1172 5094 1299 5149 illud
1329 5095 1468 5164 quod
1500 5095 1679 5148 multis
1706 5110 1827 5149 ver-

239 5187 317 5239 bis
346 5189 619 5255 explicare
656 5206 761 5244 non
794 5202 1036 5257 poterat,
1085 5189 1137 5244 in
1170 5190 1434 5258 paucitate
1462 5188 1825 5243 concluderet.

236 5278 425 5334 Beatus
451 5292 535 5335 est
568 5282 710 5337 enim
738 5284 825 5351 qui
869 5299 1017 5351 Spem
1067 5300 1215 5337 suam
1265 5284 1318 5335 in
1348 5292 1542 5335 :eterna
1577 5281 1827 5335 felicitate

234 5374 499 5435 posuerit.
532 5372 721 5427 Beatus
760 5376 911 5443 cujus
944 5377 1079 5429 bona
1130 5390 1232 5428 non
1280 5374 1552 5429 occidunt.
1602 5373 1703 5427 Sed
1747 5388 1833 5440 po-

229 5476 495 5519 stremum
528 5467 762 5533 perfecte
810 5468 986 5521 beatus
1030 5478 1113 5522 est
1156 5466 1308 5536 cujus
1358 5480 1484 5535 spes
1515 5464 1567 5519 in
1604 5465 1828 5519 Domino

228 5556 428 5628 iugiter
456 5567 783 5628 perseverat.

759 5648 1033 5703 Conclusio
1066 5648 1269 5715 psalmi.

296 5741 564 5799 Biirabi'is
593 5740 831 5811 psalmus
879 5752 931 5797 ct
965 5739 1106 5797 omni
1141 5741 1406 5797 mundana
1447 5738 1708 5795 suavitate
1737 5734 1795 5805 ju

1945 4637 2131 4688 venire
2160 4633 2284 4688 fecit
2320 4634 2386 4687 ad
2413 4634 2641 4689 veniam.
2666 4634 2777 4687 [Ioc
2806 4645 2886 4688 est
2916 4635 3055 4703 quod
3084 4636 3328 4704 superius
3357 4637 3524 4691 dixit:

1941 4726 2180 4778 Avertisti
2227 4726 2564 4793 captivitatem
2603 4722 2784 4777 Iacob.
2819 4725 3099 4794 Captivitas
3137 4728 3278 4779 enim
3320 4730 3524 4794 peccati

1944 4817 2062 4880 fuit,
2108 4816 2321 4885 quando
2363 4816 2592 4870 mundus
2619 4815 2775 4870 idolis
2814 4816 3082 4870 serviebat
3107 4817 3396 4879 obnoxius;
3430 4819 3522 4872 sed

1939 4911 2186 4963 Veniente
2218 4910 2443 4962 Domino
2470 4908 2746 4963 Salvatore
2780 4917 2915 4962 tecta
2946 4923 3089 4970 esse,
3120 4908 3169 4959 id
3202 4914 3283 4960 est
3310 4908 3515 4961 oblitte-

1938 5015 2049 5056 tata
2075 5018 2177 5055 non
2202 5001 2421 5055 dubium
2454 5010 2556 5065 est;
2585 5000 2738 5070 cujus
2760 5001 2992 5055 adventu
3019 5011 3072 5053 et
3094 5000 3314 5052 libertas
3338 5009 3522 5053 nostra

1934 5107 2092 5160 caput
2124 5095 2343 5160 extulit,
2391 5104 2447 5149 et
2486 5094 2737 5161 superbia
2785 5094 2984 5147 diaboli
3028 5092 3297 5147 confracta
3331 5108 3521 5146 succu-

1934 5188 2066 5241 buit.
2110 5187 2379 5256 Sequitur,
2432 5188 2676 5256 aperuisti
2715 5188 2885 5239 omnia
2932 5197 3134 5257 peccata
3165 5202 3357 5239 eorum.
3391 5186 3519 5239 Pro-

1932 5280 2139 5349 pitiatio
2189 5280 2397 5333 Domini
2448 5283 2527 5333 sic
2575 5279 2851 5332 evidenter
2914 5279 3259 5347 agnoscitur,
3308 5278 3521 5345 quando

1934 5383 2154 5441 peccata
2209 5383 2387 5426 nostra
2437 5382 2689 5439 coo;-erta
2737 5388 2857 5425 esse
2887 5380 3271 5424 monstrantur.
3305 5370 3517 5423 Illorum

1930 5465 2072 5518 enim
2099 5464 2447 5526 abominatio,
2479 5474 2659 5517 nostra
2692 5464 2957 5516 absolutio
2982 5472 3084 5524 est,
3112 5473 3165 5515 et
3195 5471 3319 5515 tunc
3340 5463 3519 5516 securi

1930 5556 2228 5619 reddituur,
2285 5554 2497 5623 quando
2545 5557 2635 5609 illa
2680 5556 2744 5608 ad
2785 5554 3042 5622 judicium
3096 5570 3201 5607 non
3238 5564 3516 5607 vocantur.

1933 5644 2041 5698 iloc
2070 5647 2303 5698 humano
2329 5646 2511 5712 generi
2536 5653 2747 5701 constat
2770 5660 2885 5698 esse
2917 5645 3193 5709 co‘latutn,
3224 5660 3343 5699 cum
3374 5644 3520 5698 salu-

1925 5736 2062 5815 taris
2087 5734 2347 5792 Dominus
2370 5734 2615 5805 dgnatus
2638 5746 2719 5793 est
2743 5736 3017 5791 advenire.
3047 5737 3114 5796 Et
3136 5735 3349 5793 intende
3370 5734 3511 5808 quod
