3952 6162
496 312 598 366 tm

1724 299 1791 354 Μ.
1836 294 2120 352 AURELll
2158 292 2560 350 CASSIODOiil
3621 300 3708 350 etii

500 445 594 496 [er
626 433 723 479 hos
752 425 884 479 duos
916 435 1100 475 versas
1147 419 1310 487 ﬁgura
1357 418 1412 471 lit
1447 417 1921 481 lintnteoteieuton,
1955 419 2076 483 quia
2111 425 2154 479 Α
2187 425 2314 470 tunc
2345 418 2430 470 illa
2460 419 2597 488 plebs
2631 432 2884 486 prospere
2924 416 3179 469 lambitur
3219 417 3271 468 iu
3315 425 3386 481 te,
3432 433 3538 484 quae
3565 419 3714 474 inieli-

499 521 767 576 similibus
824 517 1017 570 litteris
1074 513 1334 566 dictiones
1387 511 1636 582 plurimze
1691 512 2082 578 terminantur;

498 613 632 666 dixit
653 611 795 664 enim
821 625 834 662 :
865 605 1210 670 Benedixisti,
1243 604 1494 670 auertisti,
1527 603 1792 667 remisisti,
1818 602 2078 673 aperuisti.

573 703 723 758 Vers.
752 703 805 755 ὅ.
831 699 906 753 Mi
933 702 980 770 ig
1004 703 1082 752 ξειί
1104 714 1298 752 omnem
1321 699 1450 750 iram
1473 707 1645 756 tuam:
1669 697 1892 750 arertisti
1917 696 1978 748 ab
2001 695 2081 747 ira

498 793 860 863 indignationis
909 801 1026 844 tute.
1080 790 1360 857 interiecto
1411 789 1762 857 diapsalmate
1814 787 1959 842 venit
2012 790 2078 842 ad

499 883 788 940 secundam
851 892 1087 952 partem,
1149 883 1384 938 referens
1445 881 1892 952 quemadmodum
1948 881 2080 933 iram

502 992 648 1030 suam
679 976 934 1030 Dominus
967 976 1198 1047 mitigare
1233 975 1480 1044 dignatus
1508 984 1610 1038 est,
1642 982 1695 1028 et
1721 973 1865 1026 salus
1893 988 2081 1039 prove-

501 1072 640 1121 niret
673 1069 865 1136 quibus
908 1067 1212 1136 deSpcratio
1255 1080 1349 1133 pro
1379 1067 1638 1120 laetorum
1663 1077 1879 1118 suoium
1912 1065 2080 1130 (ιιι-ιη-

502 1160 696 1212 t;:tibus
737 1159 1084 1223 imminebat,
1114 1159 1252 1212 sicut
1281 1157 1331 1210 in
1362 1156 1649 1223 Evangelii)
1679 1156 1791 1223 ipse
1813 1163 2035 1209 testatur
2061 1172 2073 1205 :

505 1249 622 1301 Non
670 1265 783 1301 sum
835 1249 1017 1301 miasus
1063 1249 1159 1300 uisi
1208 1248 1275 1298 ad
1314 1264 1428 1300 ores
1458 1261 1570 1315 qua:
1599 1245 1856 1315 perierunt
1896 1246 2078 1298 domus

499 1340 667 1395 Israel
695 1341 910 1411 (Matth.
939 1357 1031 1405 xv,
1061 1342 1173 1410 2i).
1204 1341 1308 1396 Sed
1357 1342 1560 1408 inSpicc
1588 1357 1686 1408 qua
1729 1357 1977 1396 mensura
2009 1343 2079 1396 sit

503 1436 730 1502 positum
749 1479 762 1500 ,
799 1434 1066 1504 Mitigasti.
1095 1434 1441 1503 Prosequitur
1465 1434 1657 1487 iterum
1685 1435 1868 1500 culpas
1887 1474 1902 1498 ,
1946 1448 2078 1503 quas

501 1528 554 1581 in
604 1527 890 1582 Dominum
941 1528 1268 1581 Stilvatorem
1323 1526 1624 1580 inda-orum
1677 1525 1902 1579 nefanda
1957 1541 2078 1594 pro-

500 1621 664 1674 tervia
698 1620 872 1673 studio
902 1618 1264 1687 perversitatis
1304 1618 1565 1670 exercuit.
1597 1617 1666 1670 Ab
1693 1619 1770 1670 ira
1795 1626 1971 1670 autem
1999 1617 2078 1669 in-

499 1712 812 1782 dignationis
837 1728 944 1766 sztte
963 1753 976 1776 ,
1009 1710 1431 1766 subaudiendum
1456 1719 1558 1774 est,
1585 1711 1836 1778 quoniam
1865 1709 2078 1764 Judxo—

2186 513 2318 566 citer
2356 512 2617 580 gaudebat
2649 513 2700 565 in
2749 525 2827 564 se.
2862 511 2971 564 l'Ioc
3000 512 3142 564 enim
3173 511 3410 578 provenit
3443 517 3716 583 conversis,

2185 604 2398 674 quando
2419 605 2692 672 suscipere
2725 604 2982 670 cmperinl
3018 602 3274 658 beneﬁcia
3301 600 3593 659 Saivatoris.

2256 693 2409 750 Vers.
2444 696 2496 751 7.
2552 694 2772 750 Ostende
2820 695 2962 748 nobis
2994 736 3009 759 ,
3062 693 3310 760 Domine,
3362 695 3719 748 misericordiam

2185 799 2326 845 tuam
2347 832 2362 857 ,
2392 802 2440 846 et
2469 791 2694 846 salutare
2723 803 2862 845 tuum
2890 792 2955 844 de
2984 790 3147 843 nobis.
3179 789 3390 843 Sciebat
3410 789 3610 859 quidem
3636 789 3724 842 Do-

2183 884 2386 937 minum
2417 897 2536 937 esse
2564 893 2878 946 venturum,
2911 880 3003 936 sed
3055 890 3206 950 rogat
3252 887 3308 932 ut
3354 877 3465 932 inec
3493 879 3723 933 benelicia

2185 989 2289 1028 nvn
2337 983 2535 1027 tantum
2575 975 2745 1027 oculis
2794 972 3095 1028 carnalibus
3137 969 3312 1024 videat
3361 969 3525 1037 (sicut
3569 971 3726 1025 caeteri

2185 1083 2290 1120 non
2339 1065 2668 1135 credentes),
2702 1066 2795 1122 sed
2828 1065 3118 1134 purissimo
3159 1062 3338 1118 cordis
3379 1062 3631 1116 intueatur
3656 1077 3728 1118 as-

2184 1169 2362 1228 pectu.
2383 1149 2738 1212 .‘llfsericordia
2764 1157 2904 1211 enim
2935 1156 3108 1211 Patris
3127 1155 3361 1208 salvator
3379 1163 3458 1208 est
3478 1152 3729 1218 Dominus,

2181 1266 2340 1319 quem
2375 1251 2474 1306 sibi
2522 1249 2908 1304 illuminatione
2939 1263 3079 1302 verte
3115 1247 3236 1301 ﬁdei
3267 1250 3459 1300 cohors
3488 1245 3628 1298 beata
3654 1260 3733 1314 po-

2182 1343 2367 1397 scebat
2394 1343 2604 1396 ostendi
2627 1386 2640 1411 ,
2675 1358 2779 1394 non
2821 1349 3024 1394 tantum
3048 1340 3226 1394 carnis
3248 1337 3511 1392 velamine
3539 1352 3734 1405 cooper-

2183 1443 2330 1500 tum,
2383 1433 2474 1488 sed
2509 1435 2758 1504 potentiae
2797 1448 2908 1487 sua:
2952 1434 3193 1486 c'aritate
3233 1431 3594 1499 censpicuutn.
3621 1429 3732 1482 Nam

2183 1527 2320 1581 idem
2352 1541 2469 1581 cum
2501 1526 2568 1579 de
2600 1526 2716 1593 ipso
2757 1526 2980 1590 diceret,
3010 1524 3249 1586 addidit,
3283 1523 3350 1575 da
3374 1523 3540 1588 nobis,
3564 1521 3610 1574 id
3639 1529 3734 1582 est,

2179 1617 2416 1673 concede
2440 1617 2666 1673 salutare
2713 1629 2857 1671 tuum
2900 1619 3053 1688 quasi
3089 1617 3561 1685 amplcctendum,
3603 1614 3736 1684 quasi

2183 1710 2592 1778 possidendum,
2640 1712 2790 1780 quasi
2841 1726 3064 1766 munere
3121 1720 3344 1763 aeterrne
3410 1709 3587 1776 glorite
3639 1723 3736 1774 per-

500 1819 616 1855 rum
649 1803 843 1856 avertit
873 1803 1170 1870 inte;itum,
1203 1803 1326 1856 dum
1359 1801 1424 1854 ad
1455 1809 1684 1870 ingratos
1716 1801 1984 1869 medicus,
2011 1801 2075 1854 ad
2113 1803 2153 1861 Β
2185 1799 2482 1856 fruendum.
2511 1802 2734 1856 Perlidis
2769 1803 2910 1856 enim
2938 1810 3144 1857 tantum
3175 1802 3445 1871 apparuit,
3476 1817 3575 1854 non
3601 1801 3738 1852 etiam

467 1894 797 1969 pestilentia
845 1893 1032 1962 plenos
1077 1904 1264 1949 auctor
1309 1894 1497 1948 salutis
1525 1894 1762 1946 advenit.
1789 1894 1937 1960 Quod
1970 1909 2074 1947 non

496 1985 667 2038 solum
697 1986 760 2038 ad
794 2001 952 2039 unam
1005 1999 1246 2055 gentem,
1292 1987 1386 2042 sed
1437 1987 1500 2040 ad
1548 1986 1865 2041 bent-licium
1916 1987 2076 2041 toins

495 2073 641 2127 orbis
664 2075 952 2140 a;tandnm
977 2087 1078 2130 est.

569 2164 718 2218 Vers.
766 2167 819 2219 4.
866 2165 1103 2220 Converte
1148 2184 1269 2231 nos,
1320 2167 1451 2220 Deus
1491 2167 1733 2222 salutaris
1775 2179 1978 2232 uoster;
2029 2179 2076 2221 et

495 2265 660 2308 averte
690 2257 818 2308 iram
844 2266 980 2309 luant
1002 2274 1032 2309 a
1063 2258 1221 2310 nobis.
1255 2257 1387 2311 Cum
1419 2259 1662 2326 superius
1693 2259 1917 2322 dixerit,
1960 2275 2077 2330 ape-

496 2347 643 2400 ruisti
672 2348 839 2400 omnia
862 2359 1064 2415 peccata
1092 2365 1297 2410 eorum;
1326 2350 1484 2404 modo
1509 2350 1658 2418 quasi
1692 2350 1897 2403 noviter
1922 2351 2074 2418 petit,

497 2449 662 2492 averte
685 2441 810 2492 iram
841 2449 983 2492 tuam
1006 2439 1037 2493 ὰ
1067 2440 1230 2494 nobis.
1255 2441 1361 2495 Sed
1392 2450 1615 2510 utraque
1645 2443 1998 2508 conveniunt,
2031 2445 2074 2496 si

496 2530 892 2588 consideremus
937 2541 1174 2602 tempora
1228 2545 1586 2602 peccatorum.
1623 2535 1723 2589 Pro
1767 2535 1872 2589 illis
1903 2537 2078 2604 itaque

496 2622 864 2691 iniquitatibus
913 2639 1044 2694 quas
1092 2633 1214 2678 ante
1245 2626 1440 2679 iecerat
1491 2625 1719 2694 populus
1745 2626 2074 2693 Iudaeorum,

497 2715 642 2783 prius
685 2715 880 2784 gratias
911 2715 1061 2784 egit,
1105 2715 1360 2783 qtmniunt
1384 2715 1614 2770 adventu
1645 2715 1853 2771 Domini
1900 2720 2075 2770 omnia

496 2808 788 2875 probantur
816 2820 934 2861 esse
963 2807 1218 2876 mitigata.
1251 2807 1345 2861 ilic
1369 2818 1545 2861 autem
1577 2822 1672 2876 pro
1696 2809 1884 2862 l'utoris
1907 2811 2078 2878 culpis

497 2897 689 2950 iterum
724 2908 873 2968 rogat
897 2938 913 2964 ,
947 2899 1067 2967 quia
1099 2913 1192 2952 eos
1221 2899 1274 2952 in
1309 2901 1554 2967 passione
1590 2901 1796 2954 Domini
1843 2902 2076 2956 crudelia

495 2992 701 3046 scelera
726 2991 1052 3060 prtevidebat
1074 2992 1264 3046 iterum
1292 3006 1413 3046 esse
1440 2990 1695 3046 facturos.
1713 2993 1958 3063 Denique
1979 2995 2079 3048 hoc

496 3083 657 3152 dicit,
715 3085 991 3155 Converte,
1048 3095 1106 3138 ut
1158 3085 1225 3138 de
1280 3086 1713 3154 persecutoribus
1765 3085 2078 3141 defensores

2177 1891 2352 1944 datus.
2385 1892 2466 1944 Da
2494 1907 2623 1960 ergo
2651 1892 2801 1958 dicit,
2834 1902 2891 1947 ut
2919 1908 3038 1947 cum
3070 1893 3124 1948 in
3155 1903 3340 1946 mente
3366 1901 3541 1944 nostra
3560 1892 3738 1942 ευμενςὶ

2176 1984 2318 2037 dono
2341 1983 2612 2052 recipitur,
2641 1985 2800 2038 nullis
2827 1985 3209 2040 tentationibns
3234 1983 3532 2036 animatur.

2250 2075 2401 2130 Vers.
2449 2078 2505 2132 8.
2548 2077 2772 2131 Audiam
2818 2077 2940 2148 quid
2991 2079 3231 2147 loquatur
3298 2077 3354 2128 iu
3403 2092 3481 2127 me
3522 2073 3742 2124 Dum-inn

2182 2166 2358 2221 Dens:
2386 2170 2626 2238 quoniam
2667 2171 2896 2236 loquetur
2941 2186 3116 2237 pacem
3162 2171 3213 2220 in
3268 2168 3464 2236 plebem
3502 2179 3668 2218 suum.
3707 2171 3743 2213 el

2178 2277 2332 2330 super
2374 2273 2577 2316 sanctos
2604 2279 2748 2316 suos.
2785 2263 2937 2316 Venit
2967 2261 3030 2314 ad
3061 2261 3279 2314 tertiam
3328 2269 3561 2328 pirtem,
3590 2257 3743 2320 inqua

2180 2353 2544 2419 pulcherrimo
2588 2354 2864 2408 schemate
2917 2352 3169 2422 praedicat
3218 2351 3436 2405 Domini
3487 2349 3746 2404 Salvatoris

2181 2443 2488 2497 adventum.
2517 2443 2647 2498 Nam
2696 2453 2977 2513 postquam
3019 2447 3350 2512 deprecatus
3379 2451 3460 2496 est
3504 2450 3558 2493 ut
3593 2439 3636 2492 ei
3662 2437 3746 2488 Do-

2183 2537 2356 2590 minus
2392 2547 2692 2606 appareret,
2725 2538 2876 2607 quasi
2929 2537 3201 2607 petitionis
3257 2552 3372 2592 suae
3405 2549 3638 2604 compos,
3669 2547 3747 2583 su-

2183 2628 2293 2682 bita
2321 2628 2718 2684 iiluminatione
2741 2631 3036 2698 completus
3056 2671 3071 2695 ,
3107 2629 3240 2683 dicit
3271 2648 3283 2682 :
3314 2628 3568 2691 Audiam,
3595 2623 3640 2677 id
3661 2630 3745 2686 est,

2182 2736 2286 2774 non
2319 2720 2450 2774 inihi
2479 2722 2744 2791 loquendo
2775 2722 3028 2786 oliiciam,
3052 2721 3140 2791 qui
3174 2721 3298 2791 jam
3329 2722 3500 2777 sentio
3523 2733 3601 2772 me
3621 2731 3750 2770 arce-

2183 2813 2324 2882 pisse
2354 2816 2492 2883 quod
2523 2817 2757 2870 credam.
2791 2817 2941 2884 Quod
2973 2832 3140 2886 genus
3168 2817 3466 2870 locutionis
3490 2813 3748 2883 Scriptura!

2181 2904 2375 2959 divinae
2416 2909 2692 2977 proprium
2743 2923 2864 2964 esse
2911 2908 3336 2978 cognoscimus,
3387 2904 3596 2975 quando
3643 2899 3751 2954 nihil

2185 2995 2289 3050 tale
2335 2997 2422 3066 (ut
2472 2998 2740 3068 arbitror)
2787 3000 2838 3053 in
2885 3000 3035 3054 libris
3083 2997 3446 3053 sarcieltrilus
3490 2995 3748 3049 invenitur.

2185 3085 2342 3140 Vides
2379 3089 2674 3157 prophetia:
2707 3089 2994 3158 potentiam
3039 3089 3140 3142 hoc
3168 3088 3326 3142 dicto
3369 3087 3534 3142 fuisse
3572 3083 3751 3139 revela-

497 3178 653 3242 liant,
685 3178 752 3233 de
797 3179 1126 3248 blasphemis
1158 3178 1566 3246 przedicatores,
1607 3179 1673 3232 de
1717 3179 2078 3233 contradicto-
2104 3188 2148 3248 (ς
2188 3185 2316 3232 tam.
2355 3180 2498 3235 Intus
2524 3183 2666 3237 enim
2700 3184 2934 3253 loquitur
2964 3183 3261 3245 Dominus,
3315 3182 3366 3236 id
3421 3190 3504 3236 est
3551 3179 3749 3247 Spiritus

495 3270 644 3324 ribus
689 3271 958 3339 discipuli.
1009 3269 1244 3324 Dicendo
1293 3279 1469 3324 autem
1501 3286 1624 3340 nos,
1659 3284 1940 3340 personam
1989 3287 2083 3340 po-

498 3359 644 3428 puli,
691 3359 756 3414 de
785 3360 977 3429 quibus
1006 3360 1242 3431 loquitur
1283 3361 1466 3414 sumit.
1511 3360 1686 3416 Simili
1733 3361 1891 3417 modo
1936 3363 2080 3417 acci-

493 3450 747 3520 piendum
779 3461 893 3517 est,
924 3463 1091 3506 averte
1139 3453 1271 3505 iram
1315 3462 1456 3506 luam
1493 3469 1524 3504 a
1553 3452 1726 3519 nobis,
1773 3468 1839 3508 ne
1864 3463 2077 3524 gentem

494 3543 768 3598 Judaicatn
798 3544 974 3598 debita
1000 3545 1167 3611 possit
1197 3558 1350 3612 pinna
1385 3544 1695 3613 percellere.

567 3634 720 3688 Vers.
745 3635 800 3688 ὅ.
848 3634 964 3688 Non
999 3636 1051 3687 in
1076 3644 1317 3689 a’ternum
1344 3636 1578 3688 irascaris
1605 3635 1771 3699 nobis,
1806 3652 1965 3706 neque
1991 3653 2078 3691 er-

495 3731 671 3784 tendas
708 3732 838 3785 iram
878 3741 1018 3785 tuam
1066 3746 1098 3782 a
1141 3729 1380 3800 prageuie
1396 3708 1462 3782 ‘m
1512 3727 1826 3797 progeniem.
1861 3729 2077 3784 Scit-bat

493 3821 703 3875 Domini
749 3821 1057 3891 patientiam
1105 3820 1267 3889 impia
1317 3819 1596 3874 hominum
1637 3819 1902 3874 sustinere
1947 3835 2072 3888 pec-

493 3922 646 3978 cata,
683 3921 738 3968 et
766 3913 887 3968 ideo
915 3921 1066 3984 rogat
1092 3923 1147 3966 ut
1194 3927 1298 3966 nan
1348 3927 1443 3969 eos
1487 3922 1687 3967 attenta
1729 3915 2074 3967 damnatione

492 4007 769 4074 percellat,
818 4005 913 4060 sed
955 4005 1226 4058 invitando
1270 4004 1593 4069 demulceat,
1625 4004 1940 4058 sustinendo
1992 4004 2074 4058 lu-

493 4108 690 4163 eretur,
741 4095 1130 4152 commonendo
1170 4096 1496 4166 rccorrigat,
1537 4095 1679 4164 quod
1732 4104 1907 4149 tamen
1948 4109 2068 4150 eum

492 4191 754 4244 iacturum
797 4205 918 4244 esse
971 4190 1245 4243 noscebat.
1280 4187 1725 4243 Perscrutandum
1765 4196 1848 4242 est
1890 4197 2067 4240 autem

493 4283 631 4350 quod
662 4283 793 4335 duas
820 4282 1082 4350 progenies
1111 4280 1288 4349 posuit
1319 4298 1331 4333 :
1365 4281 1533 4349 prima
1558 4289 1639 4334 est
1667 4279 1808 4334 enim
1843 4279 1923 4350 (ut
1953 4277 2070 4346 qui-

493 4371 712 4425 busdam
737 4371 926 4439 placet)
956 4370 1022 4424 ab
1053 4371 1221 4423 Adam
1249 4385 1411 4438 usque
1437 4369 1501 4422 ad
1525 4368 1816 4433 Christum,
1835 4367 2066 4422 secunda

493 4476 608 4528 qua:
635 4474 729 4528 per
747 4459 972 4527 gratiam
1004 4459 1338 4527 baptismatis
1383 4471 1551 4526 usque
1594 4458 1658 4511 ad
1692 4458 1852 4512 linem
1886 4457 2066 4512 srecnli

2185 3282 2435 3336 sanctus,
2469 3280 2526 3326 ut
2569 3275 2846 3328 Psalmista
2887 3275 3017 3329 loris
3049 3275 3143 3328 lari
3182 3290 3357 3342 posse
3392 3274 3655 3337 videatur;
3682 3270 3752 3323 in-

2188 3363 2448 3418 trinsecus
2478 3366 2643 3428 audit,
2671 3375 2728 3420 ut
2754 3369 3089 3422 extrinsecus
3112 3369 3410 3433 audiatur;
3436 3367 3563 3421 dicit
3590 3364 3750 3419 tacitus

2185 3457 2472 3525 propheta,
2534 3463 2672 3530 quod
2728 3462 3008 3517 verberato
3060 3478 3184 3517 acre
3249 3479 3279 3517 a
3339 3462 3554 3533 pepulis
3606 3460 3752 3531 possit

2181 3549 2376 3605 audiri.
2406 3550 2677 3620 Sequitur,
2711 3553 2950 3620 quoniam
2997 3556 3239 3621 loquetur
3281 3571 3466 3624 pacem
3508 3555 3557 3606 in
3584 3552 3750 3622 plebem

2181 3655 2358 3704 suam,
2389 3651 2435 3694 et
2482 3659 2635 3712 super
2684 3654 2886 3698 sanctos
2929 3662 3069 3699 suos.
3117 3645 3239 3699 Pax
3298 3647 3393 3701 Dei
3425 3645 3660 3700 Christus
3685 3649 3750 3694 est

2182 3730 2470 3797 Dominus,
2503 3749 2660 3804 quam
2692 3735 2994 3790 locuturum
3026 3737 3158 3792 dicit
3191 3737 3463 3808 Spiritum
3504 3745 3746 3790 sanctum.

2179 3823 2431 3890 quoniam
2486 3835 2569 3880 est
2611 3826 2678 3882 de
2731 3827 2846 3897 ejus
2900 3829 3277 3886 incarnatione
3326 3830 3589 3886 dicturus.
3624 3822 3744 3878 Plebi

2177 3910 2333 3978 dixit,
2363 3915 2452 3968 scil
2485 3932 2613 3979 sure,
2647 3932 2749 3970 non
2775 3917 3070 3983 indevotte,
3104 3919 3153 3972 id
3183 3928 3271 3974 est
3302 3920 3509 3973 sanctis
3538 3917 3624 3987 qui
3658 3915 3748 3967 Deo

2177 4000 2402 4058 Domino
2469 4007 2727 4074 probabili
2792 4011 3205 4066 conversatione
3268 4012 3612 4080 placuerunt.
3672 4005 3748 4060 llis

2174 4093 2315 4147 enim
2365 4111 2468 4164 pax
2501 4106 2584 4150 est
2633 4097 2889 4154 Dominus
2931 4098 3206 4166 Christus,
3253 4101 3564 4156 inﬁdelibus
3597 4105 3748 4152 anteiit

2173 4184 2482 4240 scandalum
2507 4197 2560 4241 et
2590 4190 2833 4253 stultitia,
2858 4192 2947 4260 qui
2975 4191 3173 4247 bellum
3208 4194 3261 4247 in
3294 4194 3560 4262 sacrilega
3588 4199 3745 4243 mente

2174 4275 2448 4341 patiuntur
2477 4319 2491 4345 ,
2541 4279 2661 4345 quia
2695 4281 2840 4346 pacis
2884 4291 3158 4337 auctorem
3213 4285 3388 4340 rectis
3431 4284 3635 4340 semitis
3661 4292 3748 4331 non

2172 4375 2488 4432 sequuntur.
2525 4366 2629 4421 Sed
2675 4368 2815 4423 hunc
2856 4384 3071 4424 versam
3117 4372 3285 4440 paulo
3318 4373 3624 4444 diligentius
3650 4382 3751 4437 per-

2171 4466 2490 4524 serutcmur,
2526 4460 2772 4528 quoniam
2805 4463 3055 4515 scelestas
3086 4474 3307 4518 mentes
3341 4464 3582 4518 veritatis
3605 4462 3748 4530 ipsius

494 4558 706 4621 peracta
737 4550 1094 4605 concluditur.
1123 4551 1262 4606 Petit
1287 4566 1437 4620 ergo,
1473 4561 1530 4602 ut
1557 4552 1681 4620 quia
1709 4551 1869 4620 priori
1901 4566 2017 4620 gen.-
2040 4579 2066 4591 -
2096 4565 2148 4624 D
2172 4549 2512 4602 attestatione
2533 4551 2823 4605 convincit.
2854 4552 2946 4606 ilic
2971 4552 3098 4624 {ed.,
3127 4554 3286 4626 hinc]
3316 4557 3464 4609 enim
3498 4553 3746 4608 evidenter

493 4645 680 4698 ratit‘ini
714 4659 810 4713 pro
840 4646 1144 4714 pertinacia:
1173 4661 1284 4698 suae
1315 4645 1572 4714 qualitate
1600 4645 1746 4713 juste
1777 4645 1944 4699 iratus
1985 4656 2064 4699 est

493 4737 775 4804 Dominus,
808 4752 875 4791 ne
904 4735 1153 4790 secundm
1180 4735 1507 4806 generationi
1551 4737 1690 4791 idem
1716 4737 1844 4791 velit
1873 4737 2060 4801 irasci;

490 4843 633 4896 quae,
657 4828 756 4882 etsi
784 4843 812 4880 a
849 4838 1067 4896 peccato
1097 4827 1346 4880 immunis
1372 4842 1492 4881 esse
1520 4844 1625 4881 non
1653 4839 1855 4897 potest,
1889 4842 2064 4881 tamen

491 4937 584 4988 per
611 4925 834 4991 gratiam
866 4921 1200 4990 baptismatis
1247 4929 1302 4974 et
1326 4919 1740 4975 satisfactionem
1773 4920 2068 4974 confessio—

492 5018 574 5070 nis
614 5014 892 5084 culparum
920 5027 1132 5067 suarum
1161 5013 1409 5067 sordibus
1433 5011 1704 5067 desiderat
1729 5013 1956 5080 expiari.

559 5107 715 5163 Vers.
745 5107 797 5162 6.
832 5106 989 5172 Deus,
1015 5116 1069 5159 tu
1095 5115 1384 5160 convertens
1409 5106 1686 5174 viviﬁcabis
1712 5121 1836 5171 uos;
1859 5113 1904 5158 et
1932 5105 2068 5174 plebs

489 5214 578 5257 tua
599 5202 856 5256 ltetabitur
881 5201 935 5254 in
982 5211 1049 5254 te.
1081 5199 1304 5254 Mirabili
1331 5199 1614 5252 Dominum
1643 5198 1842 5266 pietate
1877 5198 2060 5266 depre-

487 5305 677 5350 Citllll'3
714 5293 942 5362 probans
982 5293 1103 5360 quia
1142 5290 1546 5345 conversionem
1594 5299 1830 5341 noStram
1853 5287 1921 5342 de
1953 5304 2056 5340 me-

487 5383 606 5438 ritis
630 5399 733 5438 non
759 5383 1036 5439 habemus.
1063 5379 1155 5434 sed
1178 5379 1294 5448 ejus
1317 5393 1538 5432 munere
1561 5377 1824 5446 provenit,
1851 5376 2061 5445 quando

488 5490 584 5541 pro
624 5488 682 5528 se
736 5470 931 5540 aliquid
964 5469 1172 5522 animus
1200 5467 1505 5521 salutariter
1546 5467 1893 5535 concupiscit.
1925 5467 2064 5520 Dicit

485 5566 666 5620 enim:
701 5565 866 5630 Deus,
917 5574 972 5616 tu
1020 5571 1313 5616 convertens
1361 5559 1636 5628 viviﬁcabis
1685 5576 1810 5626 nos;
1852 5560 1905 5614 id
1949 5569 2060 5627 est,

485 5661 608 5728 quia
651 5668 705 5714 tu
753 5658 1030 5727 prremittis
1073 5655 1442 5711 conversionis
1477 5664 1655 5709 votum
1681 5695 1694 5718 ,
1743 5666 1799 5706 ut
1841 5654 1907 5709 ad
1941 5655 2061 5707 vita:

497 5749 771 5822 pervenire
802 5750 1058 5816 possimus
1085 5749 1381 5804 introitum.
1409 5747 1559 5814 Quod
1584 5761 1704 5802 cum
1740 5744 2022 5801 donaveris
2044 5786 2060 5815 ,

2173 4652 2482 4703 expressum
2528 4651 2609 4694 est
2647 4642 2771 4708 quid
2803 4642 2869 4694 sit
2896 4643 3123 4712 Spiritus
3173 4655 3443 4712 sanctos,
3490 4647 3538 4700 id
3567 4640 3752 4697 CleO‘

2174 4730 2340 4781 minus
2374 4727 2530 4784 Deus.
2559 4730 2658 4785 Ubi
2701 4741 2825 4786 sunt
2865 4737 2953 4803 qui
2985 4734 3167 4789 dicunt
3218 4737 3488 4806 Spiritum
3531 4744 3746 4790 sanctum

2175 4819 2330 4875 Putre
2355 4832 2407 4875 et
2439 4822 2572 4876 Filio
2602 4825 2764 4894 239
2785 4839 2904 4878 esse
2935 4827 3226 4894 minorem,
3259 4840 3316 4884 et
3347 4833 3423 4884 ita
3451 4846 3568 4884 esse
3591 4826 3751 4896 subje-

2172 4927 2338 4982 ctum,
2357 4928 2410 4969 ut
2436 4927 2646 4986 putetur
2668 4922 2954 4974 voluntatis
2979 4922 3380 4992 sumjudicium
3413 4940 3517 4978 non
3545 4917 3751 4974 habere?

2171 5009 2462 5064 Audiamus
2487 5011 2740 5079 Spiritum
2771 5021 3049 5076 sanctum,
3097 5011 3188 5081 qui
3250 5013 3307 5067 in
3358 5016 3617 5084 prepheta
3664 5022 3749 5063 suo

2170 5109 2361 5168 sponte
2404 5099 2719 5169 loquebatur
2758 5101 3030 5156 Dominum
3072 5117 3199 5158 esse
3239 5103 3438 5159 Deum.
3471 5104 3598 5159 Nam
3629 5101 3745 5155 etin

2173 5190 2392 5243 Act-bus
2436 5191 2795 5259 apostolorum
2846 5193 2912 5247 de
2970 5192 3085 5262 ipso
3129 5205 3330 5263 aperte
3377 5196 3568 5265 legitur
3595 5193 3741 5247 Deum

2171 5298 2292 5338 csse
2334 5284 2588 5351 Spiritum
2618 5295 2857 5340 sanetum
2880 5329 2894 5355 ,
2923 5286 3128 5340 dicente
3161 5287 3332 5344 Petro
3363 5289 3570 5342 Auania
3600 5302 3612 5340 :
3653 5282 3744 5338 Cur

2164 5380 2369 5431 tentavit
2402 5377 2625 5433 Satanas
2667 5396 2753 5432 cor
2794 5388 2933 5433 tuum
2975 5381 3178 5433 mentiri
3225 5389 3280 5435 te
3335 5380 3558 5451 Spiritui
3591 5385 3746 5433 sancto

2169 5471 2307 5540 (Act.
2337 5487 2390 5534 v,
2424 5469 2518 5541 5)?
2561 5473 2626 5524 Et
2671 5481 2790 5540 post
2819 5472 3106 5539 paululum,
3129 5475 3434 5528 ostendi-re
3462 5474 3638 5526 volens
3664 5466 3743 5536 qui

2167 5565 2233 5616 sit
2261 5564 2491 5632 Spiritus
2523 5573 2762 5630 sanctus,
2806 5565 2959 5617 dicit:
2991 5562 3118 5633 ‘Non
3153 5580 3212 5618 es
3262 5566 3506 5619 mentitus
3547 5556 3749 5615 homini-

2167 5655 2279 5720 bus,
2312 5656 2398 5709 sed
2433 5652 2535 5708 Deo
2565 5653 2852 5726 (Ibid.,4i).
2886 5655 3015 5709 Nam
3049 5654 3191 5708 idem
3222 5656 3421 5711 Petrus
3453 5657 3504 5708 in
3534 5650 3746 5720 Epistula

2165 5760 2258 5801 sua
2288 5746 2445 5802 dicit:
2481 5747 2676 5815 Spiritu
2705 5757 2878 5801 sancto
2903 5747 3053 5802 misso
3079 5746 3142 5799 de
3190 5747 3346 5814 cwlo,
3374 5748 3425 5802 iu
3474 5760 3608 5815 quem
3629 5756 3739 5800 conv
