3952 6162
240 253 317 307 509

1045 241 1402 298 EXPOSITIO
1442 240 1504 295 IN
1547 241 2004 297 PSALTERlUH.
2050 242 2241 297 PSAL.
2287 243 2544 299 LXXXV.

3356 247 3456 299 Glft

236 359 625 434 rupisruntangeli
643 357 926 428 prospicere
948 354 1000 426 (1
1023 355 1164 410 Petr.
1192 372 1228 422 ι,
1255 355 1363 424 12).
1383 353 1483 422 Qm
1511 353 1554 406 si
1579 367 1755 420 atquae
1786 358 1834 415 Λ
1863 354 1972 405 tina
1999 354 2061 405 de
2091 353 2216 405 cmlo
2240 363 2526 420 prospexit,
2572 356 2786 422 quando
2824 353 3057 410 humano
3095 356 3278 427 generi
3311 358 3454 427 peri-

239 461 287 510 lis
311 473 401 510 non
421 463 584 518 esset,
625 467 727 504 non
773 451 824 504 itt
876 449 1140 519 bztpti-mo
1172 449 1224 502 in
1275 447 1492 502 nomine
1545 444 1766 498 Deitatis

235 547 350 603 ituri
378 558 422 598 et
464 544 592 598 Filio
639 542 1090 596 reverendissimo
1131 541 1338 594 bondre
1374 547 1761 604 corequaretur,

233 641 346 690 sicut
381 635 441 688 ab
486 635 594 702 ipsa
623 630 862 686 Veritate
912 631 1173 700 prolatum
1203 641 1280 685 ρει
1313 645 1326 682 :
1372 628 1482 692 Ite,
1514 628 1767 691 baptizate

231 744 370 783 comes
405 737 564 796 gentes
592 727 640 778 in
683 724 884 778 nomine
927 722 1126 785 Patris,
1175 733 1221 776 et
1270 720 1424 785 Filii,
1465 731 1512 773 et
1543 719 1766 790 Spiritus

231 821 359 872 sancti
389 816 590 887 (Matth.
629 832 827 879 xxvul,
877 814 981 884 19).
1009 814 1161 879 Quod
1193 813 1362 868 solum
1404 811 1764 865 test'monittm

232 910 357 963 debet
379 910 596 960 humano
623 907 803 975 generi
834 905 986 959 valde
1011 905 1296 968 sufﬁcere,
1334 902 1453 973 quia
1486 901 1572 955 ubi
1603 913 1764 954 unum

234 1015 391 1054 nomen
431 998 643 1053 Deitatis
684 997 844 1064 dicit,
893 997 962 1052 ibi
998 1006 1085 1051 aut
1132 1006 1335 1050 naturae
1379 1002 1470 1048 aut
1519 993 1769 1063 potentiae

231 1093 464 1148 diversitas
497 1107 599 1144 non
629 1090 878 1144 habetur.

285 1184 399 1237 Vers
445 1183 494 1236 9.
526 1182 591 1234 Et
620 1183 672 1234 in
702 1199 786 1233 eos
822 1181 908 1249 qui
938 1189 1303 1232 convertuntur
1331 1179 1398 1230 ad
1437 1179 1607 1247 ipsum
1637 1193 1654 1231 :
1687 1192 1770 1230 ve-

231 1283 471 1326 rumtamen
501 1287 655 1342 prope
693 1272 924 1324 timentes
967 1286 1080 1324 eum
1109 1272 1332 1324 salutare
1363 1271 1526 1338 ipsius
1550 1309 1566 1336 ,
1609 1278 1661 1321 ut
1688 1268 1770 1320 in-

231 1369 382 1420 habitet
417 1365 575 1436 gloria
604 1365 658 1418 in
685 1374 821 1420 terra
845 1375 1043 1419 nostra.
1083 1365 1188 1432 Qui
1218 1373 1579 1419 convertuntur
1597 1363 1666 1416 ad
1692 1364 1770 1434 ip-

230 1477 333 1526 sunt,
363 1458 609 1527 significat
639 1459 979 1528 pmnitentes,
1004 1457 1092 1526 qui
1122 1458 1303 1512 mundi
1327 1457 1577 1528 pestifera
1604 1456 1768 1512 liber-

230 1559 314 1606 tate
345 1550 577 1604 derelicta
605 1591 620 1614 ,
658 1548 831 1604 felicia
885 1549 1002 1618 ejus
1043 1549 1247 1619 eligunt
1298 1548 1480 1604 subire
1524 1549 1766 1604 servitia.

229 1639 334 1693 Nam
353 1654 460 1694 cum
487 1641 631 1694 orbis
663 1639 944 1694 universus
974 1638 1236 1694 idolorum
1266 1639 1572 1708 turpissima
1600 1643 1768 1694 devo-

229 1730 342 1785 tione
365 1732 600 1799 tlagraret
625 1771 640 1794 ,
673 1729 773 1784 soli
821 1728 989 1784 Judaei
1033 1730 1352 1798 putabantur
1395 1746 1552 1799 prope
1593 1731 1769 1783 timire
1804 1741 1844 1800 Β

229 1819 486 1885 Dominum,
534 1822 623 1890 qui
661 1837 760 1890 per
787 1821 1004 1892 Moysen
1054 1821 1170 1890 lege
1217 1832 1498 1892 suscepta,
1545 1824 1631 1876 uni
1660 1822 1768 1877 Deo

227 1912 498 1968 videbantur
522 1927 648 1968 esse
689 1913 891 1968 devoti.
923 1912 1030 1968 Sed
1077 1912 1200 1967 ideo
1237 1913 1438 1967 dictum
1462 1923 1544 1968 est
1573 1931 1584 1966 :
1614 1929 1771 1984 prope

227 2005 438 2070 timentes,
481 2005 603 2074 quia
653 2003 942 2058 carnaliter
989 2006 1168 2059 omnia
1215 2014 1491 2073 gerentes,
1544 2005 1770 2060 diversis

227 2111 321 2149 eunt
344 2095 497 2162 culpis
522 2095 917 2149 contumaciter
942 2095 1239 2150 irritahant.
1262 2093 1377 2149 Non
1406 2095 1547 2150 enim
1571 2096 1766 2164 timere,

228 2185 298 2240 sed
322 2204 459 2256 prope
482 2189 662 2242 timere
687 2186 814 2242 dicti
842 2196 965 2241 sunt
991 2189 1078 2257 qui
1119 2189 1290 2258 legem
1334 2188 1502 2258 ipsius
1535 2188 1768 2242 carnali-

227 2288 305 2341 ter,
326 2294 416 2333 non
458 2279 814 2349 spiritualiter
855 2289 1194 2349 acceperunt.
1236 2278 1304 2334 Ut
1339 2289 1517 2334 autem
1559 2280 1661 2334 hoc
1702 2279 1772 2334 de

229 2367 330 2435 ipsis
356 2369 541 2425 dictum
585 2371 892 2439 intelligas,
920 2370 999 2424 sic
1025 2379 1081 2425 et
1122 2371 1412 2440 Apostolus
1446 2371 1521 2425 ait
1553 2389 1565 2423 :
1593 2370 1658 2423 Et
1692 2385 1772 2424 ve-

227 2463 337 2516 niens
357 2464 715 2532 ettangelizavit
745 2479 922 2532 pacem
951 2463 1088 2516 vobis
1113 2505 1128 2530 ,
1179 2463 1268 2534 qui
1315 2463 1466 2518 eratis
1511 2463 1690 2536 longe;
1722 2474 1770 2518 et

229 2569 367 2620 parem
410 2557 483 2610 his
530 2557 622 2626 qui
668 2571 828 2627 prape
873 2553 1092 2626 (Ep/tes.
1141 2571 1200 2622 tt,
1235 2554 1344 2626 17).
1377 2555 1481 2610 Sed
1524 2556 1798 2624 quamvis‘

227 2649 328 2704 tales
355 2650 596 2717 fuissent,
633 2661 814 2705 tamen
847 2650 1103 2704 Dominus
1141 2649 1387 2705 Salvator
1432 2650 1500 2706 de
1533 2650 1770 2720 ipsorum

228 2741 352 2811 elegit
394 2744 681 2800 carnaliter
717 2752 879 2813 gente
931 2741 1226 2812 procreari.
1261 2741 1389 2796 lude
1435 2743 1578 2796 enim
1605 2743 1772 2811 Virgo

227 2832 354 2888 Maria
393 2853 502 2905 qua!
533 2837 750 2906 peperit
802 2834 1122 2889 Christum:
1168 2833 1239 2889 ibi
1293 2843 1642 2888 conversatus
1691 2841 1774 2886 est

230 2924 474 2995 Daminus;
505 2929 574 2984 ibi
607 2927 868 2983 miracula
891 2966 908 2991 ,
940 2941 1059 2994 quae
1093 2940 1123 2978 a
1168 2925 1410 2979 ﬁdelibus
1447 2935 1502 2980 et
1529 2924 1774 2993 leguntur

229 3029 264 3072 et
291 3022 571 3091 creduntur,
605 3021 798 3076 cﬂ‘ecta
829 3029 974 3075 sunt.
1179 3031 1186 3034 '

282 3113 410 3167 Vers.
453 3117 532 3170 l0.
566 3113 934 3168 Misericordia
983 3121 1030 3164 et
1061 3111 1240 3164 veritus
1273 3110 1594 3164 obviaverunt
1635 3109 1773 3162 sibi:
1803 3107 1847 3166 li

229 3204 391 3276 iustitia
409 3218 452 3260 et
479 3225 580 3276 ραι
611 3204 898 3275 complexio
930 3212 1046 3256 sunt
1091 3218 1164 3255 se.
1195 3201 1306 3255 iloc
1340 3202 1556 3256 schema
1584 3201 1778 3254 dicitur

229 3300 554 3367 tomatopteia,
589 3298 644 3352 id
675 3310 756 3352 εει
789 3295 1026 3365 corporis
1057 3291 1351 3358 attributio,
1385 3291 1594 3361 quando
1616 3292 1775 3347 rebus

231 3385 516 3458 incorporeis
543 3402 777 3458 corpora
817 3387 1141 3442 tribuuntur.
1175 3384 1306 3439 Nam
1340 3400 1459 3439 cum
1493 3385 1776 3438 misericor-

232 3476 297 3529 dia
318 3488 365 3532 et
387 3481 576 3544 veritas,
613 3495 721 3550 pax
750 3488 801 3533 et
821 3479 1034 3550 justitia
1065 3480 1380 3546 incorporea
1410 3475 1536 3544 sint,
1569 3476 1776 3531 duabus

231 3582 453 3637 gressum,
487 3573 702 3626 duabus
723 3570 872 3625 dedit
902 3571 1231 3637 amplexum,
1262 3569 1404 3640 quod
1433 3569 1618 3637 utique
1648 3583 1778 3622 con-

233 3673 314 3716 stat
352 3681 462 3721 esse
489 3681 839 3736 corporeum.
889 3663 1178 3734 Postquam
1221 3679 1350 3718 vero
1396 3663 1530 3716 dixit
1579 3676 1645 3715 ex
1676 3674 1778 3730 qua

231 3765 356 3817 gente
381 3771 512 3813 esset
545 3757 806 3812 Dominus
832 3755 1162 3822 nasciturus,
1197 3770 1340 3810 nunc
1366 3769 1485 3825 quae
1515 3753 1778 3822 pratstite-

232 3846 280 3896 tit
299 3849 540 3905 adventus
569 3856 776 3904 sancta:
800 3847 1183 3902 incarnationis
1208 3844 1445 3916 exponit.
1480 3845 1600 3915 ipso
1628 3844 1780 3914 quip-

231 3949 281 4000 pe
301 3951 588 4007 prastante,
618 3939 726 3992 duo
747 3938 1091 3992 Testamenta
1120 3939 1172 3991 in
1199 3940 1354 3991 unius
1382 3937 1579 3990 seriem
1610 3950 1778 4004 copu-

231 4026 406 4085 lationis
433 4033 665 4089 adducta
687 4041 845 4096 sunt;
879 4031 930 4085 in
969 4033 1116 4086 Novo
1138 4032 1277 4085 enim
1305 4030 1650 4084 misericordia
1675 4038 1778 4096 est,

231 4118 272 4170 in
313 4139 402 4190 qua
432 4141 523 4194 per
563 4127 794 4196 gratiam
830 4125 1086 4179 liberatur
1130 4140 1298 4194 gems
1353 4126 1686 4189 humanum;
1728 4125 1779 4177 in

233 4209 376 4270 Veteri
403 4220 608 4283 veritus,
663 4221 752 4272 ubi
801 4221 882 4274 lex
926 4228 980 4274 et
1023 4220 1410 4290 prophetarum
1451 4220 1782 4274 annuntiatio

231 4306 523 4376 continetur;
548 4311 691 4365 sicut
722 4311 771 4364 itt
795 4313 1192 4381 septuagesimo
1217 4312 1421 4379 psalmo
1445 4311 1552 4378 jam
1581 4311 1781 4365 dictum

230 4405 308 4448 e-t.
340 4397 454 4456 [hec
499 4413 680 4456 autem
729 4402 835 4456 duo
881 4403 976 4456 sibi
1016 4402 1366 4466 obriaverunt,
1397 4418 1500 4456 non
1534 4403 1597 4458 ad
1629 4418 1781 4457 exer-

1869 446 2073 501 clitanti
2122 445 2285 499 Filius
2335 446 2424 498 Dei
2469 446 2695 500 mirabili
2739 447 3138 517 dispensatione
3186 449 3456 503 subvenit.

1871 537 2054 590 Potest
2092 547 2143 589 et
2185 537 2340 590 aliter
2373 536 2457 590 hic
2489 553 2682 591 sensus
2720 540 2961 611 intelligi.
3002 541 3203 594 Veritas
3234 543 3296 593 de
3325 553 3458 593 terra

1869 629 2058 695 oritur,
2101 630 2312 698 quando
2343 629 2614 683 confessio
2645 635 2937 698 peccatoris
2963 633 3183 686 olTertur
3209 648 3221 697 ;
3248 633 3460 704 justitia

1870 720 1936 774 de
1961 722 2085 774 cce/0
2116 721 2390 790 prospicit,
2446 721 2657 789 quando
2705 723 2759 774 fit
2808 724 3052 777 remissio
3097 733 3459 792 peccatorum.

1870 814 2021 876 Quod
2054 815 2103 868 in
2139 815 2409 882 publictni
2466 813 2609 867 illius
2654 817 2896 869 oratione
2948 817 3210 885 provenit.
3261 817 3461 870 Veritas

1871 909 2012 960 enim
2046 909 2108 960 de
2138 917 2274 959 terra
2303 917 2412 958 orta
2444 915 2538 969 est,
2572 906 2786 975 quando
2816 907 2919 961 iuta
2953 910 3247 977 respiciens
3276 953 3288 972 ,
3323 924 3460 963 con-

1875 1002 2077 1057 fitendo
2111 1009 2330 1070 peccata
2360 1016 2452 1055 sua
2487 1001 2651 1054 Deum
2685 1001 2938 1070 rogabat;
2974 1003 3180 1071 justitia
3229 1018 3355 1055 vero
3399 1005 3460 1055 de

1872 1094 1997 1145 caelo
2025 1093 2308 1161 prospexit,
2345 1106 2465 1144 cum
2501 1090 2781 1145 descendit
2802 1091 3121 1160 justilicatus
3145 1091 3460 1161 publicanus

1874 1185 2043 1251 magis
2075 1199 2233 1254 quam
2268 1183 2358 1238 ille
2389 1182 2701 1251 pharisaeus.

1947 1275 2100 1329 Vers.
2139 1275 2223 1328 12.
2269 1272 2470 1327 Etenim
2521 1273 2770 1328 Dominus
2816 1273 2956 1327 dabit
2999 1274 3386 1344 benignitatem,
3418 1282 3462 1327 et

1873 1377 2012 1421 terra
2042 1375 2215 1421 nostra
2244 1366 2383 1420 dabit
2419 1367 2641 1435 fructum
2675 1383 2841 1420 suum.
2881 1366 2944 1419 Et
2977 1367 3075 1420 iste
3098 1382 3310 1436 quoque
3337 1381 3461 1421 ver-

1873 1473 1964 1513 sus
1988 1459 2052 1513 ad
2087 1459 2397 1527 paenitentis
2427 1457 2780 1512 humilitatem
2832 1468 3198 1522 competenter
3227 1470 3460 1530 aptatur.

1874 1551 1993 1620 lpse
2025 1552 2164 1605 enim
2211 1565 2307 1604 sua
2341 1549 2671 1620 benignitate
2712 1549 2875 1604 donat
2919 1551 3275 1606 confessionis
3324 1551 3458 1606 alle-

1872 1651 2038 1708 ctum,
2079 1640 2129 1694 id
2163 1649 2244 1694 est
2274 1639 2498 1694 imbrem
2531 1641 2948 1708 prosperritnum
2983 1641 3367 1710 lacrymarum;
3405 1653 3461 1694 ut

1872 1747 1999 1787 caro
2043 1741 2221 1786 nostra
2251 1731 2352 1800 piis
2386 1731 2598 1786 ﬂetibus
2646 1731 2884 1802 irrigata,
2926 1734 3148 1802 pratmia
3179 1735 3346 1804 possit
3385 1735 3461 1787 af-

1872 1823 2013 1878 ferre
2043 1826 2283 1891 copiosa.

1944 1918 2095 1974 Vcrs.
2134 1921 2215 1974 15.
2245 1917 2454 1973 Iustitia
2482 1928 2600 1974 ante
2637 1936 2748 1973 eum
2779 1921 3088 1988 ambulabit;
3124 1931 3173 1976 et
3215 1934 3366 1993 ponet
3399 1925 3450 1976 in

1871 2011 1950 2064 via
1980 2029 2181 2083 gressus
2211 2030 2351 2067 suos.
2386 2012 2506 2066 Pari
2537 2014 2695 2067 etiam
2726 2016 2880 2067 modo
2901 2027 2953 2069 et
2985 2015 3124 2069 hunc
3158 2032 3370 2069 versum
3394 2018 3460 2069 ad

1871 2103 1992 2158 illos
2033 2105 2319 2172 optandum
2370 2119 2491 2158 esse
2540 2105 2803 2170 dicimus,
2849 2107 2937 2174 qui
2987 2106 3460 2176 supplicationibus

1871 2194 1974 2263 piis
2003 2211 2031 2248 a
2062 2195 2289 2248 Domino
2319 2196 2681 2268 corriguntur.
2709 2195 2921 2249 Iustitia
2951 2201 3146 2268 quippe
3187 2201 3461 2254 ambulabit

1873 2294 1997 2340 ante
2018 2301 2134 2353 eos,
2159 2288 2393 2353 quando,
2428 2287 2690 2341 malorum
2722 2303 2938 2342 suorum
2973 2291 3196 2344 veritate
3222 2294 3462 2360 recogni-

1877 2386 1955 2443 ta,
1988 2379 2184 2431 remitti
2218 2379 2315 2433 sibi
2351 2380 2619 2433 hunti'iter
2643 2389 2828 2448 petunt
2855 2379 2994 2449 quod
3020 2383 3289 2436 sceleratis
3316 2383 3463 2437 ausi-

1873 2469 1973 2522 bus
2021 2479 2435 2539 perpetrarunt;
2479 2483 2531 2525 et
2567 2471 2704 2540 qttod
2754 2472 3046 2542 gaudentes
3079 2474 3216 2527 male
3259 2473 3462 2543 lEgave-

1873 2571 2032 2628 runt,
2081 2578 2176 2632 per
2236 2563 2492 2617 beneficia
2547 2563 2648 2631 pias
2707 2563 3104 2617 lamentationis
3155 2565 3457 2619 absolvant.

1873 2656 2023 2710 Tunc
2052 2657 2193 2711 enim
2226 2672 2352 2710 vere
2378 2666 2571 2725 ponunt
2595 2658 2650 2711 in
2679 2658 2777 2722 via,
2815 2657 2864 2710 id
2895 2669 2976 2711 est
3007 2657 3056 2711 in
3088 2655 3303 2712 Christo
3325 2674 3463 2728 gres-

1873 2766 1959 2804 sus
1985 2765 2126 2817 suos,
2159 2749 2245 2818 qui
2277 2759 2402 2802 ante
2451 2749 2658 2804 semitis
2691 2749 3097 2805 detestabilibus
3125 2763 3460 2807 erraverunt.

2403 2857 2673 2912 Conclusio
2707 2860 2916 2925 psalmi.

1947 2973 2280 3037 Audivimus,
2332 2974 2487 3030 beate
2527 2975 2726 3041 David,
2759 2977 2885 3046 quid
2929 2978 3070 3032 intus
3115 2979 3206 3032 tibi
3259 2979 3464 3035 locutus

1880 3064 2040 3120 fuerit
2070 3065 2346 3120 Dominus.
2380 3066 2484 3119 Pax
2521 3069 2619 3122 ista
2647 3076 2696 3122 et
2729 3083 2892 3136 super
2922 3083 3019 3123 nos
3038 3071 3234 3135 veniat,
3261 3087 3381 3140 qua!
3411 3074 3462 3124 in

1882 3165 1972 3211 tuo
2001 3157 2164 3212 corde
2186 3157 2462 3227 regnabat.
2497 3157 2635 3214 Ecce
2666 3175 2848 3214 verum
2898 3161 3119 3231 Regem,
3153 3177 3310 3230 quem
3361 3163 3465 3217 vir-

1883 3259 1967 3303 tus
1995 3251 2115 3304 talis
2141 3251 2392 3320 regebat;
2428 3251 2684 3321 templum
2716 3253 2959 3320 justitite,
3012 3254 3264 3324 palatium
3294 3256 3464 3322 pieta-

1881 3345 1970 3411 tis,
1988 3343 2382 3399 thesaurarium
2413 3347 2816 3402 misericordias.
2851 3347 2974 3403 lure
2997 3348 3091 3402 tibi
3122 3347 3466 3418 sul-jacebaut

1883 3446 2119 3503 terrena,
2172 3438 2257 3493 cui
2308 3439 2430 3493 talis
2465 3441 2721 3496 Dominus
2770 3441 3084 3509 imperabat.
3139 3440 3276 3494 Ecce
3326 3440 3466 3509 quod

1882 3530 2020 3583 ultra
2052 3545 2213 3585 omne
2252 3529 2564 3600 imperium,
2604 3547 2761 3600 supra
2794 3548 2954 3587 omne
2986 3534 3154 3598 possit
3181 3547 3301 3586 esse
3333 3547 3468 3600 pra:-

1881 3622 2094 3674 conium
2129 3638 2142 3673 :
2177 3621 2242 3676 de
2274 3630 2368 3676 tuo
2397 3624 2601 3677 semine
2623 3623 2965 3692 omnipotens
2995 3623 3227 3677 Verbum
3254 3637 3468 3676 carnem

1881 3715 2133 3782 stnnpsit,
2167 3731 2260 3782 per
2292 3717 2431 3785 quod
2465 3715 2755 3772 humanum
2796 3733 2966 3788 genus
3011 3719 3246 3772 salutare
3271 3717 3469 3771 donum

1883 3806 2270 3874 redemptionis
2303 3809 2531 3875 accepit.

2100 3917 2460 3973 EXPOSITIO
2503 3919 2567 3972 ΙΝ
2609 3917 2933 3974 PSALMUM
2975 3919 3237 3973 LXXXV.

2475 4010 2655 4063 Oratio
2714 4011 2899 4064 David.

1954 4122 2136 4177 Oratio
2161 4138 2355 4177 nomen
2393 4123 2775 4194 homonymum
2807 4129 2912 4188 est,
2963 4122 3117 4190 cujus
3146 4121 3471 4190 etymologia

1883 4225 1967 4271 cst
1995 4216 2104 4268 oris
2132 4217 2269 4269 ratio
2295 4230 2310 4281 ;
2343 4231 2459 4283 qua:
2492 4215 2704 4284 quando
2734 4217 2874 4268 inter
2901 4215 3130 4266 humana
3170 4213 3367 4280 judicia
3393 4213 3471 4266 di-

1885 4305 2043 4373 citur,
2071 4321 2098 4358 a
2132 4305 2349 4360 disertis
2373 4305 2664 4360 artiﬁciosa
2695 4307 2852 4359 nimis
2877 4305 3022 4377 [mss.
3053 4304 3142 4370 A.,
3174 4301 3266 4369 F.,
3286 4302 3472 4376 animi]

1887 4395 2177 4450 subtilitate
2223 4395 2600 4466 componitur;
2644 4395 2860 4465 quando
2909 4395 3017 4450 Deo
3060 4395 3300 4450 funditur
3344 4395 3474 4449 situ-

229 4490 417 4544 cendim
466 4493 934 4559 contrarietatem,
981 4493 1075 4549 sed
1117 4494 1183 4548 ad
1228 4493 1454 4564 gratiam
1503 4494 1780 4563 promissa;
1815 4488 1860 4545 Ι)
1889 4485 2009 4554 plici
2039 4493 2200 4554 atque
2233 4485 2418 4539 humili
2448 4485 2836 4554 supplicatione
2883 4484 3174 4555 profertur.
3223 4486 3326 4540 Sed
3362 4485 3475 4540 haec

231 4579 536 4644 perfectionis
589 4585 938 4654 implendam.
990 4585 1164 4640 Unum
1205 4585 1400 4655 quippe
1447 4594 1654 4639 censtat
1702 4585 1778 4638 fa-

229 4678 367 4735 chun,
397 4673 535 4744 quod
570 4677 900 4745 temporibus
929 4676 1250 4744 probabatur
1275 4691 1396 4731 esse
1436 4676 1682 4730 divisum.
1721 4677 1786 4730 Et

230 4770 274 4814 ut
298 4780 457 4834 genus
486 4767 662 4836 ipsum
709 4766 928 4822 fmderis
969 4768 1245 4822 evidenter
1281 4770 1648 4836 exprimeret,
1685 4773 1784 4821 hoc

228 4850 374 4916 ipsum
405 4860 546 4909 varia
577 4857 846 4910 nominum
873 4857 1160 4912 iteratione
1189 4857 1498 4926 geminavit,
1531 4857 1776 4924 amplexu

228 4948 429 5012 Quodam
456 4949 758 5006 dilectionis
780 4950 914 5003 duas
947 4965 1033 5006 res
1056 4992 1069 5015 ,
1105 4949 1155 5004 id
1200 4961 1283 5006 est
1316 4949 1574 5020 justitiam
1601 4959 1646 5002 et
1681 4967 1776 5018 pa-

226 5052 313 5090 rem
341 5042 389 5094 in
438 5052 675 5098 mutuam
710 5045 952 5112 protinus
995 5043 1204 5097 venisse
1233 5040 1597 5096 concordiam.
1627 5039 1776 5106 Quod

227 5127 322 5183 fieri
349 5135 498 5203 solet,
535 5135 747 5204 quando
783 5149 845 5188 se
885 5134 1130 5188 homines
1167 5141 1286 5200 post
1320 5132 1537 5202 longum
1569 5140 1779 5200 tempus

225 5221 462 5295 vidvntes,
503 5243 642 5281 nexu
690 5226 1031 5281 brachiorum
1074 5225 1251 5280 studio
1281 5224 1557 5278 charitatis
1587 5222 1780 5276 astrin-

224 5322 353 5378 sunt.

286 5404 425 5463 Vers.
459 5407 544 5462 11.
585 5410 773 5464 Veritas
805 5411 866 5464 de
910 5421 1044 5464 terra
1087 5419 1200 5464 orta
1231 5419 1340 5477 est,
1389 5416 1436 5461 et
1467 5407 1670 5478 justitia
1722 5407 1783 5458 de

224 5495 328 5548 alio
355 5503 626 5570 prospexit.
664 5502 861 5557 Veritas
905 5503 969 5555 de
1000 5512 1134 5554 terra
1180 5509 1294 5553 orta
1335 5509 1429 5566 est,
1475 5499 1689 5569 quando
1715 5512 1776 5550 ex

227 5583 364 5641 Maria
393 5592 606 5662 Virgine
640 5596 868 5649 Verbum
919 5609 1045 5650 caro
1093 5593 1288 5648 factum
1317 5602 1436 5659 est;
1474 5595 1611 5646 sicut
1665 5592 1778 5658 ipse

225 5678 335 5734 dicit
363 5702 371 5734 :
407 5683 640 5752 lfgosnm
669 5691 767 5752 tia,
802 5688 982 5742 veritas
1008 5699 1054 5741 et
1077 5689 1175 5743 vita
1204 5685 1383 5759 (Joan.
1419 5701 1525 5753 xtv,
1558 5683 1630 5754 6).
1664 5683 1780 5737 Jus-

1894 4577 2168 4632 humilitas
2209 4588 2370 4647 atque
2416 4579 2618 4648 paritas
2663 4578 3058 4646 deprecationis
3087 4587 3273 4631 sancto
3300 4576 3475 4631 Verbo

1891 4672 1968 4723 sic
1997 4672 2247 4726 convenit
2275 4688 2288 4737 ;
2334 4671 2379 4725 si
2407 4671 2539 4726 duas
2566 4683 2783 4725 naturas
2810 4671 2862 4725 in
2890 4669 3107 4725 Christo
3137 4671 3363 4724 Domino
3395 4673 3475 4740 (ut

1890 4772 2062 4818 mater
2092 4764 2250 4819 docet
2281 4763 2562 4833 Ecclesia)
2619 4765 2974 4820 confiteantur
3020 4764 3284 4833 perfectas
3313 4774 3475 4834 atque

1893 4855 2222 4919 verissimas,
2257 4855 2307 4909 id
2336 4864 2439 4922 est,
2475 4855 2566 4910 Dei
2603 4864 2656 4909 et
2685 4855 2938 4909 hominis.
2972 4855 3121 4908 Tunc
3151 4855 3291 4907 cnim
3322 4871 3473 4909 vera-

1885 4949 2028 5003 cium
2066 4949 2352 5003 verborum
2399 4948 2541 5002 nulla
2582 4948 2960 5002 contrarietate
3017 4945 3380 5011 turbabintur,
3430 4946 3473 4998 si

1885 5041 2086 5095 sanctis
2129 5042 2545 5110 proprietatibus
2598 5049 2719 5108 apta
2769 5039 3076 5094 reddamus.
3129 5037 3258 5092 Nam
3313 5037 3356 5091 si
3395 5038 3475 5088 v’s

1887 5147 2047 5187 nosse.
2076 5131 2369 5202 potentiam
2407 5131 2630 5187 Deitatis
2662 5133 2800 5201 ejus,
2831 5130 2953 5185 audi
2980 5129 3328 5198 Evangelium
3363 5148 3374 5180 :
3409 5125 3473 5180 In

1883 5225 2139 5296 principio
2171 5233 2280 5279 erat
2321 5222 2574 5288 Verbum,
2623 5235 2670 5278 et
2725 5223 2946 5276 VtTDllm
2977 5231 3086 5276 erat
3127 5223 3269 5292 apud
3315 5220 3477 5290 290

1890 5317 2088 5382 Deum,
2123 5328 2168 5370 et
2211 5317 2348 5370 Deus
2381 5328 2486 5370 erat
2543 5316 2786 5370 Verbum.
2827 5315 2942 5370 lloc
2982 5324 3088 5368 erat
3133 5315 3184 5366 in
3223 5313 3474 5381 principio

1885 5411 2030 5477 apud
2060 5409 2246 5463 Deum.
2279 5412 2464 5464 Omnia
2497 5426 2586 5476 per
2612 5411 2778 5476 ipsum
2822 5410 2956 5478 facta
2983 5416 3124 5472 sunt,
3152 5417 3197 5458 et
3227 5406 3334 5458 sine
3365 5406 3474 5470 ipso

1888 5503 2081 5570 factum
2111 5510 2184 5553 est
2223 5499 2350 5552 nihil
2401 5498 2578 5569 (Jonn.
2621 5515 2657 5562 t,
2697 5500 2770 5566 1).
2810 5500 2870 5551 Et
2911 5497 2955 5550 si
2991 5498 3071 5549 vis
3106 5495 3470 5550 infirmitatem

1889 5592 2124 5644 hominis
2150 5605 2501 5661 cognoscere,
2534 5592 2656 5646 audi
2705 5592 2926 5647 Paulum
2959 5591 3260 5660 apostolum
3290 5589 3474 5644 dicen-

1887 5694 1994 5741 tem
2025 5699 2039 5739 :
2075 5682 2140 5738 In
2167 5683 2553 5740 similitudinem
2586 5685 2847 5740 hominum
2874 5683 3040 5752 factus
3063 5725 3078 5751 ,
3111 5692 3155 5740 et
3188 5681 3361 5737 habitu
3393 5679 3474 5733 in-
