  <div class='ocr_page' id='page_1' title='image "/cluster/home/n/w/nwhite01/storage/ocr_20150623/70/hvd.32044054758735/311.png"; bbox 0 0 3952 6162; ppageno 0'>
   <div class='ocr_carea' id='block_1_1' title="bbox 449 205 546 260">
    <p class='ocr_par' dir='ltr' id='par_1_1' title="bbox 449 205 546 260">
     <span class='ocr_line' id='line_1_1' title="bbox 449 205 546 260; baseline 0.062 -5"><span class='ocrx_word' id='word_1_1' title='bbox 449 205 546 260; x_wconf 76' lang='grc'><strong>811</strong></span> 
     </span>
    </p>
   </div>
   <div class='ocr_carea' id='block_1_2' title="bbox 1687 195 2023 265">
    <p class='ocr_par' dir='ltr' id='par_1_2' title="bbox 1687 197 2023 254">
     <span class='ocr_line' id='line_1_2' title="bbox 1687 197 2023 254; baseline 0 -2"><span class='ocrx_word' id='word_1_2' title='bbox 1687 200 1751 252; x_wconf 64' lang='lat' dir='ltr'><strong>il.</strong></span> <span class='ocrx_word' id='word_1_3' title='bbox 1796 197 2023 254; x_wconf 80' lang='lat' dir='ltr'><strong>AUREL</strong></span> 
     </span>
    </p>
   </div>
   <div class='ocr_carea' id='block_1_3' title="bbox 2129 195 3653 265">
    <p class='ocr_par' dir='ltr' id='par_1_3' title="bbox 2129 195 3653 265">
     <span class='ocr_line' id='line_1_3' title="bbox 2129 195 3653 265; baseline 0.009 -14"><span class='ocrx_word' id='word_1_4' title='bbox 2129 195 2514 254; x_wconf 69' lang='lat' dir='ltr'><strong>IASSIODURI</strong></span> <span class='ocrx_word' id='word_1_5' title='bbox 3566 208 3653 265; x_wconf 69' lang='grc'><strong>612</strong></span> 
     </span>
    </p>
   </div>
   <div class='ocr_carea' id='block_1_4' title="bbox 446 309 3655 383">
    <p class='ocr_par' dir='ltr' id='par_1_4' title="bbox 446 309 3655 383">
     <span class='ocr_line' id='line_1_4' title="bbox 446 309 3655 383; baseline 0.001 -11"><span class='ocrx_word' id='word_1_6' title='bbox 446 320 619 374; x_wconf 76' lang='lat' dir='ltr'><strong>reatus</strong></span> <span class='ocrx_word' id='word_1_7' title='bbox 642 332 695 375; x_wconf 72' lang='lat' dir='ltr'><strong>ut</strong></span> <span class='ocrx_word' id='word_1_8' title='bbox 725 319 902 375; x_wconf 72' lang='lat' dir='ltr'><strong>Lam.</strong></span> <span class='ocrx_word' id='word_1_9' title='bbox 921 317 1221 373; x_wconf 73' lang='lat' dir='ltr'><strong>Hutuiliarit</strong></span> <span class='ocrx_word' id='word_1_10' title='bbox 1249 314 1575 383; x_wconf 76' lang='lat' dir='ltr'><strong>semetipsum</strong></span> <span class='ocrx_word' id='word_1_11' title='bbox 1600 314 1768 382; x_wconf 82' lang='lat' dir='ltr'><strong>{actus</strong></span> <span class='ocrx_word' id='word_1_12' title='bbox 1793 311 2027 367; x_wconf 77' lang='lat' dir='ltr'><strong>obcdieus</strong></span> <span class='ocrx_word' id='word_1_13' title='bbox 2058 315 2107 376; x_wconf 78' lang='grc' dir='ltr'><strong>Α</strong></span> <span class='ocrx_word' id='word_1_14' title='bbox 2133 311 2316 364; x_wconf 89' lang='lat' dir='ltr'><strong>salvus</strong></span> <span class='ocrx_word' id='word_1_15' title='bbox 2346 309 2467 363; x_wconf 85' lang='lat' dir='ltr'><strong>liam</strong></span> <span class='ocrx_word' id='word_1_16' title='bbox 2497 350 2511 375; x_wconf 87' lang='lat'><strong>,</strong></span> <span class='ocrx_word' id='word_1_17' title='bbox 2544 324 2695 377; x_wconf 76' lang='lat' dir='ltr'><strong>ClljllS</strong></span> <span class='ocrx_word' id='word_1_18' title='bbox 2724 320 2897 366; x_wconf 88' lang='lat' dir='ltr'><strong>morte</strong></span> <span class='ocrx_word' id='word_1_19' title='bbox 2930 318 3186 366; x_wconf 86' lang='lat' dir='ltr'><strong>mundum</strong></span> <span class='ocrx_word' id='word_1_20' title='bbox 3212 320 3533 374; x_wconf 70' lang='lat' dir='ltr'><strong>constetesse</strong></span> <span class='ocrx_word' id='word_1_21' title='bbox 3562 324 3655 376; x_wconf 85' lang='lat' dir='ltr'><strong>sal-</strong></span> 
     </span>
    </p>
   </div>
   <div class='ocr_carea' id='block_1_5' title="bbox 447 403 2023 483">
    <p class='ocr_par' dir='ltr' id='par_1_5' title="bbox 447 403 2023 483">
     <span class='ocr_line' id='line_1_5' title="bbox 447 403 2023 483; baseline -0.006 -18"><span class='ocrx_word' id='word_1_22' title='bbox 447 428 606 483; x_wconf 77' lang='lat' dir='ltr'><strong>usque</strong></span> <span class='ocrx_word' id='word_1_23' title='bbox 628 413 696 464; x_wconf 83' lang='lat' dir='ltr'><strong>ad</strong></span> <span class='ocrx_word' id='word_1_24' title='bbox 735 421 964 474; x_wconf 88' lang='lat' dir='ltr'><strong>mortem,</strong></span> <span class='ocrx_word' id='word_1_25' title='bbox 994 417 1207 463; x_wconf 75' lang='lat' dir='ltr'><strong>mrtem</strong></span> <span class='ocrx_word' id='word_1_26' title='bbox 1226 414 1399 461; x_wconf 81' lang='lat' dir='ltr'><strong>autem</strong></span> <span class='ocrx_word' id='word_1_27' title='bbox 1425 407 1589 459; x_wconf 82' lang='lat' dir='ltr'><strong>crucis</strong></span> <span class='ocrx_word' id='word_1_28' title='bbox 1616 403 1842 476; x_wconf 78' lang='lat' dir='ltr'><strong>(Philip.</strong></span> <span class='ocrx_word' id='word_1_29' title='bbox 1876 420 1936 469; x_wconf 87' lang='lat' dir='ltr'><strong>ll,</strong></span> <span class='ocrx_word' id='word_1_30' title='bbox 1968 405 2023 469; x_wconf 83' lang='lat'><strong>&#39;7,</strong></span> 
     </span>
    </p>
   </div>
   <div class='ocr_carea' id='block_1_6' title="bbox 449 496 2031 572">
    <p class='ocr_par' dir='ltr' id='par_1_6' title="bbox 449 496 2031 572">
     <span class='ocr_line' id='line_1_6' title="bbox 449 496 2031 572; baseline -0.004 -17"><span class='ocrx_word' id='word_1_31' title='bbox 449 506 523 572; x_wconf 81' lang='lat'><strong>8).</strong></span> <span class='ocrx_word' id='word_1_32' title='bbox 561 505 627 558; x_wconf 87' lang='lat' dir='ltr'><strong>Et</strong></span> <span class='ocrx_word' id='word_1_33' title='bbox 655 504 774 556; x_wconf 85' lang='lat' dir='ltr'><strong>ideo</strong></span> <span class='ocrx_word' id='word_1_34' title='bbox 820 502 1032 568; x_wconf 78' lang='lat' dir='ltr'><strong>quando</strong></span> <span class='ocrx_word' id='word_1_35' title='bbox 1076 516 1104 552; x_wconf 91' lang='lat' dir='ltr'><strong>a</strong></span> <span class='ocrx_word' id='word_1_36' title='bbox 1152 509 1304 567; x_wconf 85' lang='lat' dir='ltr'><strong>parte</strong></span> <span class='ocrx_word' id='word_1_37' title='bbox 1335 498 1678 552; x_wconf 73' lang='lat' dir='ltr'><strong>humanitatis</strong></span> <span class='ocrx_word' id='word_1_38' title='bbox 1718 510 1829 549; x_wconf 60' lang='lat' dir='ltr'><strong>suae</strong></span> <span class='ocrx_word' id='word_1_39' title='bbox 1861 496 2031 564; x_wconf 92' lang='lat' dir='ltr'><strong>loqui-</strong></span> 
     </span>
    </p>
   </div>
   <div class='ocr_carea' id='block_1_7' title="bbox 452 587 2030 662">
    <p class='ocr_par' dir='ltr' id='par_1_7' title="bbox 452 587 2030 662">
     <span class='ocr_line' id='line_1_7' title="bbox 452 587 2030 662; baseline -0.005 -15"><span class='ocrx_word' id='word_1_40' title='bbox 452 605 559 655; x_wconf 90' lang='lat' dir='ltr'><strong>tur,</strong></span> <span class='ocrx_word' id='word_1_41' title='bbox 591 593 888 646; x_wconf 80' lang='lat' dir='ltr'><strong>Divinitatis</strong></span> <span class='ocrx_word' id='word_1_42' title='bbox 922 590 1051 662; x_wconf 84' lang='lat' dir='ltr'><strong>[ed.,</strong></span> <span class='ocrx_word' id='word_1_43' title='bbox 1081 587 1423 657; x_wconf 75' lang='lat' dir='ltr'><strong>humilitatis]</strong></span> <span class='ocrx_word' id='word_1_44' title='bbox 1457 588 1713 657; x_wconf 71' lang='lat' dir='ltr'><strong>fragilitas</strong></span> <span class='ocrx_word' id='word_1_45' title='bbox 1744 603 1848 639; x_wconf 91' lang='lat' dir='ltr'><strong>non</strong></span> <span class='ocrx_word' id='word_1_46' title='bbox 1875 596 2030 654; x_wconf 88' lang='lat' dir='ltr'><strong>pute-</strong></span> 
     </span>
    </p>
   </div>
   <div class='ocr_carea' id='block_1_8' title="bbox 450 681 2029 761">
    <p class='ocr_par' dir='ltr' id='par_1_8' title="bbox 450 681 2029 761">
     <span class='ocr_line' id='line_1_8' title="bbox 450 681 2029 761; baseline -0.003 -20"><span class='ocrx_word' id='word_1_47' title='bbox 450 698 537 741; x_wconf 90' lang='lat' dir='ltr'><strong>tur</strong></span> <span class='ocrx_word' id='word_1_48' title='bbox 564 690 708 761; x_wconf 79' lang='lat' dir='ltr'><strong>[mss.</strong></span> <span class='ocrx_word' id='word_1_49' title='bbox 737 690 826 751; x_wconf 89' lang='lat' dir='ltr'><strong>A.,</strong></span> <span class='ocrx_word' id='word_1_50' title='bbox 859 685 951 751; x_wconf 90' lang='lat' dir='ltr'><strong>F.,</strong></span> <span class='ocrx_word' id='word_1_51' title='bbox 990 686 1257 740; x_wconf 88' lang='lat' dir='ltr'><strong>Divinitati</strong></span> <span class='ocrx_word' id='word_1_52' title='bbox 1283 685 1540 754; x_wconf 70' lang='lat' dir='ltr'><strong>fragilitas</strong></span> <span class='ocrx_word' id='word_1_53' title='bbox 1566 700 1669 737; x_wconf 92' lang='lat' dir='ltr'><strong>non</strong></span> <span class='ocrx_word' id='word_1_54' title='bbox 1697 681 2029 754; x_wconf 75' lang='lat' dir='ltr'><strong>imputetur];</strong></span> 
     </span>
    </p>
   </div>
   <div class='ocr_carea' id='block_1_9' title="bbox 450 778 2036 848">
    <p class='ocr_par' dir='ltr' id='par_1_9' title="bbox 450 778 2036 848">
     <span class='ocr_line' id='line_1_9' title="bbox 450 778 2036 848; baseline 0 -17"><span class='ocrx_word' id='word_1_55' title='bbox 450 782 570 848; x_wconf 82' lang='lat' dir='ltr'><strong>quia</strong></span> <span class='ocrx_word' id='word_1_56' title='bbox 600 780 677 834; x_wconf 76' lang='lat' dir='ltr'><strong>sic</strong></span> <span class='ocrx_word' id='word_1_57' title='bbox 708 781 934 833; x_wconf 90' lang='lat' dir='ltr'><strong>humana</strong></span> <span class='ocrx_word' id='word_1_58' title='bbox 957 780 1165 843; x_wconf 82' lang='lat' dir='ltr'><strong>exudit,</strong></span> <span class='ocrx_word' id='word_1_59' title='bbox 1193 790 1248 832; x_wconf 90' lang='lat' dir='ltr'><strong>ut</strong></span> <span class='ocrx_word' id='word_1_60' title='bbox 1276 778 1583 832; x_wconf 81' lang='lat' dir='ltr'><strong>nullatenus</strong></span> <span class='ocrx_word' id='word_1_61' title='bbox 1615 778 1793 831; x_wconf 90' lang='lat' dir='ltr'><strong>divina</strong></span> <span class='ocrx_word' id='word_1_62' title='bbox 1826 778 2036 831; x_wconf 84' lang='lat' dir='ltr'><strong>minue-</strong></span> 
     </span>
    </p>
   </div>
   <div class='ocr_carea' id='block_1_10' title="bbox 450 870 2030 940">
    <p class='ocr_par' dir='ltr' id='par_1_10' title="bbox 450 870 2030 940">
     <span class='ocr_line' id='line_1_10' title="bbox 450 870 2030 940; baseline -0.005 -13"><span class='ocrx_word' id='word_1_63' title='bbox 450 873 537 927; x_wconf 86' lang='lat' dir='ltr'><strong>rit.</strong></span> <span class='ocrx_word' id='word_1_64' title='bbox 568 872 710 925; x_wconf 89' lang='lat' dir='ltr'><strong>Idem</strong></span> <span class='ocrx_word' id='word_1_65' title='bbox 741 887 867 936; x_wconf 81' lang='lat' dir='ltr'><strong>ergo</strong></span> <span class='ocrx_word' id='word_1_66' title='bbox 895 882 1055 940; x_wconf 91' lang='lat' dir='ltr'><strong>atque</strong></span> <span class='ocrx_word' id='word_1_67' title='bbox 1085 887 1221 925; x_wconf 91' lang='lat' dir='ltr'><strong>unus</strong></span> <span class='ocrx_word' id='word_1_68' title='bbox 1249 871 1509 925; x_wconf 87' lang='lat' dir='ltr'><strong>Dominus</strong></span> <span class='ocrx_word' id='word_1_69' title='bbox 1536 870 1784 924; x_wconf 78' lang='lat' dir='ltr'><strong>Christus</strong></span> <span class='ocrx_word' id='word_1_70' title='bbox 1816 879 2030 931; x_wconf 90' lang='lat' dir='ltr'><strong>oratur,</strong></span> 
     </span>
    </p>
   </div>
   <div class='ocr_carea' id='block_1_11' title="bbox 452 962 2028 1035">
    <p class='ocr_par' dir='ltr' id='par_1_11' title="bbox 452 962 2028 1035">
     <span class='ocr_line' id='line_1_11' title="bbox 452 962 2028 1035; baseline -0.001 -18"><span class='ocrx_word' id='word_1_71' title='bbox 452 965 569 1035; x_wconf 84' lang='lat' dir='ltr'><strong>quia</strong></span> <span class='ocrx_word' id='word_1_72' title='bbox 602 965 765 1018; x_wconf 85' lang='lat' dir='ltr'><strong>Filius</strong></span> <span class='ocrx_word' id='word_1_73' title='bbox 797 963 967 1017; x_wconf 81' lang='lat' dir='ltr'><strong>Patris</strong></span> <span class='ocrx_word' id='word_1_74' title='bbox 998 975 1118 1018; x_wconf 87' lang='lat' dir='ltr'><strong>est:</strong></span> <span class='ocrx_word' id='word_1_75' title='bbox 1153 972 1289 1028; x_wconf 90' lang='lat' dir='ltr'><strong>orat,</strong></span> <span class='ocrx_word' id='word_1_76' title='bbox 1320 964 1439 1032; x_wconf 87' lang='lat' dir='ltr'><strong>quia</strong></span> <span class='ocrx_word' id='word_1_77' title='bbox 1476 962 1640 1018; x_wconf 88' lang='lat' dir='ltr'><strong>Filius</strong></span> <span class='ocrx_word' id='word_1_78' title='bbox 1669 963 1900 1017; x_wconf 88' lang='lat' dir='ltr'><strong>hominis</strong></span> <span class='ocrx_word' id='word_1_79' title='bbox 1929 973 2028 1016; x_wconf 80' lang='lat' dir='ltr'><strong>est.</strong></span> 
     </span>
    </p>
   </div>
   <div class='ocr_carea' id='block_1_12' title="bbox 457 1046 2036 1122">
    <p class='ocr_par' dir='ltr' id='par_1_12' title="bbox 457 1046 2036 1122">
     <span class='ocr_line' id='line_1_12' title="bbox 457 1046 2036 1122; baseline 0 -15"><span class='ocrx_word' id='word_1_80' title='bbox 457 1055 584 1109; x_wconf 89' lang='lat' dir='ltr'><strong>lude</strong></span> <span class='ocrx_word' id='word_1_81' title='bbox 608 1046 853 1122; x_wconf 88' lang='lat' dir='ltr'><strong>Creator,</strong></span> <span class='ocrx_word' id='word_1_82' title='bbox 887 1056 1010 1108; x_wconf 91' lang='lat' dir='ltr'><strong>hinc</strong></span> <span class='ocrx_word' id='word_1_83' title='bbox 1036 1064 1278 1119; x_wconf 91' lang='lat' dir='ltr'><strong>creatus;</strong></span> <span class='ocrx_word' id='word_1_84' title='bbox 1307 1055 1430 1109; x_wconf 87' lang='lat' dir='ltr'><strong>inde</strong></span> <span class='ocrx_word' id='word_1_85' title='bbox 1460 1055 1736 1120; x_wconf 82' lang='lat' dir='ltr'><strong>Dominus,</strong></span> <span class='ocrx_word' id='word_1_86' title='bbox 1771 1054 1893 1108; x_wconf 92' lang='lat' dir='ltr'><strong>hinc</strong></span> <span class='ocrx_word' id='word_1_87' title='bbox 1922 1068 2036 1108; x_wconf 87' lang='lat' dir='ltr'><strong>ser-</strong></span> 
     </span>
    </p>
   </div>
   <div class='ocr_carea' id='block_1_13' title="bbox 452 1147 2035 1215">
    <p class='ocr_par' dir='ltr' id='par_1_13' title="bbox 452 1147 2035 1215">
     <span class='ocr_line' id='line_1_13' title="bbox 452 1147 2035 1215; baseline 0.003 -18"><span class='ocrx_word' id='word_1_88' title='bbox 452 1163 549 1200; x_wconf 81' lang='lat' dir='ltr'><strong>vus</strong></span> <span class='ocrx_word' id='word_1_89' title='bbox 573 1163 588 1211; x_wconf 92' lang='lat'><strong>;</strong></span> <span class='ocrx_word' id='word_1_90' title='bbox 617 1148 739 1201; x_wconf 91' lang='lat' dir='ltr'><strong>hinc</strong></span> <span class='ocrx_word' id='word_1_91' title='bbox 768 1148 1112 1200; x_wconf 80' lang='lat' dir='ltr'><strong>mortalitatis</strong></span> <span class='ocrx_word' id='word_1_92' title='bbox 1141 1155 1339 1201; x_wconf 74' lang='lat' dir='ltr'><strong>nostra:</strong></span> <span class='ocrx_word' id='word_1_93' title='bbox 1370 1147 1652 1215; x_wconf 84' lang='lat' dir='ltr'><strong>particeps,</strong></span> <span class='ocrx_word' id='word_1_94' title='bbox 1696 1148 1819 1202; x_wconf 90' lang='lat' dir='ltr'><strong>inde</strong></span> <span class='ocrx_word' id='word_1_95' title='bbox 1850 1148 2035 1202; x_wconf 89' lang='lat' dir='ltr'><strong>mortis</strong></span> 
     </span>
    </p>
   </div>
   <div class='ocr_carea' id='block_1_14' title="bbox 455 1238 2036 1308">
    <p class='ocr_par' dir='ltr' id='par_1_14' title="bbox 455 1238 2036 1308">
     <span class='ocr_line' id='line_1_14' title="bbox 455 1238 2036 1308; baseline 0.002 -17"><span class='ocrx_word' id='word_1_96' title='bbox 455 1239 619 1307; x_wconf 86' lang='lat' dir='ltr'><strong>ipsius</strong></span> <span class='ocrx_word' id='word_1_97' title='bbox 651 1240 1018 1307; x_wconf 77' lang='lat' dir='ltr'><strong>interemptor.</strong></span> <span class='ocrx_word' id='word_1_98' title='bbox 1052 1238 1186 1293; x_wconf 85' lang='lat' dir='ltr'><strong>llinc</strong></span> <span class='ocrx_word' id='word_1_99' title='bbox 1220 1249 1300 1293; x_wconf 90' lang='lat' dir='ltr'><strong>est</strong></span> <span class='ocrx_word' id='word_1_100' title='bbox 1332 1240 1473 1308; x_wconf 92' lang='lat' dir='ltr'><strong>quod</strong></span> <span class='ocrx_word' id='word_1_101' title='bbox 1506 1254 1600 1307; x_wconf 91' lang='lat' dir='ltr'><strong>per</strong></span> <span class='ocrx_word' id='word_1_102' title='bbox 1634 1239 1798 1294; x_wconf 89' lang='lat' dir='ltr'><strong>libros</strong></span> <span class='ocrx_word' id='word_1_103' title='bbox 1826 1238 2036 1294; x_wconf 89' lang='lat' dir='ltr'><strong>divinos</strong></span> 
     </span>
    </p>
   </div>
   <div class='ocr_carea' id='block_1_15' title="bbox 452 1330 2036 1399">
    <p class='ocr_par' dir='ltr' id='par_1_15' title="bbox 452 1330 2036 1399">
     <span class='ocr_line' id='line_1_15' title="bbox 452 1330 2036 1399; baseline 0.002 -18"><span class='ocrx_word' id='word_1_104' title='bbox 452 1331 743 1397; x_wconf 62' lang='lat' dir='ltr'><strong>apliSSillliS</strong></span> <span class='ocrx_word' id='word_1_105' title='bbox 778 1332 909 1384; x_wconf 91' lang='lat' dir='ltr'><strong>locis</strong></span> <span class='ocrx_word' id='word_1_106' title='bbox 940 1331 1071 1385; x_wconf 91' lang='lat' dir='ltr'><strong>duas</strong></span> <span class='ocrx_word' id='word_1_107' title='bbox 1094 1330 1435 1399; x_wconf 64' lang='lat' dir='ltr'><strong>operatioues</strong></span> <span class='ocrx_word' id='word_1_108' title='bbox 1468 1345 1591 1383; x_wconf 89' lang='lat' dir='ltr'><strong>suas</strong></span> <span class='ocrx_word' id='word_1_109' title='bbox 1614 1344 1832 1398; x_wconf 81' lang='lat' dir='ltr'><strong>semper</strong></span> <span class='ocrx_word' id='word_1_110' title='bbox 1856 1339 2036 1385; x_wconf 90' lang='lat' dir='ltr'><strong>osten-</strong></span> 
     </span>
    </p>
   </div>
   <div class='ocr_carea' id='block_1_16' title="bbox 453 1420 2036 1486">
    <p class='ocr_par' dir='ltr' id='par_1_16' title="bbox 453 1420 2036 1486">
     <span class='ocr_line' id='line_1_16' title="bbox 453 1420 2036 1486; baseline 0.001 -13"><span class='ocrx_word' id='word_1_111' title='bbox 453 1420 550 1474; x_wconf 91' lang='lat' dir='ltr'><strong>dit.</strong></span> <span class='ocrx_word' id='word_1_112' title='bbox 582 1421 732 1486; x_wconf 85' lang='lat' dir='ltr'><strong>Quod</strong></span> <span class='ocrx_word' id='word_1_113' title='bbox 761 1422 805 1475; x_wconf 91' lang='lat' dir='ltr'><strong>si</strong></span> <span class='ocrx_word' id='word_1_114' title='bbox 831 1422 967 1483; x_wconf 69' lang='lat' dir='ltr'><strong>hutc,</strong></span> <span class='ocrx_word' id='word_1_115' title='bbox 997 1421 1188 1477; x_wconf 79' lang='lat' dir='ltr'><strong>devote</strong></span> <span class='ocrx_word' id='word_1_116' title='bbox 1256 1422 1444 1486; x_wconf 85' lang='lat' dir='ltr'><strong>lector,</strong></span> <span class='ocrx_word' id='word_1_117' title='bbox 1478 1420 1619 1475; x_wconf 87' lang='lat' dir='ltr'><strong>fideli</strong></span> <span class='ocrx_word' id='word_1_118' title='bbox 1647 1432 1824 1476; x_wconf 89' lang='lat' dir='ltr'><strong>mente</strong></span> <span class='ocrx_word' id='word_1_119' title='bbox 1854 1437 2036 1476; x_wconf 85' lang='lat' dir='ltr'><strong>serva-</strong></span> 
     </span>
    </p>
   </div>
   <div class='ocr_carea' id='block_1_17' title="bbox 452 1499 2032 1585">
    <p class='ocr_par' dir='ltr' id='par_1_17' title="bbox 452 1499 2032 1585">
     <span class='ocr_line' id='line_1_17' title="bbox 452 1499 2032 1585; baseline 0.001 -20"><span class='ocrx_word' id='word_1_120' title='bbox 452 1516 618 1577; x_wconf 80' lang='lat' dir='ltr'><strong>veris,</strong></span> <span class='ocrx_word' id='word_1_121' title='bbox 648 1515 826 1569; x_wconf 88' lang='lat' dir='ltr'><strong>omnia</strong></span> <span class='ocrx_word' id='word_1_122' title='bbox 855 1517 1117 1570; x_wconf 83' lang='lat' dir='ltr'><strong>veraciter</strong></span> <span class='ocrx_word' id='word_1_123' title='bbox 1140 1516 1231 1569; x_wconf 87' lang='lat' dir='ltr'><strong>tibi</strong></span> <span class='ocrx_word' id='word_1_124' title='bbox 1255 1524 1504 1570; x_wconf 87' lang='lat' dir='ltr'><strong>constare</strong></span> <span class='ocrx_word' id='word_1_125' title='bbox 1527 1529 1689 1584; x_wconf 83' lang='lat' dir='ltr'><strong>posse</strong></span> <span class='ocrx_word' id='word_1_126' title='bbox 1718 1499 2032 1585; x_wconf 87' lang='lat' dir='ltr'><strong>cognosces.</strong></span> 
     </span>
    </p>
   </div>
   <div class='ocr_carea' id='block_1_18' title="bbox 452 1604 2036 1674">
    <p class='ocr_par' dir='ltr' id='par_1_18' title="bbox 452 1604 2036 1674">
     <span class='ocr_line' id='line_1_18' title="bbox 452 1604 2036 1674; baseline 0.003 -17"><span class='ocrx_word' id='word_1_127' title='bbox 452 1604 584 1658; x_wconf 91' lang='lat' dir='ltr'><strong>lllud</strong></span> <span class='ocrx_word' id='word_1_128' title='bbox 621 1616 875 1669; x_wconf 67' lang='lat' dir='ltr'><strong>praeterea</strong></span> <span class='ocrx_word' id='word_1_129' title='bbox 927 1604 1186 1659; x_wconf 80' lang='lat' dir='ltr'><strong>debemus</strong></span> <span class='ocrx_word' id='word_1_130' title='bbox 1214 1619 1510 1674; x_wconf 81' lang='lat' dir='ltr'><strong>agnoscere</strong></span> <span class='ocrx_word' id='word_1_131' title='bbox 1558 1606 1817 1674; x_wconf 86' lang='lat' dir='ltr'><strong>lirmoque</strong></span> <span class='ocrx_word' id='word_1_132' title='bbox 1857 1605 2036 1661; x_wconf 88' lang='lat' dir='ltr'><strong>animo</strong></span> 
     </span>
    </p>
   </div>
   <div class='ocr_carea' id='block_1_19' title="bbox 450 1690 2110 1765">
    <p class='ocr_par' dir='ltr' id='par_1_19' title="bbox 450 1690 2110 1765">
     <span class='ocr_line' id='line_1_19' title="bbox 450 1690 2110 1765; baseline 0 -17"><span class='ocrx_word' id='word_1_133' title='bbox 450 1697 725 1749; x_wconf 87' lang='lat' dir='ltr'><strong>continere</strong></span> <span class='ocrx_word' id='word_1_134' title='bbox 751 1737 764 1761; x_wconf 91' lang='lat'><strong>,</strong></span> <span class='ocrx_word' id='word_1_135' title='bbox 795 1696 934 1761; x_wconf 87' lang='lat' dir='ltr'><strong>quod</strong></span> <span class='ocrx_word' id='word_1_136' title='bbox 977 1698 1140 1749; x_wconf 84' lang='lat' dir='ltr'><strong>oratio</strong></span> <span class='ocrx_word' id='word_1_137' title='bbox 1185 1696 1399 1765; x_wconf 84' lang='lat' dir='ltr'><strong>quando</strong></span> <span class='ocrx_word' id='word_1_138' title='bbox 1440 1711 1468 1750; x_wconf 93' lang='lat' dir='ltr'><strong>a</strong></span> <span class='ocrx_word' id='word_1_139' title='bbox 1525 1696 1754 1750; x_wconf 93' lang='lat' dir='ltr'><strong>Domino</strong></span> <span class='ocrx_word' id='word_1_140' title='bbox 1808 1696 2024 1752; x_wconf 86' lang='lat' dir='ltr'><strong>Christo</strong></span> <span class='ocrx_word' id='word_1_141' title='bbox 2069 1690 2110 1748; x_wconf 83' lang='grc' dir='ltr'><strong>Β</strong></span> 
     </span>
    </p>
   </div>
   <div class='ocr_carea' id='block_1_20' title="bbox 451 1789 2033 1856">
    <p class='ocr_par' dir='ltr' id='par_1_20' title="bbox 451 1789 2033 1856">
     <span class='ocr_line' id='line_1_20' title="bbox 451 1789 2033 1856; baseline 0.002 -15"><span class='ocrx_word' id='word_1_142' title='bbox 451 1789 716 1853; x_wconf 88' lang='lat' dir='ltr'><strong>funditur,</strong></span> <span class='ocrx_word' id='word_1_143' title='bbox 752 1790 1013 1844; x_wconf 74' lang='lat' dir='ltr'><strong>insututio</strong></span> <span class='ocrx_word' id='word_1_144' title='bbox 1054 1799 1134 1844; x_wconf 90' lang='lat' dir='ltr'><strong>est</strong></span> <span class='ocrx_word' id='word_1_145' title='bbox 1160 1798 1342 1844; x_wconf 90' lang='lat' dir='ltr'><strong>sancta</strong></span> <span class='ocrx_word' id='word_1_146' title='bbox 1374 1790 1631 1856; x_wconf 85' lang='lat' dir='ltr'><strong>fidelium,</strong></span> <span class='ocrx_word' id='word_1_147' title='bbox 1666 1789 1835 1844; x_wconf 89' lang='lat' dir='ltr'><strong>forma</strong></span> <span class='ocrx_word' id='word_1_148' title='bbox 1867 1791 2033 1845; x_wconf 85' lang='lat' dir='ltr'><strong>bono-</strong></span> 
     </span>
    </p>
   </div>
   <div class='ocr_carea' id='block_1_21' title="bbox 450 1882 2034 1954">
    <p class='ocr_par' dir='ltr' id='par_1_21' title="bbox 450 1882 2034 1954">
     <span class='ocr_line' id='line_1_21' title="bbox 450 1882 2034 1954; baseline 0.003 -19"><span class='ocrx_word' id='word_1_149' title='bbox 450 1899 587 1947; x_wconf 86' lang='lat' dir='ltr'><strong>rum,</strong></span> <span class='ocrx_word' id='word_1_150' title='bbox 619 1884 847 1937; x_wconf 68' lang='lat' dir='ltr'><strong>sittcera:</strong></span> <span class='ocrx_word' id='word_1_151' title='bbox 878 1882 1194 1937; x_wconf 85' lang='lat' dir='ltr'><strong>humilitatis</strong></span> <span class='ocrx_word' id='word_1_152' title='bbox 1217 1884 1555 1952; x_wconf 86' lang='lat' dir='ltr'><strong>exemplum;</strong></span> <span class='ocrx_word' id='word_1_153' title='bbox 1577 1898 1696 1937; x_wconf 88' lang='lat' dir='ltr'><strong>cum</strong></span> <span class='ocrx_word' id='word_1_154' title='bbox 1721 1899 1751 1937; x_wconf 87' lang='lat' dir='ltr'><strong>a</strong></span> <span class='ocrx_word' id='word_1_155' title='bbox 1774 1885 2034 1954; x_wconf 86' lang='lat' dir='ltr'><strong>subjectis</strong></span> 
     </span>
    </p>
   </div>
   <div class='ocr_carea' id='block_1_22' title="bbox 448 1979 2029 2048">
    <p class='ocr_par' dir='ltr' id='par_1_22' title="bbox 448 1979 2029 2048">
     <span class='ocr_line' id='line_1_22' title="bbox 448 1979 2029 2048; baseline 0.003 -17"><span class='ocrx_word' id='word_1_156' title='bbox 448 1981 643 2047; x_wconf 89' lang='lat' dir='ltr'><strong>agitur,</strong></span> <span class='ocrx_word' id='word_1_157' title='bbox 673 1979 973 2034; x_wconf 79' lang='lat' dir='ltr'><strong>satisfactio</strong></span> <span class='ocrx_word' id='word_1_158' title='bbox 1020 1980 1360 2048; x_wconf 90' lang='lat' dir='ltr'><strong>delictorum,</strong></span> <span class='ocrx_word' id='word_1_159' title='bbox 1403 1982 1671 2037; x_wconf 79' lang='lat' dir='ltr'><strong>confessio</strong></span> <span class='ocrx_word' id='word_1_160' title='bbox 1710 1982 2029 2046; x_wconf 83' lang='lat' dir='ltr'><strong>criminum,</strong></span> 
     </span>
    </p>
   </div>
   <div class='ocr_carea' id='block_1_23' title="bbox 450 2073 2033 2142">
    <p class='ocr_par' dir='ltr' id='par_1_23' title="bbox 450 2073 2033 2142">
     <span class='ocr_line' id='line_1_23' title="bbox 450 2073 2033 2142; baseline 0.003 -18"><span class='ocrx_word' id='word_1_161' title='bbox 450 2073 661 2125; x_wconf 88' lang='lat' dir='ltr'><strong>lavacra</strong></span> <span class='ocrx_word' id='word_1_162' title='bbox 688 2073 985 2139; x_wconf 83' lang='lat' dir='ltr'><strong>culparum.</strong></span> <span class='ocrx_word' id='word_1_163' title='bbox 1021 2073 1094 2126; x_wconf 88' lang='lat' dir='ltr'><strong>lbi</strong></span> <span class='ocrx_word' id='word_1_164' title='bbox 1135 2075 1501 2142; x_wconf 80' lang='lat' dir='ltr'><strong>magisterium</strong></span> <span class='ocrx_word' id='word_1_165' title='bbox 1532 2084 1615 2129; x_wconf 86' lang='lat' dir='ltr'><strong>est</strong></span> <span class='ocrx_word' id='word_1_166' title='bbox 1642 2075 1915 2138; x_wconf 88' lang='lat' dir='ltr'><strong>docentis;</strong></span> <span class='ocrx_word' id='word_1_167' title='bbox 1949 2074 2033 2129; x_wconf 92' lang='lat' dir='ltr'><strong>hic</strong></span> 
     </span>
    </p>
   </div>
   <div class='ocr_carea' id='block_1_24' title="bbox 445 2163 2027 2231">
    <p class='ocr_par' dir='ltr' id='par_1_24' title="bbox 445 2163 2027 2231">
     <span class='ocr_line' id='line_1_24' title="bbox 445 2163 2027 2231; baseline 0.004 -18"><span class='ocrx_word' id='word_1_168' title='bbox 445 2163 666 2215; x_wconf 81' lang='lat' dir='ltr'><strong>abolitio</strong></span> <span class='ocrx_word' id='word_1_169' title='bbox 698 2164 998 2231; x_wconf 84' lang='lat' dir='ltr'><strong>postulatur</strong></span> <span class='ocrx_word' id='word_1_170' title='bbox 1026 2165 1252 2221; x_wconf 84' lang='lat' dir='ltr'><strong>erroris.</strong></span> <span class='ocrx_word' id='word_1_171' title='bbox 1280 2164 1409 2218; x_wconf 82' lang='lat' dir='ltr'><strong>Nam</strong></span> <span class='ocrx_word' id='word_1_172' title='bbox 1441 2165 1519 2219; x_wconf 90' lang='lat' dir='ltr'><strong>sic</strong></span> <span class='ocrx_word' id='word_1_173' title='bbox 1550 2166 1808 2220; x_wconf 89' lang='lat' dir='ltr'><strong>innocens</strong></span> <span class='ocrx_word' id='word_1_174' title='bbox 1832 2166 2027 2231; x_wconf 79' lang='lat' dir='ltr'><strong>oravit,</strong></span> 
     </span>
    </p>
   </div>
   <div class='ocr_carea' id='block_1_25' title="bbox 446 2254 2024 2325">
    <p class='ocr_par' dir='ltr' id='par_1_25' title="bbox 446 2254 2024 2325">
     <span class='ocr_line' id='line_1_25' title="bbox 446 2254 2024 2325; baseline 0.004 -21"><span class='ocrx_word' id='word_1_175' title='bbox 446 2254 893 2319; x_wconf 81' lang='lat' dir='ltr'><strong>quemadmodum</strong></span> <span class='ocrx_word' id='word_1_176' title='bbox 918 2263 971 2307; x_wconf 89' lang='lat' dir='ltr'><strong>et</strong></span> <span class='ocrx_word' id='word_1_177' title='bbox 996 2270 1208 2309; x_wconf 89' lang='lat' dir='ltr'><strong>crucem</strong></span> <span class='ocrx_word' id='word_1_178' title='bbox 1240 2257 1357 2311; x_wconf 88' lang='lat' dir='ltr'><strong>sine</strong></span> <span class='ocrx_word' id='word_1_179' title='bbox 1385 2256 1558 2325; x_wconf 89' lang='lat' dir='ltr'><strong>aliqua</strong></span> <span class='ocrx_word' id='word_1_180' title='bbox 1576 2257 1732 2325; x_wconf 90' lang='lat' dir='ltr'><strong>culpa</strong></span> <span class='ocrx_word' id='word_1_181' title='bbox 1752 2258 2024 2312; x_wconf 78' lang='lat' dir='ltr'><strong>sustinuit.</strong></span> 
     </span>
    </p>
   </div>
   <div class='ocr_carea' id='block_1_26' title="bbox 446 2347 2029 2417">
    <p class='ocr_par' dir='ltr' id='par_1_26' title="bbox 446 2347 2029 2417">
     <span class='ocr_line' id='line_1_26' title="bbox 446 2347 2029 2417; baseline 0.004 -19"><span class='ocrx_word' id='word_1_182' title='bbox 446 2347 709 2399; x_wconf 89' lang='lat' dir='ltr'><strong>Lazarum</strong></span> <span class='ocrx_word' id='word_1_183' title='bbox 741 2347 996 2415; x_wconf 82' lang='lat' dir='ltr'><strong>ploravit,</strong></span> <span class='ocrx_word' id='word_1_184' title='bbox 1023 2359 1080 2400; x_wconf 92' lang='lat' dir='ltr'><strong>ut</strong></span> <span class='ocrx_word' id='word_1_185' title='bbox 1110 2349 1265 2401; x_wconf 83' lang='lat' dir='ltr'><strong>nobis</strong></span> <span class='ocrx_word' id='word_1_186' title='bbox 1300 2350 1529 2417; x_wconf 85' lang='lat' dir='ltr'><strong>proximi</strong></span> <span class='ocrx_word' id='word_1_187' title='bbox 1569 2350 1877 2405; x_wconf 89' lang='lat' dir='ltr'><strong>ostenderet</strong></span> <span class='ocrx_word' id='word_1_188' title='bbox 1902 2350 2029 2405; x_wconf 87' lang='lat' dir='ltr'><strong>cha-</strong></span> 
     </span>
    </p>
   </div>
   <div class='ocr_carea' id='block_1_27' title="bbox 447 2437 2030 2509">
    <p class='ocr_par' dir='ltr' id='par_1_27' title="bbox 447 2437 2030 2509">
     <span class='ocr_line' id='line_1_27' title="bbox 447 2437 2030 2509; baseline 0.004 -20"><span class='ocrx_word' id='word_1_189' title='bbox 447 2438 677 2490; x_wconf 85' lang='lat' dir='ltr'><strong>ritatem.</strong></span> <span class='ocrx_word' id='word_1_190' title='bbox 709 2437 1090 2492; x_wconf 83' lang='lat' dir='ltr'><strong>Persecutores</strong></span> <span class='ocrx_word' id='word_1_191' title='bbox 1134 2438 1297 2509; x_wconf 79' lang='lat' dir='ltr'><strong>fugit,</strong></span> <span class='ocrx_word' id='word_1_192' title='bbox 1341 2448 1397 2493; x_wconf 88' lang='lat' dir='ltr'><strong>ut</strong></span> <span class='ocrx_word' id='word_1_193' title='bbox 1446 2439 1600 2494; x_wconf 92' lang='lat' dir='ltr'><strong>nobis</strong></span> <span class='ocrx_word' id='word_1_194' title='bbox 1638 2442 1914 2496; x_wconf 89' lang='lat' dir='ltr'><strong>audaciam</strong></span> <span class='ocrx_word' id='word_1_195' title='bbox 1946 2442 2030 2496; x_wconf 90' lang='lat' dir='ltr'><strong>iu-</strong></span> 
     </span>
    </p>
   </div>
   <div class='ocr_carea' id='block_1_28' title="bbox 445 2528 2029 2585">
    <p class='ocr_par' dir='ltr' id='par_1_28' title="bbox 445 2528 2029 2585">
     <span class='ocr_line' id='line_1_28' title="bbox 445 2528 2029 2585; baseline 0.004 -6"><span class='ocrx_word' id='word_1_196' title='bbox 445 2528 706 2580; x_wconf 68' lang='lat' dir='ltr'><strong>consulta:</strong></span> <span class='ocrx_word' id='word_1_197' title='bbox 756 2528 1075 2582; x_wconf 84' lang='lat' dir='ltr'><strong>temeritatis</strong></span> <span class='ocrx_word' id='word_1_198' title='bbox 1108 2529 1366 2584; x_wconf 85' lang='lat' dir='ltr'><strong>auferret.</strong></span> <span class='ocrx_word' id='word_1_199' title='bbox 1410 2529 1536 2584; x_wconf 62' lang='lat' dir='ltr'><strong>[lare</strong></span> <span class='ocrx_word' id='word_1_200' title='bbox 1564 2531 1708 2585; x_wconf 90' lang='lat' dir='ltr'><strong>enim</strong></span> <span class='ocrx_word' id='word_1_201' title='bbox 1755 2539 1810 2585; x_wconf 89' lang='lat' dir='ltr'><strong>et</strong></span> <span class='ocrx_word' id='word_1_202' title='bbox 1842 2530 1925 2585; x_wconf 91' lang='lat' dir='ltr'><strong>his</strong></span> <span class='ocrx_word' id='word_1_203' title='bbox 1951 2530 2029 2585; x_wconf 89' lang='lat' dir='ltr'><strong>si-</strong></span> 
     </span>
    </p>
   </div>
   <div class='ocr_carea' id='block_1_29' title="bbox 446 2617 2024 2690">
    <p class='ocr_par' dir='ltr' id='par_1_29' title="bbox 446 2617 2024 2690">
     <span class='ocr_line' id='line_1_29' title="bbox 446 2617 2024 2690; baseline 0.007 -23"><span class='ocrx_word' id='word_1_204' title='bbox 446 2617 587 2667; x_wconf 82' lang='lat' dir='ltr'><strong>milia</strong></span> <span class='ocrx_word' id='word_1_205' title='bbox 615 2618 869 2685; x_wconf 86' lang='lat' dir='ltr'><strong>providus</strong></span> <span class='ocrx_word' id='word_1_206' title='bbox 912 2618 1108 2672; x_wconf 88' lang='lat' dir='ltr'><strong>Doctor</strong></span> <span class='ocrx_word' id='word_1_207' title='bbox 1134 2620 1343 2685; x_wconf 83' lang='lat' dir='ltr'><strong>effecit,</strong></span> <span class='ocrx_word' id='word_1_208' title='bbox 1374 2629 1636 2690; x_wconf 87' lang='lat' dir='ltr'><strong>quatenus</strong></span> <span class='ocrx_word' id='word_1_209' title='bbox 1662 2631 1716 2675; x_wconf 93' lang='lat' dir='ltr'><strong>et</strong></span> <span class='ocrx_word' id='word_1_210' title='bbox 1748 2623 2024 2677; x_wconf 85' lang='lat' dir='ltr'><strong>veritatem</strong></span> 
     </span>
    </p>
   </div>
   <div class='ocr_carea' id='block_1_30' title="bbox 445 2710 2026 2780">
    <p class='ocr_par' dir='ltr' id='par_1_30' title="bbox 445 2710 2026 2780">
     <span class='ocr_line' id='line_1_30' title="bbox 445 2710 2026 2780; baseline 0.005 -18"><span class='ocrx_word' id='word_1_211' title='bbox 445 2722 646 2762; x_wconf 76' lang='lat' dir='ltr'><strong>sancta:</strong></span> <span class='ocrx_word' id='word_1_212' title='bbox 696 2710 1079 2766; x_wconf 84' lang='lat' dir='ltr'><strong>incarnationis</strong></span> <span class='ocrx_word' id='word_1_213' title='bbox 1118 2714 1452 2780; x_wconf 75' lang='lat' dir='ltr'><strong>ostenderet,</strong></span> <span class='ocrx_word' id='word_1_214' title='bbox 1511 2726 1565 2769; x_wconf 91' lang='lat' dir='ltr'><strong>et</strong></span> <span class='ocrx_word' id='word_1_215' title='bbox 1619 2714 1810 2770; x_wconf 88' lang='lat' dir='ltr'><strong>futuris</strong></span> <span class='ocrx_word' id='word_1_216' title='bbox 1856 2716 2026 2771; x_wconf 87' lang='lat' dir='ltr'><strong>Mani-</strong></span> 
     </span>
    </p>
   </div>
   <div class='ocr_carea' id='block_1_31' title="bbox 445 2801 2024 2878">
    <p class='ocr_par' dir='ltr' id='par_1_31' title="bbox 445 2801 2024 2878">
     <span class='ocr_line' id='line_1_31' title="bbox 445 2801 2024 2878; baseline 0.005 -24"><span class='ocrx_word' id='word_1_217' title='bbox 445 2801 608 2854; x_wconf 81' lang='lat' dir='ltr'><strong>ch.eis</strong></span> <span class='ocrx_word' id='word_1_218' title='bbox 631 2803 948 2873; x_wconf 72' lang='lat' dir='ltr'><strong>czrterique</strong></span> <span class='ocrx_word' id='word_1_219' title='bbox 975 2804 1171 2859; x_wconf 87' lang='lat' dir='ltr'><strong>talibus</strong></span> <span class='ocrx_word' id='word_1_220' title='bbox 1193 2805 1453 2860; x_wconf 89' lang='lat' dir='ltr'><strong>obviaret.</strong></span> <span class='ocrx_word' id='word_1_221' title='bbox 1482 2805 1650 2860; x_wconf 76' lang='lat' dir='ltr'><strong>David</strong></span> <span class='ocrx_word' id='word_1_222' title='bbox 1676 2817 1853 2863; x_wconf 91' lang='lat' dir='ltr'><strong>autem</strong></span> <span class='ocrx_word' id='word_1_223' title='bbox 1884 2807 2024 2878; x_wconf 92' lang='lat' dir='ltr'><strong>quod</strong></span> 
     </span>
    </p>
   </div>
   <div class='ocr_carea' id='block_1_32' title="bbox 446 2896 2025 2968">
    <p class='ocr_par' dir='ltr' id='par_1_32' title="bbox 446 2896 2025 2968">
     <span class='ocr_line' id='line_1_32' title="bbox 446 2896 2025 2968; baseline 0.004 -19"><span class='ocrx_word' id='word_1_224' title='bbox 446 2896 676 2962; x_wconf 84' lang='lat' dir='ltr'><strong>positum</strong></span> <span class='ocrx_word' id='word_1_225' title='bbox 709 2905 820 2961; x_wconf 91' lang='lat' dir='ltr'><strong>est,</strong></span> <span class='ocrx_word' id='word_1_226' title='bbox 874 2897 1156 2952; x_wconf 90' lang='lat' dir='ltr'><strong>Dominum</strong></span> <span class='ocrx_word' id='word_1_227' title='bbox 1200 2899 1467 2968; x_wconf 81' lang='lat' dir='ltr'><strong>significat</strong></span> <span class='ocrx_word' id='word_1_228' title='bbox 1505 2900 1872 2965; x_wconf 86' lang='lat' dir='ltr'><strong>Salvatorem;</strong></span> <span class='ocrx_word' id='word_1_229' title='bbox 1912 2901 2025 2956; x_wconf 86' lang='lat' dir='ltr'><strong>sive</strong></span> 
     </span>
    </p>
   </div>
   <div class='ocr_carea' id='block_1_33' title="bbox 444 2988 2024 3061">
    <p class='ocr_par' dir='ltr' id='par_1_33' title="bbox 444 2988 2024 3061">
     <span class='ocr_line' id='line_1_33' title="bbox 444 2988 2024 3061; baseline 0.006 -25"><span class='ocrx_word' id='word_1_230' title='bbox 444 2988 567 3056; x_wconf 78' lang='lat' dir='ltr'><strong>quia</strong></span> <span class='ocrx_word' id='word_1_231' title='bbox 598 2989 968 3056; x_wconf 88' lang='lat' dir='ltr'><strong>interpretatio</strong></span> <span class='ocrx_word' id='word_1_232' title='bbox 1012 2989 1129 3058; x_wconf 87' lang='lat' dir='ltr'><strong>ejus</strong></span> <span class='ocrx_word' id='word_1_233' title='bbox 1160 2988 1248 3058; x_wconf 90' lang='lat' dir='ltr'><strong>(ut</strong></span> <span class='ocrx_word' id='word_1_234' title='bbox 1280 3006 1421 3059; x_wconf 70' lang='lat' dir='ltr'><strong>saepe</strong></span> <span class='ocrx_word' id='word_1_235' title='bbox 1450 2990 1651 3045; x_wconf 90' lang='lat' dir='ltr'><strong>dictum</strong></span> <span class='ocrx_word' id='word_1_236' title='bbox 1678 2992 1802 3061; x_wconf 88' lang='lat' dir='ltr'><strong>est)</strong></span> <span class='ocrx_word' id='word_1_237' title='bbox 1834 3000 2024 3045; x_wconf 85' lang='lat' dir='ltr'><strong>manu-</strong></span> 
     </span>
    </p>
   </div>
   <div class='ocr_carea' id='block_1_34' title="bbox 442 3069 2095 3151">
    <p class='ocr_par' dir='ltr' id='par_1_34' title="bbox 442 3069 2095 3151">
     <span class='ocr_line' id='line_1_34' title="bbox 442 3069 2095 3151; baseline 0.004 -20"><span class='ocrx_word' id='word_1_238' title='bbox 442 3077 598 3132; x_wconf 86' lang='lat' dir='ltr'><strong>fortis</strong></span> <span class='ocrx_word' id='word_1_239' title='bbox 638 3094 701 3133; x_wconf 91' lang='lat' dir='ltr'><strong>ac</strong></span> <span class='ocrx_word' id='word_1_240' title='bbox 750 3079 1122 3136; x_wconf 87' lang='lat' dir='ltr'><strong>desiderabilis</strong></span> <span class='ocrx_word' id='word_1_241' title='bbox 1177 3082 1439 3146; x_wconf 88' lang='lat' dir='ltr'><strong>habetur;</strong></span> <span class='ocrx_word' id='word_1_242' title='bbox 1489 3082 1604 3137; x_wconf 88' lang='lat' dir='ltr'><strong>sive</strong></span> <span class='ocrx_word' id='word_1_243' title='bbox 1640 3082 1766 3151; x_wconf 85' lang='lat' dir='ltr'><strong>quia</strong></span> <span class='ocrx_word' id='word_1_244' title='bbox 1808 3097 1871 3137; x_wconf 92' lang='lat' dir='ltr'><strong>ex</strong></span> <span class='ocrx_word' id='word_1_245' title='bbox 1903 3082 2022 3151; x_wconf 89' lang='lat' dir='ltr'><strong>ejus</strong></span> <span class='ocrx_word' id='word_1_246' title='bbox 2050 3069 2095 3130; x_wconf 83' lang='lat' dir='ltr'><strong>C</strong></span> 
     </span>
    </p>
   </div>
   <div class='ocr_carea' id='block_1_35' title="bbox 442 3170 2023 3242">
    <p class='ocr_par' dir='ltr' id='par_1_35' title="bbox 442 3170 2023 3242">
     <span class='ocr_line' id='line_1_35' title="bbox 442 3170 2023 3242; baseline 0.004 -20"><span class='ocrx_word' id='word_1_247' title='bbox 442 3171 787 3239; x_wconf 84' lang='lat' dir='ltr'><strong>generatione</strong></span> <span class='ocrx_word' id='word_1_248' title='bbox 811 3170 1130 3237; x_wconf 88' lang='lat' dir='ltr'><strong>descendit;</strong></span> <span class='ocrx_word' id='word_1_249' title='bbox 1160 3173 1490 3229; x_wconf 88' lang='lat' dir='ltr'><strong>humanitate</strong></span> <span class='ocrx_word' id='word_1_250' title='bbox 1518 3173 1662 3229; x_wconf 88' lang='lat' dir='ltr'><strong>enim</strong></span> <span class='ocrx_word' id='word_1_251' title='bbox 1694 3174 1813 3242; x_wconf 88' lang='lat' dir='ltr'><strong>ejus</strong></span> <span class='ocrx_word' id='word_1_252' title='bbox 1848 3186 1931 3229; x_wconf 85' lang='lat' dir='ltr'><strong>est</strong></span> <span class='ocrx_word' id='word_1_253' title='bbox 1961 3176 2023 3229; x_wconf 85' lang='lat' dir='ltr'><strong>fi-</strong></span> 
     </span>
    </p>
   </div>
   <div class='ocr_carea' id='block_1_36' title="bbox 442 3259 2022 3330">
    <p class='ocr_par' dir='ltr' id='par_1_36' title="bbox 442 3259 2022 3330">
     <span class='ocr_line' id='line_1_36' title="bbox 442 3259 2022 3330; baseline 0.006 -19"><span class='ocrx_word' id='word_1_254' title='bbox 442 3259 564 3323; x_wconf 87' lang='lat' dir='ltr'><strong>lius,</strong></span> <span class='ocrx_word' id='word_1_255' title='bbox 618 3260 898 3316; x_wconf 88' lang='lat' dir='ltr'><strong>divinitate</strong></span> <span class='ocrx_word' id='word_1_256' title='bbox 944 3262 1201 3317; x_wconf 89' lang='lat' dir='ltr'><strong>Dominus</strong></span> <span class='ocrx_word' id='word_1_257' title='bbox 1246 3272 1302 3317; x_wconf 91' lang='lat' dir='ltr'><strong>et</strong></span> <span class='ocrx_word' id='word_1_258' title='bbox 1347 3262 1593 3319; x_wconf 85' lang='lat' dir='ltr'><strong>Creator.</strong></span> <span class='ocrx_word' id='word_1_259' title='bbox 1626 3264 1776 3330; x_wconf 89' lang='lat' dir='ltr'><strong>Quod</strong></span> <span class='ocrx_word' id='word_1_260' title='bbox 1827 3268 1872 3319; x_wconf 86' lang='lat' dir='ltr'><strong>si</strong></span> <span class='ocrx_word' id='word_1_261' title='bbox 1920 3264 2022 3320; x_wconf 88' lang='lat' dir='ltr'><strong>hoc</strong></span> 
     </span>
    </p>
   </div>
   <div class='ocr_carea' id='block_1_37' title="bbox 441 3349 2022 3426">
    <p class='ocr_par' dir='ltr' id='par_1_37' title="bbox 441 3349 2022 3426">
     <span class='ocr_line' id='line_1_37' title="bbox 441 3349 2022 3426; baseline 0.006 -24"><span class='ocrx_word' id='word_1_262' title='bbox 441 3349 857 3417; x_wconf 82' lang='lat' dir='ltr'><strong>gubernaculum</strong></span> <span class='ocrx_word' id='word_1_263' title='bbox 892 3354 1212 3421; x_wconf 87' lang='lat' dir='ltr'><strong>imprudens</strong></span> <span class='ocrx_word' id='word_1_264' title='bbox 1243 3365 1405 3408; x_wconf 88' lang='lat' dir='ltr'><strong>nauta</strong></span> <span class='ocrx_word' id='word_1_265' title='bbox 1426 3356 1723 3425; x_wconf 88' lang='lat' dir='ltr'><strong>reliqueris,</strong></span> <span class='ocrx_word' id='word_1_266' title='bbox 1746 3356 1801 3411; x_wconf 88' lang='lat' dir='ltr'><strong>itt</strong></span> <span class='ocrx_word' id='word_1_267' title='bbox 1836 3370 2022 3426; x_wconf 88' lang='lat' dir='ltr'><strong>asper-</strong></span> 
     </span>
    </p>
   </div>
   <div class='ocr_carea' id='block_1_38' title="bbox 441 3442 2015 3502">
    <p class='ocr_par' dir='ltr' id='par_1_38' title="bbox 441 3442 2015 3502">
     <span class='ocr_line' id='line_1_38' title="bbox 441 3442 2015 3502; baseline 0.004 -8"><span class='ocrx_word' id='word_1_268' title='bbox 441 3442 605 3495; x_wconf 87' lang='lat' dir='ltr'><strong>rimas</strong></span> <span class='ocrx_word' id='word_1_269' title='bbox 632 3452 814 3496; x_wconf 85' lang='lat' dir='ltr'><strong>cautes</strong></span> <span class='ocrx_word' id='word_1_270' title='bbox 842 3445 1019 3497; x_wconf 89' lang='lat' dir='ltr'><strong>navim</strong></span> <span class='ocrx_word' id='word_1_271' title='bbox 1050 3458 1156 3499; x_wconf 67' lang='lat' dir='ltr'><strong>tua:</strong></span> <span class='ocrx_word' id='word_1_272' title='bbox 1186 3445 1307 3500; x_wconf 84' lang='lat' dir='ltr'><strong>ﬁdei</strong></span> <span class='ocrx_word' id='word_1_273' title='bbox 1361 3447 1479 3500; x_wconf 89' lang='lat' dir='ltr'><strong>sine</strong></span> <span class='ocrx_word' id='word_1_274' title='bbox 1516 3446 1851 3502; x_wconf 89' lang='lat' dir='ltr'><strong>dubitatione</strong></span> <span class='ocrx_word' id='word_1_275' title='bbox 1882 3462 2015 3501; x_wconf 90' lang='lat' dir='ltr'><strong>con-</strong></span> 
     </span>
    </p>
   </div>
   <div class='ocr_carea' id='block_1_39' title="bbox 441 3534 2013 3608">
    <p class='ocr_par' dir='ltr' id='par_1_39' title="bbox 441 3534 2013 3608">
     <span class='ocr_line' id='line_1_39' title="bbox 441 3534 2013 3608; baseline 0.004 -23"><span class='ocrx_word' id='word_1_276' title='bbox 441 3534 660 3603; x_wconf 88' lang='lat' dir='ltr'><strong>fringes.</strong></span> <span class='ocrx_word' id='word_1_277' title='bbox 689 3535 752 3587; x_wconf 90' lang='lat' dir='ltr'><strong>Et</strong></span> <span class='ocrx_word' id='word_1_278' title='bbox 784 3545 906 3589; x_wconf 92' lang='lat' dir='ltr'><strong>nota</strong></span> <span class='ocrx_word' id='word_1_279' title='bbox 930 3537 1071 3605; x_wconf 90' lang='lat' dir='ltr'><strong>quod</strong></span> <span class='ocrx_word' id='word_1_280' title='bbox 1106 3537 1190 3591; x_wconf 90' lang='lat' dir='ltr'><strong>hic</strong></span> <span class='ocrx_word' id='word_1_281' title='bbox 1222 3537 1453 3607; x_wconf 85' lang='lat' dir='ltr'><strong>psalmus</strong></span> <span class='ocrx_word' id='word_1_282' title='bbox 1486 3538 1756 3593; x_wconf 88' lang='lat' dir='ltr'><strong>secundus</strong></span> <span class='ocrx_word' id='word_1_283' title='bbox 1783 3547 1885 3604; x_wconf 89' lang='lat' dir='ltr'><strong>est,</strong></span> <span class='ocrx_word' id='word_1_284' title='bbox 1925 3539 2013 3608; x_wconf 90' lang='lat' dir='ltr'><strong>qui</strong></span> 
     </span>
    </p>
   </div>
   <div class='ocr_carea' id='block_1_40' title="bbox 441 3625 1258 3697">
    <p class='ocr_par' dir='ltr' id='par_1_40' title="bbox 441 3625 1258 3697">
     <span class='ocr_line' id='line_1_40' title="bbox 441 3625 1258 3697; baseline 0.002 -18"><span class='ocrx_word' id='word_1_285' title='bbox 441 3625 701 3680; x_wconf 89' lang='lat' dir='ltr'><strong>orationis</strong></span> <span class='ocrx_word' id='word_1_286' title='bbox 733 3628 883 3681; x_wconf 90' lang='lat' dir='ltr'><strong>titulo</strong></span> <span class='ocrx_word' id='word_1_287' title='bbox 910 3638 1258 3697; x_wconf 67' lang='lat' dir='ltr'><strong>praenotatur.</strong></span> 
     </span>
    </p>
   </div>
   <div class='ocr_carea' id='block_1_41' title="bbox 1013 3742 1438 3814">
    <p class='ocr_par' dir='ltr' id='par_1_41' title="bbox 1013 3742 1438 3814">
     <span class='ocr_line' id='line_1_41' title="bbox 1013 3742 1438 3814; baseline 0.002 -18"><span class='ocrx_word' id='word_1_288' title='bbox 1013 3742 1203 3798; x_wconf 80' lang='lat' dir='ltr'><strong>Divisio</strong></span> <span class='ocrx_word' id='word_1_289' title='bbox 1234 3745 1438 3814; x_wconf 82' lang='lat' dir='ltr'><strong>psalmi.</strong></span> 
     </span>
    </p>
   </div>
   <div class='ocr_carea' id='block_1_42' title="bbox 512 3853 2009 3927">
    <p class='ocr_par' dir='ltr' id='par_1_42' title="bbox 512 3853 2009 3927">
     <span class='ocr_line' id='line_1_42' title="bbox 512 3853 2009 3927; baseline 0.003 -18"><span class='ocrx_word' id='word_1_290' title='bbox 512 3853 611 3910; x_wconf 89' lang='lat' dir='ltr'><strong>Per</strong></span> <span class='ocrx_word' id='word_1_291' title='bbox 660 3864 826 3910; x_wconf 87' lang='lat' dir='ltr'><strong>totum</strong></span> <span class='ocrx_word' id='word_1_292' title='bbox 859 3857 1117 3925; x_wconf 89' lang='lat' dir='ltr'><strong>psalmum</strong></span> <span class='ocrx_word' id='word_1_293' title='bbox 1163 3868 1278 3913; x_wconf 89' lang='lat' dir='ltr'><strong>orat</strong></span> <span class='ocrx_word' id='word_1_294' title='bbox 1332 3858 1586 3913; x_wconf 91' lang='lat' dir='ltr'><strong>Dominus</strong></span> <span class='ocrx_word' id='word_1_295' title='bbox 1634 3858 1913 3927; x_wconf 82' lang='lat' dir='ltr'><strong>Christus,</strong></span> <span class='ocrx_word' id='word_1_296' title='bbox 1957 3860 2009 3914; x_wconf 93' lang='lat' dir='ltr'><strong>in</strong></span> 
     </span>
    </p>
   </div>
   <div class='ocr_carea' id='block_1_43' title="bbox 438 3945 2019 4021">
    <p class='ocr_par' dir='ltr' id='par_1_43' title="bbox 438 3945 2019 4021">
     <span class='ocr_line' id='line_1_43' title="bbox 438 3945 2019 4021; baseline 0.006 -23"><span class='ocrx_word' id='word_1_297' title='bbox 438 3945 606 4015; x_wconf 82' lang='lat' dir='ltr'><strong>prima</strong></span> <span class='ocrx_word' id='word_1_298' title='bbox 655 3948 893 4002; x_wconf 85' lang='lat' dir='ltr'><strong>sectione</strong></span> <span class='ocrx_word' id='word_1_299' title='bbox 940 3948 1123 4003; x_wconf 87' lang='lat' dir='ltr'><strong>dicens</strong></span> <span class='ocrx_word' id='word_1_300' title='bbox 1155 3965 1273 4019; x_wconf 87' lang='lat' dir='ltr'><strong>quae</strong></span> <span class='ocrx_word' id='word_1_301' title='bbox 1314 3950 1413 4018; x_wconf 84' lang='lat' dir='ltr'><strong>ipsi</strong></span> <span class='ocrx_word' id='word_1_302' title='bbox 1465 3960 1668 4005; x_wconf 88' lang='lat' dir='ltr'><strong>tantum</strong></span> <span class='ocrx_word' id='word_1_303' title='bbox 1722 3952 2019 4021; x_wconf 87' lang='lat' dir='ltr'><strong>probantur</strong></span> 
     </span>
    </p>
   </div>
   <div class='ocr_carea' id='block_1_44' title="bbox 437 4039 2019 4114">
    <p class='ocr_par' dir='ltr' id='par_1_44' title="bbox 437 4039 2019 4114">
     <span class='ocr_line' id='line_1_44' title="bbox 437 4039 2019 4114; baseline 0.004 -21"><span class='ocrx_word' id='word_1_304' title='bbox 437 4039 628 4108; x_wconf 86' lang='lat' dir='ltr'><strong>aptari.</strong></span> <span class='ocrx_word' id='word_1_305' title='bbox 659 4039 903 4095; x_wconf 89' lang='lat' dir='ltr'><strong>Secunda</strong></span> <span class='ocrx_word' id='word_1_306' title='bbox 936 4057 1031 4111; x_wconf 91' lang='lat' dir='ltr'><strong>pro</strong></span> <span class='ocrx_word' id='word_1_307' title='bbox 1060 4043 1316 4098; x_wconf 90' lang='lat' dir='ltr'><strong>membris</strong></span> <span class='ocrx_word' id='word_1_308' title='bbox 1344 4043 1455 4097; x_wconf 91' lang='lat' dir='ltr'><strong>suis</strong></span> <span class='ocrx_word' id='word_1_309' title='bbox 1476 4083 1492 4107; x_wconf 89' lang='lat'><strong>,</strong></span> <span class='ocrx_word' id='word_1_310' title='bbox 1525 4058 1753 4113; x_wconf 88' lang='lat' dir='ltr'><strong>quorum</strong></span> <span class='ocrx_word' id='word_1_311' title='bbox 1785 4044 1898 4114; x_wconf 90' lang='lat' dir='ltr'><strong>ipse</strong></span> <span class='ocrx_word' id='word_1_312' title='bbox 1926 4059 2019 4098; x_wconf 85' lang='lat' dir='ltr'><strong>ca-</strong></span> 
     </span>
    </p>
   </div>
   <div class='ocr_carea' id='block_1_45' title="bbox 439 4134 2016 4204">
    <p class='ocr_par' dir='ltr' id='par_1_45' title="bbox 439 4134 2016 4204">
     <span class='ocr_line' id='line_1_45' title="bbox 439 4134 2016 4204; baseline 0.004 -20"><span class='ocrx_word' id='word_1_313' title='bbox 439 4143 528 4201; x_wconf 88' lang='lat' dir='ltr'><strong>put</strong></span> <span class='ocrx_word' id='word_1_314' title='bbox 556 4144 657 4197; x_wconf 89' lang='lat' dir='ltr'><strong>est,</strong></span> <span class='ocrx_word' id='word_1_315' title='bbox 693 4134 944 4190; x_wconf 87' lang='lat' dir='ltr'><strong>humilius</strong></span> <span class='ocrx_word' id='word_1_316' title='bbox 983 4134 1323 4204; x_wconf 89' lang='lat' dir='ltr'><strong>deprecatur.</strong></span> <span class='ocrx_word' id='word_1_317' title='bbox 1368 4134 1550 4189; x_wconf 89' lang='lat' dir='ltr'><strong>Tertia</strong></span> <span class='ocrx_word' id='word_1_318' title='bbox 1596 4150 1663 4190; x_wconf 90' lang='lat' dir='ltr'><strong>ex</strong></span> <span class='ocrx_word' id='word_1_319' title='bbox 1695 4149 1787 4189; x_wconf 92' lang='lat' dir='ltr'><strong>sua</strong></span> <span class='ocrx_word' id='word_1_320' title='bbox 1822 4136 2016 4191; x_wconf 90' lang='lat' dir='ltr'><strong>iterum</strong></span> 
     </span>
    </p>
   </div>
   <div class='ocr_carea' id='block_1_46' title="bbox 438 4226 2007 4296">
    <p class='ocr_par' dir='ltr' id='par_1_46' title="bbox 438 4226 2007 4296">
     <span class='ocr_line' id='line_1_46' title="bbox 438 4226 2007 4296; baseline 0.002 -17"><span class='ocrx_word' id='word_1_321' title='bbox 438 4240 666 4295; x_wconf 51' lang='lat' dir='ltr'><strong>persona</strong></span> <span class='ocrx_word' id='word_1_322' title='bbox 693 4226 1013 4294; x_wconf 84' lang='lat' dir='ltr'><strong>reloquitur,</strong></span> <span class='ocrx_word' id='word_1_323' title='bbox 1044 4227 1185 4295; x_wconf 88' lang='lat' dir='ltr'><strong>quod</strong></span> <span class='ocrx_word' id='word_1_324' title='bbox 1217 4228 1281 4279; x_wconf 91' lang='lat' dir='ltr'><strong>ad</strong></span> <span class='ocrx_word' id='word_1_325' title='bbox 1310 4241 1432 4280; x_wconf 89' lang='lat' dir='ltr'><strong>eum</strong></span> <span class='ocrx_word' id='word_1_326' title='bbox 1474 4228 1785 4296; x_wconf 88' lang='lat' dir='ltr'><strong>specialiter</strong></span> <span class='ocrx_word' id='word_1_327' title='bbox 1811 4229 2007 4282; x_wconf 89' lang='lat' dir='ltr'><strong>intelli-</strong></span> 
     </span>
    </p>
   </div>
   <div class='ocr_carea' id='block_1_47' title="bbox 435 4316 2014 4388">
    <p class='ocr_par' dir='ltr' id='par_1_47' title="bbox 435 4316 2014 4388">
     <span class='ocr_line' id='line_1_47' title="bbox 435 4316 2014 4388; baseline 0.004 -21"><span class='ocrx_word' id='word_1_328' title='bbox 435 4330 529 4384; x_wconf 82' lang='lat' dir='ltr'><strong>gas</strong></span> <span class='ocrx_word' id='word_1_329' title='bbox 561 4318 850 4383; x_wconf 89' lang='lat' dir='ltr'><strong>pertinere.</strong></span> <span class='ocrx_word' id='word_1_330' title='bbox 881 4316 985 4371; x_wconf 88' lang='lat' dir='ltr'><strong>Sed</strong></span> <span class='ocrx_word' id='word_1_331' title='bbox 1018 4318 1131 4371; x_wconf 63' lang='lat' dir='ltr'><strong>haec</strong></span> <span class='ocrx_word' id='word_1_332' title='bbox 1153 4318 1331 4370; x_wconf 90' lang='lat' dir='ltr'><strong>omnia</strong></span> <span class='ocrx_word' id='word_1_333' title='bbox 1364 4332 1498 4372; x_wconf 91' lang='lat' dir='ltr'><strong>unus</strong></span> <span class='ocrx_word' id='word_1_334' title='bbox 1520 4328 1678 4388; x_wconf 89' lang='lat' dir='ltr'><strong>atque</strong></span> <span class='ocrx_word' id='word_1_335' title='bbox 1703 4319 1841 4374; x_wconf 90' lang='lat' dir='ltr'><strong>idem</strong></span> <span class='ocrx_word' id='word_1_336' title='bbox 1873 4319 2014 4374; x_wconf 85' lang='lat' dir='ltr'><strong>Deus</strong></span> 
     </span>
    </p>
   </div>
   <div class='ocr_carea' id='block_1_48' title="bbox 440 4407 1152 4479">
    <p class='ocr_par' dir='ltr' id='par_1_48' title="bbox 440 4407 1152 4479">
     <span class='ocr_line' id='line_1_48' title="bbox 440 4407 1152 4479; baseline 0.001 -16"><span class='ocrx_word' id='word_1_337' title='bbox 440 4407 598 4463; x_wconf 90' lang='lat' dir='ltr'><strong>homo</strong></span> <span class='ocrx_word' id='word_1_338' title='bbox 627 4410 861 4479; x_wconf 89' lang='lat' dir='ltr'><strong>loquitur</strong></span> <span class='ocrx_word' id='word_1_339' title='bbox 885 4407 1152 4464; x_wconf 73' lang='lat' dir='ltr'><strong>Christus.</strong></span> 
     </span>
    </p>
   </div>
   <div class='ocr_carea' id='block_1_49' title="bbox 973 4520 1481 4593">
    <p class='ocr_par' dir='ltr' id='par_1_49' title="bbox 973 4520 1481 4593">
     <span class='ocr_line' id='line_1_49' title="bbox 973 4520 1481 4593; baseline 0.008 -20"><span class='ocrx_word' id='word_1_340' title='bbox 973 4520 1235 4591; x_wconf 71' lang='lat' dir='ltr'><strong>Expositio</strong></span> <span class='ocrx_word' id='word_1_341' title='bbox 1277 4524 1481 4593; x_wconf 86' lang='lat' dir='ltr'><strong>psalmi.</strong></span> 
     </span>
    </p>
   </div>
   <div class='ocr_carea' id='block_1_50' title="bbox 513 4633 2017 4703">
    <p class='ocr_par' dir='ltr' id='par_1_50' title="bbox 513 4633 2017 4703">
     <span class='ocr_line' id='line_1_50' title="bbox 513 4633 2017 4703; baseline 0.002 -18"><span class='ocrx_word' id='word_1_342' title='bbox 513 4635 661 4689; x_wconf 80' lang='lat' dir='ltr'><strong>Vers.</strong></span> <span class='ocrx_word' id='word_1_343' title='bbox 701 4635 747 4687; x_wconf 84' lang='grc'><strong>1.</strong></span> <span class='ocrx_word' id='word_1_344' title='bbox 779 4633 1018 4701; x_wconf 85' lang='lat' dir='ltr'><strong>Inclina,</strong></span> <span class='ocrx_word' id='word_1_345' title='bbox 1058 4634 1304 4700; x_wconf 84' lang='lat' dir='ltr'><strong>Domine,</strong></span> <span class='ocrx_word' id='word_1_346' title='bbox 1331 4652 1505 4690; x_wconf 88' lang='lat' dir='ltr'><strong>aurem</strong></span> <span class='ocrx_word' id='word_1_347' title='bbox 1553 4645 1693 4689; x_wconf 90' lang='lat' dir='ltr'><strong>tuam</strong></span> <span class='ocrx_word' id='word_1_348' title='bbox 1735 4638 1804 4689; x_wconf 85' lang='lat' dir='ltr'><strong>ad</strong></span> <span class='ocrx_word' id='word_1_349' title='bbox 1837 4645 2017 4703; x_wconf 82' lang='lat' dir='ltr'><strong>me,-et</strong></span> 
     </span>
    </p>
   </div>
   <div class='ocr_carea' id='block_1_51' title="bbox 438 4727 2015 4800">
    <p class='ocr_par' dir='ltr' id='par_1_51' title="bbox 438 4727 2015 4800">
     <span class='ocr_line' id='line_1_51' title="bbox 438 4727 2015 4800; baseline -0.001 -19"><span class='ocrx_word' id='word_1_350' title='bbox 438 4727 628 4781; x_wconf 79' lang='lat' dir='ltr'><strong>exaudi</strong></span> <span class='ocrx_word' id='word_1_351' title='bbox 644 4743 741 4794; x_wconf 88' lang='lat' dir='ltr'><strong>me,</strong></span> <span class='ocrx_word' id='word_1_352' title='bbox 762 4728 994 4796; x_wconf 81' lang='lat' dir='ltr'><strong>quoniam</strong></span> <span class='ocrx_word' id='word_1_353' title='bbox 1021 4743 1205 4796; x_wconf 81' lang='lat' dir='ltr'><strong>egenus</strong></span> <span class='ocrx_word' id='word_1_354' title='bbox 1220 4738 1262 4780; x_wconf 87' lang='lat' dir='ltr'><strong>et</strong></span> <span class='ocrx_word' id='word_1_355' title='bbox 1289 4745 1480 4799; x_wconf 86' lang='lat' dir='ltr'><strong>pauper</strong></span> <span class='ocrx_word' id='word_1_356' title='bbox 1492 4744 1600 4781; x_wconf 80' lang='lat' dir='ltr'><strong>sum</strong></span> <span class='ocrx_word' id='word_1_357' title='bbox 1615 4744 1726 4800; x_wconf 92' lang='lat' dir='ltr'><strong>ego.</strong></span> <span class='ocrx_word' id='word_1_358' title='bbox 1746 4728 1823 4783; x_wconf 81' lang='lat' dir='ltr'><strong>Ex</strong></span> <span class='ocrx_word' id='word_1_359' title='bbox 1844 4728 2015 4781; x_wconf 87' lang='lat' dir='ltr'><strong>forma</strong></span> 
     </span>
    </p>
   </div>
   <div class='ocr_carea' id='block_1_52' title="bbox 436 4819 2015 4890">
    <p class='ocr_par' dir='ltr' id='par_1_52' title="bbox 436 4819 2015 4890">
     <span class='ocr_line' id='line_1_52' title="bbox 436 4819 2015 4890; baseline 0 -16"><span class='ocrx_word' id='word_1_360' title='bbox 436 4821 575 4874; x_wconf 78' lang='lat' dir='ltr'><strong>servi</strong></span> <span class='ocrx_word' id='word_1_361' title='bbox 629 4819 807 4888; x_wconf 90' lang='lat' dir='ltr'><strong>(sicut</strong></span> <span class='ocrx_word' id='word_1_362' title='bbox 854 4819 1062 4888; x_wconf 70' lang='lat' dir='ltr'><strong>prmfati</strong></span> <span class='ocrx_word' id='word_1_363' title='bbox 1093 4821 1322 4889; x_wconf 90' lang='lat' dir='ltr'><strong>sumus)</strong></span> <span class='ocrx_word' id='word_1_364' title='bbox 1367 4820 1613 4875; x_wconf 89' lang='lat' dir='ltr'><strong>Christus</strong></span> <span class='ocrx_word' id='word_1_365' title='bbox 1664 4821 2015 4890; x_wconf 88' lang='lat' dir='ltr'><strong>omnipotenti</strong></span> 
     </span>
    </p>
   </div>
   <div class='ocr_carea' id='block_1_53' title="bbox 434 4911 2014 4981">
    <p class='ocr_par' dir='ltr' id='par_1_53' title="bbox 434 4911 2014 4981">
     <span class='ocr_line' id='line_1_53' title="bbox 434 4911 2014 4981; baseline 0.001 -17"><span class='ocrx_word' id='word_1_366' title='bbox 434 4912 695 4980; x_wconf 76' lang='lat' dir='ltr'><strong>supplicat</strong></span> <span class='ocrx_word' id='word_1_367' title='bbox 728 4912 889 4977; x_wconf 87' lang='lat' dir='ltr'><strong>Patri,</strong></span> <span class='ocrx_word' id='word_1_368' title='bbox 926 4920 979 4964; x_wconf 93' lang='lat' dir='ltr'><strong>ut</strong></span> <span class='ocrx_word' id='word_1_369' title='bbox 1009 4914 1125 4979; x_wconf 71' lang='lat' dir='ltr'><strong>eius</strong></span> <span class='ocrx_word' id='word_1_370' title='bbox 1154 4913 1471 4967; x_wconf 86' lang='lat' dir='ltr'><strong>exaudiatur</strong></span> <span class='ocrx_word' id='word_1_371' title='bbox 1492 4914 1687 4967; x_wconf 87' lang='lat' dir='ltr'><strong>oratio.</strong></span> <span class='ocrx_word' id='word_1_372' title='bbox 1718 4913 1849 4967; x_wconf 84' lang='lat' dir='ltr'><strong>Nam</strong></span> <span class='ocrx_word' id='word_1_373' title='bbox 1873 4911 2014 4981; x_wconf 91' lang='lat' dir='ltr'><strong>quod</strong></span> 
     </span>
    </p>
   </div>
   <div class='ocr_carea' id='block_1_54' title="bbox 435 5002 2015 5073">
    <p class='ocr_par' dir='ltr' id='par_1_54' title="bbox 435 5002 2015 5073">
     <span class='ocr_line' id='line_1_54' title="bbox 435 5002 2015 5073; baseline -0.001 -15"><span class='ocrx_word' id='word_1_374' title='bbox 435 5005 564 5058; x_wconf 89' lang='lat' dir='ltr'><strong>dicit</strong></span> <span class='ocrx_word' id='word_1_375' title='bbox 594 5021 606 5056; x_wconf 91' lang='lat'><strong>:</strong></span> <span class='ocrx_word' id='word_1_376' title='bbox 641 5002 863 5070; x_wconf 85' lang='lat' dir='ltr'><strong>luclina,</strong></span> <span class='ocrx_word' id='word_1_377' title='bbox 895 5004 1130 5058; x_wconf 88' lang='lat' dir='ltr'><strong>ostendit</strong></span> <span class='ocrx_word' id='word_1_378' title='bbox 1162 5004 1283 5073; x_wconf 88' lang='lat' dir='ltr'><strong>quia</strong></span> <span class='ocrx_word' id='word_1_379' title='bbox 1315 5019 1373 5059; x_wconf 90' lang='lat' dir='ltr'><strong>se</strong></span> <span class='ocrx_word' id='word_1_380' title='bbox 1420 5004 1485 5058; x_wconf 91' lang='lat' dir='ltr'><strong>ad</strong></span> <span class='ocrx_word' id='word_1_381' title='bbox 1516 5004 1688 5072; x_wconf 90' lang='lat' dir='ltr'><strong>ipsum</strong></span> <span class='ocrx_word' id='word_1_382' title='bbox 1719 5003 2015 5059; x_wconf 76' lang='lat' dir='ltr'><strong>extendere</strong></span> 
     </span>
    </p>
   </div>
   <div class='ocr_carea' id='block_1_55' title="bbox 436 5094 2017 5164">
    <p class='ocr_par' dir='ltr' id='par_1_55' title="bbox 436 5094 2017 5164">
     <span class='ocr_line' id='line_1_55' title="bbox 436 5094 2017 5164; baseline -0.003 -13"><span class='ocrx_word' id='word_1_383' title='bbox 436 5112 540 5151; x_wconf 89' lang='lat' dir='ltr'><strong>non</strong></span> <span class='ocrx_word' id='word_1_384' title='bbox 569 5104 775 5164; x_wconf 89' lang='lat' dir='ltr'><strong>poterat</strong></span> <span class='ocrx_word' id='word_1_385' title='bbox 803 5095 1032 5148; x_wconf 84' lang='lat' dir='ltr'><strong>humana</strong></span> <span class='ocrx_word' id='word_1_386' title='bbox 1057 5095 1311 5164; x_wconf 64' lang='lat' dir='ltr'><strong>conddio,</strong></span> <span class='ocrx_word' id='word_1_387' title='bbox 1345 5096 1445 5149; x_wconf 90' lang='lat' dir='ltr'><strong>nisi</strong></span> <span class='ocrx_word' id='word_1_388' title='bbox 1492 5094 1608 5163; x_wconf 88' lang='lat' dir='ltr'><strong>ipse</strong></span> <span class='ocrx_word' id='word_1_389' title='bbox 1651 5109 1801 5148; x_wconf 87' lang='lat' dir='ltr'><strong>suam</strong></span> <span class='ocrx_word' id='word_1_390' title='bbox 1858 5094 2017 5160; x_wconf 82' lang='lat' dir='ltr'><strong>Maje-</strong></span> 
     </span>
    </p>
   </div>
   <div class='ocr_carea' id='block_1_56' title="bbox 433 5186 2014 5257">
    <p class='ocr_par' dir='ltr' id='par_1_56' title="bbox 433 5186 2014 5257">
     <span class='ocr_line' id='line_1_56' title="bbox 433 5186 2014 5257; baseline -0.003 -14"><span class='ocrx_word' id='word_1_391' title='bbox 433 5200 624 5243; x_wconf 74' lang='lat' dir='ltr'><strong>statam</strong></span> <span class='ocrx_word' id='word_1_392' title='bbox 674 5189 942 5257; x_wconf 80' lang='lat' dir='ltr'><strong>piissimus</strong></span> <span class='ocrx_word' id='word_1_393' title='bbox 977 5188 1267 5243; x_wconf 81' lang='lat' dir='ltr'><strong>inclinaret.</strong></span> <span class='ocrx_word' id='word_1_394' title='bbox 1320 5192 1504 5241; x_wconf 81' lang='lat' dir='ltr'><strong>Aurem</strong></span> <span class='ocrx_word' id='word_1_395' title='bbox 1553 5187 1693 5241; x_wconf 89' lang='lat' dir='ltr'><strong>enim</strong></span> <span class='ocrx_word' id='word_1_396' title='bbox 1727 5186 1873 5250; x_wconf 85' lang='lat' dir='ltr'><strong>dicit,</strong></span> <span class='ocrx_word' id='word_1_397' title='bbox 1907 5201 2014 5239; x_wconf 93' lang='lat' dir='ltr'><strong>non</strong></span> 
     </span>
    </p>
   </div>
   <div class='ocr_carea' id='block_1_57' title="bbox 436 5277 2009 5346">
    <p class='ocr_par' dir='ltr' id='par_1_57' title="bbox 436 5277 2009 5346">
     <span class='ocr_line' id='line_1_57' title="bbox 436 5277 2009 5346; baseline -0.002 -15"><span class='ocrx_word' id='word_1_398' title='bbox 436 5280 591 5332; x_wconf 87' lang='lat' dir='ltr'><strong>istam</strong></span> <span class='ocrx_word' id='word_1_399' title='bbox 624 5293 933 5346; x_wconf 76' lang='lat' dir='ltr'><strong>corpoream</strong></span> <span class='ocrx_word' id='word_1_400' title='bbox 959 5318 973 5341; x_wconf 89' lang='lat'><strong>,</strong></span> <span class='ocrx_word' id='word_1_401' title='bbox 1023 5278 1117 5333; x_wconf 81' lang='lat' dir='ltr'><strong>sed</strong></span> <span class='ocrx_word' id='word_1_402' title='bbox 1159 5279 1396 5333; x_wconf 89' lang='lat' dir='ltr'><strong>auditum</strong></span> <span class='ocrx_word' id='word_1_403' title='bbox 1444 5279 1588 5330; x_wconf 89' lang='lat' dir='ltr'><strong>illum</strong></span> <span class='ocrx_word' id='word_1_404' title='bbox 1639 5277 2009 5345; x_wconf 88' lang='lat' dir='ltr'><strong>spiritualem,</strong></span> 
     </span>
    </p>
   </div>
   <div class='ocr_carea' id='block_1_58' title="bbox 434 5368 2013 5441">
    <p class='ocr_par' dir='ltr' id='par_1_58' title="bbox 434 5368 2013 5441">
     <span class='ocr_line' id='line_1_58' title="bbox 434 5368 2013 5441; baseline -0.003 -16"><span class='ocrx_word' id='word_1_405' title='bbox 434 5388 540 5437; x_wconf 91' lang='lat' dir='ltr'><strong>quo</strong></span> <span class='ocrx_word' id='word_1_406' title='bbox 571 5374 860 5441; x_wconf 73' lang='lat' dir='ltr'><strong>petentium</strong></span> <span class='ocrx_word' id='word_1_407' title='bbox 893 5383 1011 5426; x_wconf 74' lang='lat' dir='ltr'><strong>vota</strong></span> <span class='ocrx_word' id='word_1_408' title='bbox 1038 5371 1334 5439; x_wconf 81' lang='lat' dir='ltr'><strong>cognoscit.</strong></span> <span class='ocrx_word' id='word_1_409' title='bbox 1366 5369 1496 5423; x_wconf 86' lang='lat' dir='ltr'><strong>Nam</strong></span> <span class='ocrx_word' id='word_1_410' title='bbox 1539 5384 1634 5438; x_wconf 91' lang='lat' dir='ltr'><strong>per</strong></span> <span class='ocrx_word' id='word_1_411' title='bbox 1658 5368 2013 5438; x_wconf 88' lang='lat' dir='ltr'><strong>tropologiaiu</strong></span> 
     </span>
    </p>
   </div>
   <div class='ocr_carea' id='block_1_59' title="bbox 435 5461 2013 5534">
    <p class='ocr_par' dir='ltr' id='par_1_59' title="bbox 435 5461 2013 5534">
     <span class='ocr_line' id='line_1_59' title="bbox 435 5461 2013 5534; baseline -0.001 -17"><span class='ocrx_word' id='word_1_412' title='bbox 435 5463 559 5517; x_wconf 91' lang='lat' dir='ltr'><strong>talia</strong></span> <span class='ocrx_word' id='word_1_413' title='bbox 601 5464 667 5517; x_wconf 82' lang='lat' dir='ltr'><strong>de</strong></span> <span class='ocrx_word' id='word_1_414' title='bbox 704 5464 988 5530; x_wconf 73' lang='lat' dir='ltr'><strong>Deo‘dici,</strong></span> <span class='ocrx_word' id='word_1_415' title='bbox 1032 5464 1297 5534; x_wconf 81' lang='lat' dir='ltr'><strong>frequenti</strong></span> <span class='ocrx_word' id='word_1_416' title='bbox 1334 5464 1669 5531; x_wconf 86' lang='lat' dir='ltr'><strong>expositione</strong></span> <span class='ocrx_word' id='word_1_417' title='bbox 1720 5461 1834 5531; x_wconf 90' lang='lat' dir='ltr'><strong>jam</strong></span> <span class='ocrx_word' id='word_1_418' title='bbox 1887 5471 2013 5516; x_wconf 90' lang='lat' dir='ltr'><strong>nota</strong></span> 
     </span>
    </p>
   </div>
   <div class='ocr_carea' id='block_1_60' title="bbox 434 5554 2010 5626">
    <p class='ocr_par' dir='ltr' id='par_1_60' title="bbox 434 5554 2010 5626">
     <span class='ocr_line' id='line_1_60' title="bbox 434 5554 2010 5626; baseline -0.001 -17"><span class='ocrx_word' id='word_1_419' title='bbox 434 5569 577 5610; x_wconf 83' lang='lat' dir='ltr'><strong>sunt.</strong></span> <span class='ocrx_word' id='word_1_420' title='bbox 609 5554 816 5611; x_wconf 72' lang='lat' dir='ltr'><strong>Exaudi</strong></span> <span class='ocrx_word' id='word_1_421' title='bbox 841 5567 1017 5613; x_wconf 88' lang='lat' dir='ltr'><strong>autem</strong></span> <span class='ocrx_word' id='word_1_422' title='bbox 1045 5573 1143 5623; x_wconf 86' lang='lat' dir='ltr'><strong>me,</strong></span> <span class='ocrx_word' id='word_1_423' title='bbox 1174 5557 1459 5626; x_wconf 79' lang='lat' dir='ltr'><strong>significat,</strong></span> <span class='ocrx_word' id='word_1_424' title='bbox 1493 5566 1550 5610; x_wconf 91' lang='lat' dir='ltr'><strong>ut</strong></span> <span class='ocrx_word' id='word_1_425' title='bbox 1594 5572 1712 5611; x_wconf 88' lang='lat' dir='ltr'><strong>mea</strong></span> <span class='ocrx_word' id='word_1_426' title='bbox 1741 5555 2010 5613; x_wconf 86' lang='lat' dir='ltr'><strong>desideria</strong></span> 
     </span>
    </p>
   </div>
   <div class='ocr_carea' id='block_1_61' title="bbox 433 5649 2012 5719">
    <p class='ocr_par' dir='ltr' id='par_1_61' title="bbox 433 5649 2012 5719">
     <span class='ocr_line' id='line_1_61' title="bbox 433 5649 2012 5719; baseline 0.006 -18"><span class='ocrx_word' id='word_1_427' title='bbox 433 5649 832 5716; x_wconf 82' lang='lat' dir='ltr'><strong>compleantur;</strong></span> <span class='ocrx_word' id='word_1_428' title='bbox 885 5658 1146 5718; x_wconf 81' lang='lat' dir='ltr'><strong>quatenus</strong></span> <span class='ocrx_word' id='word_1_429' title='bbox 1200 5650 1593 5708; x_wconf 81' lang='lat' dir='ltr'><strong>resurrectione</strong></span> <span class='ocrx_word' id='word_1_430' title='bbox 1649 5663 1751 5719; x_wconf 79' lang='lat' dir='ltr'><strong>ego</strong></span> <span class='ocrx_word' id='word_1_431' title='bbox 1800 5662 2012 5718; x_wconf 82' lang='lat' dir='ltr'><strong>quoque</strong></span> 
     </span>
    </p>
   </div>
   <div class='ocr_carea' id='block_1_62' title="bbox 2137 399 3655 479">
    <p class='ocr_par' dir='ltr' id='par_1_62' title="bbox 2137 399 3655 479">
     <span class='ocr_line' id='line_1_62' title="bbox 2137 399 3655 479; baseline 0.007 -25"><span class='ocrx_word' id='word_1_432' title='bbox 2137 399 2391 454; x_wconf 87' lang='lat' dir='ltr'><strong>vandum.</strong></span> <span class='ocrx_word' id='word_1_433' title='bbox 2425 399 2658 455; x_wconf 87' lang='lat' dir='ltr'><strong>Dicendo</strong></span> <span class='ocrx_word' id='word_1_434' title='bbox 2688 402 2829 455; x_wconf 88' lang='lat' dir='ltr'><strong>enim</strong></span> <span class='ocrx_word' id='word_1_435' title='bbox 2859 418 3072 472; x_wconf 79' lang='lat' dir='ltr'><strong>egenum</strong></span> <span class='ocrx_word' id='word_1_436' title='bbox 3110 417 3164 455; x_wconf 79' lang='lat' dir='ltr'><strong>se</strong></span> <span class='ocrx_word' id='word_1_437' title='bbox 3191 418 3293 456; x_wconf 81' lang='lat' dir='ltr'><strong>esse</strong></span> <span class='ocrx_word' id='word_1_438' title='bbox 3316 414 3361 457; x_wconf 88' lang='lat' dir='ltr'><strong>et</strong></span> <span class='ocrx_word' id='word_1_439' title='bbox 3400 422 3655 479; x_wconf 81' lang='lat' dir='ltr'><strong>pauperem,</strong></span> 
     </span>
    </p>
   </div>
   <div class='ocr_carea' id='block_1_63' title="bbox 2134 494 3663 566">
    <p class='ocr_par' dir='ltr' id='par_1_63' title="bbox 2134 494 3663 566">
     <span class='ocr_line' id='line_1_63' title="bbox 2134 494 3663 566; baseline 0.005 -17"><span class='ocrx_word' id='word_1_440' title='bbox 2134 494 2502 549; x_wconf 87' lang='lat' dir='ltr'><strong>conditionem</strong></span> <span class='ocrx_word' id='word_1_441' title='bbox 2533 535 2546 558; x_wconf 84' lang='lat'>.</span> <span class='ocrx_word' id='word_1_442' title='bbox 2581 509 2738 563; x_wconf 88' lang='lat' dir='ltr'><strong>quam</strong></span> <span class='ocrx_word' id='word_1_443' title='bbox 2780 503 3088 564; x_wconf 90' lang='lat' dir='ltr'><strong>susceperat</strong></span> <span class='ocrx_word' id='word_1_444' title='bbox 3118 496 3440 551; x_wconf 85' lang='lat' dir='ltr'><strong>humanitatis</strong></span> <span class='ocrx_word' id='word_1_445' title='bbox 3460 541 3473 566; x_wconf 94' lang='lat'><strong>,</strong></span> <span class='ocrx_word' id='word_1_446' title='bbox 3502 511 3663 557; x_wconf 84' lang='lat' dir='ltr'><strong>osten-</strong></span> 
     </span>
    </p>
   </div>
   <div class='ocr_carea' id='block_1_64' title="bbox 2133 583 3660 661">
    <p class='ocr_par' dir='ltr' id='par_1_64' title="bbox 2133 583 3660 661">
     <span class='ocr_line' id='line_1_64' title="bbox 2133 583 3660 661; baseline 0.007 -25"><span class='ocrx_word' id='word_1_447' title='bbox 2133 583 2249 649; x_wconf 88' lang='lat' dir='ltr'><strong>dit,</strong></span> <span class='ocrx_word' id='word_1_448' title='bbox 2296 599 2414 653; x_wconf 65' lang='lat' dir='ltr'><strong>quas</strong></span> <span class='ocrx_word' id='word_1_449' title='bbox 2445 600 2507 640; x_wconf 87' lang='lat' dir='ltr'><strong>ex</strong></span> <span class='ocrx_word' id='word_1_450' title='bbox 2543 599 2601 638; x_wconf 87' lang='lat' dir='ltr'><strong>se</strong></span> <span class='ocrx_word' id='word_1_451' title='bbox 2629 583 2759 639; x_wconf 80' lang='lat' dir='ltr'><strong>nihil</strong></span> <span class='ocrx_word' id='word_1_452' title='bbox 2802 584 2998 639; x_wconf 87' lang='lat' dir='ltr'><strong>habere</strong></span> <span class='ocrx_word' id='word_1_453' title='bbox 3039 594 3228 651; x_wconf 86' lang='lat' dir='ltr'><strong>potest,</strong></span> <span class='ocrx_word' id='word_1_454' title='bbox 3255 588 3348 640; x_wconf 65' lang='lat' dir='ltr'><strong>nisi</strong></span> <span class='ocrx_word' id='word_1_455' title='bbox 3375 590 3503 657; x_wconf 90' lang='lat' dir='ltr'><strong>quod</strong></span> <span class='ocrx_word' id='word_1_456' title='bbox 3525 592 3660 661; x_wconf 81' lang='lat' dir='ltr'><strong>largi-</strong></span> 
     </span>
    </p>
   </div>
   <div class='ocr_carea' id='block_1_65' title="bbox 2135 677 3665 751">
    <p class='ocr_par' dir='ltr' id='par_1_65' title="bbox 2135 677 3665 751">
     <span class='ocr_line' id='line_1_65' title="bbox 2135 677 3665 751; baseline 0.005 -20"><span class='ocrx_word' id='word_1_457' title='bbox 2135 686 2242 731; x_wconf 83' lang='lat' dir='ltr'><strong>tate</strong></span> <span class='ocrx_word' id='word_1_458' title='bbox 2273 677 2576 731; x_wconf 89' lang='lat' dir='ltr'><strong>Diviuitatis</strong></span> <span class='ocrx_word' id='word_1_459' title='bbox 2598 678 2885 746; x_wconf 84' lang='lat' dir='ltr'><strong>acceperit.</strong></span> <span class='ocrx_word' id='word_1_460' title='bbox 2922 677 3152 731; x_wconf 85' lang='lat' dir='ltr'><strong>Audiant</strong></span> <span class='ocrx_word' id='word_1_461' title='bbox 3171 681 3314 745; x_wconf 85' lang='lat' dir='ltr'><strong>egeni</strong></span> <span class='ocrx_word' id='word_1_462' title='bbox 3344 690 3393 734; x_wconf 90' lang='lat' dir='ltr'><strong>et</strong></span> <span class='ocrx_word' id='word_1_463' title='bbox 3418 696 3665 751; x_wconf 85' lang='lat' dir='ltr'><strong>pauperes,</strong></span> 
     </span>
    </p>
   </div>
   <div class='ocr_carea' id='block_1_66' title="bbox 2134 769 3667 843">
    <p class='ocr_par' dir='ltr' id='par_1_66' title="bbox 2134 769 3667 843">
     <span class='ocr_line' id='line_1_66' title="bbox 2134 769 3667 843; baseline 0.005 -21"><span class='ocrx_word' id='word_1_464' title='bbox 2134 783 2372 837; x_wconf 88' lang='lat' dir='ltr'><strong>suosque</strong></span> <span class='ocrx_word' id='word_1_465' title='bbox 2403 771 2611 824; x_wconf 88' lang='lat' dir='ltr'><strong>animos</strong></span> <span class='ocrx_word' id='word_1_466' title='bbox 2647 770 2736 823; x_wconf 86' lang='lat' dir='ltr'><strong>tali</strong></span> <span class='ocrx_word' id='word_1_467' title='bbox 2769 769 2939 838; x_wconf 83' lang='lat' dir='ltr'><strong>gloria</strong></span> <span class='ocrx_word' id='word_1_468' title='bbox 2972 771 3343 835; x_wconf 86' lang='lat' dir='ltr'><strong>consolentur,</strong></span> <span class='ocrx_word' id='word_1_469' title='bbox 3378 775 3571 843; x_wconf 87' lang='lat' dir='ltr'><strong>quando</strong></span> <span class='ocrx_word' id='word_1_470' title='bbox 3599 792 3667 830; x_wconf 86' lang='lat' dir='ltr'><strong>re-</strong></span> 
     </span>
    </p>
   </div>
   <div class='ocr_carea' id='block_1_67' title="bbox 2134 860 3671 932">
    <p class='ocr_par' dir='ltr' id='par_1_67' title="bbox 2134 860 3671 932">
     <span class='ocr_line' id='line_1_67' title="bbox 2134 860 3671 932; baseline 0.005 -17"><span class='ocrx_word' id='word_1_471' title='bbox 2134 876 2257 915; x_wconf 83' lang='lat' dir='ltr'><strong>rum</strong></span> <span class='ocrx_word' id='word_1_472' title='bbox 2304 860 2561 915; x_wconf 88' lang='lat' dir='ltr'><strong>Dominus</strong></span> <span class='ocrx_word' id='word_1_473' title='bbox 2590 862 2692 915; x_wconf 88' lang='lat' dir='ltr'><strong>hoc</strong></span> <span class='ocrx_word' id='word_1_474' title='bbox 2731 861 2800 915; x_wconf 86' lang='lat' dir='ltr'><strong>de</strong></span> <span class='ocrx_word' id='word_1_475' title='bbox 2851 876 2910 916; x_wconf 88' lang='lat' dir='ltr'><strong>se</strong></span> <span class='ocrx_word' id='word_1_476' title='bbox 2957 862 3130 925; x_wconf 89' lang='lat' dir='ltr'><strong>dicit,</strong></span> <span class='ocrx_word' id='word_1_477' title='bbox 3185 865 3320 932; x_wconf 84' lang='lat' dir='ltr'><strong>quod</strong></span> <span class='ocrx_word' id='word_1_478' title='bbox 3352 868 3671 932; x_wconf 81' lang='lat' dir='ltr'><strong>pusillanimes</strong></span> 
     </span>
    </p>
   </div>
   <div class='ocr_carea' id='block_1_68' title="bbox 2139 951 3672 1022">
    <p class='ocr_par' dir='ltr' id='par_1_68' title="bbox 2139 951 3672 1022">
     <span class='ocr_line' id='line_1_68' title="bbox 2139 951 3672 1022; baseline 0.006 -17"><span class='ocrx_word' id='word_1_479' title='bbox 2139 951 2454 1022; x_wconf 85' lang='lat' dir='ltr'><strong>frequenter</strong></span> <span class='ocrx_word' id='word_1_480' title='bbox 2482 951 2857 1022; x_wconf 88' lang='lat' dir='ltr'><strong>applicandum</strong></span> <span class='ocrx_word' id='word_1_481' title='bbox 2906 962 3095 1021; x_wconf 89' lang='lat' dir='ltr'><strong>putant</strong></span> <span class='ocrx_word' id='word_1_482' title='bbox 3140 968 3260 1007; x_wconf 87' lang='lat' dir='ltr'><strong>esse</strong></span> <span class='ocrx_word' id='word_1_483' title='bbox 3307 956 3538 1014; x_wconf 83' lang='lat' dir='ltr'><strong>miseriis.</strong></span> <span class='ocrx_word' id='word_1_484' title='bbox 3583 959 3672 1014; x_wconf 73' lang='lat' dir='ltr'><strong>Sed</strong></span> 
     </span>
    </p>
   </div>
   <div class='ocr_carea' id='block_1_69' title="bbox 2136 1043 3672 1114">
    <p class='ocr_par' dir='ltr' id='par_1_69' title="bbox 2136 1043 3672 1114">
     <span class='ocr_line' id='line_1_69' title="bbox 2136 1043 3672 1114; baseline 0.003 -17"><span class='ocrx_word' id='word_1_485' title='bbox 2136 1058 2237 1098; x_wconf 88' lang='lat' dir='ltr'><strong>nec</strong></span> <span class='ocrx_word' id='word_1_486' title='bbox 2266 1044 2392 1098; x_wconf 88' lang='lat' dir='ltr'><strong>illos</strong></span> <span class='ocrx_word' id='word_1_487' title='bbox 2437 1045 2705 1110; x_wconf 79' lang='lat' dir='ltr'><strong>excludit,</strong></span> <span class='ocrx_word' id='word_1_488' title='bbox 2738 1044 2825 1113; x_wconf 88' lang='lat' dir='ltr'><strong>qui</strong></span> <span class='ocrx_word' id='word_1_489' title='bbox 2877 1044 2928 1096; x_wconf 91' lang='lat' dir='ltr'><strong>in</strong></span> <span class='ocrx_word' id='word_1_490' title='bbox 2959 1043 3159 1098; x_wconf 68' lang='lat' dir='ltr'><strong>divitiis</strong></span> <span class='ocrx_word' id='word_1_491' title='bbox 3188 1044 3294 1098; x_wconf 85' lang='lat' dir='ltr'><strong>suis</strong></span> <span class='ocrx_word' id='word_1_492' title='bbox 3324 1060 3446 1114; x_wconf 85' lang='lat' dir='ltr'><strong>pura</strong></span> <span class='ocrx_word' id='word_1_493' title='bbox 3479 1047 3672 1103; x_wconf 81' lang='lat' dir='ltr'><strong>Domitio</strong></span> 
     </span>
    </p>
   </div>
   <div class='ocr_carea' id='block_1_70' title="bbox 2136 1134 3675 1207">
    <p class='ocr_par' dir='ltr' id='par_1_70' title="bbox 2136 1134 3675 1207">
     <span class='ocr_line' id='line_1_70' title="bbox 2136 1134 3675 1207; baseline 0.003 -18"><span class='ocrx_word' id='word_1_494' title='bbox 2136 1147 2317 1190; x_wconf 86' lang='lat' dir='ltr'><strong>mente</strong></span> <span class='ocrx_word' id='word_1_495' title='bbox 2346 1135 2716 1203; x_wconf 86' lang='lat' dir='ltr'><strong>famulantur;</strong></span> <span class='ocrx_word' id='word_1_496' title='bbox 2775 1151 2959 1206; x_wconf 82' lang='lat' dir='ltr'><strong>egenus</strong></span> <span class='ocrx_word' id='word_1_497' title='bbox 3006 1134 3146 1188; x_wconf 91' lang='lat' dir='ltr'><strong>enim</strong></span> <span class='ocrx_word' id='word_1_498' title='bbox 3177 1144 3225 1188; x_wconf 90' lang='lat' dir='ltr'><strong>et</strong></span> <span class='ocrx_word' id='word_1_499' title='bbox 3256 1152 3442 1204; x_wconf 84' lang='lat' dir='ltr'><strong>pauper</strong></span> <span class='ocrx_word' id='word_1_500' title='bbox 3477 1138 3559 1192; x_wconf 90' lang='lat' dir='ltr'><strong>Dei</strong></span> <span class='ocrx_word' id='word_1_501' title='bbox 3580 1150 3675 1207; x_wconf 84' lang='lat' dir='ltr'><strong>est,</strong></span> 
     </span>
    </p>
   </div>
   <div class='ocr_carea' id='block_1_71' title="bbox 2136 1226 3675 1298">
    <p class='ocr_par' dir='ltr' id='par_1_71' title="bbox 2136 1226 3675 1298">
     <span class='ocr_line' id='line_1_71' title="bbox 2136 1226 3675 1298; baseline 0.002 -17"><span class='ocrx_word' id='word_1_502' title='bbox 2136 1228 2379 1298; x_wconf 89' lang='lat' dir='ltr'><strong>quisquis</strong></span> <span class='ocrx_word' id='word_1_503' title='bbox 2410 1229 2667 1283; x_wconf 90' lang='lat' dir='ltr'><strong>meruerit</strong></span> <span class='ocrx_word' id='word_1_504' title='bbox 2699 1227 2883 1282; x_wconf 88' lang='lat' dir='ltr'><strong>mundi</strong></span> <span class='ocrx_word' id='word_1_505' title='bbox 2924 1226 3076 1281; x_wconf 90' lang='lat' dir='ltr'><strong>istius</strong></span> <span class='ocrx_word' id='word_1_506' title='bbox 3107 1228 3447 1295; x_wconf 87' lang='lat' dir='ltr'><strong>perversitate</strong></span> <span class='ocrx_word' id='word_1_507' title='bbox 3470 1233 3675 1285; x_wconf 82' lang='lat' dir='ltr'><strong>vacuari.</strong></span> 
     </span>
    </p>
   </div>
   <div class='ocr_carea' id='block_1_72' title="bbox 2210 1359 3679 1429">
    <p class='ocr_par' dir='ltr' id='par_1_72' title="bbox 2210 1359 3679 1429">
     <span class='ocr_line' id='line_1_72' title="bbox 2210 1359 3679 1429; baseline 0.001 -15"><span class='ocrx_word' id='word_1_508' title='bbox 2210 1360 2361 1415; x_wconf 79' lang='lat' dir='ltr'><strong>Vers.</strong></span> <span class='ocrx_word' id='word_1_509' title='bbox 2393 1361 2447 1413; x_wconf 67' lang='grc' dir='ltr'><strong>Ξ.</strong></span> <span class='ocrx_word' id='word_1_510' title='bbox 2478 1359 2688 1414; x_wconf 79' lang='lat' dir='ltr'><strong>Custodi</strong></span> <span class='ocrx_word' id='word_1_511' title='bbox 2730 1362 2957 1413; x_wconf 86' lang='lat' dir='ltr'><strong>animam</strong></span> <span class='ocrx_word' id='word_1_512' title='bbox 2997 1375 3185 1423; x_wconf 76' lang='lat' dir='ltr'><strong>meam,</strong></span> <span class='ocrx_word' id='word_1_513' title='bbox 3225 1359 3458 1429; x_wconf 82' lang='lat' dir='ltr'><strong>quoniam</strong></span> <span class='ocrx_word' id='word_1_514' title='bbox 3498 1370 3679 1416; x_wconf 76' lang='lat' dir='ltr'><strong>sanctus</strong></span> 
     </span>
    </p>
   </div>
   <div class='ocr_carea' id='block_1_73' title="bbox 2135 1448 3680 1519">
    <p class='ocr_par' dir='ltr' id='par_1_73' title="bbox 2135 1448 3680 1519">
     <span class='ocr_line' id='line_1_73' title="bbox 2135 1448 3680 1519; baseline 0.001 -16"><span class='ocrx_word' id='word_1_515' title='bbox 2135 1465 2250 1503; x_wconf 80' lang='lat' dir='ltr'><strong>sum</strong></span> <span class='ocrx_word' id='word_1_516' title='bbox 2281 1465 2300 1503; x_wconf 91' lang='lat'><em>:</em></span> <span class='ocrx_word' id='word_1_517' title='bbox 2330 1448 2530 1503; x_wconf 83' lang='lat' dir='ltr'><strong>salvum</strong></span> <span class='ocrx_word' id='word_1_518' title='bbox 2559 1450 2643 1519; x_wconf 77' lang='lat' dir='ltr'><strong>[ac</strong></span> <span class='ocrx_word' id='word_1_519' title='bbox 2673 1465 2876 1503; x_wconf 81' lang='lat' dir='ltr'><strong>servum</strong></span> <span class='ocrx_word' id='word_1_520' title='bbox 2921 1458 3088 1514; x_wconf 86' lang='lat' dir='ltr'><strong>tuum,</strong></span> <span class='ocrx_word' id='word_1_521' title='bbox 3141 1449 3276 1504; x_wconf 78' lang='lat' dir='ltr'><strong>Deus</strong></span> <span class='ocrx_word' id='word_1_522' title='bbox 3311 1465 3461 1515; x_wconf 79' lang='lat' dir='ltr'><strong>meus,</strong></span> <span class='ocrx_word' id='word_1_523' title='bbox 3502 1466 3680 1517; x_wconf 79' lang='lat' dir='ltr'><strong>sperau-</strong></span> 
     </span>
    </p>
   </div>
   <div class='ocr_carea' id='block_1_74' title="bbox 2137 1541 3683 1613">
    <p class='ocr_par' dir='ltr' id='par_1_74' title="bbox 2137 1541 3683 1613">
     <span class='ocr_line' id='line_1_74' title="bbox 2137 1541 3683 1613; baseline -0.001 -16"><span class='ocrx_word' id='word_1_524' title='bbox 2137 1552 2238 1597; x_wconf 85' lang='lat' dir='ltr'><strong>t.m</strong></span> <span class='ocrx_word' id='word_1_525' title='bbox 2270 1543 2321 1596; x_wconf 86' lang='lat' dir='ltr'><strong>in</strong></span> <span class='ocrx_word' id='word_1_526' title='bbox 2351 1552 2418 1597; x_wconf 90' lang='lat' dir='ltr'><strong>te.</strong></span> <span class='ocrx_word' id='word_1_527' title='bbox 2451 1542 2706 1598; x_wconf 84' lang='lat' dir='ltr'><strong>Potenter</strong></span> <span class='ocrx_word' id='word_1_528' title='bbox 2734 1543 3041 1610; x_wconf 74' lang='lat' dir='ltr'><strong>exseQnitur</strong></span> <span class='ocrx_word' id='word_1_529' title='bbox 3069 1541 3161 1610; x_wconf 88' lang='lat' dir='ltr'><strong>qui</strong></span> <span class='ocrx_word' id='word_1_530' title='bbox 3204 1542 3272 1595; x_wconf 90' lang='lat' dir='ltr'><strong>sit</strong></span> <span class='ocrx_word' id='word_1_531' title='bbox 3313 1558 3491 1610; x_wconf 73' lang='lat' dir='ltr'><strong>egentis</strong></span> <span class='ocrx_word' id='word_1_532' title='bbox 3518 1550 3563 1596; x_wconf 84' lang='lat' dir='ltr'><strong>et</strong></span> <span class='ocrx_word' id='word_1_533' title='bbox 3582 1560 3683 1613; x_wconf 74' lang='lat' dir='ltr'><strong>pas-</strong></span> 
     </span>
    </p>
   </div>
   <div class='ocr_carea' id='block_1_75' title="bbox 2139 1632 3684 1706">
    <p class='ocr_par' dir='ltr' id='par_1_75' title="bbox 2139 1632 3684 1706">
     <span class='ocr_line' id='line_1_75' title="bbox 2139 1632 3684 1706; baseline -0.001 -16"><span class='ocrx_word' id='word_1_534' title='bbox 2139 1653 2262 1706; x_wconf 87' lang='lat' dir='ltr'><strong>per,</strong></span> <span class='ocrx_word' id='word_1_535' title='bbox 2314 1636 2526 1691; x_wconf 87' lang='lat' dir='ltr'><strong>scilicet</strong></span> <span class='ocrx_word' id='word_1_536' title='bbox 2576 1634 2836 1689; x_wconf 86' lang='lat' dir='ltr'><strong>Dominus</strong></span> <span class='ocrx_word' id='word_1_537' title='bbox 2885 1633 3160 1698; x_wconf 88' lang='lat' dir='ltr'><strong>Christus,</strong></span> <span class='ocrx_word' id='word_1_538' title='bbox 3215 1632 3305 1703; x_wconf 90' lang='lat' dir='ltr'><strong>qui</strong></span> <span class='ocrx_word' id='word_1_539' title='bbox 3355 1648 3412 1687; x_wconf 91' lang='lat' dir='ltr'><strong>se</strong></span> <span class='ocrx_word' id='word_1_540' title='bbox 3455 1635 3684 1689; x_wconf 83' lang='lat' dir='ltr'><strong>veraciter</strong></span> 
     </span>
    </p>
   </div>
   <div class='ocr_carea' id='block_1_76' title="bbox 2139 1712 3687 1797">
    <p class='ocr_par' dir='ltr' id='par_1_76' title="bbox 2139 1712 3687 1797">
     <span class='ocr_line' id='line_1_76' title="bbox 2139 1712 3687 1797; baseline -0.001 -15"><span class='ocrx_word' id='word_1_541' title='bbox 2139 1712 2373 1782; x_wconf 76' lang='lat' dir='ltr'><strong>sanetum</strong></span> <span class='ocrx_word' id='word_1_542' title='bbox 2403 1728 2566 1792; x_wconf 88' lang='lat' dir='ltr'><strong>dicit,</strong></span> <span class='ocrx_word' id='word_1_543' title='bbox 2609 1727 2732 1797; x_wconf 89' lang='lat' dir='ltr'><strong>quia</strong></span> <span class='ocrx_word' id='word_1_544' title='bbox 2764 1726 2947 1781; x_wconf 92' lang='lat' dir='ltr'><strong>mundi</strong></span> <span class='ocrx_word' id='word_1_545' title='bbox 2978 1726 3134 1779; x_wconf 87' lang='lat' dir='ltr'><strong>istius</strong></span> <span class='ocrx_word' id='word_1_546' title='bbox 3182 1724 3459 1779; x_wconf 87' lang='lat' dir='ltr'><strong>illecebras</strong></span> <span class='ocrx_word' id='word_1_547' title='bbox 3482 1726 3687 1780; x_wconf 66' lang='lat' dir='ltr'><strong>caelestis</strong></span> 
     </span>
    </p>
   </div>
   <div class='ocr_carea' id='block_1_77' title="bbox 2138 1817 3685 1887">
    <p class='ocr_par' dir='ltr' id='par_1_77' title="bbox 2138 1817 3685 1887">
     <span class='ocr_line' id='line_1_77' title="bbox 2138 1817 3685 1887; baseline -0.003 -12"><span class='ocrx_word' id='word_1_548' title='bbox 2138 1823 2262 1875; x_wconf 64' lang='lat' dir='ltr'><strong>vitae</strong></span> <span class='ocrx_word' id='word_1_549' title='bbox 2315 1821 2728 1875; x_wconf 88' lang='lat' dir='ltr'><strong>conversatione</strong></span> <span class='ocrx_word' id='word_1_550' title='bbox 2768 1820 3011 1873; x_wconf 84' lang='lat' dir='ltr'><strong>calcavit.</strong></span> <span class='ocrx_word' id='word_1_551' title='bbox 3062 1817 3296 1872; x_wconf 82' lang='lat' dir='ltr'><strong>Audiant</strong></span> <span class='ocrx_word' id='word_1_552' title='bbox 3331 1818 3685 1887; x_wconf 70' lang='lat' dir='ltr'><strong>Apollinaristat</strong></span> 
     </span>
    </p>
   </div>
   <div class='ocr_carea' id='block_1_78' title="bbox 2139 1912 3689 1981">
    <p class='ocr_par' dir='ltr' id='par_1_78' title="bbox 2139 1912 3689 1981">
     <span class='ocr_line' id='line_1_78' title="bbox 2139 1912 3689 1981; baseline -0.002 -12"><span class='ocrx_word' id='word_1_553' title='bbox 2139 1915 2338 1971; x_wconf 87' lang='lat' dir='ltr'><strong>habere</strong></span> <span class='ocrx_word' id='word_1_554' title='bbox 2366 1915 2599 1968; x_wconf 89' lang='lat' dir='ltr'><strong>animam</strong></span> <span class='ocrx_word' id='word_1_555' title='bbox 2636 1914 2917 1968; x_wconf 89' lang='lat' dir='ltr'><strong>Dominum</strong></span> <span class='ocrx_word' id='word_1_556' title='bbox 2961 1912 3266 1975; x_wconf 86' lang='lat' dir='ltr'><strong>Christum,</strong></span> <span class='ocrx_word' id='word_1_557' title='bbox 3298 1924 3352 1966; x_wconf 90' lang='lat' dir='ltr'><strong>et</strong></span> <span class='ocrx_word' id='word_1_558' title='bbox 3378 1913 3584 1981; x_wconf 88' lang='lat' dir='ltr'><strong>perfecti</strong></span> <span class='ocrx_word' id='word_1_559' title='bbox 3611 1914 3689 1966; x_wconf 89' lang='lat' dir='ltr'><strong>ho-</strong></span> 
     </span>
    </p>
   </div>
   <div class='ocr_carea' id='block_1_79' title="bbox 2136 2005 3685 2075">
    <p class='ocr_par' dir='ltr' id='par_1_79' title="bbox 2136 2005 3685 2075">
     <span class='ocr_line' id='line_1_79' title="bbox 2136 2005 3685 2075; baseline -0.002 -14"><span class='ocrx_word' id='word_1_560' title='bbox 2136 2008 2295 2062; x_wconf 91' lang='lat' dir='ltr'><strong>minis</strong></span> <span class='ocrx_word' id='word_1_561' title='bbox 2338 2008 2637 2075; x_wconf 89' lang='lat' dir='ltr'><strong>sumpsisse</strong></span> <span class='ocrx_word' id='word_1_562' title='bbox 2682 2016 2965 2069; x_wconf 88' lang='lat' dir='ltr'><strong>naturam;</strong></span> <span class='ocrx_word' id='word_1_563' title='bbox 3021 2005 3147 2073; x_wconf 84' lang='lat' dir='ltr'><strong>quia</strong></span> <span class='ocrx_word' id='word_1_564' title='bbox 3204 2020 3310 2059; x_wconf 93' lang='lat' dir='ltr'><strong>non</strong></span> <span class='ocrx_word' id='word_1_565' title='bbox 3361 2013 3560 2073; x_wconf 82' lang='lat' dir='ltr'><strong>paterat</strong></span> <span class='ocrx_word' id='word_1_566' title='bbox 3599 2019 3685 2058; x_wconf 90' lang='lat' dir='ltr'><strong>non</strong></span> 
     </span>
    </p>
   </div>
   <div class='ocr_carea' id='block_1_80' title="bbox 2136 2097 3692 2167">
    <p class='ocr_par' dir='ltr' id='par_1_80' title="bbox 2136 2097 3692 2167">
     <span class='ocr_line' id='line_1_80' title="bbox 2136 2097 3692 2167; baseline -0.001 -13"><span class='ocrx_word' id='word_1_567' title='bbox 2136 2100 2338 2156; x_wconf 87' lang='lat' dir='ltr'><strong>habere</strong></span> <span class='ocrx_word' id='word_1_568' title='bbox 2383 2115 2500 2156; x_wconf 91' lang='lat' dir='ltr'><strong>eam</strong></span> <span class='ocrx_word' id='word_1_569' title='bbox 2528 2139 2543 2165; x_wconf 91' lang='lat'><strong>,</strong></span> <span class='ocrx_word' id='word_1_570' title='bbox 2575 2101 2642 2154; x_wconf 92' lang='lat' dir='ltr'><strong>ad</strong></span> <span class='ocrx_word' id='word_1_571' title='bbox 2690 2114 2849 2167; x_wconf 90' lang='lat' dir='ltr'><strong>quam</strong></span> <span class='ocrx_word' id='word_1_572' title='bbox 2888 2098 3200 2167; x_wconf 89' lang='lat' dir='ltr'><strong>specialiter</strong></span> <span class='ocrx_word' id='word_1_573' title='bbox 3233 2097 3482 2166; x_wconf 80' lang='lat' dir='ltr'><strong>probatus</strong></span> <span class='ocrx_word' id='word_1_574' title='bbox 3518 2106 3592 2151; x_wconf 91' lang='lat' dir='ltr'><strong>est</strong></span> <span class='ocrx_word' id='word_1_575' title='bbox 3618 2112 3692 2152; x_wconf 81' lang='lat' dir='ltr'><strong>ve-</strong></span> 
     </span>
    </p>
   </div>
   <div class='ocr_carea' id='block_1_81' title="bbox 2135 2188 3689 2257">
    <p class='ocr_par' dir='ltr' id='par_1_81' title="bbox 2135 2188 3689 2257">
     <span class='ocr_line' id='line_1_81' title="bbox 2135 2188 3689 2257; baseline -0.002 -12"><span class='ocrx_word' id='word_1_576' title='bbox 2135 2192 2278 2246; x_wconf 86' lang='lat' dir='ltr'><strong>nisse</strong></span> <span class='ocrx_word' id='word_1_577' title='bbox 2308 2190 2643 2245; x_wconf 91' lang='lat' dir='ltr'><strong>salvandam.</strong></span> <span class='ocrx_word' id='word_1_578' title='bbox 2691 2189 2862 2245; x_wconf 86' lang='lat' dir='ltr'><strong>Nemo</strong></span> <span class='ocrx_word' id='word_1_579' title='bbox 2891 2189 3032 2244; x_wconf 90' lang='lat' dir='ltr'><strong>enim</strong></span> <span class='ocrx_word' id='word_1_580' title='bbox 3064 2189 3266 2243; x_wconf 90' lang='lat' dir='ltr'><strong>liberat</strong></span> <span class='ocrx_word' id='word_1_581' title='bbox 3312 2188 3451 2257; x_wconf 88' lang='lat' dir='ltr'><strong>quod</strong></span> <span class='ocrx_word' id='word_1_582' title='bbox 3491 2188 3553 2243; x_wconf 89' lang='lat' dir='ltr'><strong>de</strong></span> <span class='ocrx_word' id='word_1_583' title='bbox 3586 2203 3689 2257; x_wconf 86' lang='lat' dir='ltr'><strong>per-</strong></span> 
     </span>
    </p>
   </div>
   <div class='ocr_carea' id='block_1_82' title="bbox 2134 2277 3690 2352">
    <p class='ocr_par' dir='ltr' id='par_1_82' title="bbox 2134 2277 3690 2352">
     <span class='ocr_line' id='line_1_82' title="bbox 2134 2277 3690 2352; baseline -0.003 -16"><span class='ocrx_word' id='word_1_584' title='bbox 2134 2284 2342 2337; x_wconf 89' lang='lat' dir='ltr'><strong>vasoris</strong></span> <span class='ocrx_word' id='word_1_585' title='bbox 2371 2291 2635 2352; x_wconf 88' lang='lat' dir='ltr'><strong>potestate</strong></span> <span class='ocrx_word' id='word_1_586' title='bbox 2664 2297 2771 2335; x_wconf 86' lang='lat' dir='ltr'><strong>non</strong></span> <span class='ocrx_word' id='word_1_587' title='bbox 2798 2280 2991 2347; x_wconf 88' lang='lat' dir='ltr'><strong>eripit;</strong></span> <span class='ocrx_word' id='word_1_588' title='bbox 3043 2279 3147 2334; x_wconf 88' lang='lat' dir='ltr'><strong>etsi</strong></span> <span class='ocrx_word' id='word_1_589' title='bbox 3181 2294 3289 2333; x_wconf 94' lang='lat' dir='ltr'><strong>non</strong></span> <span class='ocrx_word' id='word_1_590' title='bbox 3339 2278 3407 2333; x_wconf 88' lang='lat' dir='ltr'><strong>sit</strong></span> <span class='ocrx_word' id='word_1_591' title='bbox 3451 2277 3582 2347; x_wconf 86' lang='lat' dir='ltr'><strong>apud</strong></span> <span class='ocrx_word' id='word_1_592' title='bbox 3609 2283 3690 2331; x_wconf 87' lang='lat' dir='ltr'><strong>de-</strong></span> 
     </span>
    </p>
   </div>
   <div class='ocr_carea' id='block_1_83' title="bbox 2132 2373 3691 2445">
    <p class='ocr_par' dir='ltr' id='par_1_83' title="bbox 2132 2373 3691 2445">
     <span class='ocr_line' id='line_1_83' title="bbox 2132 2373 3691 2445; baseline -0.003 -17"><span class='ocrx_word' id='word_1_593' title='bbox 2132 2375 2399 2430; x_wconf 82' lang='lat' dir='ltr'><strong>fensorem</strong></span> <span class='ocrx_word' id='word_1_594' title='bbox 2433 2375 2574 2445; x_wconf 84' lang='lat' dir='ltr'><strong>quod</strong></span> <span class='ocrx_word' id='word_1_595' title='bbox 2604 2375 2839 2429; x_wconf 85' lang='lat' dir='ltr'><strong>vindicat</strong></span> <span class='ocrx_word' id='word_1_596' title='bbox 2862 2414 2876 2438; x_wconf 92' lang='lat'><strong>,</strong></span> <span class='ocrx_word' id='word_1_597' title='bbox 2921 2373 3257 2441; x_wconf 86' lang='lat' dir='ltr'><strong>captivitatis</strong></span> <span class='ocrx_word' id='word_1_598' title='bbox 3284 2380 3545 2440; x_wconf 75' lang='lat' dir='ltr'><strong>suscepta:</strong></span> <span class='ocrx_word' id='word_1_599' title='bbox 3580 2386 3691 2424; x_wconf 88' lang='lat' dir='ltr'><strong>con-</strong></span> 
     </span>
    </p>
   </div>
   <div class='ocr_carea' id='block_1_84' title="bbox 2131 2461 3694 2535">
    <p class='ocr_par' dir='ltr' id='par_1_84' title="bbox 2131 2461 3694 2535">
     <span class='ocr_line' id='line_1_84' title="bbox 2131 2461 3694 2535; baseline -0.005 -15"><span class='ocrx_word' id='word_1_600' title='bbox 2131 2466 2262 2520; x_wconf 90' lang='lat' dir='ltr'><strong>ditio</strong></span> <span class='ocrx_word' id='word_1_601' title='bbox 2310 2476 2639 2535; x_wconf 88' lang='lat' dir='ltr'><strong>perseverat.</strong></span> <span class='ocrx_word' id='word_1_602' title='bbox 2694 2467 2760 2519; x_wconf 82' lang='lat' dir='ltr'><strong>Et</strong></span> <span class='ocrx_word' id='word_1_603' title='bbox 2804 2464 3012 2535; x_wconf 86' lang='lat' dir='ltr'><strong>respice</strong></span> <span class='ocrx_word' id='word_1_604' title='bbox 3057 2480 3225 2532; x_wconf 89' lang='lat' dir='ltr'><strong>quam</strong></span> <span class='ocrx_word' id='word_1_605' title='bbox 3277 2463 3523 2518; x_wconf 86' lang='lat' dir='ltr'><strong>salutaris</strong></span> <span class='ocrx_word' id='word_1_606' title='bbox 3562 2461 3694 2515; x_wconf 88' lang='lat' dir='ltr'><strong>nobis</strong></span> 
     </span>
    </p>
   </div>
   <div class='ocr_carea' id='block_1_85' title="bbox 2132 2558 3694 2631">
    <p class='ocr_par' dir='ltr' id='par_1_85' title="bbox 2132 2558 3694 2631">
     <span class='ocr_line' id='line_1_85' title="bbox 2132 2558 3694 2631; baseline -0.005 -16"><span class='ocrx_word' id='word_1_607' title='bbox 2132 2562 2299 2616; x_wconf 91' lang='lat' dir='ltr'><strong>forma</strong></span> <span class='ocrx_word' id='word_1_608' title='bbox 2327 2561 2596 2631; x_wconf 87' lang='lat' dir='ltr'><strong>proposita</strong></span> <span class='ocrx_word' id='word_1_609' title='bbox 2623 2569 2722 2615; x_wconf 88' lang='lat' dir='ltr'><strong>est.</strong></span> <span class='ocrx_word' id='word_1_610' title='bbox 2750 2560 2844 2615; x_wconf 93' lang='lat' dir='ltr'><strong>llle</strong></span> <span class='ocrx_word' id='word_1_611' title='bbox 2872 2561 2960 2629; x_wconf 91' lang='lat' dir='ltr'><strong>qui</strong></span> <span class='ocrx_word' id='word_1_612' title='bbox 2991 2575 3050 2614; x_wconf 89' lang='lat' dir='ltr'><strong>se</strong></span> <span class='ocrx_word' id='word_1_613' title='bbox 3073 2558 3349 2614; x_wconf 84' lang='lat' dir='ltr'><strong>veraciter</strong></span> <span class='ocrx_word' id='word_1_614' title='bbox 3370 2558 3571 2612; x_wconf 80' lang='lat' dir='ltr'><strong>dixerat</strong></span> <span class='ocrx_word' id='word_1_615' title='bbox 3592 2571 3694 2610; x_wconf 89' lang='lat' dir='ltr'><strong>esse</strong></span> 
     </span>
    </p>
   </div>
   <div class='ocr_carea' id='block_1_86' title="bbox 2129 2650 3694 2720">
    <p class='ocr_par' dir='ltr' id='par_1_86' title="bbox 2129 2650 3694 2720">
     <span class='ocr_line' id='line_1_86' title="bbox 2129 2650 3694 2720; baseline -0.008 -10"><span class='ocrx_word' id='word_1_616' title='bbox 2129 2667 2380 2720; x_wconf 81' lang='lat' dir='ltr'><strong>sanctum,</strong></span> <span class='ocrx_word' id='word_1_617' title='bbox 2412 2665 2467 2710; x_wconf 92' lang='lat' dir='ltr'><strong>et</strong></span> <span class='ocrx_word' id='word_1_618' title='bbox 2495 2670 2523 2708; x_wconf 91' lang='lat' dir='ltr'><strong>a</strong></span> <span class='ocrx_word' id='word_1_619' title='bbox 2566 2654 2748 2708; x_wconf 89' lang='lat' dir='ltr'><strong>tttuudi</strong></span> <span class='ocrx_word' id='word_1_620' title='bbox 2791 2652 3057 2708; x_wconf 87' lang='lat' dir='ltr'><strong>illecebris</strong></span> <span class='ocrx_word' id='word_1_621' title='bbox 3087 2651 3357 2715; x_wconf 87' lang='lat' dir='ltr'><strong>alienum,</strong></span> <span class='ocrx_word' id='word_1_622' title='bbox 3385 2650 3571 2704; x_wconf 81' lang='lat' dir='ltr'><strong>salvum</strong></span> <span class='ocrx_word' id='word_1_623' title='bbox 3595 2662 3647 2700; x_wconf 90' lang='lat' dir='ltr'><strong>se</strong></span> <span class='ocrx_word' id='word_1_624' title='bbox 3670 2661 3694 2698; x_wconf 90' lang='lat' dir='ltr'><strong>a</strong></span> 
     </span>
    </p>
   </div>
   <div class='ocr_carea' id='block_1_87' title="bbox 2133 2735 3693 2813">
    <p class='ocr_par' dir='ltr' id='par_1_87' title="bbox 2133 2735 3693 2813">
     <span class='ocr_line' id='line_1_87' title="bbox 2133 2735 3693 2813; baseline -0.009 -14"><span class='ocrx_word' id='word_1_625' title='bbox 2133 2745 2423 2799; x_wconf 73' lang='lat' dir='ltr'><strong>Divinitate</strong></span> <span class='ocrx_word' id='word_1_626' title='bbox 2453 2745 2567 2812; x_wconf 81' lang='lat' dir='ltr'><strong>ﬁeri</strong></span> <span class='ocrx_word' id='word_1_627' title='bbox 2584 2743 2930 2813; x_wconf 90' lang='lat' dir='ltr'><strong>deprecatur,</strong></span> <span class='ocrx_word' id='word_1_628' title='bbox 2963 2751 3019 2795; x_wconf 90' lang='lat' dir='ltr'><strong>ut</strong></span> <span class='ocrx_word' id='word_1_629' title='bbox 3040 2754 3145 2795; x_wconf 88' lang='lat' dir='ltr'><strong>nos</strong></span> <span class='ocrx_word' id='word_1_630' title='bbox 3171 2740 3466 2794; x_wconf 90' lang='lat' dir='ltr'><strong>instrueret</strong></span> <span class='ocrx_word' id='word_1_631' title='bbox 3492 2735 3693 2790; x_wconf 84' lang='lat' dir='ltr'><strong>salutem</strong></span> 
     </span>
    </p>
   </div>
   <div class='ocr_carea' id='block_1_88' title="bbox 2131 2827 3698 2896">
    <p class='ocr_par' dir='ltr' id='par_1_88' title="bbox 2131 2827 3698 2896">
     <span class='ocr_line' id='line_1_88' title="bbox 2131 2827 3698 2896; baseline -0.011 -3"><span class='ocrx_word' id='word_1_632' title='bbox 2131 2853 2239 2893; x_wconf 93' lang='lat' dir='ltr'><strong>non</strong></span> <span class='ocrx_word' id='word_1_633' title='bbox 2269 2853 2391 2892; x_wconf 88' lang='lat' dir='ltr'><strong>esse</strong></span> <span class='ocrx_word' id='word_1_634' title='bbox 2443 2839 2493 2891; x_wconf 90' lang='lat' dir='ltr'><strong>in</strong></span> <span class='ocrx_word' id='word_1_635' title='bbox 2538 2835 2787 2891; x_wconf 89' lang='lat' dir='ltr'><strong>humanis</strong></span> <span class='ocrx_word' id='word_1_636' title='bbox 2835 2834 3033 2888; x_wconf 89' lang='lat' dir='ltr'><strong>viribus</strong></span> <span class='ocrx_word' id='word_1_637' title='bbox 3062 2833 3459 2896; x_wconf 86' lang='lat' dir='ltr'><strong>constitutam,</strong></span> <span class='ocrx_word' id='word_1_638' title='bbox 3500 2827 3628 2882; x_wconf 88' lang='lat' dir='ltr'><strong>sicut</strong></span> <span class='ocrx_word' id='word_1_639' title='bbox 3653 2832 3698 2878; x_wconf 86' lang='lat' dir='ltr'><strong>et</strong></span> 
     </span>
    </p>
   </div>
   <div class='ocr_carea' id='block_1_89' title="bbox 2130 2918 3700 2998">
    <p class='ocr_par' dir='ltr' id='par_1_89' title="bbox 2130 2918 3700 2998">
     <span class='ocr_line' id='line_1_89' title="bbox 2130 2918 3700 2998; baseline -0.007 -15"><span class='ocrx_word' id='word_1_640' title='bbox 2130 2930 2384 2998; x_wconf 87' lang='lat' dir='ltr'><strong>propheta</strong></span> <span class='ocrx_word' id='word_1_641' title='bbox 2413 2928 2674 2982; x_wconf 86' lang='lat' dir='ltr'><strong>Jeremias</strong></span> <span class='ocrx_word' id='word_1_642' title='bbox 2712 2926 2884 2982; x_wconf 89' lang='lat' dir='ltr'><strong>dicit:</strong></span> <span class='ocrx_word' id='word_1_643' title='bbox 2916 2923 3238 2978; x_wconf 80' lang='lat' dir='ltr'><strong>Maledictus</strong></span> <span class='ocrx_word' id='word_1_644' title='bbox 3270 2924 3423 2976; x_wconf 81' lang='lat' dir='ltr'><strong>homo</strong></span> <span class='ocrx_word' id='word_1_645' title='bbox 3458 2918 3544 2990; x_wconf 83' lang='lat' dir='ltr'><strong>qui</strong></span> <span class='ocrx_word' id='word_1_646' title='bbox 3575 2927 3700 2987; x_wconf 67' lang='lat' dir='ltr'><strong>8pm</strong></span> 
     </span>
    </p>
   </div>
   <div class='ocr_carea' id='block_1_90' title="bbox 2124 3010 3696 3091">
    <p class='ocr_par' dir='ltr' id='par_1_90' title="bbox 2124 3010 3696 3091">
     <span class='ocr_line' id='line_1_90' title="bbox 2124 3010 3696 3091; baseline -0.008 -17"><span class='ocrx_word' id='word_1_647' title='bbox 2124 3036 2273 3074; x_wconf 81' lang='lat' dir='ltr'><strong>suam</strong></span> <span class='ocrx_word' id='word_1_648' title='bbox 2302 3021 2443 3091; x_wconf 88' lang='lat' dir='ltr'><strong>pauit</strong></span> <span class='ocrx_word' id='word_1_649' title='bbox 2470 3021 2524 3073; x_wconf 90' lang='lat' dir='ltr'><strong>in</strong></span> <span class='ocrx_word' id='word_1_650' title='bbox 2555 3019 2775 3086; x_wconf 80' lang='lat' dir='ltr'><strong>homine,</strong></span> <span class='ocrx_word' id='word_1_651' title='bbox 2800 3025 2847 3071; x_wconf 89' lang='lat' dir='ltr'><strong>et</strong></span> <span class='ocrx_word' id='word_1_652' title='bbox 2869 3034 2900 3070; x_wconf 86' lang='grc' dir='ltr'>α</span> <span class='ocrx_word' id='word_1_653' title='bbox 2922 3016 3026 3069; x_wconf 83' lang='lat' dir='ltr'><strong>Deo</strong></span> <span class='ocrx_word' id='word_1_654' title='bbox 3046 3015 3243 3070; x_wconf 86' lang='lat' dir='ltr'><strong>recedit</strong></span> <span class='ocrx_word' id='word_1_655' title='bbox 3271 3031 3361 3068; x_wconf 85' lang='lat' dir='ltr'><strong>car</strong></span> <span class='ocrx_word' id='word_1_656' title='bbox 3387 3010 3696 3084; x_wconf 75' lang='lat' dir='ltr'><strong>ejus(lerem.</strong></span> 
     </span>
    </p>
   </div>
   <div class='ocr_carea' id='block_1_91' title="bbox 2125 3112 2500 3182">
    <p class='ocr_par' dir='ltr' id='par_1_91' title="bbox 2125 3112 2500 3182">
     <span class='ocr_line' id='line_1_91' title="bbox 2125 3112 2500 3182; baseline -0.011 -15"><span class='ocrx_word' id='word_1_657' title='bbox 2125 3127 2252 3175; x_wconf 81' lang='lat' dir='ltr'><strong>xvu,</strong></span> <span class='ocrx_word' id='word_1_658' title='bbox 2288 3112 2365 3182; x_wconf 83' lang='lat'><strong>5),</strong></span> <span class='ocrx_word' id='word_1_659' title='bbox 2399 3122 2500 3165; x_wconf 75' lang='lat' dir='ltr'><strong>etc.</strong></span> 
     </span>
    </p>
   </div>
   <div class='ocr_carea' id='block_1_92' title="bbox 2197 3242 3703 3321">
    <p class='ocr_par' dir='ltr' id='par_1_92' title="bbox 2197 3242 3703 3321">
     <span class='ocr_line' id='line_1_92' title="bbox 2197 3242 3703 3321; baseline -0.012 -10"><span class='ocrx_word' id='word_1_660' title='bbox 2197 3257 2349 3311; x_wconf 73' lang='lat' dir='ltr'><strong>Vere.</strong></span> <span class='ocrx_word' id='word_1_661' title='bbox 2373 3258 2428 3311; x_wconf 82' lang='grc'><strong>5.</strong></span> <span class='ocrx_word' id='word_1_662' title='bbox 2462 3256 2706 3309; x_wconf 75' lang='lat' dir='ltr'><strong>Miserere</strong></span> <span class='ocrx_word' id='word_1_663' title='bbox 2739 3256 2853 3319; x_wconf 85' lang='lat' dir='ltr'><strong>mei,</strong></span> <span class='ocrx_word' id='word_1_664' title='bbox 2885 3253 3125 3318; x_wconf 84' lang='lat' dir='ltr'><strong>Domine,</strong></span> <span class='ocrx_word' id='word_1_665' title='bbox 3152 3252 3406 3321; x_wconf 85' lang='lat' dir='ltr'><strong>quoniam</strong></span> <span class='ocrx_word' id='word_1_666' title='bbox 3438 3247 3501 3301; x_wconf 85' lang='lat' dir='ltr'><strong>ad</strong></span> <span class='ocrx_word' id='word_1_667' title='bbox 3534 3257 3577 3299; x_wconf 89' lang='lat' dir='ltr'><strong>te</strong></span> <span class='ocrx_word' id='word_1_668' title='bbox 3605 3242 3703 3296; x_wconf 85' lang='lat' dir='ltr'><strong>cla-</strong></span> 
     </span>
    </p>
   </div>
   <div class='ocr_carea' id='block_1_93' title="bbox 2123 3332 3704 3413">
    <p class='ocr_par' dir='ltr' id='par_1_93' title="bbox 2123 3332 3704 3413">
     <span class='ocr_line' id='line_1_93' title="bbox 2123 3332 3704 3413; baseline -0.012 -11"><span class='ocrx_word' id='word_1_669' title='bbox 2123 3349 2257 3402; x_wconf 83' lang='lat' dir='ltr'><strong>mavi</strong></span> <span class='ocrx_word' id='word_1_670' title='bbox 2288 3356 2393 3401; x_wconf 90' lang='lat' dir='ltr'><strong>tota</strong></span> <span class='ocrx_word' id='word_1_671' title='bbox 2423 3348 2521 3400; x_wconf 88' lang='lat' dir='ltr'><strong>die.</strong></span> <span class='ocrx_word' id='word_1_672' title='bbox 2560 3346 2703 3401; x_wconf 87' lang='lat' dir='ltr'><strong>Unus</strong></span> <span class='ocrx_word' id='word_1_673' title='bbox 2731 3356 2890 3413; x_wconf 85' lang='lat' dir='ltr'><strong>atque</strong></span> <span class='ocrx_word' id='word_1_674' title='bbox 2919 3344 3061 3398; x_wconf 91' lang='lat' dir='ltr'><strong>idem</strong></span> <span class='ocrx_word' id='word_1_675' title='bbox 3094 3343 3245 3397; x_wconf 86' lang='lat' dir='ltr'><strong>Deus</strong></span> <span class='ocrx_word' id='word_1_676' title='bbox 3296 3352 3350 3395; x_wconf 92' lang='lat' dir='ltr'><strong>et</strong></span> <span class='ocrx_word' id='word_1_677' title='bbox 3380 3339 3538 3392; x_wconf 87' lang='lat' dir='ltr'><strong>homo</strong></span> <span class='ocrx_word' id='word_1_678' title='bbox 3566 3332 3704 3388; x_wconf 84' lang='lat' dir='ltr'><strong>Citri-</strong></span> 
     </span>
    </p>
   </div>
   <div class='ocr_carea' id='block_1_94' title="bbox 2121 3423 3705 3504">
    <p class='ocr_par' dir='ltr' id='par_1_94' title="bbox 2121 3423 3705 3504">
     <span class='ocr_line' id='line_1_94' title="bbox 2121 3423 3705 3504; baseline -0.012 -10"><span class='ocrx_word' id='word_1_679' title='bbox 2121 3450 2235 3494; x_wconf 85' lang='lat' dir='ltr'><strong>stus</strong></span> <span class='ocrx_word' id='word_1_680' title='bbox 2252 3440 2405 3493; x_wconf 89' lang='lat' dir='ltr'><strong>Jesus</strong></span> <span class='ocrx_word' id='word_1_681' title='bbox 2427 3436 2845 3492; x_wconf 89' lang='lat' dir='ltr'><strong>misericordiam</strong></span> <span class='ocrx_word' id='word_1_682' title='bbox 2873 3437 3023 3504; x_wconf 87' lang='lat' dir='ltr'><strong>petit,</strong></span> <span class='ocrx_word' id='word_1_683' title='bbox 3051 3433 3147 3499; x_wconf 89' lang='lat' dir='ltr'><strong>qui</strong></span> <span class='ocrx_word' id='word_1_684' title='bbox 3168 3426 3600 3487; x_wconf 86' lang='lat' dir='ltr'><strong>misericordiam</strong></span> <span class='ocrx_word' id='word_1_685' title='bbox 3622 3423 3705 3477; x_wconf 86' lang='lat' dir='ltr'><strong>do-</strong></span> 
     </span>
    </p>
   </div>
   <div class='ocr_carea' id='block_1_95' title="bbox 2121 3522 3704 3603">
    <p class='ocr_par' dir='ltr' id='par_1_95' title="bbox 2121 3522 3704 3603">
     <span class='ocr_line' id='line_1_95' title="bbox 2121 3522 3704 3603; baseline -0.011 -18"><span class='ocrx_word' id='word_1_686' title='bbox 2121 3541 2243 3595; x_wconf 91' lang='lat' dir='ltr'><strong>nat;</strong></span> <span class='ocrx_word' id='word_1_687' title='bbox 2304 3530 2504 3584; x_wconf 80' lang='lat' dir='ltr'><strong>docens</strong></span> <span class='ocrx_word' id='word_1_688' title='bbox 2559 3526 2957 3603; x_wconf 85' lang='lat' dir='ltr'><strong>perseverantia</strong></span> <span class='ocrx_word' id='word_1_689' title='bbox 3001 3525 3421 3595; x_wconf 88' lang='lat' dir='ltr'><strong>deprecationis</strong></span> <span class='ocrx_word' id='word_1_690' title='bbox 3474 3522 3704 3591; x_wconf 83' lang='lat' dir='ltr'><strong>pietatem</strong></span> 
     </span>
    </p>
   </div>
   <div class='ocr_carea' id='block_1_96' title="bbox 2124 3610 3706 3689">
    <p class='ocr_par' dir='ltr' id='par_1_96' title="bbox 2124 3610 3706 3689">
     <span class='ocr_line' id='line_1_96' title="bbox 2124 3610 3706 3689; baseline -0.011 -10"><span class='ocrx_word' id='word_1_691' title='bbox 2124 3624 2331 3679; x_wconf 89' lang='lat' dir='ltr'><strong>Domini</strong></span> <span class='ocrx_word' id='word_1_692' title='bbox 2366 3622 2540 3676; x_wconf 88' lang='lat' dir='ltr'><strong>modis</strong></span> <span class='ocrx_word' id='word_1_693' title='bbox 2571 3622 2823 3676; x_wconf 91' lang='lat' dir='ltr'><strong>omnibus</strong></span> <span class='ocrx_word' id='word_1_694' title='bbox 2854 3620 3258 3689; x_wconf 87' lang='lat' dir='ltr'><strong>impetrandam</strong></span> <span class='ocrx_word' id='word_1_695' title='bbox 3288 3633 3304 3684; x_wconf 92' lang='lat'><strong>;</strong></span> <span class='ocrx_word' id='word_1_696' title='bbox 3352 3616 3491 3670; x_wconf 88' lang='lat' dir='ltr'><strong>sicut</strong></span> <span class='ocrx_word' id='word_1_697' title='bbox 3527 3610 3706 3681; x_wconf 87' lang='lat' dir='ltr'><strong>ipsein</strong></span> 
     </span>
    </p>
   </div>
   <div class='ocr_carea' id='block_1_97' title="bbox 2123 3700 3709 3784">
    <p class='ocr_par' dir='ltr' id='par_1_97' title="bbox 2123 3700 3709 3784">
     <span class='ocr_line' id='line_1_97' title="bbox 2123 3700 3709 3784; baseline -0.011 -16"><span class='ocrx_word' id='word_1_698' title='bbox 2123 3713 2412 3784; x_wconf 74' lang='lat' dir='ltr'><strong>hvangelio</strong></span> <span class='ocrx_word' id='word_1_699' title='bbox 2440 3712 2597 3766; x_wconf 90' lang='lat' dir='ltr'><strong>docet</strong></span> <span class='ocrx_word' id='word_1_700' title='bbox 2629 3726 2644 3765; x_wconf 89' lang='lat'><strong>:</strong></span> <span class='ocrx_word' id='word_1_701' title='bbox 2675 3709 2878 3763; x_wconf 84' lang='lat' dir='ltr'><strong>Bonum</strong></span> <span class='ocrx_word' id='word_1_702' title='bbox 2920 3716 2995 3762; x_wconf 82' lang='lat' dir='ltr'><strong>est</strong></span> <span class='ocrx_word' id='word_1_703' title='bbox 3042 3724 3237 3775; x_wconf 87' lang='lat' dir='ltr'><strong>orare,</strong></span> <span class='ocrx_word' id='word_1_704' title='bbox 3282 3716 3333 3761; x_wconf 87' lang='lat' dir='ltr'><strong>et</strong></span> <span class='ocrx_word' id='word_1_705' title='bbox 3378 3721 3481 3759; x_wconf 86' lang='lat' dir='ltr'><strong>non</strong></span> <span class='ocrx_word' id='word_1_706' title='bbox 3519 3700 3709 3770; x_wconf 79' lang='lat' dir='ltr'><strong>deﬁcere</strong></span> 
     </span>
    </p>
   </div>
   <div class='ocr_carea' id='block_1_98' title="bbox 2122 3794 3712 3877">
    <p class='ocr_par' dir='ltr' id='par_1_98' title="bbox 2122 3794 3712 3877">
     <span class='ocr_line' id='line_1_98' title="bbox 2122 3794 3712 3877; baseline -0.009 -19"><span class='ocrx_word' id='word_1_707' title='bbox 2122 3805 2273 3877; x_wconf 83' lang='lat' dir='ltr'><strong>(Luc.</strong></span> <span class='ocrx_word' id='word_1_708' title='bbox 2302 3820 2452 3867; x_wconf 77' lang='lat' dir='ltr'><strong>xvttt,</strong></span> <span class='ocrx_word' id='word_1_709' title='bbox 2489 3804 2563 3871; x_wconf 83' lang='grc'><strong>1).</strong></span> <span class='ocrx_word' id='word_1_710' title='bbox 2612 3801 2841 3856; x_wconf 85' lang='lat' dir='ltr'><strong>Audiant</strong></span> <span class='ocrx_word' id='word_1_711' title='bbox 2873 3800 3016 3855; x_wconf 89' lang='lat' dir='ltr'><strong>hunc</strong></span> <span class='ocrx_word' id='word_1_712' title='bbox 3044 3799 3234 3854; x_wconf 76' lang='lat' dir='ltr'><strong>lorum</strong></span> <span class='ocrx_word' id='word_1_713' title='bbox 3258 3842 3274 3866; x_wconf 92' lang='lat'><strong>,</strong></span> <span class='ocrx_word' id='word_1_714' title='bbox 3322 3797 3420 3868; x_wconf 88' lang='lat' dir='ltr'><strong>qui</strong></span> <span class='ocrx_word' id='word_1_715' title='bbox 3469 3794 3712 3866; x_wconf 71' lang='lat' dir='ltr'><strong>poeniten-</strong></span> 
     </span>
    </p>
   </div>
   <div class='ocr_carea' id='block_1_99' title="bbox 2119 3880 3710 3965">
    <p class='ocr_par' dir='ltr' id='par_1_99' title="bbox 2119 3880 3710 3965">
     <span class='ocr_line' id='line_1_99' title="bbox 2119 3880 3710 3965; baseline -0.013 -13"><span class='ocrx_word' id='word_1_716' title='bbox 2119 3899 2248 3952; x_wconf 91' lang='lat' dir='ltr'><strong>tiam</strong></span> <span class='ocrx_word' id='word_1_717' title='bbox 2264 3911 2437 3965; x_wconf 74' lang='lat' dir='ltr'><strong>,agere</strong></span> <span class='ocrx_word' id='word_1_718' title='bbox 2466 3895 2517 3949; x_wconf 89' lang='lat' dir='ltr'><strong>in</strong></span> <span class='ocrx_word' id='word_1_719' title='bbox 2554 3894 2678 3948; x_wconf 67' lang='lat' dir='ltr'><strong>vitae</strong></span> <span class='ocrx_word' id='word_1_720' title='bbox 2709 3907 2820 3947; x_wconf 76' lang='lat' dir='ltr'><strong>sua:</strong></span> <span class='ocrx_word' id='word_1_721' title='bbox 2844 3891 3075 3945; x_wconf 90' lang='lat' dir='ltr'><strong>termino</strong></span> <span class='ocrx_word' id='word_1_722' title='bbox 3104 3904 3285 3959; x_wconf 88' lang='lat' dir='ltr'><strong>prava</strong></span> <span class='ocrx_word' id='word_1_723' title='bbox 3330 3888 3604 3942; x_wconf 86' lang='lat' dir='ltr'><strong>voluntate</strong></span> <span class='ocrx_word' id='word_1_724' title='bbox 3640 3880 3710 3933; x_wconf 88' lang='lat' dir='ltr'><strong>de-</strong></span> 
     </span>
    </p>
   </div>
   <div class='ocr_carea' id='block_1_100' title="bbox 2120 3970 3712 4057">
    <p class='ocr_par' dir='ltr' id='par_1_100' title="bbox 2120 3970 3712 4057">
     <span class='ocr_line' id='line_1_100' title="bbox 2120 3970 3712 4057; baseline -0.013 -13"><span class='ocrx_word' id='word_1_725' title='bbox 2120 3999 2361 4057; x_wconf 89' lang='lat' dir='ltr'><strong>sperant,</strong></span> <span class='ocrx_word' id='word_1_726' title='bbox 2406 3998 2459 4043; x_wconf 90' lang='lat' dir='ltr'><strong>et</strong></span> <span class='ocrx_word' id='word_1_727' title='bbox 2508 4001 2566 4041; x_wconf 91' lang='lat' dir='ltr'><strong>se</strong></span> <span class='ocrx_word' id='word_1_728' title='bbox 2616 3985 2682 4038; x_wconf 90' lang='lat' dir='ltr'><strong>ad</strong></span> <span class='ocrx_word' id='word_1_729' title='bbox 2741 3982 3076 4039; x_wconf 81' lang='lat' dir='ltr'><strong>excusandas</strong></span> <span class='ocrx_word' id='word_1_730' title='bbox 3124 3980 3521 4037; x_wconf 81' lang='lat' dir='ltr'><strong>excusationes</strong></span> <span class='ocrx_word' id='word_1_731' title='bbox 3567 3970 3712 4042; x_wconf 85' lang='lat' dir='ltr'><strong>impia</strong></span> 
     </span>
    </p>
   </div>
   <div class='ocr_carea' id='block_1_101' title="bbox 2119 4065 3713 4138">
    <p class='ocr_par' dir='ltr' id='par_1_101' title="bbox 2119 4065 3713 4138">
     <span class='ocr_line' id='line_1_101' title="bbox 2119 4065 3713 4138; baseline -0.012 -5"><span class='ocrx_word' id='word_1_732' title='bbox 2119 4080 2395 4133; x_wconf 83' lang='lat' dir='ltr'><strong>voluntate</strong></span> <span class='ocrx_word' id='word_1_733' title='bbox 2439 4081 2797 4137; x_wconf 89' lang='lat' dir='ltr'><strong>convertunt,</strong></span> <span class='ocrx_word' id='word_1_734' title='bbox 2842 4088 2963 4131; x_wconf 89' lang='lat' dir='ltr'><strong>cum</strong></span> <span class='ocrx_word' id='word_1_735' title='bbox 3008 4072 3060 4125; x_wconf 88' lang='lat' dir='ltr'><strong>itt</strong></span> <span class='ocrx_word' id='word_1_736' title='bbox 3122 4070 3451 4138; x_wconf 83' lang='lat' dir='ltr'><strong>evangelica</strong></span> <span class='ocrx_word' id='word_1_737' title='bbox 3505 4065 3713 4121; x_wconf 78' lang='lat' dir='ltr'><strong>laetione</strong></span> 
     </span>
    </p>
   </div>
   <div class='ocr_carea' id='block_1_102' title="bbox 2119 4163 3706 4241">
    <p class='ocr_par' dir='ltr' id='par_1_102' title="bbox 2119 4163 3706 4241">
     <span class='ocr_line' id='line_1_102' title="bbox 2119 4163 3706 4241; baseline -0.011 -15"><span class='ocrx_word' id='word_1_738' title='bbox 2119 4179 2450 4241; x_wconf 77' lang='lat' dir='ltr'><strong>ceguoscant</strong></span> <span class='ocrx_word' id='word_1_739' title='bbox 2474 4168 2670 4222; x_wconf 89' lang='lat' dir='ltr'><strong>latroni</strong></span> <span class='ocrx_word' id='word_1_740' title='bbox 2701 4166 2869 4220; x_wconf 83' lang='lat' dir='ltr'><strong>afﬁxo</strong></span> <span class='ocrx_word' id='word_1_741' title='bbox 2894 4165 3003 4233; x_wconf 90' lang='lat' dir='ltr'><strong>jam</strong></span> <span class='ocrx_word' id='word_1_742' title='bbox 3032 4163 3192 4219; x_wconf 78' lang='lat' dir='ltr'><strong>cruci</strong></span> <span class='ocrx_word' id='word_1_743' title='bbox 3223 4170 3603 4218; x_wconf 88' lang='lat' dir='ltr'><strong>momentanea</strong></span> <span class='ocrx_word' id='word_1_744' title='bbox 3634 4170 3706 4209; x_wconf 87' lang='lat' dir='ltr'><strong>ce-</strong></span> 
     </span>
    </p>
   </div>
   <div class='ocr_carea' id='block_1_103' title="bbox 2120 4254 3710 4323">
    <p class='ocr_par' dir='ltr' id='par_1_103' title="bbox 2120 4254 3710 4323">
     <span class='ocr_line' id='line_1_103' title="bbox 2120 4254 3710 4323; baseline -0.013 -7"><span class='ocrx_word' id='word_1_745' title='bbox 2120 4263 2331 4316; x_wconf 88' lang='lat' dir='ltr'><strong>leritate</strong></span> <span class='ocrx_word' id='word_1_746' title='bbox 2361 4259 2715 4322; x_wconf 88' lang='lat' dir='ltr'><strong>subventum;</strong></span> <span class='ocrx_word' id='word_1_747' title='bbox 2747 4266 2799 4311; x_wconf 91' lang='lat' dir='ltr'><strong>et</strong></span> <span class='ocrx_word' id='word_1_748' title='bbox 2845 4265 3039 4310; x_wconf 69' lang='lat' dir='ltr'><strong>caetera</strong></span> <span class='ocrx_word' id='word_1_749' title='bbox 3089 4254 3306 4308; x_wconf 86' lang='lat' dir='ltr'><strong>similia</strong></span> <span class='ocrx_word' id='word_1_750' title='bbox 3328 4294 3345 4319; x_wconf 91' lang='lat'><strong>,</strong></span> <span class='ocrx_word' id='word_1_751' title='bbox 3404 4268 3524 4323; x_wconf 75' lang='lat' dir='ltr'><strong>qua:</strong></span> <span class='ocrx_word' id='word_1_752' title='bbox 3552 4259 3710 4303; x_wconf 68' lang='lat' dir='ltr'><strong>[CXIUi</strong></span> 
     </span>
    </p>
   </div>
   <div class='ocr_carea' id='block_1_104' title="bbox 2119 4337 3711 4421">
    <p class='ocr_par' dir='ltr' id='par_1_104' title="bbox 2119 4337 3711 4421">
     <span class='ocr_line' id='line_1_104' title="bbox 2119 4337 3711 4421; baseline -0.014 -13"><span class='ocrx_word' id='word_1_753' title='bbox 2119 4347 2414 4421; x_wconf 70' lang='lat' dir='ltr'><strong>Scriptura:</strong></span> <span class='ocrx_word' id='word_1_754' title='bbox 2462 4344 2655 4403; x_wconf 78' lang='lat' dir='ltr'><strong>divmae</strong></span> <span class='ocrx_word' id='word_1_755' title='bbox 2701 4348 2768 4401; x_wconf 89' lang='lat' dir='ltr'><strong>ad</strong></span> <span class='ocrx_word' id='word_1_756' title='bbox 2824 4361 2975 4416; x_wconf 89' lang='lat' dir='ltr'><strong>spem</strong></span> <span class='ocrx_word' id='word_1_757' title='bbox 3022 4344 3390 4399; x_wconf 88' lang='lat' dir='ltr'><strong>nutriendam</strong></span> <span class='ocrx_word' id='word_1_758' title='bbox 3426 4337 3711 4395; x_wconf 88' lang='lat' dir='ltr'><strong>mortalium</strong></span> 
     </span>
    </p>
   </div>
   <div class='ocr_carea' id='block_1_105' title="bbox 2041 4437 3715 4516">
    <p class='ocr_par' dir='ltr' id='par_1_105' title="bbox 2041 4437 3715 4516">
     <span class='ocr_line' id='line_1_105' title="bbox 2041 4437 3715 4516; baseline -0.016 -9"><span class='ocrx_word' id='word_1_759' title='bbox 2041 4446 2094 4507; x_wconf 91' lang='lat' dir='ltr'><strong>D</strong></span> <span class='ocrx_word' id='word_1_760' title='bbox 2121 4446 2351 4501; x_wconf 89' lang='lat' dir='ltr'><strong>mirabili</strong></span> <span class='ocrx_word' id='word_1_761' title='bbox 2377 4445 2704 4516; x_wconf 84' lang='lat' dir='ltr'><strong>benignitate</strong></span> <span class='ocrx_word' id='word_1_762' title='bbox 2727 4441 2997 4497; x_wconf 89' lang='lat' dir='ltr'><strong>concedit.</strong></span> <span class='ocrx_word' id='word_1_763' title='bbox 3025 4440 3274 4507; x_wconf 90' lang='lat' dir='ltr'><strong>Semper</strong></span> <span class='ocrx_word' id='word_1_764' title='bbox 3300 4437 3603 4505; x_wconf 87' lang='lat' dir='ltr'><strong>suppticare</strong></span> <span class='ocrx_word' id='word_1_765' title='bbox 3628 4441 3715 4482; x_wconf 91' lang='lat' dir='ltr'><strong>nos</strong></span> 
     </span>
    </p>
   </div>
   <div class='ocr_carea' id='block_1_106' title="bbox 2121 4516 3713 4606">
    <p class='ocr_par' dir='ltr' id='par_1_106' title="bbox 2121 4516 3713 4606">
     <span class='ocr_line' id='line_1_106' title="bbox 2121 4516 3713 4606; baseline -0.015 -14"><span class='ocrx_word' id='word_1_766' title='bbox 2121 4539 2298 4602; x_wconf 81' lang='lat' dir='ltr'><strong>decet,</strong></span> <span class='ocrx_word' id='word_1_767' title='bbox 2326 4537 2415 4606; x_wconf 91' lang='lat' dir='ltr'><strong>qui</strong></span> <span class='ocrx_word' id='word_1_768' title='bbox 2444 4534 2707 4605; x_wconf 84' lang='lat' dir='ltr'><strong>frequenti</strong></span> <span class='ocrx_word' id='word_1_769' title='bbox 2732 4532 2891 4600; x_wconf 86' lang='lat' dir='ltr'><strong>culpa</strong></span> <span class='ocrx_word' id='word_1_770' title='bbox 2914 4530 3321 4599; x_wconf 86' lang='lat' dir='ltr'><strong>delinquimus.</strong></span> <span class='ocrx_word' id='word_1_771' title='bbox 3349 4516 3713 4581; x_wconf 59' lang='lat' dir='ltr'><strong>lnarstiutabile</strong></span> 
     </span>
    </p>
   </div>
   <div class='ocr_carea' id='block_1_107' title="bbox 2122 4616 3712 4695">
    <p class='ocr_par' dir='ltr' id='par_1_107' title="bbox 2122 4616 3712 4695">
     <span class='ocr_line' id='line_1_107' title="bbox 2122 4616 3712 4695; baseline -0.014 -11"><span class='ocrx_word' id='word_1_772' title='bbox 2122 4630 2319 4684; x_wconf 90' lang='lat' dir='ltr'><strong>malum</strong></span> <span class='ocrx_word' id='word_1_773' title='bbox 2352 4637 2436 4683; x_wconf 88' lang='lat' dir='ltr'><strong>est</strong></span> <span class='ocrx_word' id='word_1_774' title='bbox 2465 4628 2610 4695; x_wconf 84' lang='lat' dir='ltr'><strong>ipsos</strong></span> <span class='ocrx_word' id='word_1_775' title='bbox 2641 4624 2885 4677; x_wconf 85' lang='lat' dir='ltr'><strong>homines</strong></span> <span class='ocrx_word' id='word_1_776' title='bbox 2929 4635 3080 4691; x_wconf 89' lang='lat' dir='ltr'><strong>spem</strong></span> <span class='ocrx_word' id='word_1_777' title='bbox 3145 4620 3258 4675; x_wconf 82' lang='lat' dir='ltr'><strong>sibi</strong></span> <span class='ocrx_word' id='word_1_778' title='bbox 3315 4616 3712 4673; x_wconf 85' lang='lat' dir='ltr'><strong>saluberrimam</strong></span> 
     </span>
    </p>
   </div>
   <div class='ocr_carea' id='block_1_108' title="bbox 2121 4710 3715 4784">
    <p class='ocr_par' dir='ltr' id='par_1_108' title="bbox 2121 4710 3715 4784">
     <span class='ocr_line' id='line_1_108' title="bbox 2121 4710 3715 4784; baseline -0.014 -11"><span class='ocrx_word' id='word_1_779' title='bbox 2121 4718 2329 4784; x_wconf 67' lang='lat' dir='ltr'><strong>tollere,</strong></span> <span class='ocrx_word' id='word_1_780' title='bbox 2362 4731 2482 4771; x_wconf 90' lang='lat' dir='ltr'><strong>cunt</strong></span> <span class='ocrx_word' id='word_1_781' title='bbox 2529 4714 2709 4770; x_wconf 87' lang='lat' dir='ltr'><strong>divina</strong></span> <span class='ocrx_word' id='word_1_782' title='bbox 2755 4714 3044 4768; x_wconf 79' lang='lat' dir='ltr'><strong>clementia</strong></span> <span class='ocrx_word' id='word_1_783' title='bbox 3094 4712 3226 4764; x_wconf 89' lang='lat' dir='ltr'><strong>sine</strong></span> <span class='ocrx_word' id='word_1_784' title='bbox 3279 4710 3587 4764; x_wconf 89' lang='lat' dir='ltr'><strong>cessatione</strong></span> <span class='ocrx_word' id='word_1_785' title='bbox 3628 4712 3715 4755; x_wconf 86' lang='lat' dir='ltr'><strong>nos</strong></span> 
     </span>
    </p>
   </div>
   <div class='ocr_carea' id='block_1_109' title="bbox 2125 4792 3714 4879">
    <p class='ocr_par' dir='ltr' id='par_1_109' title="bbox 2125 4792 3714 4879">
     <span class='ocr_line' id='line_1_109' title="bbox 2125 4792 3714 4879; baseline -0.013 -15"><span class='ocrx_word' id='word_1_786' title='bbox 2125 4812 2227 4864; x_wconf 89' lang='lat' dir='ltr'><strong>sibi</strong></span> <span class='ocrx_word' id='word_1_787' title='bbox 2250 4810 2434 4879; x_wconf 75' lang='lat' dir='ltr'><strong>iubeat</strong></span> <span class='ocrx_word' id='word_1_788' title='bbox 2462 4807 2787 4875; x_wconf 73' lang='lat' dir='ltr'><strong>supplicare.</strong></span> <span class='ocrx_word' id='word_1_789' title='bbox 2822 4804 3075 4858; x_wconf 79' lang='lat' dir='ltr'><strong>Petamus</strong></span> <span class='ocrx_word' id='word_1_790' title='bbox 3107 4800 3223 4855; x_wconf 86' lang='lat' dir='ltr'><strong>hoc</strong></span> <span class='ocrx_word' id='word_1_791' title='bbox 3252 4813 3309 4855; x_wconf 88' lang='lat' dir='ltr'><strong>et</strong></span> <span class='ocrx_word' id='word_1_792' title='bbox 3333 4808 3499 4854; x_wconf 65' lang='lat' dir='ltr'><strong>aetate</strong></span> <span class='ocrx_word' id='word_1_793' title='bbox 3524 4792 3714 4852; x_wconf 81' lang='lat' dir='ltr'><strong>ﬂorida,</strong></span> 
     </span>
    </p>
   </div>
   <div class='ocr_carea' id='block_1_110' title="bbox 2121 4885 3716 4973">
    <p class='ocr_par' dir='ltr' id='par_1_110' title="bbox 2121 4885 3716 4973">
     <span class='ocr_line' id='line_1_110' title="bbox 2121 4885 3716 4973; baseline -0.015 -16"><span class='ocrx_word' id='word_1_794' title='bbox 2121 4913 2363 4973; x_wconf 88' lang='lat' dir='ltr'><strong>petamus</strong></span> <span class='ocrx_word' id='word_1_795' title='bbox 2400 4903 2451 4956; x_wconf 92' lang='lat' dir='ltr'><strong>in</strong></span> <span class='ocrx_word' id='word_1_796' title='bbox 2483 4902 2761 4970; x_wconf 81' lang='lat' dir='ltr'><strong>juventute</strong></span> <span class='ocrx_word' id='word_1_797' title='bbox 2809 4897 2989 4965; x_wconf 76' lang='lat' dir='ltr'><strong>positi,</strong></span> <span class='ocrx_word' id='word_1_798' title='bbox 3023 4904 3293 4963; x_wconf 80' lang='lat' dir='ltr'><strong>petamus</strong></span> <span class='ocrx_word' id='word_1_799' title='bbox 3342 4903 3401 4946; x_wconf 86' lang='lat' dir='ltr'><strong>et</strong></span> <span class='ocrx_word' id='word_1_800' title='bbox 3429 4892 3481 4945; x_wconf 85' lang='lat' dir='ltr'><strong>iu</strong></span> <span class='ocrx_word' id='word_1_801' title='bbox 3511 4885 3716 4942; x_wconf 84' lang='lat' dir='ltr'><strong>occidua</strong></span> 
     </span>
    </p>
   </div>
   <div class='ocr_carea' id='block_1_111' title="bbox 2119 4983 3720 5061">
    <p class='ocr_par' dir='ltr' id='par_1_111' title="bbox 2119 4983 3720 5061">
     <span class='ocr_line' id='line_1_111' title="bbox 2119 4983 3720 5061; baseline -0.013 -11"><span class='ocrx_word' id='word_1_802' title='bbox 2119 5005 2396 5050; x_wconf 85' lang='lat' dir='ltr'><strong>senectute</strong></span> <span class='ocrx_word' id='word_1_803' title='bbox 2422 4990 2681 5061; x_wconf 86' lang='lat' dir='ltr'><strong>perducti.</strong></span> <span class='ocrx_word' id='word_1_804' title='bbox 2718 4987 2995 5055; x_wconf 83' lang='lat' dir='ltr'><strong>Nunquam</strong></span> <span class='ocrx_word' id='word_1_805' title='bbox 3025 5000 3263 5040; x_wconf 89' lang='lat' dir='ltr'><strong>cessare</strong></span> <span class='ocrx_word' id='word_1_806' title='bbox 3310 4983 3479 5039; x_wconf 89' lang='lat' dir='ltr'><strong>debet</strong></span> <span class='ocrx_word' id='word_1_807' title='bbox 3505 4997 3532 5034; x_wconf 90' lang='lat' dir='ltr'><strong>a</strong></span> <span class='ocrx_word' id='word_1_808' title='bbox 3564 4990 3720 5047; x_wconf 76' lang='lat' dir='ltr'><strong>precl-</strong></span> 
     </span>
    </p>
   </div>
   <div class='ocr_carea' id='block_1_112' title="bbox 2119 5074 3716 5155">
    <p class='ocr_par' dir='ltr' id='par_1_112' title="bbox 2119 5074 3716 5155">
     <span class='ocr_line' id='line_1_112' title="bbox 2119 5074 3716 5155; baseline -0.016 -12"><span class='ocrx_word' id='word_1_809' title='bbox 2119 5089 2239 5148; x_wconf 88' lang='lat' dir='ltr'><strong>bus,</strong></span> <span class='ocrx_word' id='word_1_810' title='bbox 2265 5086 2354 5155; x_wconf 83' lang='lat' dir='ltr'><strong>qui</strong></span> <span class='ocrx_word' id='word_1_811' title='bbox 2387 5081 2652 5153; x_wconf 89' lang='lat' dir='ltr'><strong>punienda</strong></span> <span class='ocrx_word' id='word_1_812' title='bbox 2686 5080 2948 5149; x_wconf 88' lang='lat' dir='ltr'><strong>pravitate</strong></span> <span class='ocrx_word' id='word_1_813' title='bbox 2992 5078 3295 5145; x_wconf 84' lang='lat' dir='ltr'><strong>peccavit;</strong></span> <span class='ocrx_word' id='word_1_814' title='bbox 3327 5091 3401 5130; x_wconf 87' lang='lat' dir='ltr'><strong>ne</strong></span> <span class='ocrx_word' id='word_1_815' title='bbox 3437 5074 3562 5127; x_wconf 89' lang='lat' dir='ltr'><strong>dum</strong></span> <span class='ocrx_word' id='word_1_816' title='bbox 3594 5081 3716 5155; x_wconf 55' lang='lat' dir='ltr'><strong>tent—_</strong></span> 
     </span>
    </p>
   </div>
   <div class='ocr_carea' id='block_1_113' title="bbox 2122 5153 3720 5247">
    <p class='ocr_par' dir='ltr' id='par_1_113' title="bbox 2122 5153 3720 5247">
     <span class='ocr_line' id='line_1_113' title="bbox 2122 5153 3720 5247; baseline -0.014 -19"><span class='ocrx_word' id='word_1_817' title='bbox 2122 5192 2220 5247; x_wconf 87' lang='lat' dir='ltr'><strong>pus</strong></span> <span class='ocrx_word' id='word_1_818' title='bbox 2241 5153 2645 5245; x_wconf 85' lang='lat' dir='ltr'><strong>supplicationis</strong></span> <span class='ocrx_word' id='word_1_819' title='bbox 2690 5170 3001 5237; x_wconf 64' lang='lat' dir='ltr'><strong>qua-rimus,</strong></span> <span class='ocrx_word' id='word_1_820' title='bbox 3036 5165 3493 5222; x_wconf 82' lang='lat' dir='ltr'><strong>misericordiam</strong></span> <span class='ocrx_word' id='word_1_821' title='bbox 3524 5153 3720 5215; x_wconf 85' lang='lat' dir='ltr'><strong>Domini</strong></span> 
     </span>
    </p>
   </div>
   <div class='ocr_carea' id='block_1_114' title="bbox 2120 5256 3715 5337">
    <p class='ocr_par' dir='ltr' id='par_1_114' title="bbox 2120 5256 3715 5337">
     <span class='ocr_line' id='line_1_114' title="bbox 2120 5256 3715 5337; baseline -0.015 -12"><span class='ocrx_word' id='word_1_822' title='bbox 2120 5271 2275 5326; x_wconf 91' lang='lat' dir='ltr'><strong>nobis</strong></span> <span class='ocrx_word' id='word_1_823' title='bbox 2306 5269 2396 5324; x_wconf 90' lang='lat' dir='ltr'><strong>tali</strong></span> <span class='ocrx_word' id='word_1_824' title='bbox 2432 5266 2783 5337; x_wconf 86' lang='lat' dir='ltr'><strong>persuasione</strong></span> <span class='ocrx_word' id='word_1_825' title='bbox 2814 5263 3094 5317; x_wconf 88' lang='lat' dir='ltr'><strong>tollamus.</strong></span> <span class='ocrx_word' id='word_1_826' title='bbox 3150 5261 3295 5315; x_wconf 82' lang='lat' dir='ltr'><strong>Nam</strong></span> <span class='ocrx_word' id='word_1_827' title='bbox 3329 5275 3455 5315; x_wconf 88' lang='lat' dir='ltr'><strong>cum</strong></span> <span class='ocrx_word' id='word_1_828' title='bbox 3502 5256 3715 5310; x_wconf 86' lang='lat' dir='ltr'><strong>dicitur,</strong></span> 
     </span>
    </p>
   </div>
   <div class='ocr_carea' id='block_1_115' title="bbox 2118 5341 3719 5429">
    <p class='ocr_par' dir='ltr' id='par_1_115' title="bbox 2118 5341 3719 5429">
     <span class='ocr_line' id='line_1_115' title="bbox 2118 5341 3719 5429; baseline -0.016 -12"><span class='ocrx_word' id='word_1_829' title='bbox 2118 5373 2224 5417; x_wconf 87' lang='lat' dir='ltr'><strong>tota</strong></span> <span class='ocrx_word' id='word_1_830' title='bbox 2254 5362 2357 5429; x_wconf 84' lang='lat' dir='ltr'><strong>die,</strong></span> <span class='ocrx_word' id='word_1_831' title='bbox 2390 5362 2550 5413; x_wconf 88' lang='lat' dir='ltr'><strong>totius</strong></span> <span class='ocrx_word' id='word_1_832' title='bbox 2573 5358 2697 5411; x_wconf 79' lang='lat' dir='ltr'><strong>vitae</strong></span> <span class='ocrx_word' id='word_1_833' title='bbox 2727 5366 2935 5423; x_wconf 87' lang='lat' dir='ltr'><strong>tempus</strong></span> <span class='ocrx_word' id='word_1_834' title='bbox 2962 5351 3328 5416; x_wconf 78' lang='lat' dir='ltr'><strong>aStenditur,</strong></span> <span class='ocrx_word' id='word_1_835' title='bbox 3359 5358 3418 5404; x_wconf 91' lang='lat' dir='ltr'><strong>ut</strong></span> <span class='ocrx_word' id='word_1_836' title='bbox 3446 5362 3541 5419; x_wconf 84' lang='lat' dir='ltr'><strong>per</strong></span> <span class='ocrx_word' id='word_1_837' title='bbox 3568 5341 3719 5429; x_wconf 83' lang='lat' dir='ltr'><strong>multa</strong></span> 
     </span>
    </p>
   </div>
   <div class='ocr_carea' id='block_1_116' title="bbox 2123 5428 3718 5524">
    <p class='ocr_par' dir='ltr' id='par_1_116' title="bbox 2123 5428 3718 5524">
     <span class='ocr_line' id='line_1_116' title="bbox 2123 5428 3718 5524; baseline -0.013 -15"><span class='ocrx_word' id='word_1_838' title='bbox 2123 5466 2363 5524; x_wconf 78' lang='lat' dir='ltr'><strong>tempota</strong></span> <span class='ocrx_word' id='word_1_839' title='bbox 2440 5463 2810 5517; x_wconf 90' lang='lat' dir='ltr'><strong>annorumque</strong></span> <span class='ocrx_word' id='word_1_840' title='bbox 2853 5445 3129 5501; x_wconf 85' lang='lat' dir='ltr'><strong>curricu&#39;a</strong></span> <span class='ocrx_word' id='word_1_841' title='bbox 3181 5442 3350 5514; x_wconf 87' lang='lat' dir='ltr'><strong>quasi</strong></span> <span class='ocrx_word' id='word_1_842' title='bbox 3423 5440 3574 5494; x_wconf 61' lang='lat' dir='ltr'><strong>unius</strong></span> <span class='ocrx_word' id='word_1_843' title='bbox 3620 5428 3718 5485; x_wconf 74' lang='lat' dir='ltr'><strong>diei</strong></span> 
     </span>
    </p>
   </div>
   <div class='ocr_carea' id='block_1_117' title="bbox 2119 5527 3722 5613">
    <p class='ocr_par' dir='ltr' id='par_1_117' title="bbox 2119 5527 3722 5613">
     <span class='ocr_line' id='line_1_117' title="bbox 2119 5527 3722 5613; baseline -0.018 -7"><span class='ocrx_word' id='word_1_844' title='bbox 2119 5554 2404 5606; x_wconf 85' lang='lat' dir='ltr'><strong>continuus</strong></span> <span class='ocrx_word' id='word_1_845' title='bbox 2435 5548 2636 5603; x_wconf 87' lang='lat' dir='ltr'><strong>clamor</strong></span> <span class='ocrx_word' id='word_1_846' title='bbox 2666 5559 2787 5599; x_wconf 84' lang='lat' dir='ltr'><strong>esse</strong></span> <span class='ocrx_word' id='word_1_847' title='bbox 2838 5549 3211 5597; x_wconf 88' lang='lat' dir='ltr'><strong>monstretur.</strong></span> <span class='ocrx_word' id='word_1_848' title='bbox 3244 5540 3444 5613; x_wconf 75' lang='lat' dir='ltr'><strong>Magna</strong></span> <span class='ocrx_word' id='word_1_849' title='bbox 3470 5527 3722 5601; x_wconf 75' lang='lat' dir='ltr'><strong>siqu‘dctu</strong></span> 
     </span>
    </p>
   </div>
   <div class='ocr_carea' id='block_1_118' title="bbox 2121 5622 3722 5701">
    <p class='ocr_par' dir='ltr' id='par_1_118' title="bbox 2121 5622 3722 5701">
     <span class='ocr_line' id='line_1_118' title="bbox 2121 5622 3722 5701; baseline -0.007 -2"><span class='ocrx_word' id='word_1_850' title='bbox 2121 5660 2249 5701; x_wconf 82' lang='lat' dir='ltr'><strong>voce</strong></span> <span class='ocrx_word' id='word_1_851' title='bbox 2278 5644 2365 5699; x_wconf 90' lang='lat' dir='ltr'><strong>ille</strong></span> <span class='ocrx_word' id='word_1_852' title='bbox 2403 5643 2596 5697; x_wconf 82' lang='lat' dir='ltr'><strong>clamat</strong></span> <span class='ocrx_word' id='word_1_853' title='bbox 2638 5637 2704 5691; x_wconf 90' lang='lat' dir='ltr'><strong>ad</strong></span> <span class='ocrx_word' id='word_1_854' title='bbox 2760 5635 3063 5698; x_wconf 81' lang='lat' dir='ltr'><strong>Dominum,</strong></span> <span class='ocrx_word' id='word_1_855' title='bbox 3103 5631 3205 5701; x_wconf 82' lang='lat' dir='ltr'><strong>qui</strong></span> <span class='ocrx_word' id='word_1_856' title='bbox 3256 5628 3509 5700; x_wconf 78' lang='lat' dir='ltr'><strong>quamvis</strong></span> <span class='ocrx_word' id='word_1_857' title='bbox 3558 5622 3722 5688; x_wconf 57' lang='lat'><strong>“&quot;3&quot;”</strong></span> 
     </span>
    </p>
   </div>
  </div>
