3952 6162
333 205 434 259 6Ιὸ

1185 210 1547 268 EXPOSlTlO
1588 210 1649 267 lN
1693 210 2151 269 PSALTEliIUll.
2198 216 2390 270 PSAL.
2435 216 2689 273 LXXXV.

3492 224 3593 280 6M

330 328 504 375 taceat
527 364 542 389 ,
594 320 749 375 bouis
792 330 966 376 tamen
999 324 1250 392 operibus
1294 336 1703 393 perseveranter
1731 324 1908 379 excla-
1938 332 1981 388 Α
2015 328 2103 379 tibi
2151 328 2203 381 in
2252 330 2375 398 diis,
2430 330 2570 384 idola
2603 331 2866 400 signiﬁcat
2899 346 3248 402 paganorum,
3277 350 3393 403 qua:
3422 338 3596 395 adhuc

332 424 464 465 mill.

402 505 548 572 29]
595 502 746 557 Vers.
781 504 831 556 4.
869 503 1095 572 Ltetiﬁca
1124 506 1350 559 animam
1388 510 1516 560 servi
1544 509 1637 573 tui,
1670 510 1915 578 quoniam

328 597 396 645 ad
426 608 490 655 te,
528 592 761 657 Domine,
794 595 955 647 levavi
998 599 1221 648 animam
1253 614 1435 651 meam.
1462 598 1747 653 Jucuudari
1784 602 1913 668 petit

331 687 561 739 animam
586 702 741 740 suam
769 686 886 739 fons
908 687 1191 741 hilaritatis
1216 698 1269 743 et
1299 691 1451 760 origo
1478 691 1695 757 lmtitiaz,
1730 693 1796 745 ah
1828 693 1914 745 il‘a

330 777 535 830 scilicet
567 787 718 844 parte
749 794 847 845 qua
880 795 1052 831 servus
1082 789 1185 833 est.
1221 782 1435 835 Servum
1463 798 1522 837 se
1548 785 1690 837 enim
1724 786 1914 838 merito

333 866 499 931 dixit,
528 870 779 935 quoniam
812 884 878 921 ex
911 869 1076 923 Maria
1110 870 1322 940 Virgine
1355 882 1508 928 natus
1541 883 1654 938 est,
1704 892 1821 944 qum
1855 890 1914 930 se

332 959 615 1023 proﬁtetur
654 961 925 1014 ancillam.
977 960 1107 1015 Nam
1155 963 1279 1017 dum
1329 967 1377 1019 ei
1426 967 1644 1031 angelus
1692 984 1753 1021 ex
1798 969 1912 1036 ipsa

332 1050 664 1102 nasciturum
713 1050 986 1105 Christum
1027 1053 1312 1107 Dominum
1353 1057 1651 1124 nuntiaret,
1701 1059 1786 1112 illa
1824 1074 1908 1112 re-

336 1144 550 1211 spondit
589 1163 599 1195 :
638 1143 770 1199 Ecce
812 1147 1004 1199 ancilla
1044 1145 1285 1212 Domini,
1328 1148 1419 1215 fiat
1472 1150 1595 1202 milii
1634 1152 1911 1204 secundant

332 1234 533 1285 verbum
567 1243 711 1285 tuum
744 1233 913 1303 (Luc.
960 1252 994 1301 t,
1028 1236 1095 1290 58
1119 1234 1167 1307 );
1201 1238 1338 1291 sicut
1379 1247 1432 1292 et
1480 1243 1531 1292 in
1575 1241 1680 1293 alio
1710 1242 1912 1307 psalmo

334 1328 455 1381 di.it
486 1346 498 1381 :
536 1328 650 1399 Ego
681 1346 859 1383 servus
903 1342 1018 1385 tuus
1042 1374 1056 1398 ,
1085 1345 1131 1386 et
1164 1333 1305 1402 ﬁlius
1356 1336 1560 1389 ancillw
1592 1346 1692 1389 tum
1738 1336 1907 1403 (Psal.

332 1437 445 1483 cxv,
484 1421 592 1489 l6).
645 1421 920 1486 Lwtiﬁcari
964 1439 1091 1493 ergo
1132 1429 1264 1492 petit
1292 1426 1519 1479 animam
1570 1443 1753 1496 suam,
1786 1429 1906 1496 quia

335 1531 433 1565 non
464 1529 583 1567 eam
612 1514 863 1569 deorsum
898 1517 1172 1570 inclinavit
1219 1518 1283 1571 ad
1318 1527 1534 1585 terram,
1584 1520 1678 1572 sed
1732 1522 1910 1574 levavit

334 1620 547 1674 semper
572 1607 637 1659 ad
675 1607 993 1674 Dominum,
1041 1609 1128 1663 ubi
1162 1619 1243 1663 est
1267 1624 1389 1663 vera
1434 1610 1642 1675 ltetitia,
1692 1620 1747 1664 et
1792 1612 1909 1666 sine

2020 420 2069 471 in
2104 422 2305 473 mundo
2355 422 2581 476 nefanda
2632 425 2915 479 devotione
2962 428 3315 495 colebantur;
3366 434 3504 485 s‘cut
3542 443 3596 487 et

2016 510 2140 561 alibi
2190 511 2321 565 (Ιίιςὶῑ
2366 530 2378 563 :
2428 513 2680 577 Quoniam
2725 531 2893 569 omnes
2948 517 3023 570 dii
3071 520 3298 588 gentium
3344 523 3597 577 daemonia

2018 600 2187 669 (Psal.
2222 618 2339 666 xcv,
2366 605 2441 669 5).
2474 605 2659 659 Potest
2690 608 2789 660 hoc
2814 618 2864 662 et
2899 613 2959 661 al
2989 611 3234 665 homines
3278 616 3475 679 aptari,
3508 617 3598 683 qui

2016 694 2088 746 dii
2117 698 2287 749 vocati
2336 708 2477 750 sunt.
2527 698 2630 752 Sed
2667 699 2871 768 inspice
2907 704 3029 769 quia
3083 720 3186 757 non
3231 706 3428 758 dicitur
3470 708 3594 775 quid

2016 786 2085 837 sit
2109 786 2269 851 Deus,
2319 790 2411 840 sed
2446 788 2495 841 ei
2526 789 2719 861 similis
2750 792 3059 859 abnegatur.
3097 795 3225 861 Quae
3271 797 3479 863 species
3502 797 3597 851 de-

2019 876 2273 931 ﬁnitionis
2303 880 2490 934 Grazce
2539 880 2735 934 d.citur
2780 882 2887 937 κατ’
2916 886 3175 959 ἁφαίρεσν
3204 894 3295 940 τοῦ
3340 890 3593 955 ἐναντίω,

2018 966 2204 1021 Latine
2238 984 2331 1037 per
2363 972 2677 1037 privantiam
2706 974 2963 1025 centrarii
2995 975 3111 1042 ejus
3135 978 3272 1043 quod
3317 979 3593 1031 delinitur.

2015 1054 2234 1111 Addidit
2263 1074 2494 1127 quoque,
2527 1071 2571 1112 et
2600 1077 2697 1113 non
2723 1072 2796 1115 est
2818 1066 3095 1115 secundum
3127 1082 3279 1135 opera
3303 1080 3408 1133 tua,
3437 1069 3486 1122 id
3515 1079 3594 1124 cst

2015 1147 2237 1199 similis.
2271 1150 2337 1200 lit
2364 1148 2465 1202 hoc
2506 1166 2714 1219 quoque
2740 1166 2944 1206 comma
2974 1154 3075 1208 sub
3106 1156 3217 1221 illa,
3251 1172 3407 1226 quam
3437 1176 3595 1228 supe-

2015 1239 2126 1291 rius
2172 1240 2326 1305 dixit,
2364 1240 2677 1296 deﬁnitione
2708 1245 3019 1313 coinplexus
3050 1254 3151 1301 est.
3183 1248 3313 1312 Quis
3340 1249 3478 1301 enim
3506 1249 3596 1319 (ut

2014 1329 2103 1381 ille
2135 1331 2279 1399 fecit)
2311 1336 2503 1385 cte‘utn
2554 1342 2856 1403 terramque
2912 1338 2992 1390 vel
3044 1336 3225 1391 omnia
3257 1354 3375 1407 qua:
3409 1340 3461 1393 in
3513 1341 3595 1393 eis

2014 1432 2160 1484 sunt,
2205 1434 2575 1479 momentanea
2630 1427 2801 1494 possit
2844 1430 3125 1484 celeritate
3165 1429 3461 1501 perlicere,
3504 1441 3593 1487 aut

2017 1528 2203 1565 eorum
2236 1516 2548 1569 existentius
2579 1518 2888 1572 continere?

2088 1599 2243 1654 Vers.
2276 1604 2327 1655 9.
2365 1603 2548 1657 Omnes
2594 1617 2765 1676 gentes
2811 1624 3135 1679 quascunque
3164 1612 3329 1680 fecisti
3366 1613 3593 1684 venient,

337 1700 433 1751 liue
458 1698 745 1751 securitas.
774 1698 863 1752 Sic
891 1710 1050 1767 caput
1082 1700 1333 1753 Ecclesia:
1356 1701 1594 1755 referens
1615 1710 1760 1770 gesta
1785 1717 1908 1771 pro-

2015 1701 2061 1744 et
2088 1690 2374 1745 odorabunt
2405 1712 2575 1747 coram
2609 1708 2673 1759 te,
2706 1697 2955 1763 Domine,
2988 1711 3033 1753 ct
3072 1703 3477 1770 honorificabunt
3505 1723 3593 1761 tto-

332 1791 459 1857 pria,
489 1790 742 1843 membris
770 1792 979 1844 ceteris
1004 1790 1223 1844 donavit
1250 1792 1527 1859 exempla.

396 1879 549 1933 Vers.
591 1880 643 1933 5.
683 1881 934 1946 Quoniam
958 1890 1032 1948 tu,
1069 1881 1306 1944 Domine,
1334 1882 1503 1934 suavis
1550 1897 1612 1935 ac
1641 1881 1779 1936 mitis
1808 1899 1901 1949 es;

329 1979 373 2020 et
402 1971 634 2038 copiosus
682 1970 734 2022 in
783 1971 1133 2023 misericordia
1181 1972 1414 2024 omnibus
1459 1972 1809 2025 invocantibus
1840 1982 1906 2026 te.

328 2060 438 2113 Non
466 2059 910 2124 substantialiter,
935 2061 1075 2126 quod
1112 2061 1251 2113 nulla
1287 2070 1461 2129 potest
1488 2072 1735 2117 creatura
1759 2076 1909 2114 coui-

328 2165 397 2218 pr.
423 2150 677 2211 hendere,
706 2150 798 2203 sed
844 2165 937 2218 per
986 2153 1223 2218 quintam
1256 2151 1489 2219 speciem
1538 2151 1863 2205 deﬁnitionis
1887 2193 1901 2217 ,

325 2256 392 2307 qu
408 2257 439 2290 re
469 2239 657 2294 Graece
681 2240 879 2294 dicitur
905 2244 1031 2296 κατά
1057 2246 1147 2300 τὴν
1174 2243 1327 2307 λέξιν,
1366 2241 1727 2309 puliherrime
1754 2244 1906 2296 nobis

326 2330 626 2385 ostenditur
650 2332 774 2401 quid
798 2334 868 2384 sit
910 2332 1071 2386 Deus.
1106 2333 1322 2408 Suavis,
1354 2333 1475 2401 quia
1509 2344 1625 2401 post
1654 2334 1907 2387 amaritu-

323 2425 503 2478 dinem
542 2423 697 2491 bujus
738 2424 925 2477 mundi
955 2425 1126 2478 dulcis
1157 2434 1241 2479 est
1287 2425 1352 2478 ad
1382 2439 1441 2481 se
1480 2426 1902 2480 recurrentibus.

324 2513 486 2581 Mitis,
524 2517 645 2583 quia
690 2516 779 2569 diu
812 2518 1041 2571 sustinet
1073 2525 1399 2584 peccatores.
1427 2516 1677 2588 Copiosus
1718 2520 1771 2572 in
1810 2521 1903 2571 mi-

320 2610 445 2661 seiic
468 2609 615 2669 vrdia,
652 2614 772 2677 quia
824 2610 946 2663 licet
976 2609 1083 2663 sint
1116 2618 1297 2663 nostra
1332 2626 1617 2665 numerosa
1654 2622 1895 2679 peccata,

324 2701 488 2752 Inulto
515 2701 869 2754 abun-lautior
902 2709 984 2755 est
1013 2702 1206 2771 pietas,
1237 2717 1355 2769 qua:
1384 2710 1463 2755 tot
1487 2704 1635 2756 relax
1655 2711 1695 2755 ιι
1724 2703 1901 2757 ollen-

321 2807 426 2845 θεέ.
476 2792 662 2846 llestat
712 2804 767 2849 ut
808 2795 855 2846 ei
888 2794 1082 2863 iugiter
1114 2795 1501 2862 supplicemus,
1535 2795 1749 2863 quando
1780 2811 1900 2849 eum

321 2885 620 2939 audivimus
649 2885 879 2938 omnibus
910 2885 1257 2939 invocantibus
1306 2901 1360 2939 se
1389 2901 1493 2939 non
1525 2900 1719 2954 negare
1761 2903 1901 2957 pra:-

323 2975 543 3027 εἰιιίυιιι.

2013 1800 2127 1837 men
2150 1795 2311 1837 tuum.
2347 1786 2478 1839 Cum
2512 1788 2683 1840 adhuc
2714 1789 2828 1841 stila
2862 1799 3008 1845 esset
3050 1807 3183 1861 gens
3211 1793 3428 1849 Judaica
3472 1813 3591 1865 qua:

2014 1891 2177 1929 unum
2204 1879 2367 1931 Deum
2400 1879 2577 1933 colere
2609 1881 2917 1947 videbatur,
2951 1887 3193 1951 praedicit
3242 1901 3430 1941 omnes
3459 1904 3592 1955 gen-

2016 1975 2120 2032 tes,
2155 1984 2272 2035 quae
2313 1969 2469 2023 idolis
2523 1972 2841 2026 tenebantur
2884 1960 3163 2040 obnoxie,
3208 1978 3274 2029 ad
3324 1978 3589 2033 culturam

2009 2057 2127 2126 ejus
2151 2074 2271 2114 esse
2298 2068 2583 2127 venturas;
2617 2065 2735 2130 quia
2763 2064 2972 2118 Patrem
3007 2081 3131 2120 vere
3157 2066 3284 2122 colit
3306 2067 3393 2135 qui
3426 2069 3591 2123 hono-

2010 2164 2090 2205 rat
2121 2161 2173 2207 et
2213 2152 2493 2209 Dominum
2524 2156 2793 2210 Christum
2831 2175 2844 2210 :
2880 2174 3115 2213 errorem
3165 2175 3349 2215 eurum
3376 2162 3591 2217 omnino

2008 2242 2287 2298 destruens
2316 2246 2403 2313 qui
2430 2255 2613 2313 putant
2637 2262 2729 2314 per
2760 2248 3059 2303 Universum
3090 2255 3346 2305 mundum
3381 2251 3597 2320 religio-

2008 2349 2126 2389 nem
2162 2336 2365 2391 Domiui
2389 2353 2492 2391 non
2526 2353 2645 2394 esse
2675 2340 2940 2394 diﬂ'usam.
2985 2343 3220 2397 Dicendo
3245 2346 3431 2399 enim:
3472 2345 3593 2401 0m-

2008 2444 2093 2480 ncs
2122 2441 2292 2497 gentes
2338 2446 2665 2502 quascunque
2713 2434 2909 2502 fecisti,
2942 2435 3184 2491 absolute
3232 2438 3423 2504 probat
3468 2446 3589 2499 uni-

2008 2520 2352 2585 vet-sitatein;
2396 2522 2516 2589 quia
2562 2522 2704 2574 nulla
2737 2539 2865 2591 gens
2888 2525 3099 2590 existit,
3134 2525 3239 2581 nisi
3278 2544 3437 2596 quam
3480 2537 3590 2602 ipse

2007 2610 2315 2676 plasmavit,
2350 2614 2487 2666 sicut
2530 2614 2655 2667 alibi
2701 2615 2828 2667 dicit
2861 2633 2873 2666 :
2918 2615 3016 2678 Qui
3047 2619 3163 2686 fecit
3194 2622 3375 2676 caelum
3413 2635 3458 2677 et
3489 2636 3590 2678 ter.

2006 2717 2136 2765 ram,
2170 2717 2309 2755 mare
2355 2715 2403 2755 et
2432 2706 2601 2755 omnia
2630 2720 2741 2773 qm
2786 2707 2838 2757 in
2877 2707 2948 2759 eis
2975 2716 3094 2759 sunt
3126 2706 3296 2775 (Psal.
3322 2730 3476 2780 chv,
3508 2716 3581 2785 6).

2005 2791 2228 2844 Addidit
2254 2807 2466 2861 quoque
2485 2834 2499 2858 ,
2542 2803 2586 2846 et
2614 2793 3022 2862 honoriﬁrabunt
3050 2814 3229 2852 nomen
3256 2813 3420 2858 tuum.
3453 2807 3584 2863 Cum

2007 2883 2117 2938 Deo
2145 2884 2356 2951 dicitur,
2390 2894 2437 2938 et
2467 2886 2870 2954 honoriﬁcabunt
2894 2902 3261 2961 nomentuum,
3290 2896 3584 2963 ﬁguramq-

2007 2975 2271 3044 signiﬁcat
2300 2976 2703 3031 honorahuntur
2740 2976 2920 3031 devoti
2963 2994 3026 3033 ex
3061 2983 3274 3041 nomine
3307 2996 3429 3051 ιυο,
3464 2991 3583 3056 quia

395 3067 547 3122 Vers.
576 3068 627 3123 6.
659 3070 878 3123 Auribus
899 3071 1123 3141 percipe,
1156 3070 1386 3136 Domine,
1414 3072 1695 3125 orationem
1718 3089 1899 3136 meam,
1933 3053 1977 3113 (ἶ
2008 3066 2185 3119 CUllUS
2211 3065 2484 3119 hominum
2514 3082 2618 3119 ιιυη
2651 3064 2776 3120 τελείι
2811 3068 3175 3129 honorabilem
3210 3078 3391 3137 Deum,
3428 3096 3582 3146 quem

322 3172 366 3215 et
397 3164 604 3216 intende
654 3165 767 3217 voci
814 3164 1183 3234 deprecationis
1232 3183 1374 3220 meae.
1408 3166 1714 3221 lntueamur
1743 3182 1900 3233 quam

321 3256 707 3309 convenienter
736 3256 997 3309 orationis
1042 3257 1198 3309 istius
1246 3257 1377 3311 ordo
1433 3257 1705 3311 decurrat.
1751 3256 1903 3310 Prius

323 3345 465 3397 enim
492 3343 590 3397 fuit
618 3352 675 3397 ut
704 3359 803 3397 vox
832 3344 1241 3414 supplicationis
1262 3346 1596 3411 ascenderet,
1628 3360 1689 3401 ac
1710 3345 1905 3400 deinde

323 3444 539 3505 rogatus
568 3436 799 3489 audiret.
834 3435 1049 3507 Percipe
1096 3451 1223 3488 vero
1262 3451 1378 3488 cum
1409 3437 1631 3500 dicitur,
1664 3452 1768 3490 non
1810 3436 1903 3489 ali-

323 3526 444 3595 ψιιά
476 3525 676 3594 suscipi
728 3527 1038 3581 transitorie
1071 3526 1402 3594 postulatur;
1432 3527 1525 3581 sed
1558 3528 1610 3581 in
1638 3527 1746 3581 illis
1773 3526 1856 3598 [ed
1886 3567 1901 3592 ,

323 3614 480 3687 illius]
501 3618 797 3685 majestatis
828 3618 1033 3671 sinibus
1064 3618 1271 3671 mavult
1291 3618 1531 3682 recondi,
1558 3619 1905 3686 quemadmo-

324 3706 442 3760 dum
474 3723 571 3776 per
597 3722 754 3762 aures
784 3708 851 3761 ab
883 3708 1103 3763 homine
1134 3713 1408 3764 memoria:
1441 3710 1698 3778 probatur
1730 3711 1900 3779 inﬁgi.

323 3798 571 3852 Additum
601 3807 706 3867 est,
738 3801 943 3854 intende
990 3804 1098 3855 voci
1129 3801 1502 3872 deprecationis
1525 3818 1649 3856 mete
1671 3843 1685 3867 ,
1735 3812 1792 3856 ut
1824 3805 1906 3857 in-

324 3897 499 3943 tentus
547 3890 757 3944 animus
807 3894 1043 3961 aperiret
1099 3894 1365 3948 auditum.
1413 3894 1567 3959 Quod
1607 3902 1776 3948 totum
1812 3910 1906 3963 per

322 3984 629 4052 allegoriam
654 3983 871 4049 dicitur,
899 3994 954 4038 ut
985 3987 1219 4053 potentia
1254 3985 1560 4041 Divinitatis
1590 4000 1684 4053 per
1710 3986 1903 4041 huma-

322 4090 413 4129 nas
434 4077 858 4130 consuetudines
889 4077 1189 4132 intimetur.

391 4169 551 4221 Vers.
586 4169 639 4220 7.
693 4165 757 4220 In
804 4169 887 4222 die
926 4169 1266 4222 tribulationis
1314 4185 1439 4224 mea:
1477 4170 1691 4223 clamavi
1720 4169 1787 4223 ad
1816 4177 1905 4235 te;

320 4260 561 4328 quoniam
608 4260 861 4312 exaudiui
910 4276 1008 4313 me.
1057 4260 1189 4315 Cum
1220 4262 1466 4327 superius
1513 4261 1751 4315 dixerit:
1785 4261 1903 4313 Cla-

319 4352 450 4405 mavi
504 4351 571 4403 ad
619 4359 664 4403 te
694 4360 799 4404 tota
848 4350 963 4415 die;
1022 4352 1106 4405 hic
1150 4352 1418 4420 quoddun
1473 4352 1649 4406 facere
1700 4352 1906 4405 videtur

2006 3166 2212 3211 cmstat
2268 3159 2526 3211 bonorum
2568 3159 2807 3212 omnium
2851 3161 3197 3229 proculdubio
3248 3168 3575 3236 largitarein.

2082 3247 2231 3302 Vere.
2265 3248 2349 3301 10.
2387 3249 2641 3315 Quoniam
2670 3266 2884 3318 magnus
2914 3268 2966 3304 es
2991 3265 3076 3313 tu,
3110 3265 3155 3308 et
3195 3259 3391 3327 faciens
3430 3276 3584 3311 intra.

2007 3338 2127 3390 bilia
2159 3354 2177 3391 :
2207 3349 2260 3391 tu
2281 3354 2332 3391 es
2368 3338 2502 3391 Deus
2525 3337 2684 3393 solus.
2720 3339 2985 3409 llymnutn
3025 3344 3240 3399 [)ei;atis
3261 3388 3277 3413 ,
3314 3363 3469 3415 quem
3497 3362 3586 3402 su-

2009 3430 2189 3499 perius
2219 3430 2485 3485 inchoavit
2510 3472 2525 3494 ,
2560 3430 2711 3484 istius
2740 3446 2927 3489 versus
2973 3432 3080 3489 ﬁne
3122 3438 3406 3491 conclusit.
3454 3442 3583 3492 bam

2007 3532 2062 3577 et
2087 3523 2331 3577 diabolus
2364 3540 2610 3593 magnum
2656 3537 2716 3580 se
2744 3530 2947 3594 putavit
2974 3568 2989 3592 ,
3037 3527 3249 3595 quando
3276 3528 3405 3582 dixit
3434 3547 3446 3581 :
3483 3528 3587 3582 I’o-

2008 3630 2124 3667 nam
2148 3616 2315 3667 sedem
2346 3631 2507 3667 meant
2550 3617 2618 3668 ad
2653 3618 2943 3686 aquilonem
2964 3657 2979 3683 ,
3009 3628 3057 3670 et
3099 3632 3184 3670 cro
3213 3620 3396 3671 similis
3430 3620 3587 3673 Altis-

2007 3708 2137 3759 simo
2167 3707 2321 3776 (Isai.
2361 3724 2472 3774 xtv,
2502 3708 2583 3771 l3,
2620 3708 2732 3777 ll);
2774 3720 2825 3763 et
2852 3710 3068 3779 superbi
3100 3708 3363 3780 hodieque
3385 3713 3587 3765 cunctis

2015 3810 2077 3850 se
2106 3796 2373 3850 aestimant
2418 3799 2752 3866 grandiores.
2787 3800 2890 3855 Sed
2935 3816 3150 3871 magnus
3186 3802 3289 3855 dici
3324 3818 3444 3855 vere
3483 3818 3586 3857 non

2010 3897 2223 3957 potest,
2254 3890 2355 3941 nisi
2387 3889 2523 3941 Deus
2565 3890 2733 3953 solus,
2784 3893 2936 3959 cujus
2990 3895 3239 3960 potestati
3291 3894 3586 3948 nullatenus

2008 3982 2150 4034 valet
2180 3980 2380 4051 aliquid
2410 3982 2731 4049 comparari,
2760 3984 2847 4051 qui
2897 3984 3040 4036 nulla
3069 3984 3422 4038 mutabilitate
3459 4000 3586 4039 con-

2012 4074 2263 4142 vertitur,
2293 4074 2388 4129 sed
2412 4090 2623 4141 semper
2653 4076 2701 4128 in
2729 4086 2931 4129 natura:
2978 4094 3086 4129 sum
3128 4079 3292 4147 gloria
3338 4095 3586 4146 perseve-

2010 4173 2107 4218 rut.
2141 4164 2383 4231 Addidit,
2417 4175 2464 4219 et
2494 4165 2688 4234 faciens
2731 4168 2990 4220 mirabilia
3026 4183 3042 4221 :
3070 4184 3120 4220 tu
3152 4185 3203 4221 es
3249 4169 3384 4222 Dens
3427 4170 3583 4223 solus.

2010 4258 2140 4311 Cum
2175 4256 2412 4325 legamus
2459 4268 2511 4311 et
2554 4272 2739 4327 magos
2762 4257 3051 4314 Pharaonis
3081 4260 3333 4313 miracula
3377 4262 3583 4314 diversa

2012 4348 2200 4400 fecisse
2222 4386 2237 4411 ,
2270 4349 2354 4401 hic
2385 4349 2580 4401 dicitur
2607 4350 2746 4417 quod
2791 4350 2906 4418 ipse
2936 4352 3082 4405 solus
3114 4353 3369 4407 miracula
3424 4358 3585 4422 possit

320 4457 529 4511 magna:
584 4441 855 4508 petitionis
896 4450 1268 4510 augmentum,
1302 4444 1532 4496 dicendo
1557 4461 1569 4496 ;
1601 4442 1664 4495 In
1703 4443 1789 4496 die
1816 4445 1905 4495 tri-
1937 4423 1988 4481 D
2010 4438 2245 4503 efﬁcere.
2284 4437 2626 4508 Veriloquum
2656 4440 2855 4494 dictum
2881 4481 2898 4507 ,
2926 4441 2972 4495 si
2998 4444 3305 4510 qualitatem
3335 4445 3412 4498 rei
3442 4446 3586 4502 verbi

320 4535 597 4588 bulationis
648 4550 771 4587 mete
814 4536 1027 4588 clamavi
1081 4536 1147 4588 ad
1191 4544 1259 4587 te.
1312 4535 1445 4589 Nam
1480 4536 1605 4589 licet
1649 4550 1677 4588 a
1710 4534 1906 4589 sanctis

318 4628 449 4682 viris
476 4628 677 4696 jugiter
706 4627 931 4682 Domino
974 4629 1329 4697 supplicetur,
1381 4629 1433 4682 in
1459 4634 1699 4697 tempore
1728 4638 1907 4684 tamen

317 4720 679 4774 tribulationis
716 4720 925 4773 enixius
958 4719 1177 4788 petitur,
1230 4719 1449 4788 quando
1490 4720 1777 4774 subvenire
1810 4735 1908 4774 ne-

318 4814 557 4867 cessarie
605 4812 921 4878 postulatur.
975 4812 1410 4865 Considerandus
1462 4821 1545 4866 est
1591 4821 1768 4866 autem
1820 4813 1906 4868 hic

316 4906 513 4959 modus
543 4904 848 4969 locutionis,
884 4904 972 4973 qui
1008 4904 1060 4956 in
1092 4904 1382 4971 Scripturis
1425 4905 1617 4959 divinis
1656 4904 1909 4971 frequen-

318 4997 527 5050 tissime
559 5010 700 5062 repei
719 4995 855 5059 itur,
880 5002 937 5048 ut
959 4994 1080 5049 ideo
1105 5008 1165 5050 se
1192 4994 1335 5049 dicat
1358 4994 1624 5060 clamasse,
1653 4996 1902 5065 quoniam

322 5087 609 5138 exauditus
636 5092 752 5148 est,
787 5084 912 5138 dum
946 5085 1149 5137 clamor
1181 5084 1469 5152 prtecedat,
1524 5094 1581 5139 ut
1612 5085 1754 5140 Deus
1784 5100 1906 5153 pos-

319 5180 386 5230 sit
411 5177 621 5230 audire.
654 5180 781 5242 Qum
806 5177 970 5246 ﬁgura
1003 5178 1198 5231 dicitur
1225 5178 1573 5245 anastrophe,
1604 5178 1654 5232 id
1684 5186 1765 5233 est
1788 5195 1908 5248 per-

322 5269 672 5336 rersio,qu.1:
727 5269 787 5321 ﬁt
829 5270 1038 5337 quoties
1080 5278 1171 5323 aut
1219 5284 1410 5323 sensus
1453 5278 1543 5323 aut
1592 5271 1752 5325 verba
1804 5285 1901 5338 pro

321 5360 499 5427 aliquo
526 5360 609 5411 de:
629 5374 722 5412 ore
755 5367 1057 5414 vertuntur.

391 5453 546 5505 Vers.
580 5451 634 5505 8.
671 5450 787 5504 Non
837 5463 908 5506 est
938 5452 1121 5505 similis
1156 5452 1243 5505 tibi
1286 5453 1336 5504 in
1375 5454 1504 5517 diis,
1542 5453 1798 5517 Domine;
1853 5463 1901 5507 et

318 5561 417 5595 non
448 5552 522 5597 est
551 5545 827 5597 secundum
856 5561 1011 5615 opera
1061 5555 1170 5598 tua.
1200 5545 1384 5615 Magna
1427 5547 1539 5600 laus
1571 5546 1715 5601 brevi
1763 5547 1902 5599 deli-

319 5636 521 5691 nitione
549 5638 799 5692 conclusa
825 5645 923 5693 est.
957 5636 1190 5695 Dicenda
1217 5637 1357 5694 enim
1385 5654 1400 5695 :
1439 5636 1559 5693 Non
1604 5646 1676 5692 est
1708 5639 1891 5693 similis

2010 4531 2177 4599 ipsius
2216 4531 2441 4585 veritate
2485 4547 2791 4600 pensemus.
2846 4534 2937 4587 llla
2969 4535 3109 4588 enim
3148 4550 3274 4589 vere
3322 4548 3586 4604 nequeunt

2012 4628 2115 4683 dici
2169 4628 2424 4683 miracula
2450 4666 2465 4691 ,
2521 4642 2641 4697 qua:
2684 4627 2749 4682 ad
2790 4629 2989 4682 nullam
3022 4630 3302 4686 uilitatem
3344 4632 3588 4687 smolata

2013 4722 2251 4789 deceptis
2281 4722 2454 4775 oculis
2486 4721 2849 4776 blandiuntur.
2884 4722 3039 4777 Solus
3066 4723 3206 4778 enim
3240 4724 3438 4778 dictum
3468 4733 3547 4778 est
3572 4766 3587 4789 ,

2012 4815 2134 4880 quia
2163 4824 2344 4866 saneta
2372 4812 2607 4866 Trinitas
2629 4829 2765 4865 unus
2793 4823 2875 4866 est
2907 4815 3064 4875 Deus,
3102 4814 3347 4883 personis
3388 4823 3587 4869 tantum

2013 4905 2288 4967 distincta,
2319 4920 2422 4958 non
2457 4914 2659 4959 natura:
2697 4903 3022 4959 discretime
3058 4914 3300 4971 separata
3330 4920 3342 4967 ;
3377 4906 3510 4957 sicut
3538 4914 3585 4956 et

2014 4995 2137 5049 alibi
2170 4995 2367 5049 dictum
2398 5006 2479 5049 est
2511 5014 2523 5046 :
2550 4995 2717 5060 Audi,
2756 4994 2919 5047 Israel
2941 5037 2956 5061 ,
2993 4994 3239 5048 Dominus
3270 4995 3409 5049 Deus
3453 5006 3586 5060 tuus,

2014 5068 2265 5139 Dominus
2294 5103 2424 5139 unus
2446 5096 2516 5140 est
2549 5086 2784 5155 (Denter.
2820 5102 2892 5151 vr,
2926 5088 3017 5155 4);
3049 5086 3127 5140 sic
3156 5098 3204 5140 et
3238 5086 3397 5140 lsaias
3420 5086 3587 5139 dicit:

2017 5176 2271 5241 Quoniam
2316 5177 2483 5241 iustus
2531 5191 2614 5241 es,
2643 5184 2690 5229 et
2734 5191 2834 5229 non
2863 5185 2936 5230 est
2968 5176 3104 5229 Deus
3137 5185 3319 5245 prwter
3352 5184 3398 5228 te
3425 5172 3586 5243 (lsni.

2014 5281 2159 5330 ιιν,
2200 5268 2261 5320 et
2291 5268 2334 5337 ).

2088 5360 2232 5415 Vers.
2272 5361 2354 5413 ll.
2392 5358 2568 5412 Dcduc
2598 5374 2696 5422 me,
2734 5358 2968 5426 Domine,
3005 5360 3055 5412 in
3087 5360 3163 5411 via
3194 5369 3297 5420 tua,
3330 5366 3375 5411 et
3414 5359 3585 5409 ambu-

2011 5453 2123 5505 labo
2145 5452 2197 5503 in
2224 5450 2432 5504 veritate
2464 5461 2549 5501 tua
2579 5464 2597 5501 :
2625 5450 2822 5502 (aletur
2851 5466 2937 5501 cor
2963 5466 3125 5501 meum
3146 5487 3160 5510 ,
3192 5458 3245 5500 ut
3290 5447 3463 5499 timeat
3494 5462 3588 5498 no-

2008 5558 2120 5594 men
2149 5550 2310 5594 tuum.
2361 5539 2617 5596 Oratione
2662 5538 2885 5592 decursa
2915 5583 2928 5604 ,
2988 5546 3042 5591 et
3081 5536 3236 5592 laude
3288 5534 3587 5588 Divinitatis

2009 5644 2377 5706 competenter
2408 5634 2646 5704 impleta.
2680 5633 2823 5689 venit
2852 5633 2916 5688 ad
2948 5633 3236 5689 secundam
3266 5631 3588 5697 sectionem,
