3952 6162
386 209 490 264 613

1617 202 1687 257 Μ.
1734 198 2008 255 MIRELII
2040 195 2449 253 'CASSIODORI

3519 210 3610 265 Gl6

385 322 440 375 in
470 336 569 390 qua
605 335 701 389 pro
732 319 989 374 membris
1017 318 1127 373 suis
1158 326 1279 373 orat
1305 357 1319 379 ,
1368 324 1424 368 ut
1451 314 1530 367 eis
1561 312 1816 366 Dominus
1848 328 1970 381 pro-
2007 324 2049 374 Α
2080 319 2224 367 tione
2255 314 2586 381 superiorem
2625 310 2800 365 locum
2845 314 3044 368 sanctis
3069 356 3082 381 ,
3138 312 3423 372 inferiorem
3454 336 3619 388 proca.

388 410 564 465 futura
594 410 871 463 concedat.
906 408 1036 461 Dum
1076 407 1244 460 dicit:
1284 406 1459 459 Deduc
1490 420 1601 469 me,
1646 401 1883 468 Domine,
1921 404 1975 455 in

388 504 471 554 sic
512 512 625 563 tua.
676 503 851 554 adhuc
881 501 953 554 ibi
1004 514 1109 552 non
1159 500 1322 552 fuisse
1371 503 1729 558 monstratur;
1772 504 1825 548 et
1874 494 1975 548 hoc

392 596 617 647 Domino
650 593 865 645 Christo
898 607 1002 645 non
1033 600 1209 661 potest
1236 591 1525 645 convenire
1549 627 1563 652 ,
1598 602 1719 642 cum
1752 589 1867 657 ipse
1897 588 1977 641 di-

392 693 477 736 cat
506 700 518 733 :
555 682 665 750 Ego
696 699 805 735 sum
836 686 938 745 via,
982 682 1165 735 veritas
1196 692 1241 747 et
1272 682 1372 733 vita
1404 679 1585 749 (Joan.
1620 695 1729 743 xw,
1760 679 1837 745 6).
1870 679 1976 734 Sed

396 775 496 829 hoc
541 774 709 842 magis
757 784 1115 842 congruenter
1145 773 1402 841 accipitur
1436 788 1464 825 a
1515 783 1666 839 parte
1695 772 1929 823 ﬁdelium
1960 810 1974 836 ,

394 881 619 932 quorum
654 874 813 932 caput
838 875 919 918 est
954 866 1208 917 Dominus
1252 881 1264 917 :
1298 863 1387 932 qui
1420 863 1521 917 nisi
1554 863 1880 915 deducantur
1926 864 1978 915 in

396 959 561 1020 vium,
596 956 643 1009 id
679 972 760 1009 est
788 957 837 1008 in
870 957 1163 1018 Christum,
1204 957 1255 1008 in
1300 956 1506 1008 veritate
1540 955 1784 1009 videlicet
1807 955 1983 1007 «inbu-

400 1050 503 1101 lare
535 1066 636 1100 non
676 1059 916 1115 possunt.
948 1050 1222 1115 Sequitur,
1256 1048 1452 1100 Imtetur
1483 1063 1570 1099 cor
1601 1063 1787 1112 meum,
1820 1049 1981 1117 292

399 1149 453 1188 ut
484 1140 656 1191 timeat
688 1154 867 1190 nomen
892 1146 1055 1189 tuum.
1105 1138 1241 1201 Quid
1280 1138 1347 1189 sit
1390 1136 1550 1189 timor
1578 1135 1786 1188 Domini
1821 1136 1983 1188 mira-

400 1229 491 1281 bili
522 1230 713 1281 ordine
750 1229 1076 1281 declaratur.
1114 1228 1244 1280 Nam
1278 1228 1331 1281 in
1367 1229 1561 1282 timore
1588 1229 1689 1280 isto
1709 1227 1979 1280 mundano

403 1319 657 1371 urrccedit
699 1319 847 1385 prius
882 1333 1043 1371 causa
1104 1318 1358 1385 periculi,
1410 1327 1501 1371 aut
1545 1318 1771 1385 alicujus
1817 1334 1981 1387 angu-

401 1409 550 1471 stize;
584 1409 635 1461 in
691 1408 884 1461 timore
939 1417 1115 1462 autem
1156 1409 1365 1462 Domini
1417 1411 1754 1477 priemittitur
1801 1411 1981 1463 laztitia

400 1497 597 1556 cordis.
624 1505 680 1549 ut
715 1498 904 1566 aliquis
935 1498 998 1551 ad
1028 1498 1143 1566 ejus
1176 1498 1382 1553 timoris
1416 1499 1762 1554 dulcedinem
1794 1503 1983 1556 venire

400 1601 694 1645 mereatur.
725 1591 790 1643 Et
823 1605 1006 1644 revera
1041 1591 1197 1644 talem
1241 1590 1400 1646 decet
1429 1593 1632 1647 habere
1671 1593 1981 1661 introitum,

2080 405 2286 458 toribus
2312 404 2501 456 doctor
2529 404 2856 473 Augustinus
2879 408 3106 459 :estimat
3128 421 3241 461 esse
3264 409 3611 480 deputandum.

2085 494 2238 549 Unde
2272 511 2414 549 nunc
2445 494 2643 563 gratias
2670 511 2833 564 agens
2867 497 3038 549 ﬁdelis
3071 500 3289 565 populus
3312 540 3327 563 ,
3357 501 3474 555 dicit
3516 510 3615 558 ani-

2084 601 2225 638 mam
2254 601 2403 639 suam
2435 587 2502 640 ab
2545 586 2751 639 inferno
2786 585 3048 653 inferiori,
3098 588 3148 640 id
3180 598 3258 642 est
3286 594 3488 659 pmnali,
3518 610 3623 652 esse

2081 675 2384 731 liberatam.
3264 662 3265 665 η

2159 769 2309 823 Vers.
2346 770 2429 821 1.1.
2466 768 2622 831 Deus,
2654 769 2837 840 injusti
2867 770 3241 824 insurrexerunt
3267 790 3409 842 super
3438 794 3506 830 me
3528 821 3541 845 ,
3586 790 3626 832 et

2082 874 2342 927 synagoga
2390 861 2669 927 potentium
2722 860 3058 927 inquisierunt
3102 863 3318 915 animam
3366 882 3629 923 meami:ct

2085 966 2187 1001 non
2219 958 2593 1017 prapOsuerunt
2635 958 2679 1003 te
2710 960 2829 1002 ante
2859 962 3182 1017 conspectum
3210 969 3370 1006 suum.
3406 955 3544 1010 Venit
3569 960 3626 1011 ad

2089 1042 2299 1093 tertiam
2342 1041 2661 1106 sectionem,
2694 1042 2784 1094 ubi
2828 1042 3087 1109 passionis
3115 1058 3224 1096 sua:
3274 1048 3566 1115 mysterium
3588 1063 3632 1104 et

2083 1134 2307 1199 gloriam
2338 1133 2751 1187 resurrectionis
2782 1135 3019 1201 exponit.
3054 1134 3311 1202 Loquitur
3340 1138 3472 1191 enim
3514 1139 3634 1193 Dens

2085 1224 2244 1277 homo
2268 1238 2333 1277 ex
2364 1226 2531 1277 forma
2580 1226 2717 1279 servi
2764 1240 2857 1290 per
2899 1225 2948 1278 id
2981 1226 3121 1293 quod
3154 1226 3222 1280 de
3258 1229 3409 1281 Maria
3435 1229 3632 1299 Virgine

2086 1325 2241 1369 natus
2292 1324 2393 1369 est.
2438 1315 2568 1367 Cum
2617 1314 2745 1368 dicit
2797 1316 3050 1385 injustas,
3094 1315 3358 1385 signiﬁcat
3404 1317 3627 1380 Judmos.

2084 1406 2173 1473 qui
2202 1405 2249 1459 ei
2274 1404 2620 1458 reddiderunt
2645 1404 2779 1457 mala
2813 1418 2907 1471 pro
2940 1404 3112 1457 bonis.
3166 1406 3317 1471 Quod
3361 1417 3525 1461 autem
3547 1410 3636 1471 ait,

2085 1513 2238 1565 super
2262 1512 2373 1563 me,
2403 1506 2456 1549 ut
2484 1510 2632 1551 reum
2676 1496 2881 1550 scilicet
2910 1494 3153 1550 dicerent
3185 1498 3532 1563 innocentem,
3564 1519 3638 1555 re-

2087 1603 2312 1658 gemque
2337 1603 2490 1643 suum
2525 1588 2674 1657 plebs
2699 1588 2881 1643 insana
2908 1588 3223 1644 trucidaret.
3242 1588 3506 1662 Synagoga
3535 1609 3640 1647 vero

401 1696 559 1748 quem
606 1680 669 1732 ad
703 1680 928 1733 salutem
976 1695 1123 1733 suam
1158 1680 1462 1735 humanitas
1493 1681 1657 1736 sentit
1687 1682 1977 1737 indultum.
2014 1680 2062 1738 Β
2091 1681 2370 1751 potentium
2397 1721 2411 1744 ,
2460 1682 2809 1752 congregatio
2852 1682 3214 1749 superborum
3265 1691 3379 1746 est,
3409 1698 3521 1751 qum
3548 1684 3642 1737 hel-

405 1772 555 1823 llunc
589 1770 823 1838 judicem
865 1771 953 1838 qni
989 1769 1361 1825 formidaverit
1392 1787 1516 1826 reus
1558 1781 1674 1839 est,
1709 1773 1860 1826 illum
1893 1773 1983 1842 qui

406 1871 638 1922 timuerit
664 1862 889 1922 sanctus
919 1878 1021 1923 est.
1050 1870 1109 1923 Et
1139 1872 1257 1924 ideo
1280 1880 1507 1939 utraque
1535 1872 1802 1926 miscendi
1825 1883 1948 1926 sunt
1972 1912 1987 1938 ,

404 1970 544 2013 utet
586 1960 686 2013 sub
728 1973 825 2025 spe
876 1958 1183 2023 timeamus,
1233 1969 1287 2013 et
1336 1960 1438 2014 sub
1478 1961 1669 2014 timore
1702 1962 1946 2016 Izetemur
1974 2001 1988 2027 ,

405 2050 542 2103 sicut
593 2050 645 2103 iu
701 2052 806 2104 alio
836 2051 1041 2119 psalmo
1072 2052 1265 2120 legitur
1298 2070 1310 2105 :
1347 2053 1544 2108 Servite
1574 2053 1794 2107 Domino
1843 2056 1895 2107 in
1926 2056 1990 2108 ti-

404 2158 561 2206 more,
595 2154 639 2193 ιι
670 2143 920 2195 cxsultate
948 2144 995 2196 ei
1022 2159 1137 2196 cum
1165 2153 1381 2197 tremore
1407 2143 1579 2214 (Psal.
1608 2162 1665 2209 ll,
1698 2146 1810 2215 11).

479 2231 629 2285 Vers.
674 2231 759 2284 1‘2.
793 2232 1082 2298 Conﬁtebor
1133 2234 1257 2297 tibi,
1307 2234 1519 2288 Domine
1568 2235 1703 2288 Deus
1734 2254 1908 2301 mens,
1938 2238 1989 2289 in

405 2328 510 2373 toto
539 2322 693 2373 corde
722 2338 854 2387 meo,
884 2331 931 2375 et
970 2323 1319 2391 honoriﬁcabo
1350 2342 1530 2379 nomen
1562 2335 1705 2379 tuum
1752 2329 1803 2381 in
1845 2341 1994 2382 mter-

408 2426 548 2463 num.
603 2410 712 2464 Hoc
741 2422 1110 2480 competenter
1138 2414 1206 2469 de
1231 2417 1377 2469 omni
1408 2415 1603 2470 dicitur
1645 2415 1951 2473 Christiano
1976 2463 1988 2486 ,

407 2502 527 2569 quia
553 2502 643 2555 illa
671 2511 753 2556 est
785 2518 909 2557 vera
942 2503 1234 2572 confessio,
1264 2520 1381 2574 quae
1412 2513 1526 2560 toto
1559 2509 1821 2577 promitur
1853 2526 1997 2564 men-

410 2593 477 2645 tis
524 2607 756 2658 arcano,
809 2596 948 2647 sicut
991 2603 1047 2649 et
1097 2594 1182 2649 lex
1231 2596 1433 2652 docet:
1467 2597 1659 2667 Diliges
1712 2581 1994 2653 Dominimi

409 2682 573 2736 Deum
600 2695 742 2736 tuum
790 2700 854 2737 ex
892 2693 997 2737 toto
1023 2686 1176 2739 corde
1207 2695 1315 2751 tuo,
1360 2695 1407 2740 et
1447 2705 1507 2741 ex
1537 2697 1644 2741 tota
1673 2690 1849 2742 anima
1898 2699 1989 2743 tua

409 2776 645 2847 (Denter.
676 2791 752 2841 vr,
786 2774 867 2845 5).
896 2776 1002 2830 Sed
1041 2785 1094 2831 et
1124 2778 1214 2832 ille
1242 2793 1308 2833 ex
1337 2788 1447 2834 toto
1476 2780 1639 2835 corde
1663 2781 1983 2849 conﬁtetur,

407 2867 497 2936 qui
528 2877 689 2922 totam
730 2882 878 2937 spem
925 2883 1076 2921 suam
1111 2869 1255 2936 ponit
1296 2869 1349 2923 iu
1380 2870 1639 2936 Domino;
1676 2887 1775 2926 nec
1812 2872 1864 2926 in
1905 2887 1993 2926 ca-

410 2957 563 3012 ducis
594 2962 774 3013 szcculi
802 2962 1008 3016 solatiis
1040 2966 1341 3032 praesumit,
1372 2981 1494 3019 cum
1522 2980 1581 3020 se
1612 2966 1677 3020 ad
1705 2967 1986 3021 Dominum

2094 1773 2237 1826 lnino
2262 1771 2502 1837 fremitu,
2532 1780 2587 1825 et
2627 1771 2813 1825 dolosa
2844 1772 3249 1827 machinatione
3278 1773 3479 1827 consilii
3503 1772 3644 1842 justi-

2091 1864 2217 1916 tiam
2249 1862 2584 1931 abjicientes,
2627 1862 2858 1916 animam
2890 1862 3004 1930 ejus
3038 1863 3282 1917 adimere
3324 1865 3644 1932 qumsierunt.

2091 1955 2307 2010 Addidit
2338 1954 2477 2023 quod
2520 1954 2799 2011 sceleratis
2829 1956 2965 2010 solet
2994 1971 3213 2025 semper
3259 1957 3516 2010 mentibus
3538 1973 3645 2025 pro-

2092 2045 2273 2099 venire
2297 2061 2310 2098 :
2339 2045 2475 2111 Quia
2499 2060 2599 2097 non
2622 2052 2989 2114 praposuerunt
3015 2043 3183 2097 Deum
3206 2056 3323 2099 ante
3350 2056 3647 2115 conspectum

2094 2153 2257 2190 suum.
2291 2136 2422 2189 Nam
2452 2136 2751 2205 quicunque
2785 2136 2988 2190 facinus
3017 2148 3316 2207 perpetrat,
3352 2137 3503 2191 Deum
3542 2148 3645 2191 ante

2091 2237 2416 2294 conspectum
2440 2244 2587 2280 suum
2618 2227 2941 2280 omnimodis
2986 2244 3087 2281 non
3120 2231 3395 2297 proponit,
3423 2231 3649 2299 quoniam

2092 2322 2137 2375 si
2171 2321 2318 2374 illum
2363 2320 2545 2374 credat
2579 2330 2923 2387 praesentem,
2961 2323 3209 2389 protinus
3256 2338 3283 2375 a
3318 2324 3538 2393 cogitato
3575 2320 3645 2376 fa-

2092 2415 2277 2467 cinore
2307 2423 2613 2467 revocatur.

2166 2506 2316 2559 Vers.
2354 2503 2436 2557 15.
2471 2502 2539 2556 Et
2562 2516 2633 2568 tu,
2670 2502 2888 2557 Domine
2934 2504 3072 2558 Deus
3103 2507 3374 2559 miserator
3399 2514 3443 2558 et
3465 2505 3639 2557 miseri-

2093 2612 2224 2659 cors,
2261 2596 2461 2663 patiens
2489 2604 2534 2649 et
2564 2594 2782 2649 multum
2813 2596 3123 2662 misericors,
3162 2605 3209 2650 et
3239 2613 3407 2650 verax.
3440 2597 3536 2651 Per
3558 2598 3652 2649 sin~

2092 2688 2211 2758 gula
2240 2688 2401 2741 verba
2450 2686 2644 2752 laudis,
2691 2688 2944 2756 majestas
2971 2697 3195 2757 paterna
3226 2688 3495 2743 definitur.
3540 2688 3653 2753 Qum

2092 2779 2298 2845 Species
2332 2778 2648 2834 duodecima
2680 2779 3003 2834 deﬁnitionis
3035 2789 3138 2844 est,
3172 2795 3330 2848 quam
3365 2776 3525 2832 Grazci
3556 2775 3652 2833 κατ’

2092 2868 2294 2924 ἔπαινον
2316 2911 2332 2935 ,
2366 2870 2537 2925 Latini
2586 2885 2682 2939 per
2714 2870 2925 2925 laudem
2965 2870 3176 2925 dicunt.
3230 2870 3494 2925 Miseralor
3530 2869 3654 2924 enim

2094 2972 2199 3026 est,
2231 2963 2353 3029 quia
2403 2963 2628 3032 singulis
2673 2962 2832 3016 rebus
2860 2962 3301 3016 misericordiam
3334 2961 3473 3016 facit.
3518 2959 3655 3013 Hisc-

410 3050 658 3103 universa
694 3053 889 3106 mentis
922 3055 1229 3123 integritate
1279 3056 1631 3111 transtulerit.
1671 3056 1804 3111 Nam
1846 3060 1987 3127 quod
2019 3043 2063 3105 C
2093 3057 2274 3119 ricors,
2329 3056 2454 3125 quia
2509 3069 2724 3123 semper
2778 3055 2861 3123 pia
2907 3064 2991 3109 est
3038 3054 3157 3123 ipsa
3213 3064 3401 3108 natura
3436 3052 3652 3109 Deitatis.

410 3140 636 3209 addidit,
671 3144 721 3196 in
748 3153 1017 3211 internum,
1054 3146 1186 3201 illud
1232 3148 1515 3217 signiﬁcat,
1547 3150 1801 3217 quoniam
1852 3150 1993 3204 inter

410 3240 622 3286 sanctos
649 3234 765 3301 ejus
797 3236 981 3291 laudes
1010 3238 1237 3293 Domino
1261 3240 1458 3309 jugiter
1488 3241 1819 3309 personabit,
1857 3242 1985 3295 dum

410 3321 464 3376 in
487 3323 570 3376 illa
602 3325 931 3382 beatitudine
964 3331 1180 3393 prtemia
1214 3332 1477 3399 promissa
1503 3334 1787 3401 receperit.

480 3413 633 3469 Vers.
674 3417 755 3470 15.
794 3418 1049 3484 Quoniam
1078 3418 1429 3474 misericordia
1456 3433 1543 3474 tua
1587 3440 1771 3493 magna
1799 3432 1871 3477 est
1900 3441 1991 3478 su-

411 3518 499 3571 per
526 3520 623 3567 me,
655 3515 704 3558 et
730 3508 957 3574 eripuisti
979 3509 1204 3561 animam
1228 3525 1394 3563 meum
1416 3526 1478 3563 ea:
1505 3512 1707 3580 inferno
1733 3513 1987 3581 inferiori.

412 3594 477 3646 Et
507 3596 777 3650 confessio
818 3599 988 3651 laudis
1017 3600 1240 3653 oﬁertur
1266 3638 1284 3666 ,
1332 3611 1382 3655 et
1417 3602 1800 3659 misericordia:
1830 3620 1987 3659 causa

410 3689 765 3758 subjungitur.
800 3692 1038 3746 Dii-endo
1068 3694 1211 3748 enim
1248 3711 1260 3744 :
1298 3694 1553 3760 Quoniam
1586 3714 1772 3766 magna
1797 3707 1869 3752 est
1894 3700 1991 3752 mi-

412 3780 691 3837 sericordia
734 3792 821 3835 tua
850 3798 1003 3851 super
1029 3797 1139 3846 me,
1171 3783 1489 3837 beneﬁcium
1521 3802 1772 3853 magnum
1805 3787 1988 3841 nescio

411 3870 551 3937 quod
584 3872 762 3927 edicit.
797 3873 1178 3943 Siihjungendo
1224 3884 1400 3928 autem
1426 3915 1441 3940 ,
1482 3877 1713 3946 eripuisti
1762 3879 1991 3930 animam

412 3978 575 4014 meam
599 3979 660 4016 ea:
684 3964 884 4031 inferno
907 3965 1139 4034 inferiori
1158 4007 1172 4033 ,
1204 3979 1364 4019 causa
1387 3966 1629 4021 beneﬁcii
1662 3968 1985 4022 declaratur.

413 4051 518 4105 Sed
545 4052 947 4107 consideremus
978 4055 1102 4122 quia
1132 4068 1251 4108 cum
1302 4054 1442 4108 dicat
1471 4056 1727 4125 infernum
1770 4058 1988 4126 inferio-

411 4160 547 4204 rem,
582 4144 847 4199 infernum
873 4147 1207 4201 demonstrat
1227 4160 1349 4201 esse
1369 4148 1637 4217 superius.
1665 4149 1989 4215 Argumenta

414 4236 539 4288 talia
574 4237 626 4290 in
660 4238 849 4305 topicis
878 4238 1128 4291 dicuntur
1155 4238 1457 4309 conjugata,
1487 4255 1605 4309 quin
1636 4250 1753 4294 orta
1784 4241 1851 4295 ab
1884 4256 1991 4295 uno

410 4326 658 4391 nomine,
709 4327 855 4380 varie
895 4337 1316 4394 commutantur,
1361 4339 1416 4383 ut
1464 4331 1551 4385 hic
1581 4331 1810 4399 positum
1864 4340 1987 4399 est,

2097 3145 2332 3208 Patiens,
2365 3147 2485 3214 quia
2521 3155 2828 3213 peccatores
2855 3145 3124 3210 sustinet,
3159 3155 3214 3200 et
3242 3145 3307 3199 ad
3340 3154 3514 3199 votum
3542 3157 3654 3197 con-

2093 3238 2356 3291 versionis
2408 3238 2613 3293 invitat.
2661 3238 2935 3307 Sequitur,
2996 3248 3042 3291 et
3091 3239 3322 3292 multum
3371 3238 3653 3291 misericors.

2094 3326 2246 3391 Quod
2298 3328 2420 3381 ideo
2466 3328 2570 3381 tale
2612 3329 2833 3381 verbum
2883 3328 3115 3395 adjecit,
3172 3330 3295 3396 quia
3348 3326 3655 3382 imbecillitas

2094 3428 2275 3470 nostra
2308 3418 2475 3485 ipsam
2509 3418 2625 3485 plus
2654 3433 2867 3486 semper
2884 3420 3094 3487 accipit,
3124 3435 3246 3475 cum
3273 3435 3388 3475 eam
3417 3416 3656 3487 frequenti

2093 3509 2410 3564 remissione
2440 3520 2797 3579 promeretur.
2829 3510 3033 3573 intulit,
3066 3521 3114 3564 et
3148 3528 3322 3575 verax,
3353 3511 3471 3581 quia
3504 3507 3655 3561 nescit

2094 3601 2360 3669 promissa
2388 3616 2483 3654 sua
2524 3600 2699 3669 aliqua
2751 3600 3120 3655 imbecillitate
3171 3602 3489 3656 subducere.
3522 3597 3658 3666 Quod

2095 3701 2268 3744 tamen
2295 3689 2363 3745 de
2390 3690 2545 3744 Patre
2576 3691 2653 3744 sic
2682 3689 2903 3755 dicitur,
2935 3700 2991 3745 ut
3020 3700 3194 3745 totum
3222 3692 3401 3746 inesse
3427 3700 3477 3746 et
3508 3691 3555 3744 in
3580 3688 3658 3743 Fi-

2091 3784 2184 3848 lio,
2212 3791 2267 3837 et
2296 3783 2347 3836 in
2378 3782 2577 3852 Spiritu
2622 3793 2809 3838 saneto
2840 3787 3165 3840 sentiamus.

2169 3873 2319 3929 Vers.
2355 3875 2443 3929 16.
2478 3873 2693 3945 Rrspice
2715 3875 2767 3928 in
2790 3891 2867 3928 me
2892 3886 2937 3928 et
2961 3878 3203 3931 miserere
3229 3880 3348 3943 mei,
3373 3879 3437 3930 da
3464 3883 3659 3947 potesta-

2094 3973 2192 4018 tem
2215 3981 2371 4035 puero
2402 3976 2510 4031 tuo,
2543 3976 2589 4019 et
2619 3967 2816 4019 salvum
2858 3971 2943 4037 fac
2972 3969 3141 4035 ﬁlium
3173 3970 3385 4025 ancilch
3412 3981 3526 4024 tum.
3571 3967 3657 4021 Mi-

2094 4056 2423 4111 sericordem
2470 4057 2681 4111 Patrem
2709 4095 2724 4121 ,
2766 4067 2817 4111 et
2872 4057 3167 4125 patientem
3197 4101 3211 4123 ,
3246 4070 3301 4116 et
3333 4075 3596 4122 veracem,
3634 4072 3658 4108 a

2094 4158 2245 4218 parte
2266 4164 2369 4218 qua
2387 4163 2577 4218 passus
2603 4159 2687 4203 est
2713 4149 2877 4204 Filius
2904 4160 3078 4219 rogat,
3104 4161 3166 4206 ut
3184 4153 3437 4221 respiciat
3459 4152 3508 4205 in
3534 4164 3659 4209 eum,

2094 4249 2150 4295 et
2177 4240 2459 4294 celerrima
2491 4239 2570 4292 illi
2621 4243 3019 4296 resurrectione
3068 4244 3381 4298 subveniat.
3416 4242 3502 4297 Sic
3530 4241 3655 4294 enim

2097 4331 2345 4385 misertus
2376 4337 2477 4394 est,
2506 4329 2641 4382 utin
2689 4330 2805 4398 ipso
2828 4329 2973 4384 illam
3025 4340 3277 4386 naturam
3312 4331 3579 4386 mortalem
3613 4328 3659 4380 in

409 4417 663 4486 injernum
690 4417 927 4487 inferius.
955 4418 1226 4474 lnfernum
1258 4436 1385 4476 vero
1414 4438 1517 4477 non
1550 4426 1991 4481 irrationabiliter
2020 4410 2069 4469 Ῑ)
2094 4422 2317 4493 gloriam
2348 4421 2760 4476 resurrecﬁonis
2787 4429 2841 4476 et
2867 4422 3186 4476 aeternitatis
3217 4423 3474 4478 eveherel
3500 4437 3513 4485 ;
3538 4416 3659 4487 quod

410 4506 629 4561 forsitan
669 4508 994 4564 arbitramur
1046 4527 1166 4566 esse
1209 4514 1308 4567 sub
1348 4514 1504 4568 terris
1532 4557 1544 4578 ,
1574 4530 1694 4569 cum
1726 4516 1778 4570 in
1808 4518 1986 4571 Veteri

410 4598 752 4655 Testamento
779 4601 846 4655 de
880 4603 1081 4658 Dathan
1110 4614 1162 4658 et
1188 4605 1386 4660 Abiron
1418 4606 1623 4675 legatur
1655 4624 1669 4660 :
1701 4608 1911 4675 Aperuit
1936 4627 1989 4664 se

410 4697 564 4755 terra,
598 4701 645 4745 et
671 4691 935 4762 deglutinit
971 4710 1087 4763 eos,
1122 4705 1168 4749 et
1209 4696 1305 4749 vivi
1350 4697 1721 4751 descenderunt
1752 4699 1820 4751 ad
1855 4700 1987 4767 infe-

409 4797 513 4835 ros.
563 4780 671 4836 Sed
723 4798 829 4852 quo
888 4784 1082 4839 itinere
1134 4786 1261 4840 illuc
1310 4787 1503 4842 anima:
1555 4788 1983 4858 transferantur,

407 4872 657 4937 quoniam
693 4872 745 4927 in
788 4875 1106 4931 auctoritate
1134 4876 1312 4931 divina
1348 4893 1451 4933 non
1484 4879 1695 4949 legitur,
1730 4881 1985 4935 habemus

406 4965 687 5018 incertum.
716 4964 987 5033 Infernum
1014 4981 1192 5024 autem
1223 4970 1422 5026 habere
1454 4972 1757 5027 inferiorem
1781 4983 1985 5041 partem

382 5056 383 5059 “
406 5054 676 5125 Evmgelii
707 5056 856 5110 locus
884 5056 972 5113 ille
1001 5068 1225 5114 testatur
1256 5060 1409 5131 (Luc.
1442 5078 1547 5126 xw,
1571 5063 1689 5133 9.5).
1715 5063 1806 5132 qui
1834 5065 1983 5128 dicit,

404 5160 523 5199 cum
556 5145 775 5214 impium
804 5148 1021 5205 divitem
1048 5151 1206 5206 ultrix
1231 5151 1443 5207 flamma
1469 5162 1761 5223 torqueret,
1782 5154 1987 5209 levasse

404 5237 585 5288 oculos
626 5252 771 5305 suos,
802 5248 856 5293 et
905 5240 956 5294 in
1010 5242 1129 5295 sinu
1175 5242 1407 5297 Abrahae
1460 5244 1656 5299 vidisse
1698 5244 1978 5299 Lazarum.

408 5323 554 5380 Unde
593 5337 817 5397 apparet
854 5339 1113 5401 utrosque
1144 5332 1283 5400 apud
1338 5334 1538 5388 inferos
1587 5335 1771 5402 fuisse,
1829 5348 1885 5391 ut
1924 5353 1983 5392 se

404 5416 585 5470 videre
615 5418 938 5486 valuissent,
968 5430 1021 5474 et
1053 5422 1202 5476 illum
1232 5437 1296 5476 ex
1326 5424 1583 5479 inferiore
1631 5425 1751 5480 loco
1781 5426 1847 5481 ad
1894 5445 1984 5482 su-

408 5508 617 5573 periora
647 5512 826 5567 oculos
857 5513 1117 5570 elevasse.
1149 5514 1252 5570 Sed
1296 5516 1421 5571 licet
1473 5517 1685 5586 utrique
1726 5519 1864 5587 apud
1895 5522 1978 5574 iu-

404 5595 546 5652 lcrus
575 5613 695 5655 esse
726 5600 1052 5671 viderentur,
1096 5620 1190 5675 pro
1222 5607 1531 5662 meritorum
1565 5618 1740 5663 tamen
1774 5609 1977 5665 discre-

2097 4524 2272 4568 tamen
2304 4514 2379 4567 sic
2410 4528 2440 4567 a
2466 4511 2624 4567 Patre
2653 4513 2886 4582 postulat
2912 4514 3024 4568 fieri
3051 4557 3064 4579 ,
3090 4524 3147 4568 ut
3180 4531 3207 4568 a
3240 4530 3299 4570 se
3332 4514 3522 4569 factum
3554 4522 3659 4565 esse

2095 4604 2351 4659 declaret.
2383 4604 2438 4657 ln
2482 4604 2777 4673 Evangelio
2810 4604 3008 4674 quippe
3047 4606 3124 4659 sic
3166 4606 3281 4659 ait:
3319 4605 3510 4659 Solvite
3547 4611 3657 4653 tem-

2095 4696 2235 4765 plum
2261 4695 2375 4761 hoc,
2419 4704 2467 4749 et
2507 4696 2560 4749 in
2592 4696 2762 4749 triduo
2793 4696 3054 4765 (aediﬁcabo
3099 4696 3237 4749 illud
3270 4696 3448 4769 (Joan.
3478 4709 3531 4761 ιι,
3560 4688 3656 4757 19).

2093 4787 2243 4855 Quod
2268 4802 2333 4841 ne
2361 4787 2518 4841 aliter
2553 4787 2813 4856 potuisset
2852 4787 3069 4857 intelligi
3089 4827 3102 4850 ,
3136 4788 3462 4858 evangelista
3493 4785 3659 4838 subse-

2090 4879 2297 4944 quitur:
2319 4876 2434 4931 Hoc
2454 4887 2625 4931 autem
2642 4878 2839 4933 diccbat
2862 4881 2924 4931 de
2946 4879 3134 4947 templo
3152 4884 3388 4947 corporis
3413 4878 3491 4931 sui
3512 4873 3656 4945 (Ibid.

2087 4967 2203 5038 21).
2235 4967 2506 5038 Sequitur,
2542 4971 2608 5022 da
2630 4978 2925 5038 potestatem
2956 4986 3111 5041 puero
3142 4980 3277 5036 tuo;
3306 4974 3317 5024 i
3346 4972 3447 5025 lam
3476 4967 3658 5022 sciliCel

2089 5074 2246 5129 quam
2276 5060 2391 5128 ipse
2422 5068 2684 5115 testatur:
2732 5060 2888 5113 Pater
2918 5078 3018 5115 non
3062 5063 3283 5133 judico:
3326 5070 3618 5131 quamquam
3642 5093 3654 5117 ,

2087 5153 2176 5204 sed
2206 5167 2354 5205 omne
2389 5152 2636 5218 iudicium
2687 5153 2825 5206 dedit
2879 5152 3017 5206 Filio
3046 5151 3231 5223 (Joan.
3281 5169 3343 5217 ν,
3378 5153 3491 5220 ΞΞ).
3536 5147 3657 5200 Puer

2089 5253 2266 5296 autem
2288 5244 2341 5297 in
2372 5243 2664 5311 Scripturis
2690 5244 2858 5297 sacris
2886 5252 3105 5312 propter
3137 5243 3503 5298 innocentiam
3534 5249 3654 5287 men-

2090 5333 2155 5387 tis
2184 5349 2326 5402 smpe
2362 5335 2579 5402 ponitur
2605 5334 2852 5388 Christus
2878 5374 2891 5397 ,
2922 5344 2981 5387 ut
3022 5335 3189 5388 Isaias
3215 5335 3348 5389 dicit
3377 5352 3388 5386 :
3421 5327 3655 5396 Quoniam

2087 5444 2211 5497 puer
2256 5435 2404 5480 natus
2442 5438 2514 5482 est
2556 5428 2698 5481 nobis
2723 5469 2739 5491 ,
2784 5438 2831 5482 et
2873 5426 3041 5482 Filius
3068 5428 3228 5483 datus
3258 5438 3331 5482 est
3361 5426 3499 5480 nobis
3525 5418 3648 5492 (Ιεαι

2086 5532 2159 5581 Ix,
2192 5517 2267 5585 6).
2302 5516 2369 5571 Et
2406 5517 2600 5571 iterum
2633 5534 2647 5570 :
2680 5516 2816 5571 Ecce
2846 5534 2971 5589 puer
3007 5534 3173 5584 meus,
3209 5519 3480 5589 suscipiant
3520 5526 3649 5571 eum.

2085 5609 2270 5661 electus
2313 5622 2473 5675 meus,
2503 5609 2805 5675 complacuit
2833 5610 2930 5662 sibi
2961 5610 3013 5663 in
3062 5609 3158 5663 illo
3187 5611 3357 5664 anima
3388 5623 3490 5661 mea
3520 5600 3643 5675 (180.
