3952 6162
264 248 336 303 617
1073 246 1434 303 EXPOSlTlU
1476 256 1540 301 IN
1585 249 2042 306 PSALTERIUM.
2087 249 2277 305 PSAL.
2322 249 2606 306 LXXXVI.

3390 249 3492 305 618

261 383 354 431 ml,
383 368 447 436 l).
482 366 733 432 Addidit,
767 378 813 422 et
845 369 1039 422 saluum
1073 373 1155 440 {ac
1205 367 1370 439 filium
1416 369 1622 423 ancillis
1649 378 1794 434 tare;
1828 379 1873 436 Α
1905 370 2060 423 fuerit
2088 371 2138 423 iu
2171 347 2352 423 aboliii
2378 385 2516 425 mem
2549 372 2943 426 transmissum.
2983 367 3135 424 Filit's
3165 363 3298 423 care
3322 368 3492 441 signi-

259 462 423 515 anrillte
461 463 641 530 utique
670 502 684 525 ,
733 464 855 530 quia
881 461 946 516 de
979 463 1141 517 Maria
1183 479 1400 532 semper
1441 462 1646 531 virgine
1687 470 1807 517 erat

260 556 478 610 veraciter
509 566 564 611 et
591 559 803 626 proprie
838 561 1177 624 nasciturus;
1209 574 1329 626 qute
1358 559 1520 626 (sicut
1551 559 1804 625 superius

257 649 469 718 diximus)
505 653 694 719 angelo
719 653 820 706 sibi
856 662 1062 722 pa-tum
1095 656 1467 713 annuutiante,
1507 653 1713 705 Domini
1745 665 1806 704 se

255 741 492 807 profitetur
522 744 793 796 ancillam.

311 833 442 887 Vers.
480 836 562 888 17.
601 834 705 887 Far
739 851 960 901 mecum,
1001 834 1217 890 Datame
1242 874 1256 898 ,
1303 831 1506 904 signum
1549 832 1603 885 in
1635 831 1764 884 bono
1789 871 1804 896 ,

251 935 292 977 at
318 927 504 979 rideant
529 929 617 997 qui
646 945 726 980 tne
763 929 979 981 oderant
1019 938 1067 982 et
1117 928 1504 996 confundantur
1530 926 1809 994 :quoniam

247 1026 307 1080 tu,
334 1017 556 1082 Domine,
584 1018 828 1088 adjuvisti
862 1036 938 1072 me
986 1028 1033 1072 et
1056 1019 1350 1072 consolatus
1380 1037 1430 1072 es
1460 1034 1558 1070 tne.
1590 1017 1808 1086 Signum

245 1108 411 1161 dicitur
442 1110 509 1163 ab
534 1124 598 1164 eo
623 1111 761 1177 quod
795 1121 1014 1165 ventura
1041 1111 1328 1180 signiticet,
1359 1120 1414 1165 et
1441 1126 1504 1164 ex
1535 1109 1638 1162 hoc
1665 1107 1808 1178 quod

243 1201 428 1255 videtur
479 1203 729 1270 quiddam
785 1219 882 1256 nos
922 1204 1064 1256 aliud
1096 1203 1301 1256 sentire
1331 1211 1700 1255 commoneat.
1743 1199 1812 1251 Et

243 1290 344 1343 ideo
373 1292 519 1344 illum
560 1301 808 1346 eventum
839 1294 990 1346 June
1017 1291 1191 1356 (Jonas
1225 1308 1282 1355 ιι,
1318 1291 1371 1361 1)
1403 1303 1688 1360 possumus
1724 1288 1811 1343 hic

243 1378 460 1433 fortassis
493 1382 798 1446 advertere,
830 1383 918 1450 qui
969 1382 1225 1435 triduoin
1258 1390 1444 1436 ventre
1476 1381 1582 1434 ceti
1623 1378 1812 1432 demo-

243 1481 389 1536 ratus,
420 1473 486 1525 ad
519 1473 924 1528 similitudinem
956 1474 1238 1528 dominica:
1271 1471 1682 1527 resurrectionis
1723 1478 1808 1526 est

245 1561 288 1613 iu
314 1560 485 1616 littore
525 1563 707 1615 salvus
738 1566 1023 1617 evomitus.
1059 1563 1189 1617 Nam
1246 1572 1300 1617 et
1331 1563 1381 1616 in
1413 1561 1705 1631 Evangelio
1733 1560 1808 1614 ita

247 1653 419 1705 dictum
439 1665 523 1705 est
552 1671 564 1705 :
597 1652 868 1708 Generatio
886 1653 1023 1708 mala
1045 1665 1090 1708 ct
1117 1655 1353 1708 adultera
1377 1656 1580 1724 signum
1604 1654 1812 1724 quaerit,

248 1752 284 1795 ct
309 1745 500 1812 signant
530 1760 629 1796 non
658 1744 863 1798 (labitur
893 1746 968 1814 ei,
1003 1745 1101 1798 nisi
1142 1745 1347 1816 signum
1376 1743 1528 1798 Iona:
1556 1744 1816 1813 prapltetaz
1852 1769 1896 1827 Β

252 1833 440 1900 (.llattlt.
474 1851 570 1903 xu,
623 1835 734 1905 59).
776 1836 934 1890 Vides
989 1853 1117 1907 ergo
1165 1837 1310 1891 aliud
1360 1852 1482 1892 esse
1526 1844 1815 1905 negatum;

253 1928 331 1981 sed
363 1930 456 1982 hoc
506 1929 875 1982 tantummodo
915 1931 1391 1997 compromissum.
1433 1932 1724 1983 Possumus
1766 1935 1823 1982 et

252 2019 337 2074 hoc
364 2021 559 2090 signum
590 2021 729 2089 qu.-d
773 2022 883 2073 ﬁeri
922 2004 1230 2090 postulavit,
1259 2021 1420 2092 293
1453 2021 1518 2074 ad
1546 2033 1822 2073 resurrec-

253 2113 430 2166 tionem
451 2113 568 2178 ejus
591 2120 962 2180 Competentcr
983 2121 1185 2181 aptare,
1219 2093 1458 2166 maxime
1479 2127 1598 2166 cum
1630 2123 1822 2177 sequa-

255 2213 345 2264 tur,
377 2204 426 2256 in
472 2203 624 2255 bona.
659 2202 794 2270 Quid
820 2207 963 2258 enim
1004 2205 1098 2258 illo
1128 2205 1268 2258 bono
1303 2205 1676 2273 prie-tardius,
1717 2214 1824 2270 quo

251 2295 403 2352 virtus
447 2294 626 2347 divina
654 2295 960 2360 declarata,
1018 2305 1069 2349 et
1117 2310 1241 2366 spes
1282 2294 1616 2349 credentium
1649 2293 1824 2348 veraci

251 2387 624 2453 pollicitatione
671 2387 880 2441 ﬁrll'lltla
911 2387 1037 2442 est?
1077 2389 1352 2455 Sequitur,
1398 2396 1451 2441 ut
1491 2388 1694 2440 videant
1738 2386 1826 2456 qui

251 2492 319 2529 me
345 2480 558 2532 oderunt
581 2490 627 2532 et
657 2482 1084 2551 confundantur;
1121 2481 1292 2535 Judaei
1319 2481 1527 2535 scilicet
1555 2479 1646 2550 qui
1686 2479 1823 2534 ode-

249 2578 358 2618 runt
379 2565 650 2621 Christum
672 2609 688 2635 ,
727 2583 862 2637 quos
893 2568 1025 2638 petit
1060 2567 1473 2624 resurrectionis
1506 2567 1826 2622 miraculum

247 2657 440 2724 videre,
473 2668 532 2712 ut
563 2675 750 2712 eorum
784 2658 979 2713 duritia
1021 2673 1079 2714 se
1123 2658 1320 2714 debeat
1345 2655 1824 2724 immutare._Con-

241 2748 523 2817 fundantur
549 2750 717 2815 enim,
747 2751 811 2803 ad
841 2750 1037 2804 bonum
1063 2751 1312 2821 respicit;
1341 2750 1593 2820 quoniam
1619 2750 1708 2820 qui
1737 2749 1825 2804 hic

239 2839 302 2893 de
328 2855 428 2893 suo
459 2840 602 2895 malo
624 2839 1004 2909 confunditur,
1052 2843 1103 2896 in
1147 2843 1426 2897 meliorem
1468 2852 1672 2911 partem
1704 2844 1828 2897 sine

237 2928 570 2983 dubitatione
599 2931 937 2985 transfertur.
967 2930 1021 2985 lu
1055 2932 1156 2985 isto
1183 2933 1380 3002 quippe
1409 2931 1608 2986 saeculo
1640 2931 1683 2985 si
1713 2945 1830 2986 cou-

233 3017 528 3085 fundimur,
563 3019 943 3084 emcndantur;
976 3020 1065 3090 qui
1113 3030 1289 3074 autem
1326 3036 1430 3074 non
1477 3020 1672 3073 fuerint
1700 3011 1829 3075 con-
1875 3057 1883 3063 -

235 3106 359 3170 lusi,
390 3108 446 3161 in
478 3108 915 3174 illajudicatione
943 3107 1359 3163 damnabantur.
1417 3110 1650 3178 Adjccit,
1691 3127 1826 3180 quo-

235 3201 373 3250 niam
407 3211 481 3265 tn,
521 3199 757 3263 Domine,
800 3201 1038 3271 attjtwisti
1083 3217 1181 3267 me,
1228 3212 1278 3254 et
1318 3204 1614 3256 consolatus
1647 3220 1696 3256 es
1727 3220 1827 3260 me.

236 3289 334 3342 ilic
362 3291 498 3343 ordo
525 3291 813 3343 verborum
843 3290 961 3342 talis
991 3299 1074 3343 est
1101 3307 1113 3341 :
1166 3289 1232 3344 Ut
1259 3293 1458 3344 videant
1482 3293 1570 3361 qui
1600 3309 1678 3345 me
1707 3293 1830 3345 ode-

237 3390 388 3442 runt;
414 3381 659 3448 quoniam
682 3389 752 3445 tu,
791 3377 1030 3440 Domine,
1059 3379 1305 3449 adjuviin
1336 3396 1435 3445 mc,
1465 3391 1511 3433 et
1538 3386 1835 3436 consolatus

238 3482 288 3519 es
312 3485 410 3521 me.
440 3467 506 3520 Et
528 3470 934 3536 confundantur,
1007 3468 1210 3522 scilicet
1239 3466 1451 3535 quando
1493 3483 1576 3522 mc
1607 3469 1837 3522 viderint

239 3571 362 3610 esse
391 3561 711 3628 gloriosum,
739 3573 896 3627 quem
927 3557 1000 3612 illi
1025 3557 1432 3625 despiciendam
1466 3571 1590 3611 csse
1619 3569 1838 3627 putave-

241 3659 386 3704 runt.
424 3652 703 3722 Adjavisti,
754 3651 986 3718 pertinet
1025 3649 1087 3703 ad
1131 3649 1617 3705 contradictionem
1669 3651 1838 3704 alter-

243 3745 478 3796 candum
504 3754 557 3799 et
588 3744 654 3796 ad
685 3745 878 3813 injuSta
934 3745 1228 3798 certamina
1258 3744 1566 3799 Judmorum
1591 3762 1605 3810 ;
1634 3745 1686 3800 in
1722 3746 1840 3816 qui-

247 3831 348 3883 bus
390 3837 462 3888 illi
502 3850 715 3902 semper
755 3836 998 3890 veritatis
1040 3837 1349 3890 testimonio
1412 3837 1836 3905 superabantur.

245 3921 436 3979 Cousol
474 3939 549 3981 trs
590 3946 665 3993 es,
713 3928 776 3981 ad
811 3930 1215 3996 persecutiones
1259 3929 1588 3984 srevissimas
1621 3929 1839 3983 insano-

247 4029 383 4074 rum.
421 4035 546 4087 quas
590 4021 679 4073 ille
715 4019 864 4074 velut
899 4020 1234 4088 tempestatis
1264 4020 1521 4089 impetum
1554 4020 1840 4089 patientis-

246 4104 383 4157 sime
423 4109 744 4162 sustinebat.

785 4198 1058 4252 Conclusio
1097 4197 1301 4269 psalmi.

321 4311 733 4366 Causideremus
760 4311 967 4366 Domini
988 4311 1305 4377 Salvatoris,
1337 4327 1364 4364 a
1399 4321 1548 4380 parte
1577 4327 1680 4383 qua
1713 4327 1841 4381 pas-

249 4409 346 4451 sus
366 4413 466 4462 est,
489 4420 646 4471 quam
675 4401 888 4456 humilis
917 4402 983 4455 ad
1011 4403 1223 4457 Patrem
1251 4401 1504 4456 fundatur
1534 4405 1728 4464 oratio,
1754 4402 1842 4470 qui

1912 464 2068 517 ticam
2097 463 2281 518 tideles
2307 464 2660 529 Christianos,
2694 464 2892 533 quibus
2929 465 3185 534 preplteta
3212 461 3492 518 civitatein

1914 562 2006 615 Dei
2039 561 2291 628 prmdicat
2319 602 2333 626 ,
2377 572 2432 615 ut
2461 563 2540 614 eis
2591 570 2750 614 tanta:
2787 560 2969 629 glorise
3024 557 3195 628 major
3238 569 3494 619 augeatur

1911 656 2150 708 allectus.
2183 653 2314 706 Nam
2347 669 2468 708 cum
2507 653 2672 708 dixit:
2708 651 2861 706 Filiit
2905 653 3059 716 Core,
3091 651 3328 707 ostendit
3368 649 3495 714 ipsis

1912 746 2238 806 dicentium,
2307 760 2410 798 non
2462 746 2605 813 ipsos
2663 761 2784 798 esse
2828 747 3124 798 locuturos.
3195 741 3492 813 Sequitur,

1916 838 2160 891 Psalmus
2191 836 2408 897 Camiri,
2442 846 2501 890 ut
2539 837 2607 890 de
2637 835 2792 902 hujus
2825 835 3009 888 θαρρυιί
3049 834 3401 888 tabernaculis
3427 833 3494 888 ad

1917 928 2317 998 intelligentiam
2362 943 2607 994 superate
2634 928 2866 981 civitatis
2910 927 3197 981 cierentur.
3260 916 3496 979 Psalmus

1914 1021 2058 1074 enim
2114 1022 2180 1073 de
2226 1019 2590 1088 superioribus
2643 1033 2864 1079 sonans,
2908 1027 3211 1070 commouet
3261 1031 3357 1071 nos
3388 1031 3496 1071 ca:-

1916 1113 2067 1166 lestia
2099 1115 2356 1183 cogitare,
2408 1125 2459 1167 et
2498 1114 2549 1167 in
2580 1113 2655 1166 eis
2710 1111 2952 1182 hymni-ca
2991 1112 3342 1166 exsultatione
3370 1126 3494 1182 gau-

1917 1206 2063 1261 dere.

2491 1320 2680 1374 Divisio
2710 1321 2915 1390 psalmi.

1995 1432 2175 1485 Brevis
2199 1432 2411 1501 quidem
2441 1434 2696 1500 psalmus,
2722 1432 2814 1486 sed
2836 1432 3043 1487 duobus
3065 1432 3166 1498 dia;
3188 1430 3504 1485 salmatibus

1922 1523 2264 1593 cognoscitur
2295 1538 2415 1578 esse
2446 1523 2684 1588 divisus;
2712 1538 2868 1591 quam
2896 1536 3014 1586 nos,
3042 1520 3301 1590 propositi
3331 1520 3504 1574 nostri

1923 1630 2208 1683 memores,
2235 1615 2344 1668 suis
2367 1614 2764 1682 quodammodo
2799 1614 3117 1668 divisionem
3145 1612 3388 1665 terminis
3411 1625 3506 1664 ex-

1923 1710 2205 1779 plicamus.
2254 1708 2308 1762 ln
2340 1709 2510 1776 prima
2545 1719 2690 1773 parte
2733 1706 2990 1776 propheta
3021 1706 3256 1772 loquitur
3287 1703 3349 1758 ad
3377 1706 3507 1758 lide-

1927 1799 2024 1865 les,
2053 1800 2328 1853 cmleslem
2363 1797 2660 1866 praedicans
2701 1797 2995 1851 ClViltllem.
3053 1795 3299 1850 Secunda
3331 1797 3508 1850 Domi-

1930 1905 2029 1944 nus
2076 1892 2320 1944 Salvator
2374 1905 2491 1944 eam
2543 1890 2878 1943 diwrsorum
2937 1889 3213 1944 nominum
3245 1890 3509 1945 allusioue

1927 1985 2248 2036 credituram
2279 1997 2398 2036 esse
2439 1983 2765 2050 pronuntiat,
2817 1983 3100 2051 increpans
3144 1981 3506 2052 Synagogam,

1926 2091 2089 2145 quare
2115 2076 2223 2145 ipsa
2269 2091 2373 2130 non
2399 2075 2711 2144 cognoverit
2741 2073 2930 2140 Deum,
2963 2076 3089 2130 dum
3140 2076 3190 2129 ei
3224 2077 3356 2130 [idv-s
3383 2091 3511 2146 gen-

1927 2171 2061 2223 tium
2099 2171 2292 2224 devota
2330 2168 2654 2222 crediderit?
2713 2169 2892 2222 Tertia
2923 2177 3072 2236 parte
3115 2169 3368 2237 prOpbeta
3405 2185 3510 2222 una

1930 2277 2086 2318 versu
2113 2261 2271 2316 futuri
2296 2260 2478 2316 saeculi
2508 2259 2896 2315 beatitudinem
2929 2260 3114 2330 tangit.
3145 2260 3234 2315 Sic
3260 2259 3512 2315 disuucta

1930 2355 2254 2426 permutatio
2307 2367 2655 2423 personarum
2717 2352 3000 2420 caliginem
3048 2352 3203 2408 nobis
3256 2361 3506 2406 cunctam

1930 2447 2260 2502 confusionis
2290 2444 2564 2514 abstergit.

2373 2576 2394 2592 ⁸
2440 2576 2446 2582 ‘
2461 2561 2726 2630 Expositio
2775 2558 2980 2632 psalmi.

2005 2678 2158 2732 Vers.
2213 2679 2264 2730 1.
2321 2676 2685 2730 Fundamenta
2735 2678 2848 2747 ejus
2902 2676 2955 2728 t'tt
3001 2675 3257 2728 montibus
3305 2665 3515 2730 sanctis.

1932 2773 2279 2828 Consuetudo
2305 2771 2555 2825 humanae
2600 2768 2941 2840 cogitationis
2971 2777 3071 2832 est,
3098 2777 3157 2821 ut
3185 2781 3313 2821 cum
3342 2781 3400 2821 se
3428 2782 3519 2822 co-

1935 2867 2084 2937 piosa
2121 2863 2546 2934 perscrutatione
2590 2859 2887 2930 collegerit,
2922 2859 2976 2913 in
3024 2859 3255 2928 aliquam
3309 2866 3515 2928 partem

1933 2972 2045 3013 etne
2067 2956 2470 3012 deliberationis
2508 2962 2774 3025 erumpat.
2808 2952 2936 3007 Tale
2969 2950 3110 3006 enim
3137 2950 3298 3020 hujus
3327 2950 3520 3019 psalmi

1935 3051 2137 3104 videtur
2165 3049 2371 3103 initium
2403 3089 2418 3113 ,
2456 3055 2512 3101 ut
2538 3063 2658 3102 cum
2697 3046 2871 3100 adhuc
2905 3045 3162 3114 propheta
3202 3043 3269 3098 de
3303 3043 3521 3098 civitate

1859 3149 1904 3212 ο
1937 3141 2032 3195 Dei
2061 3141 2201 3194 nulla
2230 3139 2570 3208 pra-miserit,
2603 3140 2673 3190 ita
2703 3138 2769 3192 de
2815 3137 3165 3206 fundamentis
3200 3139 3311 3206 ejus
3350 3134 3522 3189 disse-

1939 3249 2056 3288 rere
2087 3233 2350 3296 videatur,
2382 3231 2532 3302 quasi
2580 3231 2754 3300 aliqua
2803 3229 2869 3283 de
2897 3228 3128 3283 culmine
3175 3227 3343 3296 ipsius
3398 3234 3522 3280 ante

1933 3323 2042 3393 jam
2067 3323 2277 3378 dixem.
2317 3323 2492 3378 Novus
2523 3322 2655 3376 ordo
2683 3321 2851 3377 lactus
2881 3331 2963 3375 est
2993 3319 3164 3374 laudis
3181 3320 3389 3374 eximiae
3416 3361 3430 3382 ,
3465 3325 3520 3371 ut

1940 3417 2006 3470 de
2056 3416 2399 3485 fundamentis
2429 3415 2664 3469 civitatis
2704 3429 2951 3483 superum
2999 3414 3256 3482 propheta
3300 3424 3515 3466 sumere

1939 3508 2211 3562 videretur
2243 3508 2474 3572 initium,
2513 3517 2774 3576 quatenus
2815 3523 3002 3573 magna
3061 3507 3305 3560 soliditas
3359 3513 3521 3559 totius

1943 3599 2194 3652 culminis
2245 3608 2550 3668 appareret,
2585 3598 2738 3666 θείης
2771 3600 2918 3666 prius
2944 3599 3279 3666 funrlalnenta
3307 3596 3521 3652 laudata

1942 3700 2086 3743 sunt.
2149 3690 2262 3742 Non
2308 3690 2610 3750 immerito,
2661 3690 2912 3756 quoniam
2971 3691 3358 3758 fundamentum
3407 3688 3525 3759 ejus

1941 3782 2185 3834 Christus
2215 3788 2298 3834 est
2327 3780 2601 3843 Dominus,
2631 3779 2721 3848 qui
2754 3780 2831 3832 sic
2863 3779 3157 3834 Ecclesium
3205 3794 3352 3834 suam
3393 3794 3525 3834 con-

1944 3874 2100 3934 tinet,
2147 3882 2202 3924 ut
2231 3872 2375 3924 nulla
2402 3871 2570 3940 possit
2596 3871 2940 3938 quassatione
2962 3872 3217 3935 titubare,
3241 3871 3380 3924 sicut
3401 3871 3526 3924 dicit

1944 3963 2265 4030 Apostolus:
2291 3959 2713 4015 Fundamentum
2744 3963 2875 4014 enim
2900 3961 3045 4014 aliud
3076 3977 3222 4013 nemo
3249 3971 3411 4030 potest
3433 3979 3526 4030 po-

1946 4071 2084 4113 nere,
2110 4062 2294 4123 printer
2324 4054 2378 4105 id
2412 4053 2547 4122 quod
2593 4053 2815 4120 positum
2858 4063 2954 4115 est,
3003 4051 3140 4119 quod
3177 4063 3246 4102 (δί
3289 4051 3525 4105 Christus

1945 4145 2095 4200 Jesus
2147 4144 2196 4216 (I
2232 4144 2351 4199 Cor.
2385 4160 2461 4209 ut,
2497 4145 2610 4212 11).
2647 4143 2832 4198 Merito
2861 4157 2990 4213 ergo
3036 4143 3102 4196 ab
3134 4143 3248 4212 ipso
3300 4143 3530 4212 sumpsit

1947 4239 2252 4303 exordium,
2285 4253 2442 4306 quem
2476 4251 2656 4290 rerum
2712 4236 2948 4290 omnium
2986 4245 3193 4288 constat
3222 4249 3341 4290 esse
3380 4236 3529 4303 prin-

1947 4329 2166 4398 cipium.
2194 4330 2462 4398 Josephus
2489 4344 2701 4398 quoque
2752 4329 2912 4399 (sicut
2954 4343 2981 4380 a
3041 4329 3270 4397 quodam
3324 4328 3528 4382 dictum

1951 4422 2053 4490 est)
2088 4420 2405 4475 vernaculus
2434 4418 2745 4474 Judzeorum
2770 4419 2822 4473 in
2853 4418 2988 4471 libro
3016 4427 3204 4471 octavo
3227 4417 3533 4488 Antiquita-

251 4494 572 4548 omnimodis
603 4503 816 4564 peccata
844 4509 948 4548 non
985 4493 1164 4547 habuit
1191 4535 1204 4558 ,
1231 4496 1320 4548 sed
1349 4495 1646 4548 iul'ormans
1674 4495 1827 4549 imbe-

1953 4521 2059 4565 llltll
2089 4513 2239 4566 titulo
2271 4511 2431 4566 tertio
2464 4512 2626 4564 multa
2652 4512 2718 4565 de
2745 4510 2925 4579 templi
2958 4511 3356 4564 constructione
3388 4511 3537 4564 locu-

255 4583 364 4633 cilli
393 4597 527 4639 atem
553 4597 814 4651 nostram,
842 4587 975 4654 eripi
1004 4602 1062 4640 se
1092 4587 1160 4640 ab
1191 4585 1345 4655 hujus
1379 4587 1557 4641 sreculi
1593 4587 1843 4656 periculis

260 4677 566 4736 postulat-it.
605 4678 946 4746 Quapropter
988 4678 1271 4731 erubescat
1298 4677 1524 4731 humana
1567 4679 1842 4731 temeritas

257 4776 378 4816 esse
423 4767 673 4832 superba,
729 4782 846 4834 qua:
899 4783 958 4820 se
1006 4782 1112 4820 non
1157 4767 1362 4818 dubitat
1411 4767 1846 4820 reatu.Ch'istos

258 4864 355 4917 pro
385 4856 611 4911 inimicis
662 4858 867 4923 oravit,
929 4869 1154 4910 mortem
1211 4859 1471 4925 patienter
1503 4860 1749 4926 excepit;
1796 4867 1850 4911 ct

261 4955 361 4996 nos
391 4944 607 5013 injurias
631 4955 844 5000 nostras
873 4945 1058 4999 ulcisci
1091 4946 1360 5010 volumus,
1385 4947 1428 4999 si
1453 4945 1846 5001 detrahentium

264 5037 593 5089 sermonibus
624 5046 958 5103 appetantur.
1003 5035 1100 5088 Det
1135 5037 1249 5102 ipse
1290 5036 1573 5103 patientia:
1628 5053 1846 5100 munus,

265 5125 352 5188 (ιειί
382 5125 597 5181 donavit
621 5128 972 5194 exemplum;
1007 5136 1062 5179 ut
1117 5127 1233 5194 ejus
1275 5126 1498 5195 vestigia
1541 5136 1847 5197 SCtltlt‘Jllt'S,

270 5220 566 5274 utnrtiferos
595 5222 769 5274 vitare
813 5221 1086 5273 valeamus
1117 5235 1350 5274 errores.

483 5331 847 5385 EXPUSITID
889 5333 948 5383 IN
989 5331 1308 5386 I'SALMUM
1340 5331 1630 5386 LXXXVI.

625 5422 777 5476 Filiis
819 5422 966 5487 Core,
1013 5426 1237 5493 psalmus
1267 5422 1488 5476 Cantici.

333 5539 560 5608 Propter
585 5538 899 5591 meritoriam
931 5537 1282 5606 reparandant
1319 5538 1555 5591 breviter
1605 5552 1851 5589 commo-

261 5648 489 5688 neatttus
518 5645 639 5699 quae
665 5643 808 5697 smpc
836 5630 943 5697 jaut
966 5629 1105 5683 dicta
1128 5638 1292 5695 sunt;
1327 5631 1448 5698 quia
1477 5644 1612 5700 pene
1644 5629 1694 5681 itt
1728 5631 1850 5681 nul-

264 5727 366 5780 lam
429 5724 715 5777 ttli'litatcttt
771 5729 983 5786 putatur
1038 5737 1157 5776 esse
1215 5733 1533 5789 narratum,
1588 5721 1849 5793 quidquid

513 5819 782 5877 νίψω..
823 5811 1014 5872 LXX.

1955 4615 2038 4658 tus
2064 4613 2164 4666 cst,
2197 4604 2336 4674 quod
2367 4619 2393 4655 a
2420 4603 2704 4658 Salomone
2752 4600 3066 4656 fabricatum
3118 4616 3238 4655 esse
3267 4601 3538 4670 dignosci-

1956 4711 2059 4752 tur.
2095 4699 2201 4752 Nos
2222 4699 2362 4753 enim
2384 4709 2435 4750 et
2467 4696 2886 4761 tabernaculum,
2912 4696 3051 4764 quod
3075 4695 3189 4763 ejus
3222 4697 3396 4763 imago
3426 4694 3536 4762 pri-

1955 4791 2114 4843 mitus
2149 4789 2271 4854 fuit,
2323 4799 2379 4843 et
2426 4787 2686 4856 templum
2741 4787 2913 4855 ipsum
2945 4786 3167 4839 fecimus
3207 4784 3373 4852 pingi,
3401 4795 3454 4838 ct
3483 4785 3535 4838 in

1956 4897 2183 4950 corpore
2222 4881 2496 4949 pandectu:
2523 4888 2717 4932 uestra:
2759 4879 3061 4947 grandioris
3094 4877 3316 4929 fecimus
3365 4869 3558 4929 collo!

1955 4977 2096 5037 cari;
2126 4983 2408 5040 quatenus,
2433 4972 2572 5040 quod
2595 4972 2882 5040 Scriptura:
2910 4970 3103 5022 divina:
3135 4978 3305 5022 textus
3320 4967 3384 5020 de
3409 4967 3539 5037 ipsis

1957 5069 2245 5135 eloquitur,
2297 5068 2466 5120 oculis
2520 5064 2784 5118 redditum
2827 5066 3023 5117 clarius
3071 5062 3408 5130 panderetur.
3468 5056 3537 5111 In

1958 5162 2218 5214 utentibus
2240 5172 2415 5213 autem
2447 5163 2655 5222 sanctis,
2696 5158 2957 5227 signiticet
2997 5153 3265 5224 apostolm
3307 5161 3362 5207 et
3417 5163 3539 5220 pru-

1962 5256 2167 5320 plmtag
2203 5254 2290 5320 qui
2325 5253 2595 5307 soliditate
2627 5251 2744 5304 lidei
2786 5259 2839 5302 et
2866 5247 3180 5302 excellentia
3234 5245 3536 5299 sanctitatis

1962 5364 2012 5398 m
2048 5359 2154 5400 ales
2186 5358 2459 5401 vocantur.
2498 5348 2676 5397 κιονἱό
2700 5361 2824 5410 ego
2852 5343 2936 5395 tali
2969 5343 3224 5395 vocabulo
3253 5339 3543 5406 nuncupati

1961 5449 2103 5503 sunt,
2135 5441 2184 5490 itt
2213 5439 2404 5504 quibus
2432 5447 2511 5487 est
2545 5454 2664 5487 vera
2702 5437 2792 5488 ll-i
2839 5433 3078 5488 Ecclesia
3123 5431 3432 5486 constituta.

2034 5532 2185 5585 Vers.
2210 5531 2264 5582 2!.
2308 5529 2484 5596 Ilillgit
2522 5527 2770 5580 llnlninus
2800 5539 2971 5599 portas
3012 5527 3138 5580 Sion
3189 5543 3342 5592 super
3369 5527 3546 5579 omnia

1964 5625 2285 5676 tabr‘rnucn'a
2309 5619 2487 5671 .IaCoh.
2521 5619 2656 5670 Eure.
2684 5621 2789 5687 j'llll
2824 5621 2889 5669 dt-
2919 5619 3002 5670 illa
3035 5619 3250 5671 civitate
3291 5616 3546 5685 loquitur,

1966 5720 2116 5789 cujus
2139 5728 2260 5769 an'c
2299 5712 2639 5768 fundamenta
2675 5713 2925 5769 laudavit.
2977 5712 3107 5778 Qum.
3141 5714 3309 5786 ﬁgura
3353 5710 3549 5766 dicitur

3035 5805 3116 5868 20
