4046 6174
431 290 492 342 Μ
507 292 535 341 ll

1671 287 1737 340 Μ.
1782 285 2056 343 ΑυΙΗίΙΛΙ
2097 283 2134 338 C
2150 285 2492 341 \SSIODDRI

3603 286 3634 334 ti
3645 285 3706 338 20

433 409 772 476 aliastrophe,
801 407 852 468 id
883 416 958 466 est
996 409 1006 460 i
1035 405 1226 460 .vcrsio
1252 421 1262 456 :
1289 405 1497 473 quntiea
1530 417 1590 456 ea
1623 419 1741 467 quae
1773 402 2018 466 Sl‘l'lt‘t'ills
2053 402 2100 456 Α
2131 403 2214 468 qni
2251 415 2484 470 perculit!
2505 419 2588 454 itm
2621 401 2826 455 inerant
2857 401 3182 454 obscuritate
3215 399 3469 454 tetcrrimi
3493 416 3506 462 j.
3532 399 3623 452 sed
3651 399 3712 454 in

434 501 656 556 dicenda
689 509 828 565 sunt,
866 509 1135 568 ponuntur
1169 497 1408 552 inferius.
1449 496 1584 550 Dicit
1614 496 1792 548 enim:
1835 495 2017 561 DJigit

438 595 687 648 Dominus
705 603 875 658 portas
907 593 1050 644 .‘r'ion.
1087 590 1546 659 Sion(sicuts:cpe
1584 587 1840 652 diximus)
1869 600 2020 638 mons

432 699 510 743 est
539 687 1042 756 Jerusolymiianiis,
1070 684 1451 750 interpretatus
1475 682 1712 751 specula,
1747 697 1842 748 per
1861 693 2020 747 quem

435 780 730 834 Jerusalem
763 777 844 829 iila
874 777 1044 828 l'utuia
1077 776 1329 828 ili-center
1357 775 1671 826 advertitur.
1705 771 1870 840 Cujus
1893 787 2020 839 por-

435 882 514 924 tas
547 870 708 938 diligit
737 866 1008 930 Dominus,
1043 867 1092 920 id
1119 880 1192 918 est
1235 866 1412 924 tidem,
1448 865 1790 926 charitateni,
1823 861 2022 930 baptis-

437 979 544 1026 Ina,
603 959 996 1028 paenitentiam,
1045 955 1408 1026 cthiiidquid
1466 957 1515 1006 iii
1567 955 1708 1005 illam
1757 954 2022 1004 civitatem

437 1053 736 1122 acquisitos
770 1050 994 1118 populos
1031 1046 1361 1100 intromittit.
1397 1046 1522 1100 Sive
1555 1044 1636 1114 (ut
1667 1043 1881 1110 quidam
1937 1057 2023 1094 v0-

439 1145 574 1213 luiit)
603 1143 885 1196 dandi-cini
921 1141 1196 1206 apostolos
1225 1139 1543 1208 signiﬁcant,
1582 1152 1806 1206 quorum
1841 1145 2026 1188 saneta

441 1236 756 1304 praedicatio
795 1233 1039 1285 ﬁdelibus
1077 1233 1262 1285 :cterui
1297 1231 1456 1296 [legis
1501 1229 1692 1294 palatia
1745 1225 2024 1280 i'cseraiit.

442 1328 696 1382 Studiose
728 1342 854 1378 vero
889 1323 1303 1392 pcrqiiireiiduni
1336 1335 1418 1374 eSt
1449 1321 1586 1388 quod
1616 1319 1838 1382 addidit,
1874 1335 2028 1385 super

443 1421 615 1472 omnia
652 1417 980 1470 tabernaculo
1017 1412 1202 1468 Jacob.
1243 1411 1596 1466 Tabernacttla
1626 1411 1810 1476 Jacob,
1865 1413 2029 1479 signi-

447 1511 606 1562 ﬁcant
634 1507 928 1560 Ecclesium
970 1506 1307 1568 catholicam,
1347 1517 1466 1572 qua!
1499 1503 1658 1554 modo
1681 1502 2026 1554 construitur.

447 1603 570 1654 llaec
599 1611 784 1652 contra
827 1598 1011 1651 sieritli
1055 1596 1212 1665 hujus
1260 1593 1614 1648 adversitates
1648 1594 2029 1662 expeditionali

445 1707 658 1758 semper
701 1689 1088 1742 exercitatione
1145 1685 1404 1752 conﬂigit.
1459 1684 1621 1756 294.
1675 1686 1736 1740 lit
1775 1685 2028 1752 quoniam

2127 494 2222 546 isui
2259 493 2468 546 Domini
2501 494 2717 546 civitate
2746 493 2952 546 eollecti
2985 505 3128 557 sunt,
3179 492 3246 545 de
3299 493 3493 559 quibus
3537 493 3710 546 reful-

2127 586 2362 652 gelttlttttt
2391 595 2981 638 sanctorutniiunicrns
3007 586 3055 636 in
3089 583 3178 638 illa
3231 585 3402 650 patria
3435 584 3718 650 cotiiplea-

2129 685 2232 728 tur.
2262 675 2398 730 Ecce
2421 676 2534 744 ipsa
2566 687 2688 730 sunt
2717 677 3093 745 qureprtelixit
3115 691 3300 728 versus
3327 675 3412 728 ille
3434 690 3712 742 superior:

2131 765 2370 818 Gloriosa
2393 767 2531 820 dicta
2563 775 2676 818 :uitt
2707 768 2769 818 de
2801 777 2866 830 tr,
2897 767 3074 816 citvittts
3109 763 3222 817 Dei.
3263 763 3394 818 Nam
3430 765 3558 833 quid
3599 765 3718 832 glo-

2131 859 2342 921 riosius,
2375 873 2444 924 qu
2485 874 2532 909 iii
2553 867 2610 909 ιιι
2642 865 2785 908 tanta
2815 855 3026 908 findit-is
3057 857 3200 923 prius
3225 856 3522 908 errantium
3549 871 3718 922 [δορυα-

2131 951 2301 1004 lorum
2329 952 2379 1002 in
2411 966 2570 1004 unam
2601 959 2803 1004 sancta:
2839 949 3067 1002 civitatis
3102 946 3558 1014 pulchritudinem
3585 963 3723 1002 con-

2131 1041 2380 1096 veniret?
2431 1042 2496 1096 Et
2547 1051 2822 1096 memento
2875 1041 3014 1110 quod
3059 1055 3225 1110 genus
3261 1039 3400 1092 istud
3431 1035 3724 1093 locutionis

2131 1135 2423 1204 Scriptura:
2453 1136 2648 1190 divinm
2677 1133 2952 1204 proprium
2984 1147 3102 1185 esse
3125 1133 3232 1200 jam
3275 1132 3504 1185 diximus
3530 1149 3543 1196 ;
3575 1134 3723 1185 scili-

2133 1241 2214 1280 cet
2247 1239 2298 1280 ut
2329 1243 2422 1294 per
2443 1227 2721 1280 nominum
2762 1227 3237 1293 interpretationes
3262 1224 3508 1277 voluntas
3551 1225 3730 1291 possit

2133 1321 2357 1388 intelligi
2397 1319 2666 1372 dictionis.

2207 1415 2362 1468 Vers.
2397 1413 2448 1467 5.
2491 1412 2657 1466 Mater
2699 1412 2830 1466 Sion
2866 1411 3034 1464 dicet:
3075 1411 3260 1475 Homo,
3299 1418 3344 1464 et
3384 1409 3533 1460 homo
3558 1407 3730 1474 facta;

2131 1519 2202 1564 est
2231 1510 2279 1561 in
2305 1522 2399 1561 ea:
2427 1517 2470 1560 et
2494 1507 2602 1578 ipse
2648 1505 2884 1578 {undavit
2937 1521 3048 1558 eam
3091 1503 3408 1556 Altissimus.
3465 1501 3730 1554 Ecclesia:

2133 1602 2416 1657 catholicm
2446 1600 2669 1653 Matrem
2701 1599 3037 1669 Syuagogam
3072 1595 3291 1650 I'orsitaii
3325 1595 3424 1648 hoc
3467 1593 3584 1646 loco
3615 1609 3730 1646 non

2133 1693 2571 1748 inconvenieuter
2607 1691 2959 1754 advertimus,
2991 1703 3151 1759 quam
3205 1704 3299 1757 per
3330 1687 3458 1740 Sion
3487 1695 3732 1738 tlt0iitc|u

447 1785 545 1837 ista
571 1783 758 1835 futura:
789 1781 932 1833 illius
954 1779 1252 1834 Jerusalem
1286 1788 1459 1845 portat
1489 1777 1796 1844 itiiaginem,
1828 1777 1914 1828 ulti
1947 1785 2031 1829 est
2063 1792 2108 1850 Β
2143 1787 2447 1854 frequenter
2479 1780 2879 1852 intelligendam
2927 1795 3046 1834 esse
3072 1780 3180 1847 jam
3213 1778 3468 1843 diximus,
3510 1790 3626 1846 qua:
3657 1793 3732 1829 ex

447 1875 600 1928 beata
629 1875 734 1926 vita
780 1880 1059 1926 etii-terna
1119 1871 1367 1932 felicitas,
1429 1873 1620 1922 merito
1658 1885 1822 1938 supra
1881 1870 2036 1922 istam

447 1969 535 2020 ita
566 1966 859 2034 spiritualis
891 1963 1037 2032 diligi
1069 1961 1284 2024 dicitur,
1321 1961 1373 2013 in
1417 1976 1518 2028 qua
1546 1959 1654 2026 jam
1692 1959 1818 2010 iitliil
1853 1957 2042 2011 confu-

447 2061 636 2122 sionis,
673 2059 807 2110 nihil
843 2055 1262 2126 perturbationis
1292 2069 1413 2108 esse
1463 2055 1788 2107 declaratur.
1839 2055 1902 2106 tit
1964 2053 2041 2108 iii-

448 2161 600 2204 tuerc
633 2150 754 2218 quia
787 2149 870 2201 illa
904 2150 983 2200 sic
1010 2147 1128 2214 plus
1159 2146 1328 2200 amari
1381 2146 1714 2214 prodicitur,
1745 2155 1802 2198 itt
1838 2157 1894 2198 et
1943 2146 2041 2199 ista

449 2242 564 2294 sine
593 2242 754 2292 dubi.)
783 2239 932 2305 diligi
971 2239 1253 2291 sentiatur.

523 2329 674 2382 Vers.
701 2330 750 2381 3.
777 2325 1016 2380 Gloriosa
1049 2326 1186 2378 dicta
1215 2333 1334 2377 sunt
1358 2325 1420 2376 de
1443 2335 1510 2382 te.
1543 2326 1720 2378 civitas
1755 2324 1870 2379 Dei.
1899 2327 2044 2381 More

449 2435 551 2474 suo
583 2418 754 2471 futura
807 2431 906 2486 pro
943 2416 1232 2484 praztcritis
1270 2417 1437 2484 ponit.
1475 2414 1602 2468 Nam
1636 2417 1737 2469 ista
1766 2419 1954 2470 civitas
1989 2417 2042 2471 in

452 2509 688 2564 secunda
724 2517 875 2576 parte
921 2507 1132 2561 Domini
1187 2509 1533 2561 attestatione
1593 2507 1930 2562 laudabitur:
1977 2511 2046 2564 de

454 2615 556 2669 qua
591 2599 780 2652 metito
805 2598 1185 2664 gloriosudit-ta
1227 2595 1554 2690 rcfct'ttutur,
1603 2613 1720 2666 qua:
1770 2599 2044 2654 creatoris

459 2690 539 2746 sui
567 2691 910 2758 cognoscitur
947 2704 1076 2742 voce
1111 2689 1470 2757 praedicanda.

534 2805 681 2861 Vers.
705 2807 758 2859 4.
797 2803 992 2856 Memor
1023 2819 1105 2858 cro
1147 2803 1287 2856 Raab
1327 2813 1374 2856 et
1441 2801 1718 2873 Babylonis
1774 2805 2048 2858 scientibus

453 2914 566 2952 me:
595 2913 708 2950 ecce
737 2897 1059 2965 alienigenae,
1087 2903 1136 2947 et
1160 2894 1355 2963 Tyrus,
1381 2904 1426 2946 ct
1467 2896 1687 2964 populus
1715 2894 2046 2966 zEtltinptmi,

449 2991 510 3042 lii
563 2990 772 3060 fuerunt
817 2987 870 3040 in
909 3003 988 3040 ea.
1030 2986 1278 3040 Secunda
1311 3001 1433 3054 pars
1477 2987 1663 3053 psalmi
1717 2987 1871 3054 IiiijUs
1905 2989 2050 3042 velut

458 3081 698 3150 quaedam
733 3079 902 3132 nubes
955 3081 1213 3144 aperitur,
1261 3079 1328 3132 de
1381 3093 1480 3146 qua
1519 3078 1772 3134 Domitius
1829 3091 2044 3148 tonans,

2148 1879 2383 1933 maxima
2415 1883 2567 1944 parte
2601 1873 2919 1944 populorum
2969 1873 3142 1926 solum
3197 1871 3465 1925 hominem
3515 1869 3740 1924 dicebat

2148 1973 2429 2024 Dominum
2463 1969 2804 2023 Salvatorem
2838 1983 2851 2031 ;
2883 1965 3004 2034 quia
3039 1964 3202 2018 Deum
3233 1980 3265 2018 ιι
3290 1978 3331 2018 -c
3361 1962 3602 2026 credere,
3627 1978 3736 2013 nco.

2149 2065 2444 2134 intelligere
2467 2062 2788 2117 merebatur.
2827 2059 2892 2114 Et
2922 2059 3006 2114 hic
3037 2059 3242 2129 ﬁgenda
3265 2069 3347 2112 est
3375 2057 3566 2118 inedia,
3593 2071 3732 2122 quo-

2149 2159 2288 2212 iiiani
2321 2159 2448 2212 illud
2483 2156 2623 2225 quod
2655 2153 2897 2222 sequitur
2942 2168 3159 2207 sensum
3197 2153 3420 2206 alterum
3481 2148 3734 2202 videlicet

2148 2252 2472 2306 intromittit.
2491 2249 2741 2314 Sequitur
2761 2247 2979 2314 quippe,
3013 2255 3059 2298 et
3085 2247 3234 2297 homo
3254 2243 3420 2313 factus
3447 2251 3520 2295 est
3549 2245 3600 2294 in
3631 2257 3690 2296 eo
3714 2258 3732 2300 .-

2149 2341 2290 2413 quod
2317 2343 2422 2410 jam
2452 2355 2515 2393 co
2541 2339 2826 2393 uﬁrmaive
2859 2335 3140 2407 legendum
3175 2345 3276 2391 est.
3309 2333 3424 2388 Non
3464 2335 3605 2386 enim
3643 2332 3736 2384 inc

2149 2437 2227 2491 sic
2249 2435 2378 2488 dicit
2425 2433 2679 2486 hominem
2723 2433 2938 2500 factum,
2988 2430 3129 2484 sicut
3164 2427 3413 2498 superius
3452 2426 3736 2496 Syiiagoga

2150 2529 2320 2592 dixit;
2351 2528 2439 2578 illa
2488 2529 2628 2578 enim
2664 2523 2894 2576 errando
2947 2521 3124 2576 solum
3177 2521 3450 2574 hominem
3483 2518 3730 2586 putavit;

2151 2635 2294 2674 nunc
2314 2632 2492 2672 autem
2527 2617 2785 2670 Dominus
2813 2615 2880 2670 de
2907 2630 2967 2670 se
2995 2615 3278 2668 continuat
3300 2611 3576 2667 deﬁnitiva
3607 2624 3738 2667 sett-

2151 2715 2336 2777 tcntia,
2361 2719 2408 2764 et
2432 2713 2581 2763 homo
2605 2701 2868 2780 factus'est
2897 2709 2948 2761 in
2983 2722 3081 2761 ea:
3124 2704 3375 2776 quoniam
3417 2718 3604 2758 revera
3647 2716 3738 2756 as-

2139 2799 2360 2872 sumpta
2388 2817 2549 2856 carne
2583 2802 2722 2854 Deus
2755 2800 2921 2853 factus
2965 2812 3048 2853 εει
3096 2797 3288 2860 homo;
3319 2795 3454 2848 sicut
3480 2805 3531 2850 et
3563 2793 3738 2847 Evan-

2151 2899 2338 2967 gelista
2378 2895 2544 2948 dicit:
2587 2891 2797 2945 Verbum
2829 2905 2950 2943 raro
2977 2893 3165 2958 factum
3195 2897 3268 2941 est
3316 2885 3499 2957 (Joan.
3533 2900 3571 2946 ι.
3621 2883 3744 2944 Η).

2153 2991 2204 3044 id
2236 2997 2319 3044 est
2346 2988 2512 3041 Filius
2542 2985 2633 3038 Dei
2662 2983 2834 3037 factus
2863 2993 2945 3036 est
2983 2981 3144 3036 homo
3171 2999 3186 3044 ;
3233 2994 3334 3034 nou
3368 2989 3424 3031 ut
3458 2976 3744 3030 Divitiitati

2155 3083 2204 3136 al
2229 3081 2353 3152 quid
2403 3080 2770 3143 imminueret,
2821 3075 2916 3130 sed
2967 3086 3026 3128 ut
3067 3072 3416 3127 humanitatis
3465 3079 3744 3131 naturain,

459 3173 708 3228 ﬁdelibus
730 3170 1122 3225 recordationis
1153 3185 1212 3222 su
1233 3189 1262 3221 ιι
1299 3185 1516 3222 munera
1551 3170 1850 3237 pollicetur,
1879 3174 2048 3242 sigiii-
2079 3169 2124 3232 C
2156 3191 2310 3246 quam
2345 3173 2572 3228 liberare
2603 3169 3104 3240 prindeatinaverat,
3137 3166 3420 3233 dignanter
3449 3161 3740 3216 evelleret.

460 3265 626 3319 ﬁeans
655 3279 748 3332 per
770 3263 1060 3316 allusiones
1085 3262 1359 3314 nominum
1385 3275 1478 3314 eos
1511 3261 1578 3315 de
1608 3263 1770 3315 variis
1801 3267 2051 3331 gentibus

458 3355 810 3426 colligendos.
857 3353 1000 3406 ltoab
1047 3353 1300 3406 meretrix
1353 3351 1470 3416 fuit,
1508 3367 1626 3421 quc
1681 3355 2050 3420 capioratores

458 3445 585 3500 Jesu
635 3443 782 3500 Nave
833 3443 899 3496 ad
943 3443 1160 3498 Jericho
1202 3443 1481 3496 venientes
1529 3446 1738 3498 occulte
1789 3447 2047 3514 suscepit,

459 3551 512 3594 et
551 3555 646 3608 per
678 3537 834 3592 aliain
865 3545 1090 3605 partem,
1141 3550 1206 3588 ne
1246 3535 1804 3604 deprehenderentur,
1843 3538 2046 3593 emisit.

457 3629 625 3700 Cujus
655 3629 968 3684 vocabulum
1011 3625 1272 3695 signiﬁcat
1322 3626 1628 3694 superbiam
1657 3669 1672 3692 ,
1711 3645 1832 3694 quae
1863 3629 2042 3685 divina

460 3719 705 3790 largitate
733 3734 1014 3780 Conversa,
1043 3718 1250 3772 Domini
1276 3718 1468 3772 inet-uit
1495 3720 1784 3786 impetrare
1807 3719 2050 3776 clemen-

461 3815 610 3867 tiam.
655 3813 778 3890 lltec
806 3825 934 3880 ergo
973 3811 1194 3879 ﬁguram
1224 3820 1398 3878 gestat
1433 3811 1708 3878 Ecclesiic,
1733 3827 1855 3881 quae
1877 3816 2049 3868 susci-

461 3905 614 3972 piens
635 3903 841 3957 animas
861 3903 1124 3970 superbia:
1149 3903 1274 3954 vitio
1293 3903 1678 3970 periclitantes,
1701 3906 1806 3958 alio
1835 3906 2046 3972 itinere,

463 3996 512 4049 id
542 4007 623 4050 est
656 3993 969 4048 humilitatis
999 4003 1052 4047 et
1085 3994 1352 4060 patientia:
1373 3994 1406 4047 d
1433 3997 1595 4048 mittit
1619 3996 1684 4048 ad
1723 3997 1905 4052 vitam.
1938 3997 2046 4050 Βα-

465 4090 617 4160 bylon
647 4103 856 4158 quoque
882 4087 1070 4140 civitas
1097 4096 1181 4141 est
1218 4087 1422 4150 mundi,
1456 4102 1574 4156 quae
1603 4087 1846 4142 confusio
1881 4091 2046 4145 inter-

463 4194 718 4251 pretatur.
757 4183 952 4234 Iudicat
981 4182 1122 4234 enim
1147 4181 1328 4234 satciili
1355 4182 1507 4234 istius
1532 4182 1778 4250 pupillos,
1805 4185 1893 4254 qui
1922 4201 2045 4252 pro-

463 4275 634 4329 brosis
665 4276 820 4328 idolis
845 4275 1060 4327 caccatis
1090 4273 1356 4328 mentibus
1382 4274 1722 4340 serviebant;
1754 4276 1847 4329 sed
1883 4278 2045 4332 inise-

467 4366 696 4420 ricordia
733 4365 937 4419 D.iiiiini
964 4364 1248 4418 iiluniinati
1280 4363 1402 4418 facti
1437 4374 1558 4418 sunt
1589 4366 1900 4422 Christiani.
1929 4367 2042 4422 Hoc

462 4475 591 4527 ergo
639 4457 770 4512 dicit
823 4457 962 4510 Raab
1015 4469 1060 4509 et
1099 4457 1373 4526 Babylonis
1422 4471 1480 4510 se
1533 4473 1824 4522 memorem,
1861 4459 1910 4513 id
1957 4469 2039 4514 est

2161 3271 2227 3324 Et
2257 3285 2321 3322 ne
2346 3267 2571 3320 forsitan
2615 3263 2895 3318 Dominum
2921 3261 3190 3314 Christum
3235 3258 3490 3312 crederes
3529 3263 3740 3322 tempo-

2157 3361 2343 3422 ralem,
2369 3357 2590 3420 addidit,
2617 3365 2663 3409 ει
2687 3357 2794 3426 ipse
2821 3353 3059 3424 [undavit
3099 3365 3213 3406 eam
3261 3349 3591 3410 Altissimus;
3643 3346 3744 3402 ille

2154 3451 2358 3505 scilicet
2392 3449 2480 3518 qui
2515 3455 2717 3500 tantum
2768 3445 3051 3511 putabatur
3099 3443 3260 3496 homo
3293 3440 3451 3495 hstis
3491 3437 3746 3494 Chrisms

2155 3543 2489 3613 Synagogam
2521 3539 2638 3606 ipse
2679 3551 2774 3592 sua
2824 3536 3182 3604 dispositione
3235 3535 3288 3588 [ιι
3315 3535 3494 3587 .davit.
3537 3531 3596 3586 Et
3631 3545 3746 3584 non

2154 3633 2328 3688 solum
2363 3636 2447 3702 leg
2483 3646 2536 3684 ιιι
2575 3645 2672 3700 per
2713 3630 2937 3700 Moysen
2984 3627 3163 3688 dedit.
3211 3641 3394 3681 verum
3425 3627 3583 3680 etiam
3609 3635 3746 3678 ante

2156 3725 2336 3779 mundi
2365 3723 2574 3777 initium
2601 3722 2716 3790 ipse
2741 3739 2790 3774 nt
2811 3721 2981 3776 scitur
3007 3719 3170 3772 fuisse
3195 3716 3517 3787 principium
3540 3732 3554 3780 ;
3597 3715 3746 3768 sicut

2155 3819 2267 3886 ipse
2293 3818 2343 3870 io
2370 3815 2659 3882 Evangelia
2686 3821 2915 3868 testatur
2941 3829 2956 3865 :
2988 3810 3096 3882 Ego
3121 3828 3232 3864 sum
3259 3811 3592 3880 principium,
3616 3825 3745 3878 pro-

2152 3920 2261 3982 pter
2289 3909 2427 3980 quod
2460 3917 2504 3962 et
2530 3909 2708 3978 loquor
2741 3907 2878 3960 vobis
2909 3904 3090 3973 (Joan.
3116 3921 3229 3970 viti,
3258 3903 3374 3972 9-6).
3402 3903 3590 3956 Merito
3605 3915 3746 3968 ergo

2157 4003 2332 4058 dictus
2351 4009 2434 4055 est
2467 3999 2790 4063 Altissimus,
2823 4007 2878 4050 ut
2911 3998 3054 4070 nulla
3081 3995 3302 4050 lia-resis
3347 3995 3558 4047 Patrem
3591 3991 3744 4046 dice-

2153 4105 2236 4150 ret
2262 4109 2382 4148 esse
2417 4091 2697 4161 majorem.

2225 4183 2376 4237 Vers.
2409 4183 2458 4238 6.
2499 4182 2754 4236 Dominus
2821 4181 3046 4236 narrauit
3099 4177 3382 4249 tcripttiros
3429 4173 3746 4247 populorum

2147 4290 2193 4332 et
2217 4276 2540 4344 principum:
2571 4273 2754 4327 horum
2779 4273 2862 4342 qui
2891 4273 3094 4342 [uerunt
3133 4273 3187 4324 in
3223 4287 3304 4323 ea.
3359 4269 3449 4322 Illi
3485 4283 3742 4336 prmnun-

2149 4371 2242 4421 tiat
2265 4383 2382 4437 quae
2415 4366 2485 4420 sit
2512 4366 2625 4434 ipse
2655 4376 2897 4433 tempore
2939 4363 3324 4418 incarnationis
3351 4362 3419 4417 de
3439 4360 3746 4429 scriptura-

2147 4481 2262 4518 rum
2287 4473 2528 4518 vetcrum
2561 4461 3076 4516 commemoratione
3117 4461 3380 4513 dicturus.
3421 4457 3742 4511 Commune!

463 4548 644 4604 ιιιοιιιᾱί
674 4547 826 4601 istius
855 4549 1096 4616 populos,
1134 4549 1220 4616 qui
1241 4555 1417 4600 tamen
1447 4547 1513 4598 ad
1541 4547 1658 4616 ejus
1685 4563 1748 4602 se
1776 4551 2036 4604 culturam
2073 4547 2117 4606 D
2147 4559 2288 4609 enim
2325 4555 2632 4624 frequenter
2664 4554 2716 4605 in
2755 4551 2984 4620 Evangel
3009 4567 3040 4604 ο
3072 4566 3190 4616 quae
3223 4551 3290 4604 de
3321 4552 3437 4619 ipso
3463 4547 3730 4618 prtedixe-

465 4639 732 4693 t.niui'iter
755 4640 1158 4693 transtulerunt.
1189 4638 1276 4690 Sic
1295 4638 1580 4691 Pharisaeis
1607 4640 2046 4706 superbientibus

463 4737 512 4786 iii
545 4733 579 4788 Ε
600 4733 828 4801 .atigelio
855 4737 968 4801 ipse
1018 4731 1248 4794 resitoud
1277 4741 1334 4785 t:
1371 4733 1528 4784 Amen
1579 4734 1694 4784 dico
1723 4733 1860 4788 vobis
1881 4778 1898 4801 ,
1929 4738 2050 4805 quia

463 4827 721 4898 publicani
748 4837 793 4878 et
823 4823 1102 4876 meretrices
1127 4822 1408 4889 prtescdent
1447 4837 1530 4874 vos
1559 4823 1608 4874 in
1649 4840 1859 4890 regnum
1886 4828 2045 4881 caelo-

461 4934 577 4971 rum
607 4915 820 4988 (Matth.
847 4929 957 4977 χιι,
987 4912 1098 4981 Bt).
1139 4913 1408 4980 Sequitur,
1459 4913 1590 4966 Ecce
1635 4917 1956 4986 atictit'gcnte,
2001 4931 2048 4973 et

464 5010 648 5079 'Iyrtis,
702 5019 745 5060 et
797 5003 1018 5071 po.-nlns
1075 5001 1402 5070 «Ethiopian,
1457 5005 1512 5058 lii
1564 5008 1770 5072 {uerunt
1797 5008 1850 5060 in
1882 5010 2044 5063 ea.ln

461 5115 622 5154 sensu
649 5099 838 5152 eadem
871 5105 1194 5162 perseverat.
1229 5095 1457 5166 Alienige
1481 5111 1540 5147 ιιι)
1583 5105 1709 5150 sunt
1755 5112 1782 5149 a
1823 5097 2048 5152 Jiidaico

463 5195 660 5260 populo
687 5189 898 5257 quidem
929 5186 1170 5240 extranei
1198 5201 1212 5248 ;
1239 5186 1336 5240 sed
1362 5187 1464 5238 illis
1493 5201 1594 5238 non
1617 5187 1962 5243 credentibus
1995 5194 2045 5245 in

463 5280 754 5347 penetralia
806 5277 1064 5330 Eccli-sitn
1119 5285 1247 5330 sunt
1291 5279 1530 5344 recepti:
1565 5279 1702 5330 sicut
1737 5281 1788 5330 in
1825 5280 2047 5336 Aetibus

461 5373 822 5442 apostolorum
849 5369 976 5422 dcit
1003 5385 1014 5420 :
1062 5367 1209 5421 Vobis
1237 5367 1440 5435 quidem
1469 5368 1734 5432 oportebat
1763 5370 1900 5437 loqui
1933 5385 2046 5423 ver-

463 5464 582 5519 bum
609 5465 651 5517 D
682 5465 730 5530 i;
774 5467 862 5516 sed
883 5463 1002 5533 quia
1029 5459 1286 5532 repulistis
1317 5461 1472 5526 illud,
1507 5471 1552 5512 et
1579 5460 1818 5532 indignos
1854 5478 1938 5514 uos
1959 5467 2047 5531 ju-

462 5557 670 5612 tlicastis
699 5563 900 5608 interna:
921 5557 1056 5618 vitat,
1089 5568 1199 5607 ecce
1221 5553 1560 5606 convertimur
1583 5555 1650 5605 ad
1689 5563 1862 5625 gentes
1909 5557 2044 5624 (Act.

461 5661 582 5715 sui,
624 5646 738 5712 46).
782 5647 944 5716 Tyrus
994 5647 1254 5718 signiﬁcat
1293 5647 1595 5715 angustiam
1629 5663 1748 5714 quin
1781 5649 1845 5702 de
1873 5649 2050 5716 pinni-

469 5735 692 5790 tcntiuiu
723 5737 1010 5794 aluit-tione
1031 5749 1364 5806 procreatur.
1417 5737 1649 5809 Populus
1697 5739 2046 5810 Antiatium,

2153 4647 2220 4700 rit
2251 4647 2484 4716 Moyses,
2516 4657 2567 4698 et
2592 4660 2708 4712 quae
2741 4648 3048 4710 pmptietm,
3081 4655 3135 4694 ut
3164 4652 3216 4694 et
3247 4643 3426 4695 minus
3455 4639 3740 4694 credentes

2153 4741 2456 4800 instrueret,
2490 4747 2544 4789 et
2593 4749 2650 4790 sc
2677 4749 2860 4790 earum
2899 4743 3170 4788 auctorem
3225 4747 3343 4786 esse
3393 4741 3735 4787 monstraret.

2153 4828 2252 4894 Ipsi
2308 4826 2448 4879 cnim
2500 4837 2621 4878 sunt
2671 4823 2925 4892 principes
2980 4823 3190 4895 Moyses
3239 4834 3292 4878 ct
3329 4823 3604 4892 prophette
3645 4823 3735 4890 qui

2157 4917 2370 4970 fucruiit
2398 4917 2450 4968 in
2483 4919 2785 4986 Synagoga,
2811 4929 3040 4986 quorum
3083 4928 3196 4970 crat
3227 4915 3590 4969 testiinonium
3615 4928 3742 4966 tiaro

2155 5022 2388 5060 raturas.
2425 5007 2486 5060 Et
2529 5021 2594 5058 ne
2616 5006 2752 5060 alios
2798 5006 3064 5073 principes
3118 5005 3360 5058 fortassis
3407 5005 3738 5068 advertetes,

2153 5101 2300 5164 dicit,
2334 5099 2513 5151 horum
2537 5101 2622 5164 qui
2653 5099 2856 5168 [uerunt
2884 5100 2935 5151 in
2961 5115 3037 5163 ea,
3067 5099 3115 5150 id
3147 5109 3226 5152 est
3251 5097 3300 5151 in
3329 5097 3628 5168 Synagoga.

2233 5193 2381 5245 \‘ers.
2411 5191 2464 5244 7.
2495 5191 2640 5246 Situt
2669 5192 2952 5244 (natantium
2982 5193 3209 5244 omnium
3236 5200 3468 5244 nostrum
3497 5191 3740 5242 habitatio

2154 5299 2180 5336 e
2209 5284 2298 5335 tiu
2333 5294 2397 5335 te.
2435 5283 2584 5336 Venit
2605 5283 2669 5336 ad
2697 5283 2904 5337 tettiam
2938 5295 3162 5352 partem,
3191 5283 3242 5336 in
3267 5296 3370 5352 qua
3405 5283 3594 5336 iterum
3619 5295 3746 5348 pro-

2159 5377 2240 5444 pit
2265 5385 2316 5426 ta
2340 5375 2653 5444 rcloquitur,
2680 5390 2836 5444 quam
2869 5375 2920 5428 in
2947 5389 3052 5428 uno
3083 5389 3234 5428 versu
3261 5386 3312 5428 et
3335 5373 3495 5442 Cthit
3515 5371 3704 5427 etﬁnit
3727 5388 3742 5424 :

2159 5465 2394 5518 breviter
2423 5466 2888 5534 c-iiuprclieudens
2936 5465 3078 5534 quod
3129 5466 3466 5520 scrmonihus
3497 5463 3745 5534 quallWii

2161 5557 2332 5625 longis
2365 5569 2468 5608 non
2501 5565 2708 5625 poterat
2735 5557 3016 5624 exp'icari.
3043 5558 3175 5622 Quae
3199 5557 3367 5626 ﬁgura
3397 5557 3596 5611 dicitur
3619 5557 3750 5610 bra—-

2156 5649 2421 5720 chylogia,
2477 5651 2528 5705 id
2569 5659 2670 5716 est,
2731 5650 2907 5706 brevis
2937 5651 3157 5716 locutio,
3190 5667 3312 5706 cuin
3364 5653 3509 5718 plura
3557 5667 3741 5720 paucis

2156 5744 2547 5811 amplectimur.
2582 5743 2672 5799 V'is
2701 5743 2843 5800 enim
2889 5741 3074 5799 audire
3105 5757 3262 5808 quam
3316 5744 3386 5798 sit
3431 5744 3736 5812 ineuuipre-
