3952 6162
263 263 342 315 621
1117 258 1473 314 ΕΧΓΟΞΙἨΟ
1515 258 1578 312 lN
1621 256 2080 326 fSALTERIUM.
2127 257 2316 312 l‘SAL
2363 257 2672 312 LXXXV“.

3425 258 3525 312 0-22

262 375 525 429 hensibilis
549 375 634 428 illa
671 377 869 434 lzetitia,
897 375 1016 427 dit-it
1049 376 1376 444 Apostolus:
1413 376 1564 442 Quod
1589 391 1676 426 nrc
1704 391 1817 426 ocn-
1860 379 1901 431 Α
1940 375 2260 442 praecipuus,
2292 375 2376 427 ubi
2421 373 2776 428 residentibus
2816 373 3088 444 discipulis
3135 373 3186 428 in
3216 375 3516 438 cmnaCttlo,

261 471 326 520 lus
350 468 498 529 vidit,
534 483 625 520 nec
650 468 794 520 auris
817 467 1034 532 audivit,
1071 485 1100 520 n
1136 486 1160 520 c
1203 469 1254 520 in
1289 484 1374 520 cor
1405 469 1623 519 hominis
1665 483 1832 518 ascen-

258 561 340 622 dit,
372 575 484 628 quae
526 560 835 627 prmpararit
884 559 1017 611 Deus
1041 560 1365 629 diligentibus
1391 576 1461 610 se.
1497 559 1834 626 Quapropter

258 653 463 722 pulchre
497 653 584 706 hic
614 654 811 706 dicunn
862 661 984 707 est:
1012 653 1158 707 Sicut
1194 653 1476 706 la'tantium
1499 695 1514 720 ,
1572 655 1692 722 quia
1729 669 1830 706 non

255 747 345 798 erit
369 747 481 815 Fpsa
511 745 694 798 lzctitia
728 746 898 814 qualis
933 746 1018 799 hic
1049 747 1263 816 agitur;
1310 755 1366 798 ut
1413 746 1573 800 modo
1602 746 1829 798 ﬁliorum

254 839 589 905 susceptione
622 838 887 903 hetemur,
925 840 1083 890 modo
1126 836 1431 891 divitiarum
1484 848 1536 890 et
1568 838 1830 891 honorum

254 944 465 982 manere
493 929 843 997 gaudeamus,
869 938 919 981 et
938 937 1132 983 c'ctera
1167 944 1284 998 quae
1309 928 1720 983 exsultationem
1751 928 1832 982 fa-

249 1022 410 1085 ciunt,
442 1022 656 1089 quando
685 1022 889 1090 magnis
920 1021 1122 1074 nisibus
1157 1023 1523 1088 temporaliter
1548 1023 1831 1091 acquirun—

251 1121 347 1164 tnr.
381 1112 489 1166 Sed
517 1113 640 1165 illttd
676 1122 819 1164 tanto
842 1119 923 1168 est
947 1112 1141 1181 majus,
1174 1123 1228 1165 ιιι
1249 1111 1401 1168 istius
1434 1114 1615 1167 mundi
1646 1130 1833 1182 quant-

249 1202 322 1254 \i;
355 1201 724 1270 plu-obsimum
759 1206 1031 1273 gaudium,
1067 1204 1149 1258 vix
1185 1204 1358 1272 aliqua
1389 1204 1563 1273 imago
1612 1215 1703 1258 aut
1747 1205 1832 1259 si-

248 1309 294 1346 m
322 1294 491 1346 litudo
519 1294 679 1346 futuri
709 1294 890 1347 saeculi
917 1311 1038 1349 esse
1066 1296 1294 1349 dicatur.
1338 1296 1578 1362 Addidit,
1606 1297 1831 1349 omnium

247 1394 470 1437 matrum
500 1385 749 1437 habitatio
773 1394 843 1439 est
874 1386 924 1437 in
950 1396 1012 1439 te.
1046 1387 1287 1439 Omnium
1319 1396 1549 1439 nostrum
1572 1387 1834 1456 signiﬁcat

251 1475 454 1540 ﬁdeles,
484 1477 573 1546 qni
607 1476 888 1530 Dominum
920 1475 1190 1529 Christum
1242 1486 1334 1529 aut
1382 1486 1690 1541 venturum,
1743 1488 1834 1530 aut

252 1568 458 1621 venisse
491 1566 860 1620 crediderunt.
889 1565 1152 1619 llubitutio
1175 1576 1246 1619 est
1266 1567 1319 1620 in
1341 1575 1410 1633 te,
1440 1568 1502 1618 ad
1534 1567 1829 1621 Jerusalem

253 1656 500 1724 loquitur,
549 1662 630 1711 cui
681 1658 928 1724 superius
957 1657 1124 1711 dixit:
1172 1655 1411 1711 Gloriosa
1440 1659 1577 1711 dicta
1624 1669 1741 1712 sui-tt
1774 1661 1833 1711 de

1936 468 2133 521 clausis
2161 466 2359 536 Ῑςιιιιιῐςι,
2391 467 2704 522 mirabiliter
2723 468 2970 522 Salvator
2987 467 3199 522 intravit
3223 483 3237 533 ;
3261 474 3314 521 et
3331 475 3519 520 caetera

1936 575 2055 627 qua:
2104 562 2252 613 dives
2301 561 2389 614 illa
2450 561 2618 628 patria
2666 560 2872 613 Domini
2919 558 3166 629 passione
3206 558 3520 626 promeruit.

1937 651 2042 705 Sed
2076 668 2197 704 cum
2232 662 2303 706 tot
2335 654 2607 707 miraculis
2637 653 2828 707 decora
2863 652 3220 722 reSpleudeat,
3252 661 3306 706 et
3328 652 3378 706 in
3408 666 3523 704 mo-

1937 745 2061 794 tium
2109 743 2385 796 Stellarum
2427 745 2655 797 alterum
2703 744 2967 808 possideat
3001 745 3218 807 cmlmn,
3250 743 3371 812 quis
3403 757 3520 795 tam

1939 852 2153 905 parvam
2178 838 2372 889 audeat
2396 836 2592 899 dicere,
2621 852 2738 906 qua:
2769 838 3099 889 sanctissima
3128 836 3227 888 (ide
3250 833 3392 888 orbis
3416 841 3522 886 ter-

1938 929 2112 982 minos
2168 929 2424 997 probatur
2466 928 2761 996 implesse?
2811 927 2882 982 lbi
2938 927 3198 996 siquid-nt
3232 927 3518 980 humanum

1940 1023 2104 1090 pascit
2128 1032 2423 1090 aspectum,
2449 1021 2588 1091 quod
2614 1029 2694 1074 est
2716 1021 2936 1074 credere
2973 1019 3273 1073 beatorum.

2150 1131 2514 1187 EXPOSITIO
2546 1132 2606 1186 IN
2641 1131 2960 1187 PSALMUM
2994 1131 3300 1185 LXXXVII.

1937 1247 2200 1301 Canticum
2228 1248 2435 1317 psalmi,
2461 1246 2584 1314 ﬁliis
2611 1246 2760 1311 Core,
2800 1247 2852 1301 in
2873 1299 2876 1311 ,
2898 1248 3072 1314 ﬁnem,
3120 1264 3150 1315 ρ
3183 1263 3212 1298 ο
3263 1246 3519 1300 Malteletlt

2008 1318 2184 1390 [Iussu
2221 1316 2428 1388 Melethj
2459 1317 2528 1370 ad
2551 1319 2986 1387 respontlentlmn,
3037 1317 3324 1370 intellectus
3355 1318 3532 1370 linum

2010 1385 2281 1441 Israelitw.

2007 1502 2138 1555 Cum
2189 1500 2504 1555 memoriam
2564 1510 2732 1563 tuam,
2765 1501 3160 1556 studiosissime
3197 1502 3386 1566 lector,
3421 1503 3523 1556 irc-

1939 1593 2120 1652 attenti
2151 1591 2485 1659 expositione
2517 1591 2794 1645 formatam
2828 1596 3060 1650 retinere
3091 1609 3195 1649 non
3234 1595 3520 1665 ambigam,

1942 1683 2065 1747 quid
2099 1682 2362 1748 significet
2394 1680 2656 1733 Canticum
2687 1682 2896 1751 psalmi,
2920 1683 3042 1752 [iliis
3079 1683 3228 1748 Core,
3256 1686 3306 1738 in
3343 1685 3519 1754 finem,

257 1761 316 1810 te,
342 1751 514 1801 civitas
538 1748 652 1802 Dei.
686 1750 792 1803 Sed
826 1748 876 1801 in
908 1748 1005 1800 hac
1047 1748 1372 1802 habitatione
1407 1748 1676 1817 jnstorum
1707 1765 1827 1803 ces-
1866 1768 1907 1825 Β
1938 1782 2101 1827 restat
2145 1783 2202 1825 ,η
2231 1787 2348 1841 (μω
2394 1786 2526 1824 "om
2551 1748 3029 1840 sunl'l,uju,’,i...u
3075 1748 3353 1842 δεριιυηιίιί
3400 1790 3524 1844 per-

259 1841 388 1894 saxit
417 1840 680 1893 afﬂictio:
716 1854 871 1892 orare
909 1840 1122 1906 transit,
1172 1840 1264 1892 sed
1299 1841 1514 1893 laudare
1551 1842 1826 1895 succedit:

262 1945 504 2003 perpetua
538 1934 798 1993 securitas
830 1943 1028 1998 manet,
1060 1935 1186 2001 quia
1221 1935 1541 2002 perversitas
1560 1934 1701 1987 nulla
1728 1934 1828 1986 mi-

260 2034 466 2080 scetur:
502 2035 700 2078 aatema
754 2024 935 2077 lctitia
982 2033 1305 2092 perseverat,
1337 2024 1581 2092 qttoniam
1634 2039 1833 2092 nequa-

261 2131 409 2184 quam
436 2115 814 2170 contrarietate
843 2115 1017 2182 aliqua
1050 2122 1264 2168 constat
1289 2128 1409 2168 esse
1437 2115 1760 2168 violandam.

638 2251 798 2323 295
839 2249 1107 2304 Conclusio
1168 2251 1370 2320 psalmi.

330 2388 558 2443 Laudata
587 2399 666 2442 est
696 2385 1118 2442 demonstrativo
1148 2401 1345 2454 genere
1373 2388 1561 2443 civitas
1590 2391 1673 2443 Illa
1703 2391 1835 2444 lide-

262 2483 404 2550 lium,
436 2499 540 2536 non
567 2481 947 2552 temporalibus
997 2481 1170 2546 bonis,
1204 2482 1297 2536 sed
1343 2493 1538 2538 teterna
1583 2486 1836 2542 felicitate

262 2573 532 2640 mirabilis,
594 2574 660 2628 de
700 2587 801 2644 qua
861 2589 1024 2642 pauca
1057 2573 1172 2629 visa
1213 2584 1336 2632 sunt
1381 2577 1506 2639 dici,
1560 2586 1608 2630 et
1659 2587 1832 2631 tamen

261 2667 497 2719 omnium
526 2666 689 2720 animi
737 2665 1030 2735 probantur
1052 2678 1272 2738 stupore
1292 2668 1565 2736 completi.
1613 2669 1736 2723 lla‘c
1761 2671 1833 2722 si-

256 2756 468 2824 quidem
500 2755 616 2810 laus
655 2772 758 2810 non
810 2759 1116 2813 extenditur
1154 2759 1619 2830 argumentatione
1641 2759 1837 2813 ‘verbo-

254 2862 392 2912 rum,
426 2864 528 2902 nec
557 2847 786 2903 humana
817 2852 1011 2905 crescit
1057 2850 1343 2919 industria,
1384 2852 1478 2906 sed
1510 2867 1700 2922 magna
1737 2867 1835 2920 po-

252 2938 355 2993 tius
397 2938 657 2995 brevitate
713 2942 1120 3014 constringitur,
1179 2953 1236 2998 ut
1287 2945 1366 2998 vel
1400 2945 1599 3014 aliquid
1644 2944 1838 2999 exinde

247 3029 367 3097 capi
393 3043 552 3099 posse
585 3030 851 3085 videatur.
889 3032 1085 3087 Beatus
1117 3033 1278 3089 nimis
1318 3034 1409 3105 qui
1451 3035 1576 3089 illuc
1611 3035 1836 3089 Domino

1936 1872 2256 1917 scrutemur.
2280 1860 2533 1914 Maheletlt
2554 1863 2932 1930 interpretatur
2948 1861 3143 1915 cherus
3165 1862 3340 1916 divina
3361 1865 3522 1918 verba

1939 1959 2250 2010 decantatis.
2297 1955 2552 2023 Subjecit,
2614 1956 2681 2006 ad
2719 1955 3166 2024 respondendum,
3216 1954 3523 2024 signiﬁcans

1937 2064 2135 2116 organa
2167 2049 2367 2102 tuusica
2407 2049 2746 2114 praevenisse,
2799 2055 2854 2100 et
2899 2046 3122 2100 chorum
3173 2047 3515 2116 reSpundisse

1938 2143 2274 2196 solemniter.
2332 2141 2627 2210 Sequitur,
2677 2139 2976 2195 Intellectus
3022 2138 3188 2195 Eman
3244 2139 3518 2197 Israelitw.

1941 2231 2106 2287 Eman
2135 2231 2518 2300 interpretatur
2547 2231 2709 2286 frater
2733 2231 2882 2302 ejus;
2912 2247 3016 2302 quo
3051 2232 3312 2286 vocabulo
3346 2235 3522 2286 Domi-

1941 2338 2042 2375 nus
2066 2321 2314 2376 Christus
2351 2323 2586 2391 appellat
2617 2337 2710 2376 eos
2741 2323 2830 2392 qui
2875 2324 3154 2392 prarceptis
3201 2323 3318 2392 ejus
3347 2325 3523 2393 aperi-

1941 2417 2037 2466 lms
2061 2430 2142 2473 tne
2169 2413 2347 2466 dcv0ti
2371 2423 2491 2467 sunt
2517 2452 2533 2478 ,
2559 2413 2786 2466 sicutait
2811 2416 2861 2467 in
2893 2412 3181 2482 Evangelio
3206 2431 3220 2468 :
3245 2412 3345 2480 Ite,
3375 2415 3524 2468 dicite

1939 2501 2182 2568 fratribus
2213 2503 2335 2554 meis
2360 2500 2577 2568 (Matth.
2607 2516 2789 2570 xxvut,
2825 2500 2934 2570 lU).
2969 2499 3222 2556 Israelita
3251 2503 3412 2558 Demn
3444 2504 3522 2557 vi-

1937 2594 2146 2655 dentes,
2174 2594 2314 2658 quod
2342 2593 2524 2662 utique
2553 2593 2654 2646 illis
2675 2593 2920 2648 accidere
2943 2593 3282 2650 manifesmm
3305 2605 3408 2665 est,
3435 2598 3523 2664 qui

1940 2700 2035 2754 pt-r
2063 2682 2384 2738 obedientize
2438 2683 2748 2754 mysterium
2796 2694 2979 2738 sancta
3031 2685 3242 2740 Domini
3291 2687 3405 2741 luce
3435 2705 3523 2742 ra-

1939 2776 2176 2828 diatttur.
2201 2775 2304 2830 Sed
2338 2790 2462 2828 cum
2495 2775 2562 2829 de
2587 2775 2835 2844 passione
2866 2775 3026 2846 Regis
3056 2776 3251 2832 Christi
3283 2779 3353 2831 sit
3385 2779 3524 2846 psal-

1940 2882 2057 2920 mus
2086 2867 2184 2919 iste
2213 2864 2472 2930 dicturus,
2502 2873 2557 2919 et
2583 2865 2651 2919 ad
2679 2865 2992 2920 imitationis
3019 2867 3324 2936 exemplum
3351 2869 3524 2922 trahat

1940 2957 2275 3012 ildCliSaimOS
2303 2955 2652 3024 Christianos,
2698 2955 2819 3012 ideo
2852 2959 3160 3025 prmmissus
3191 2970 3272 3013 est
3324 2962 3523 3016 chorus

1939 3052 2004 3101 ad
2028 3051 2474 3118 respondendum;
2499 3048 2708 3102 utsicut
2731 3048 2808 3102 illi
2831 3064 2893 3103 ex
2919 3049 3098 3104 multis
3120 3051 3336 3106 vocibus
3360 3069 3521 3107 unum

247 3119 479 3174 ducente
535 3121 866 3190 pervenerit,
916 3125 1004 3178 ubi
1051 3126 1303 3194 cogitatio
1355 3134 1546 3181 cuncta
1578 3126 1830 3193 vincitur,

1947 3151 2261 3195 concentum
2295 3139 2489 3194 factum
2523 3181 2538 3203 ,
2577 3140 2655 3192 sic
2693 3139 2909 3194 Christo
2948 3138 3177 3194 Domino
3205 3143 3523 3211 respondeat

249 3211 507 3277 quaelibet
533 3211 798 3266 desideria
838 3225 1199 3282 superantur;
1233 3224 1287 3270 et
1335 3216 1482 3286 quod
1513 3225 1594 3270 est
1642 3217 1835 3273 dulcis-

249 3298 402 3353 sima:
426 3301 728 3355 securitatis
757 3317 944 3372 genus,
980 3304 1102 3359 talis
1153 3306 1221 3360 ibi
1267 3305 1492 3361 felicitas
1551 3309 1832 3379 accipitur,

251 3405 370 3456 qua:
402 3393 546 3446 nulla
587 3394 971 3449 contrarietate
1003 3396 1277 3464 perdatur.
1333 3396 1554 3462 Prazsta,
1590 3398 1832 3465 Domine,

253 3495 314 3540 ut
354 3487 492 3554 quod
542 3487 631 3542 hic
679 3488 857 3544 verbis
886 3489 1156 3558 explicare
1201 3506 1304 3545 non
1351 3507 1652 3560 possumus,
1685 3492 1752 3544 ibi
1786 3502 1836 3546 te

253 3577 482 3634 donante
512 3594 814 3635 cernamus.
840 3580 940 3635 Ista
964 3597 1175 3652 quoque
1199 3581 1494 3638 Jerusalem
1520 3599 1638 3652 quae
1663 3585 1835 3639 adhuc

255 3669 312 3723 in
341 3672 492 3724 terris
518 3681 600 3726 est
625 3682 677 3726 et
706 3683 886 3743 typum
917 3674 1055 3741 gerit
1081 3674 1222 3734 illius
1251 3674 1489 3729 cmlestis
1528 3674 1735 3740 arcani,
1783 3675 1834 3728 in

257 3764 486 3818 secunda
511 3755 774 3818 divisione
821 3764 1029 3818 laudata
1061 3775 1180 3830 est;
1216 3765 1406 3818 merito
1444 3765 1528 3817 ubi
1558 3774 1637 3818 est
1665 3774 1836 3817 tanta-

259 3869 375 3907 rum
402 3871 578 3909 rerum
609 3856 1190 3910 domicilittm.vi5ttale
1244 3855 1522 3909 virtutum.
1564 3855 1640 3908 lbi
1691 3856 1832 3910 enim

263 3947 512 4011 piscinam
541 3950 857 4002 natatoriam
890 3948 946 4003 in
985 3947 1153 4018 figura
1201 3948 1337 4002 sacri
1383 3947 1738 4016 baptismatis,
1781 3957 1836 4000 ut

259 4049 464 4093 curaret
493 4039 765 4105 inﬁrmos,
795 4038 1129 4094 descendens
1173 4039 1410 4107 Angelus
1441 4039 1834 4092 commovebat.

257 4127 334 4182 lbi
363 4133 498 4186 Siloa
530 4132 853 4201 (imperante
886 4132 1128 4201 Domino)
1173 4135 1302 4186 (εωοὶ
1327 4133 1576 4187 tenebras
1606 4131 1752 4188 lavit.
1784 4142 1836 4185 et

259 4222 514 4278 damnatis
534 4225 710 4278 neniis
741 4223 872 4278 locis
901 4223 1041 4278 dona
1070 4224 1326 4278 restituit.
1356 4225 1429 4278 Ibi
1467 4240 1649 4278 mensa
1681 4223 1832 4278 (ibri-

260 4313 328 4363 sti
356 4314 659 4369 caelesdbus
709 4313 866 4384 plena
918 4313 1125 4368 deliciis
1179 4313 1529 4381 spiritualiter
1580 4314 1838 4368 saturavit

259 4405 558 4469 apostolos;
608 4415 662 4460 et
715 4419 782 4460 ne
820 4419 918 4460 nos
951 4405 1020 4460 ab
1068 4405 1156 4458 illa
1214 4419 1365 4460 caena
1411 4406 1838 4473 relinquerentur

261 4493 484 4563 impasti,
511 4513 666 4552 sacer
687 4498 830 4552 calix
863 4507 916 4552 et
945 4496 1482 4553 communicationem
1515 4497 1669 4552 nobis
1699 4512 1837 4568 prte-

259 4587 390 4640 stitit
411 4599 456 4643 et
482 4589 731 4644 salutem.
758 4589 832 4643 lbi
859 4589 993 4658 lapis
1022 4589 1348 4643 durissimus
1380 4589 1600 4658 vestigia
1634 4589 1704 4657 pii
1744 4588 1843 4644 Re-

261 4677 545 4748 demptoris
575 4681 834 4744 ostendit,
885 4679 1100 4748 quando
1149 4690 1274 4734 ante
1318 4679 1548 4733 Pilatum
1602 4679 1838 4748 judicent

260 4769 490 4823 constitit
518 4768 839 4822 audiendus.
869 4768 942 4822 lbi
970 4769 1215 4822 columna
1242 4768 1446 4836 religati
1470 4769 1519 4821 in
1543 4782 1602 4823 se
1627 4767 1837 4822 Domini

261 4853 455 4926 ﬂagella
487 4868 734 4913 testatur.
771 4858 846 4913 lbi
870 4858 1054 4927 spinea
1111 4873 1311 4912 corona
1367 4859 1626 4922 cernitur,
1673 4873 1830 4927 quam

263 4949 375 5006 ideo
412 4954 626 5007 salutari
663 4953 889 5006 Domino
924 4962 1137 5006 conSIat
1169 4952 1504 5020 impositam,
1564 4961 1620 5004 ut
1677 4953 1837 5005 totius

263 5042 436 5097 mundi
467 5043 638 5098 aculei
663 5041 873 5096 collecti
906 5042 1300 5112 frangerentur.
1352 5040 1424 5094 lbi
1471 5041 1677 5096 arundo
1720 5056 1834 5096 ser-

263 5144 424 5200 vatur,
451 5149 572 5205 qua:
617 5141 778 5203 caput
804 5133 1016 5188 Domini
1052 5134 1337 5201 percussit,
1393 5143 1448 5186 ut
1487 5132 1660 5200 ipsum
1713 5147 1836 5187 esse

259 5225 463 5294 jnitium
491 5242 673 5283 rerum
711 5228 871 5279 terris
900 5227 1150 5280 omnibus
1179 5226 1470 5280 nuntiaret.
1495 5225 1567 5280 lbi
1588 5241 1717 5280 crux
1747 5226 1834 5280 illa

258 5316 438 5372 salutis
482 5327 539 5372 et
576 5316 761 5386 gloria:
795 5317 896 5371 loci
946 5317 1301 5372 reverentiam
1363 5317 1718 5373 consecravit.
1761 5318 1834 5372 lbi

257 5418 431 5463 manet
451 5409 657 5475 lancea,
690 5422 811 5477 qum
834 5408 972 5464 latus
997 5409 1205 5463 Domini
1251 5410 1615 5474 transforavit,
1648 5419 1705 5463 ut
1737 5426 1835 5462 no-

257 5500 332 5555 bis
358 5502 497 5555 illius
522 5503 790 5556 medicina
821 5512 1185 5556 succurreret.
1239 5500 1312 5554 lbi
1363 5500 1648 5556 credentes
1680 5500 1838 5553 hodie

254 5593 419 5661 ipsius
440 5595 691 5661 sepulcra
723 5593 1013 5648 viviﬁcant.
1050 5593 1118 5646 lbi
1157 5591 1574 5647 resurrectionis
1599 5593 1746 5645 locus
1769 5591 1834 5645 ad

257 5687 419 5739 ctrlos
445 5679 622 5740 evellit
653 5684 812 5740 corda
841 5684 1092 5739 ﬁdelium.
1140 5683 1215 5737 lbi
1272 5684 1398 5739 Sion
1449 5683 1534 5736 ille
1573 5679 1833 5734 murium

1940 3230 2254 3285 devotorum
2284 3229 2511 3284 adunata
2535 3230 2798 3283 collectio.
2828 3231 2887 3282 tli
2912 3240 3038 3284 sunt
3061 3232 3218 3287 etiam
3249 3229 3520 3298 lsraelitcr,

1939 3322 2028 3388 qui
2065 3320 2182 3390 ejus
2231 3320 2422 3374 fratres
2463 3321 2754 3389 nuncupari
2786 3321 2988 3376 caelesti
3022 3321 3264 3392 largitate
3309 3339 3518 3380 tneruea

1941 3425 2081 3467 Γυηί.

2522 3507 2713 3560 Divisio
2741 3509 2948 3578 psalmi.

2012 3622 2113 3677 Per
2144 3630 2310 3676 totum
2340 3623 2602 3691 psalmum
2635 3622 2891 3679 Dominus
2914 3624 3164 3682 Salvator
3193 3627 3462 3699 eloquitur
3493 3646 3522 3684 a

1938 3712 2344 3782 dispensatione
2402 3731 2506 3785 qua
2558 3731 2746 3786 passus
2789 3727 2891 3772 est.
2930 3717 2983 3772 In
3028 3721 3196 3788 prima
3220 3725 3522 3778 narratione

1941 3808 2112 3862 Patris
2141 3807 2459 3877 deprecatur
2487 3810 2745 3866 auxilium
2779 3827 2793 3864 :
2828 3827 2921 3878 per
2949 3813 3327 3870 similitudines
3348 3815 3522 3870 varias

1938 3906 2303 3965 contemptum
2358 3913 2512 3953 suum
2544 3900 2732 3968 refert,
2776 3916 2936 3969 quem
2997 3903 3070 3957 illi
3117 3905 3361 3960 illaturus
3407 3918 3521 3961 erat

1942 3989 2168 4058 populus
2194 3987 2526 4044 Judzeorum.
2565 3990 2811 4046 Secunda
2851 4007 2970 4059 quae
3009 3994 3081 4047 sit
3109 4009 3364 4062 passurus
3390 4012 3520 4052 enu-

1943 4089 2134 4149 merat,
2166 4095 2416 4136 asserens
2444 4089 2684 4136 mortuos
2722 4098 2826 4136 non
2855 4097 2976 4137 esse
3024 4099 3051 4136 a
3091 4085 3313 4140 medicis
3359 4089 3523 4142 susci-

1945 4174 2158 4238 tandas,
2185 4182 2245 4226 ut
2272 4174 2480 4241 possint
2536 4171 2762 4226 Domino
2804 4174 3068 4229 conﬁteri.
3122 4174 3298 4229 Tertia
3341 4191 3522 4230 narra-

1945 4263 2087 4318 tione
2115 4271 2273 4332 negat
2311 4262 2734 4317 misericordiam
2767 4262 2975 4324 Domini
3003 4266 3240 4334 sepultos
3287 4266 3521 4326 edicere.

1942 4364 2034 4408 aut
2070 4355 2306 4422 perditos
2352 4354 2542 4409 laudes
2595 4353 2805 4408 Domini
2863 4369 3199 4422 personare:
3235 4367 3518 4426 prepterea

1944 4450 2395 4504 resurrectionem
2446 4449 2548 4504 sibi
2589 4449 2929 4504 celerrimam
2959 4453 3145 4506 venire
3180 4451 3519 4520 deprecatur.

1865 4513 1916 4571 D
1949 4541 2000 4595 In
2033 4540 2291 4596 orationis
2320 4555 2432 4596 sua:
2463 4555 2588 4595 vero
2620 4541 2830 4595 trami=e
2879 4555 3246 4609 perseverans.
3283 4543 3516 4612 loquitur

1947 4647 1977 4686 a
2011 4640 2161 4701 parte
2189 4633 2574 4708 membrorum,
2604 4631 2840 4686 diversas
2869 4649 3297 4688 commemorans
3322 4638 3524 4704 passio-

1949 4740 2065 4789 nes,
2100 4739 2235 4794 quas
2285 4736 2392 4779 tam
2440 4725 2552 4794 ipse
2583 4724 2797 4793 pertulit
2825 4741 2982 4793 quam
3011 4723 3128 4795 ejus
3159 4727 3304 4794 plebs
3333 4726 3524 4781 devota

1946 4817 2224 4871 sustinuit.

2478 4925 2752 4993 Expositio
2789 4927 2992 4996 psalmi.

2023 5039 2175 5093 Vers.
2212 5037 2263 5091 1.
2295 5036 2514 5090 Domine
2542 5036 2679 5091 Deus
2706 5036 2888 5091 salutis
2915 5051 3076 5091 mere:
3104 5037 3158 5090 in
3183 5037 3266 5091 die
3284 5038 3523 5103 clamavi,

1946 5140 1992 5183 et
2016 5140 2159 5184 nocte
2176 5145 2346 5182 coram
2376 5138 2444 5182 te.
2473 5129 2525 5183 ln
2556 5129 2888 5198 octogesimo
2918 5130 3106 5199 quinto
3162 5129 3365 5195 psalmo
3395 5129 3526 5182 dixi-

1951 5236 2066 5275 mus
2109 5235 2294 5276 orasse
2342 5219 2610 5274 Cbristum
2641 5221 2807 5288 peril
2845 5219 2987 5290 quod
3020 5220 3087 5274 de
3118 5219 3277 5273 Maria
3312 5218 3528 5287 Virgine

1951 5325 2106 5368 natus
2145 5323 2268 5369 est:
2302 5312 2587 5381 designans
2617 5313 2967 5368 humilitatem
3016 5307 3398 5367 imbecillitatis
3430 5313 3527 5366 bu-

1946 5423 2142 5471 mante,
2177 5420 2336 5475 quam
2361 5415 2443 5459 est
2472 5405 2718 5475 dignatus
2738 5420 3028 5459 assumere.
3050 5406 3150 5473 Qui
3179 5406 3338 5459 simili
3367 5408 3528 5459 modo

1946 5501 2104 5554 etiam
2127 5497 2212 5551 hic
2236 5511 2355 5552 cum
2375 5497 2586 5551 Patrem
2618 5506 2883 5565 precatur,
2912 5496 3523 5565 nobisquemadmodum

1945 5587 2247 5658 supplicare
2277 5586 2568 5642 debeamus
2598 5587 2851 5641 ostendit.
2903 5587 3033 5640 Nam
3075 5586 3166 5657 qui
3197 5587 3385 5640 salutis
3416 5602 3526 5639 sine

1948 5680 2114 5736 Deum
2159 5677 2448 5742 proﬁtetur
2470 5691 2767 5742 auctorem,
2793 5677 2971 5733 omnia
3015 5694 3134 5744 qua:
3180 5689 3524 5745 oportuerant
