3952 6162
231 312 306 368 6.25
1043 307 1400 363 EXPOSITIO
1444 306 1503 360 IN
1546 304 2001 361 PSALTERIUM.
2044 306 2237 363 PSAL.
2279 308 2595 363 LXXXIII.

3341 312 3453 369 626

229 424 604 480 abomittalionem
627 435 755 477 vero
779 429 905 475 tunc
935 420 1127 491 positus
1159 431 1253 483 est,
1295 419 1506 490 quando
1536 427 1752 489 praeter
1789 421 1833 478 A
1864 429 1916 472 et
1960 420 2182 474 alterum
2233 422 2319 489 qui
2372 424 2613 491 sequitur
2664 421 2885 493 ﬁgurant
2934 423 3229 492 emphasim
3279 431 3446 497 rvunt,

229 529 365 573 euntes
393 517 585 571 scribae
612 524 669 571 et
699 514 949 584 pbarismi
990 514 1252 569 (ιι-ιιοὶίὶχο
1297 513 1631 582 imputabant
1676 511 1761 566 di—

230 622 399 667 centes:
433 607 547 663 Vah
570 610 592 662 !
618 610 708 677 qui
733 608 946 661 distruit
979 606 1221 677 templum
1247 606 1424 671 Dci,et
1455 606 1508 658 in
1539 605 1766 658 triduum

223 705 394 768 aediﬁcat
416 702 553 757 illud
579 701 792 771 (Matth.
827 717 989 764 xxvu.
1038 701 1151 773 40),
1184 709 1287 757 etc.
1332 700 1607 770 Sequitur,
1654 710 1764 751 tra-

222 800 480 860 ditnssum,
534 803 581 849 et
630 812 731 848 non
771 794 1085 866 cgredirbar.
1148 793 1401 847 Mirabilis
1448 792 1765 860 subtilisque

217 888 462 945 sententia.
494 886 741 941 Traditus
772 895 884 939 ecta
916 885 1049 941 Jutla
1075 885 1385 940 cohortibus
1413 885 1725 937 insanorum
1748 924 1762 949 ,

216 980 288 1034 sed
305 995 355 1033 se
381 979 729 1046 permittente
754 976 1026 1031 detentus.
1073 976 1339 1031 Sustinuit
1378 977 1616 1029 inﬁrmas
1649 989 1764 1027 ma-

214 1086 291 1125 nus
310 1068 713 1139 potentissimus
742 1068 1021 1133 Dominus,
1063 1050 1255 1136 ligatus
1302 1077 1386 1122 est
1415 1067 1643 1121 vinculis
1675 1066 1763 1135 qui

212 1163 308 1218 loco
336 1175 438 1214 non
464 1168 643 1228 potest
669 1159 872 1223 claudi,
907 1160 1110 1213 audivit
1132 1160 1491 1213 exsecrandas
1520 1159 1761 1227 iniurias,

210 1268 338 1325 quem
365 1250 544 1319 angeli
576 1266 696 1306 cum
728 1260 962 1305 tremore
993 1252 1320 1305 collaudant.
1382 1251 1674 1305 Vernmt-m
1699 1266 1765 1303 en

209 1360 294 1399 non
318 1351 395 1398 est
420 1357 673 1411 egreSsus
705 1342 771 1393 dc
796 1342 885 1395 illa
918 1342 1059 1396 nube
1089 1343 1331 1409 corporis
1358 1344 1459 1407 sui,
1488 1358 1584 1395 uec
1604 1356 1768 1410 appa-
1802 1346 1815 1353 ’

209 1452 306 1492 rere
324 1436 487 1489 voluit
508 1436 634 1504 quid
668 1444 869 1502 posset,
900 1437 986 1505 qui
1017 1443 1184 1489 totmn
1204 1436 1421 1502 pertulit
1469 1436 1613 1503 quod
1639 1451 1768 1488 eru-

211 1528 376 1583 dclitas
403 1527 646 1583 iudaiczc
690 1528 976 1597 pravitatis
1028 1529 1267 1593 ingessit.
1336 1526 1457 1581 Non
1506 1536 1588 1582 cst
1625 1528 1786 1581 cuim-

210 1635 431 1688 egmsus.
464 1618 678 1689 quando
710 1620 931 1673 minime
972 1620 1099 1688 quid
1134 1619 1451 1688 praevaleret
1507 1619 1762 1673 ostendit.

214 1708 318 1767 Sive
342 1709 406 1764 de
435 1710 685 1763 custodia
715 1709 848 1763 dicit
878 1710 930 1763 in
972 1724 1073 1778 qua
1127 1726 1248 1763 eum
1298 1709 1523 1765 Pontius
1569 1710 1767 1765 Pilatus

215 1800 339 1869 quasi
363 1799 632 1875 ltoiuincm
665 1800 885 1855 tetrusit
915 1800 1229 1855 invalidum.

274 1891 411 1948 Vers.
441 1893 506 1947 9.
538 1893 686 1946 Oculi
714 1893 815 1946 mei
837 1893 1087 1963 inﬁrmati
1131 1903 1243 1947 sunt
1273 1909 1382 1962 pra'
1402 1893 1602 1964 inopia;
1660 1894 1772 1946 cla-

218 1984 412 2043 mariad
433 1994 512 2049 le,
541 1983 775 2045 Domine.
825 1995 929 2037 to'a
967 1986 1051 2038 die
1105 2000 1122 2037 :
1163 1985 1387 2053 expandi
1417 2000 1603 2037 manus
1635 2000 1773 2037 meus

216 2079 270 2133 ad
292 2086 352 2133 te.
369 2078 500 2133 Cum
522 2081 694 2132 oculos
724 2080 1032 2147 corporales
1052 2078 1247 2133 Christi
1279 2077 1485 2132 Domini
1509 2092 1769 2148 nusquam

216 2169 469 2237 inﬁrmitas
494 2170 651 2240 fuisse
681 2170 990 2241 legerimus,
1014 2174 1183 2225 mu‘to
1216 2172 1385 2239 magis
1416 2184 1516 2227 nec
1550 2172 1774 2224 interio-

214 2275 289 2316 res
311 2262 422 2328 eius
442 2270 736 2332 regrotasse
777 2262 996 2331 putandi
1025 2273 1172 2329 sunt,
1202 2264 1290 2332 qui
1331 2278 1547 2333 semper
1569 2264 1771 2318 sancti—

214 2359 305 2405 tate
335 2352 650 2406 micuerunt.
682 2351 868 2407 Restat
912 2361 968 2407 ut
1019 2354 1194 2407 oculos
1262 2352 1461 2409 Chri~ti
1502 2354 1778 2423 apostolos

213 2442 480 2513 intelligere
507 2443 815 2507 debeamus,
847 2444 936 2513 qui
982 2446 1032 2499 iu
1059 2459 1284 2515 corpore
1305 2447 1445 2516 ejus,
1502 2445 1553 2499 id
1596 2454 1681 2499 est
1720 2444 1772 2499 in

211 2534 454 2603 Ecclesia,
486 2544 735 2604 tanquam
761 2536 901 2591 oculi
931 2538 1134 2592 caelesti
1156 2538 1356 2592 lumine
1382 2538 1684 2607 viguerunt.
1711 2536 1773 2590 lli

210 2635 366 2682 tamen
389 2627 638 2694 inﬁrmati
666 2636 783 2681 sunt
808 2643 916 2698 prae
941 2628 1118 2693 inapia
1142 2669 1156 2692 ,
1199 2628 1321 2697 quia
1352 2628 1579 2683 necdum
1621 2641 1777 2681 acce-

206 2730 382 2788 perant
407 2721 665 2789 Spiritum
699 2730 967 2788 sanctum,
997 2738 1102 2791 quo
1133 2721 1420 2776 confortati
1457 2730 1641 2786 postea
1660 2720 1778 2774 nul-

200 2807 404 2865 latenus
436 2813 677 2866 humana
729 2821 994 2868 tormenta
1040 2814 1362 2870 timuerunt.
1416 2811 1604 2881 [uapia
1635 2811 1778 2866 enim

202 2901 394 2957 dicitur
446 2906 772 2973 ecmttrario,
841 2905 936 2961 ubi
982 2906 1124 2960 nulla
1174 2914 1257 2960 est
1307 2907 1481 2975 copia.
1529 2904 1780 2958 Additum

193 2997 345 3065 2:97
377 3004 483 3063 est,
511 2996 728 3050 clamavi
776 2997 843 3050 ad
881 3008 945 3060 te,
984 2998 1227 3063 Domine,
1275 2988 1381 3051 tota
1416 2998 1517 3050 die.
1549 2997 1645 3051 liic
1673 2998 1783 3050 dis-

192 3089 375 3141 tinctio
429 3087 672 3155 ponenda
713 3098 817 3154 εει,
870 3099 927 3142 ul.
956 3090 1055 3145 ista
1101 3089 1432 3144 continuatio
1473 3090 1635 3145 totius
1677 3090 1782 3145 diei

1870 513 2023 581 cujus
2056 514 2145 567 illa
2178 529 2301 583 pars
2332 516 2417 568 hic
2444 516 2789 586 intelligenda
2815 527 2916 585 est,
2946 532 3065 589 qua:
3091 520 3292 574 adverti
3328 521 3450 577 facit

1869 606 1919 659 id
1943 606 2080 675 quod
2105 622 2207 659 non
2232 606 2380 661 dicit.
2406 608 2488 661 Ait
2512 611 2685 663 enim:
2719 610 2968 682 Nunquid
2987 613 3247 666 enarrabit
3263 613 3452 684 aliqui:

1867 698 1919 750 in
1948 699 2183 767 sepulcro
2212 699 2619 752 misericordiam
2651 711 2787 754 tuom
2813 702 2834 754 ?
2862 702 2974 757 lloc
2997 704 3240 771 negative
3274 703 3452 771 legen-

1868 790 1993 843 dum
2022 799 2126 854 est,
2178 800 2235 846 ut
2264 791 2393 846 illud
2438 807 2531 859 pos
2563 793 2601 847 it
2632 793 2871 865 intelligi,
2916 796 3042 863 quia
3068 795 3177 849 vivi
3211 795 3449 851 homines

1869 892 1916 936 et
1963 881 2145 936 ﬁdeles
2194 883 2622 938 misericordiam
2672 885 2787 953 ejus
2840 902 3058 941 narrare
3106 898 3450 943 consuerunt.

1872 974 2185 1041 Sepulcrum
2211 978 2352 1030 enim
2379 975 2644 1045 signiﬁcat
2674 977 2964 1030 inﬁdelium
2996 990 3218 1041 mentes,
3246 981 3312 1034 de
3339 980 3453 1047 qui-

1870 1066 1967 1119 bus
1998 1081 2158 1132 supra
2185 1068 2381 1120 dictu'u
2415 1080 2490 1121 eSI
2543 1085 2556 1121 :
2610 1070 2916 1139 Sepulcrum
2964 1082 3141 1139 patens
3178 1082 3249 1125 est
3280 1079 3455 1137 guttur

1868 1173 2038 1209 eorum
2089 1156 2261 1227 (I’sal.
2295 1173 2345 1217 ν,
2392 1158 2503 1226 li).
2553 1160 2607 1213 E'
2660 1160 2852 1213 merito
2903 1161 3195 1227 sepulcrum
3237 1158 3451 1223 dicitur,

1870 1246 1958 1300 ubi
1989 1249 2164 1301 anima
2210 1252 2444 1316 peccatis
2478 1262 2686 1303 uortua
2720 1254 3064 1314 cout'nctnr;
3121 1253 3169 1305 id
3200 1264 3300 1314 est,
3339 1253 3457 1305 illos

1868 1340 1983 1392 vult
2025 1339 2251 1409 intelligi
2283 1341 2373 1410 qui
2420 1359 2521 1395 non
2568 1353 2689 1396 sont
2721 1316 2944 1397 Domino
2987 1342 3284 1405 credituri;
3337 1342 3458 1412 quia
3498 1342 3503 1347 ’

1871 1431 2046 1484 nullus
2093 1431 2171 1484 eis
2221 1434 2641 1487 m‘seiirordinu
2676 1435 2886 1488 Dunini
2937 1435 3145 1488 videtur
3192 1448 3456 1497 narrasse,

1872 1535 2030 1588 quam
2077 1536 2179 1571 non
2227 1520 2509 1575 Voluerunt
2552 1522 2741 1576 devota
2774 1536 2951 1578 nn-nte
3001 1525 3295 1593 petcipere.
3350 1522 3461 1578 illic

1871 1610 2014 1661 enim
2041 1610 2348 1675 provenise
2376 1611 2601 1665 dicimus
2633 1605 2833 1679 actum,
2870 1615 2954 1669 ubi
2982 1614 3211 1683 aliquem
3237 1617 3461 1672 audiers

1875 1710 2090 1767 pr:cstat
2129 1700 2372 1756 eﬁ'ecmm
2404 1700 2537 1775 [σιμ.
2579 1703 2867 1774 atl‘mtuml.
2918 1705 3048 1759 Tale
3091 1717 3171 1760 est
3220 1722 3272 1762 et
3318 1709 3460 1765 istud

1804 1789 1851 1847 Β
1880 1793 2016 1860 quod
2047 1794 2306 1860 sequitur,
2336 1804 2424 1847 aut
2454 1797 2706 1848 veritatem
2741 1809 2877 1849 (tum
2905 1798 2956 1850 in
2983 1800 3306 1870 perditione;
3340 1800 3461 1869 quia

1879 1900 2036 1939 nemo
2085 1895 2299 1955 putatur
2344 1889 2617 1942 veritatem
2668 1889 2888 1956 dixisse,
2941 1907 3099 1959 qu'm
3141 1892 3463 1948 videturne-

1878 1966 2083 2048 gligvns
2112 1981 2407 2045 prmterire.
2468 1979 2693 2035 Perditio
2720 1984 2912 2052 quippe
2941 1985 3081 2051 iuste
3127 1974 3321 2038 vocata
3356 1997 3459 2052 est,

1879 2072 1968 2126 ubi
1995 2076 2191 2127 veritas
2218 2090 2319 2127 non
2345 2074 2511 2129 admit
2538 2074 2661 2141 itur,
2700 2076 2790 2130 sed
2816 2095 2853 2132 s.
2883 2078 2929 2132 la
2962 2078 3251 2133 obstinatio
3284 2089 3466 2136 custo-

1878 2162 2042 2217 ditur.

1958 2255 2109 2309 Vers.
2145 2256 2229 2309 12.
2279 2257 2525 2328 Nunquid
2569 2270 2931 2328 cognoscentur
2976 2260 3026 2312 in
3066 2262 3280 2314 tenebris
3312 2263 3468 2315 mira-

1862 2347 2007 2402 ‘bilia
2059 2359 2168 2415 tua,
2224 2359 2314 2402 aut
2364 2352 2557 2417 iustitia
2596 2362 2681 2404 tua
2728 2353 2779 2405 in
2826 2364 2957 2406 terra
2998 2352 3311 2407 oblivionis?
3360 2355 3469 2410 Sub

1884 2440 2076 2496 eodem
2127 2441 2317 2495 ordine
2355 2443 2575 2495 variatis
2629 2444 2966 2496 sermonibus
3017 2456 3204 2499 cuncta
3247 2446 3471 2499 descen-

1886 2532 2061 2597 dunt;
2103 2540 2160 2586 ut
2192 2533 2435 2601 negando
2485 2549 2603 2602 quae
2640 2551 2740 2588 non
2790 2545 2939 2593 sunt.
2986 2539 3289 2591 eeontrario
3341 2554 3470 2592 scn-

1886 2624 2085 2679 tiantur
2116 2625 2203 2680 illa
2244 2640 2361 2693 qua:
2390 2636 2533 2681 sunt.
2572 2626 2699 2680 Nam
2734 2628 2986 2682 mirabilia
3017 2628 3226 2684 Domini
3258 2648 3286 2684 a
3320 2643 3464 2687 tene-

1885 2714 2062 2769 brosis
2095 2716 2360 2770 mentibus
2390 2732 2496 2771 non
2537 2718 2803 2783 videntur,
2849 2721 2968 2790 quia
3002 2723 3472 2796 pra-termittcntcs

1888 2807 2056 2862 Deum
2107 2808 2385 2877 sapientia:
2434 2811 2629 2863 lumina
2679 2812 3047 2885 perdiderunt.
3116 2814 3222 2867 Nec
3264 2814 3471 2884 justit‘ia

1887 2900 2006 2977 ejus
2035 2910 2209 2968 potest
2243 2901 2293 2954 in
2339 2911 2548 2956 terrena
2578 2902 2845 2958 oblivione
2883 2906 3159 2973 cognosci,
3212 2905 3262 2958 id
3294 2914 3376 2958 est
3420 2905 3473 2960 in

1888 2993 2135 3060 corporis
2165 2992 2501 3047 crassissima
2539 2993 2801 3059 Ca-citate,
2835 3010 2955 3065 qua;
2982 2993 3238 3069 spiritalia
3269 2996 3472 3050 monita

1890 3084 2111 3149 deserit,
2154 3083 2278 3137 dum
2330 3084 2448 3152 ejus
2477 3084 2743 3140 desideria
2791 3080 3093 3142 carnalibus
3136 3088 3277 3141 vitiis
3316 3104 3473 3143 occu-

192 3178 255 3230 ad
293 3179 615 3243 clamorem,
637 3180 689 3233 id
720 3178 807 3235 est
844 3180 1148 3237 orationem
1178 3190 1235 3236 et
1265 3182 1525 3239 bonorum
1553 3189 1771 3234 actuum
1804 3177 1849 3240 C
1883 3186 2098 3249 patitur.
2156 3175 2423 3229 Memento
2455 3190 2581 3231 vero
2623 3177 2763 3246 quod
2813 3177 2925 3232 lucc
2953 3179 3128 3232 otnuia
3171 3178 3289 3231 ideo
3333 3178 3472 3232 dicta

192 3285 410 3337 operam
441 3270 641 3325 debeat
670 3271 962 3339 pertinere.
1016 3270 1263 3343 Expandi
1301 3288 1484 3326 manus
1528 3288 1664 3326 meas
1707 3270 1775 3324 ad

194 3370 258 3413 τί.
285 3362 433 3417 lore
459 3379 558 3417 suo
586 3378 780 3431 operas
797 3365 999 3419 mavult
1022 3366 1271 3435 intelligi,
1302 3380 1434 3435 quas
1453 3365 1605 3419 bonis
1630 3380 1778 3420 sem-

195 3466 289 3520 per
317 3454 527 3507 actibus
561 3454 788 3509 tetendit.
819 3457 884 3507 ad
920 3456 1369 3511 Dominum.Nam
1405 3456 1447 3511 si
1490 3456 1591 3510 hoc
1628 3455 1778 3511 cruci

198 3544 279 3613 (ut
324 3547 543 3614 quidam
575 3545 786 3618 volunt)
830 3547 1198 3613 putavvrimus
1252 3562 1377 3603 esse
1424 3546 1780 3618 jungendum,

198 3651 318 3700 quia
344 3647 644 3706 sequuntur
671 3637 997 3691 utnnimodis
1018 3639 1423 3703 discrepabunt.

272 3723 423 3779 νει-8.
459 3728 544 3781 10.
590 3725 840 3796 Nunquid
868 3727 1084 3781 mortuis
1129 3729 1286 3798 facies
1323 3730 1577 3782 mirabilia
1606 3768 1619 3792 ,
1686 3739 1778 3783 aut

200 3814 382 3869 medici
424 3817 795 3871 resuscitabunt
841 3826 887 3870 et
933 3819 1305 3887 conﬁtebuntur
1364 3821 1501 3874 tibi?
1548 3821 1660 3875 lloc
1688 3821 1787 3875 sub

203 3906 486 3972 mgntioae
532 3907 814 3977 legendum
846 3917 948 3961 est.
1009 3910 1114 3963 Sed
1166 3910 1603 3977 perscrutandum
1642 3911 1786 3980 quod

200 3993 333 4048 dicit
365 4015 381 4051 :
416 3996 638 4053 Mortua
668 4015 771 4051 non
800 4000 955 4067 facies
983 4000 1258 4066 mirabilia,
1298 4002 1423 4055 dum
1466 4012 1673 4056 constet
1705 4018 1791 4056 re-

199 4089 488 4144 suscitatus
515 4091 848 4145 innumeros.
905 4091 1012 4145 Sed
1040 4094 1273 4157 mortuis,
1327 4094 1338 4146 i
1364 4096 1375 4144 l
1407 4103 1491 4147 est
1535 4109 1639 4146 non
1673 4109 1793 4148 cre-

199 4177 457 4237 dentibus
483 4184 741 4238 mirabilia
764 4199 1098 4253 nequaquam
1131 4185 1270 4253 fecit,
1302 4185 1427 4239 dum
1458 4200 1551 4241 eos
1578 4186 1641 4240 ad
1670 4202 1794 4241 cono

199 4275 509 4330 Versioacm
542 4275 871 4346 .perducere
926 4290 1028 4329 non
1092 4278 1259 4345 potuit
1327 4276 1615 4333 inﬁdelitas
1672 4293 1788 4333 sua.

206 4359 475 4420 Hirabilia
511 4369 655 4422 enim
690 4368 795 4421 illis
838 4368 989 4432 ﬁunt,
1041 4366 1131 4436 qui
1165 4368 1423 4439 magnalia
1457 4368 1663 4421 Domini
1694 4368 1797 4423 sub

198 4455 519 4513 Credulita:e
546 4458 902 4525 conspiciunt.
937 4460 1211 4528 Sequitur,
1244 4469 1334 4511 aut
1364 4460 1546 4512 medici
1578 4460 1800 4513 resusci-

1886 3278 2032 3337 sunt,
2085 3284 2151 3324 ne
2179 3270 2231 3323 in
2263 3269 2473 3324 inferno
2511 3272 2627 3339 ejus
2655 3273 2830 3325 anima
2857 3272 3266 3341 relinqueretur,
3299 3273 3391 3325 sed
3422 3271 3474 3327 ei

1884 3362 2174 3433 celerrima
2240 3363 2566 3417 resurrectio
2635 3363 2980 3430 proveniret;
3056 3374 3316 3433 quatenus
3362 3365 3476 3418 laus

1888 3454 2099 3509 Domini
2137 3469 2226 3524 per
2254 3454 2513 3509 beneﬁcia
2547 3454 2662 3525 ejus
2695 3470 2871 3525 p0sset
2902 3458 3140 3524 aguosd.

1964 3545 2116 3600 Vers.
2154 3548 2238 3600 l5.
2280 3544 2348 3598 Et
2378 3564 2468 3616 ego
2497 3547 2565 3600 ad
2598 3554 2666 3613 te,
2714 3545 2950 3611 Domine,
2980 3548 3196 3601 clamavi
3223 3565 3241 3601 :
3262 3559 3308 3602 et
3330 3563 3478 3601 mane

1886 3640 2054 3692 oratio
2088 3655 2197 3691 mea
2224 3637 2492 3709 prtbveniet
2520 3650 2585 3694 te.
2616 3640 2814 3695 Contra
2855 3641 2942 3695 illa
2970 3659 3087 3708 qua:
3122 3644 3365 3712 superius
3391 3643 3479 3698 di-
3504 3702 3514 3710 ,

1888 3736 1974 3781 cta
2028 3736 2171 3792 sunt,
2218 3727 2473 3816 Dominus
2503 3729 2745 3785 Christus
2784 3748 2904 3785 cum
2955 3727 3196 3788 ﬁdelibus
3242 3734 3350 3789 suis
3389 3749 3479 3803 per
3516 3796 3521 3799 η

1892 3816 1948 3872 id
1979 3819 2120 3887 quod
2156 3828 2554 3875 resurrecturus
2585 3836 2723 3886 erat,
2774 3822 2997 3877 clamare
3025 3841 3084 3880 se
3113 3826 3241 3879 dicit
3267 3828 3336 3879 ad
3371 3826 3477 3880 Ilo-

1892 3912 2089 3963 minum
2123 3926 2142 3963 .'
2183 3926 2507 3965 enumerans
2554 3913 2956 3967 tribulationum
3000 3914 3328 3969 diversarum
3357 3918 3479 3987 glo-

1896 4002 2222 4059 riosissimas
2244 4006 2526 4074 qualitates
2544 4047 2557 4068 ,
2588 4014 2644 4059 ut
2670 4007 2862 4061 talibus
2892 4008 3147 4063 institutis
3169 4013 3480 4067 commoniti

1895 4098 2239 4152 ﬁrmarentur
2263 4099 2439 4167 populi
2473 4098 2655 4167 utique
2678 4098 2991 4156 Christiani.
3028 4102 3263 4157 Dicendo
3291 4105 3434 4158 enitn
3464 4122 3477 4157 :

1897 4186 1966 4241 Et
2016 4204 2127 4259 ego,
2183 4190 2445 4258 signiﬁcat
2490 4204 2609 4243 cum
2644 4191 2898 4245 membris
2951 4193 3058 4246 suis
3105 4208 3165 4247 se
3212 4194 3480 4260 clamasse,

1896 4297 2125 4352 quorum
2167 4282 2281 4350 ipse
2310 4294 2469 4352 caput
2497 4293 2579 4337 est
2608 4281 2873 4338 Christus.
2934 4284 3063 4338 Nam
3107 4288 3320 4355 quando
3367 4291 3482 4355 ipse

1897 4372 2086 4429 clamat
2134 4386 2186 4429 et
2233 4375 2524 4429 Ecl-lesiam
2578 4375 2756 4440 docet,
2807 4377 3020 4445 quando
3069 4392 3187 4431 cum
3238 4377 3484 4433 ﬁdelibus

1901 4477 2038 4534 orat,
2095 4482 2256 4521 unum
2300 4482 2495 4536 cerpus
2536 4469 2790 4523 ostendit.
2849 4469 3115 4524 Memento
3165 4486 3294 4539 ergo
3342 4472 3485 4542 quod

203 4547 387 4602 ευθιηιι
412 4563 455 4604 ει
485 4551 862 4619 conﬁtebuntur
910 4549 1040 4605 tibi?
1083 4551 1223 4606 Idem
1258 4562 1312 4605 el
1342 4551 1443 4606 hoc
1478 4551 1671 4605 dieitur
1700 4567 1791 4605 110-
1820 4555 1872 4614 Ι)
1900 4574 2065 4629 usque
2098 4559 2160 4612 ad
2206 4560 2364 4613 ﬁnem
2399 4560 2590 4629 psalmi
2624 4561 2797 4614 varias
2823 4561 3155 4617 calamitates
3182 4573 3483 4632 enumerat,

203 4641 421 4707 salire,
469 4644 590 4713 quia
639 4643 821 4697 medici
866 4657 1005 4712 quos
1034 4642 1264 4697 credidit
1317 4642 1617 4696 humanitas
1664 4644 1795 4696 artis

204 4729 469 4790 balelicio
493 4736 719 4791 salutem
767 4734 897 4788 dare
934 4735 1326 4804 languentibus,
1363 4746 1602 4789 mortuos
1628 4751 1797 4789 resus-

206 4824 373 4879 (iure
421 4844 525 4882 non
575 4836 835 4897 pOssunt;
883 4836 941 4881 ut
990 4827 1213 4885 Domino
1257 4826 1488 4882 debeant
1529 4827 1795 4893 conﬁteri,

203 4920 456 4981 quamvis
475 4920 591 4973 sine
620 4917 715 4970 Dei
748 4933 969 4972 munere
994 4934 1093 4972 nec
1114 4918 1282 4988 ip-am
1312 4934 1631 4987 corpoream
1661 4936 1789 4989 pra:-

212 5010 426 5066 hleaot
468 5011 626 5082 :cgris
654 5013 889 5065 tribuere
933 5012 1262 5080 sospitatcm.
1320 5011 1445 5066 Sive
1491 5012 1590 5065 hoc
1633 5013 1799 5081 inagis

210 5102 462 5159 subtilius
494 5104 893 5171 intelligendum
925 5112 1046 5169 est;
1095 5103 1216 5173 quia
1264 5104 1464 5169 medici,
1511 5104 1636 5157 dum
1680 5120 1800 5157 cor-

212 5195 438 5259 Poﬁbus
478 5196 771 5250 adhibeant
817 5210 1020 5260 curam,
1078 5200 1284 5248 animas
1341 5204 1516 5249 tamen
1568 5193 1802 5264 peccatis

212 5297 458 5343 mortuas
493 5289 817 5343 resuscitare
848 5303 950 5341 non
999 5287 1325 5355 prtcvalent;
1377 5293 1433 5340 ut
1467 5286 1803 5342 confessione

210 5378 496 5434 verissima
528 5379 884 5446 viviticentur,
931 5392 1063 5449 quos
1092 5376 1418 5432 inﬁdelitatis
1447 5394 1556 5433 sua:
1584 5380 1800 5434 vulnera

207 5469 582 5540 pertulerunt.

289 5559 453 5617 Ven.
506 5561 593 5615 ll.
633 5559 883 5629 Nunquid
932 5561 1186 5613 enarrabit
1233 5559 1421 5631 aliquis
1467 5563 1521 5615 in
1569 5563 1805 5631 sepulcro

205 5654 629 5708 niurieordiam
662 5663 820 5709 tuam.
846 5664 934 5705 aut
958 5654 1216 5705 reritatmn
1244 5661 1380 5707 luant
1412 5655 1463 5708 in
1489 5655 1807 5724 perditione?

210 5746 381 5803 Venit
413 5748 481 5802 ad
512 5743 722 5801 lcrtinn
754 5745 1129 5809 narrationem,
1161 5745 1246 5799 ubi
1275 5762 1368 5817 per
1398 5747 1554 5802 istum
1589 5761 1799 5801 versum

1902 4668 2035 4722 quas
2086 4653 2138 4706 in
2173 4652 2495 4723 martyribus
2527 4653 2638 4706 suis
2694 4652 2809 4720 ipse
2848 4654 3118 4707 su~tinuit.
3173 4653 3273 4708 Ubi
3323 4669 3487 4726 syna-

1904 4747 2207 4799 tbroesmos
2255 4743 2477 4813 ﬁguram
2536 4744 2769 4799 arbitror
2818 4745 3217 4813 apponeudam,
3270 4745 3484 4813 quattth

1904 4834 2086 4889 multm
2137 4849 2221 4887 res
2252 4834 2303 4886 in
2352 4850 2512 4886 unum
2560 4841 2613 4886 et.
2656 4833 2817 4887 multa
2863 4835 3097 4902 pericula
3138 4834 3482 4900 colliguntur.

1907 4925 2179 4993 Sequitur,
2227 4931 2274 4975 rt
2303 4940 2447 4975 mane
2476 4925 2639 4975 oratio
2681 4939 2790 4975 mea
2827 4924 3095 4992 prwveniet
3131 4931 3199 4977 te.
3247 4918 3489 4979 Sollicita

1906 5012 2068 5068 verba
2097 5013 2197 5066 ista
2225 5010 2498 5066 tractanda
2520 5024 2663 5078 sunt,
2696 5027 2762 5066 ne
2787 5011 2980 5080 regulae
3008 5012 3081 5065 illi
3105 5011 3485 5079 veracissimm,

1907 5103 2046 5173 quod
2083 5102 2292 5158 Domini
2324 5103 2490 5173 gratia
2518 5114 2705 5157 cuncta
2740 5106 3047 5172 tirwt'cniat,
3081 5103 3284 5172 aliquid
3309 5104 3486 5157 videa-

1909 5206 1995 5252 tur
2023 5211 2143 5251 esse
2169 5195 2514 5251 contrarium.
2565 5194 2858 5248 Orationem
2888 5210 3038 5249 suam
3071 5209 3267 5263 corpus
3298 5194 3484 5248 Eccle-

1909 5290 2025 5352 siae,
2076 5304 2193 5357 qum
2220 5304 2386 5347 mane,
2441 5288 2490 5340 id
2532 5296 2613 5341 est
2645 5287 2798 5340 bonis
2839 5285 3162 5341 diiilt‘itltllljl‘
3206 5285 3485 5351 operibus,

1915 5379 2192 5447 prevenire
2229 5378 2520 5432 secundum
2572 5377 2858 5430 adventum
2914 5376 3124 5430 Domini
3177 5374 3326 5440 dicit,
3387 5374 3490 5431 hoc

1908 5480 1992 5525 est
2034 5470 2173 5524 diem
2220 5468 2450 5533 judicii;
2502 5484 2621 5536 qua:
2664 5479 2837 5522 tamen
2877 5467 3049 5522 oratio
3077 5466 3301 5521 Domino
3347 5483 3489 5535 pra:-

1909 5573 2083 5619 staule
2112 5564 2306 5615 donata
2338 5571 2439 5615 est.
2478 5560 2663 5614 Merito
2689 5578 2816 5630 ergo
2846 5561 3041 5614 dictum
3074 5569 3159 5615 est
3184 5562 3491 5631 pra’venisse

1910 5656 2190 5709 orationem
2221 5667 2392 5715 suam,
2426 5653 2639 5720 quando
2664 5665 2787 5705 utne
2816 5653 2977 5705 multa
3001 5652 3196 5706 sa-cula
3226 5652 3326 5707 sub
3349 5649 3489 5706 assi-

1912 5748 2114 5811 dttitwc
2166 5743 2463 5815 petebatur,
2525 5744 2665 5814 quod
2714 5744 2887 5798 adhuc
2945 5755 3323 5816 exspectamus
3367 5758 3491 5800 esse
