4046 6174
401 374 497 428 ϐίΞἺ

400 497 705 541 venturum.
767 481 950 533 Veniet
999 476 1136 530 Cttittt
1186 472 1277 527 ille
1329 481 1570 538 tempore
1615 461 2061 528 cmmctmni;A

401 579 495 634 sed
547 573 868 630 desiderium
933 580 1170 621 nostrum
1230 563 1575 632 flagranzibus
1641 558 1789 628 μυιιί
1831 557 1986 609 nibus

401 676 610 736 oportet
643 663 872 718 ostendi.
924 661 1036 713 Non
1068 658 1210 713 enim
1253 670 1350 709 nos
1393 668 1518 705 sum
1549 667 1668 706 esse
1707 649 1986 720 diiudicat,

400 762 443 813 si
474 773 576 812 non
605 757 738 809 votis
772 751 1015 805 maximis
1046 766 1073 801 a
1107 747 1262 801 nobis
1293 743 1557 812 expetitus
1583 741 1850 793 utlvt-tiial.
1885 737 1986 791 Sed

402 867 522 905 cum
553 849 616 900 de
661 849 775 916 ipso
803 842 1101 899 clarissime
1133 840 1361 902 dicatur,
1397 838 1510 903 ipse
1536 849 1598 888 ex
1633 848 1729 886 sua
1765 847 1988 899 por~ona

404 941 542 996 istud
575 956 680 993 non
726 946 900 1006 potest
949 933 1112 1002 loqui,
1159 930 1259 984 nisi
1305 929 1406 982 hoc
1434 927 1632 981 dictum
1681 939 1707 976 a
1736 922 1992 976 membris

408 1030 664 1085 Ecclesize
693 1025 915 1080 velimus
943 1024 1241 1076 advertere.

473 1120 631 1176 V'crs.
671 1120 752 1173 ll.
819 1115 1034 1187 thuitt.
1071 1113 1310 1176 Domine,
1342 1110 1544 1179 repellis
1577 1107 1710 1178 [etl..
1742 1100 1994 1175 repulisti]

404 1218 689 1272 orationem
732 1228 914 1274 meam,
960 1209 1145 1261 avertis
1184 1205 1320 1278 ἱρά..
1351 1199 1600 1272 αυενιὲδιὶ]
1627 1200 1809 1269 faciem
1855 1209 1997 1250 tuam

407 1327 440 1362 ιι
471 1310 593 1363 me?
633 1308 730 1363 llic
759 1304 1087 1361 desiderium
1123 1299 1474 1354 sanctissima:
1514 1295 1707 1349 mentis
1735 1291 1994 1360 exprimi-

411 1411 532 1466 tur,
563 1401 688 1471 quia
717 1398 1059 1468 impatienter
1089 1391 1388 1447 sustinebat
1415 1386 1642 1452 differri,
1672 1384 1814 1440 unde
1847 1399 2000 1437 mun-

412 1493 513 1546 dus
545 1499 752 1562 poterat
779 1489 898 1558 jure
927 1485 1148 1542 salvari.
1197 1479 1461 1551 Repellere
1484 1479 1624 1533 enim
1659 1485 1872 1544 putatur
1905 1491 1999 1542 pe-

415 1586 659 1640 titionem
690 1593 949 1645 nostram,
997 1588 1048 1633 ct
1080 1587 1302 1631 avertere
1331 1574 1508 1642 {aciem
1539 1587 1688 1624 suam
1724 1568 1999 1633 Dominus,
2030 1632 2032 1634 ν

413 1678 631 1745 quando
678 1685 799 1728 Vota
839 1681 1017 1726 nostra
1054 1667 1358 1730 distulerit;
1413 1675 1464 1720 et
1494 1664 1737 1734 quamvis
1766 1662 1853 1716 ille
1884 1677 2004 1730 pro-

414 1768 589 1822 futura
623 1765 800 1830 faciat,
845 1778 942 1816 nos
975 1772 1152 1815 tamen
1183 1758 1416 1829 graviter
1456 1755 1620 1810 dilata
1659 1754 2000 1811 contristant.

1609 352 1676 408 tu.
1719 349 1998 407 AURELII
2040 343 2444 425 tttssmoout

3581 333 3688 386 623

2167 459 2317 513 Vers.
2353 457 2430 512 18.
2478 455 2746 524 Elongasti
2773 471 2802 507 α
2833 468 2910 504 me
2931 452 3153 506 amicum
3182 458 3229 503 et
3275 448 3590 516 proximum,
3629 455 3680 497 ct

2094 560 2236 601 notos
2261 565 2396 602 meos
2425 566 2455 600 ιι
2489 546 2708 600 miseria.
2745 544 2869 598 lltcc
2896 542 3204 612 frequenter
3234 541 3334 608 piis
3361 537 3688 608 martyribus

2095 642 2453 705 Contigt-runl,
2503 653 2531 690 a
2563 636 2754 705 quibus
2787 645 2992 687 terrore
3024 633 3210 686 mortis
3239 630 3417 685 officia
3450 630 3683 682 humana

2095 730 2362 782 subtracta
2397 737 2538 781 sunt.
2595 726 2796 778 Amicos
2825 724 2966 778 enim
3001 722 3281 791 significat,
3317 721 3404 786 qui
3439 719 3688 772 honestis

2096 820 2282 872 studiis
2317 835 2522 870 tuorum
2567 818 2839 868 Vlt‘lllllale
2881 812 3150 882 conjuncti
3199 821 3364 875 Sunt;
3419 809 3690 875 prox-imus

2096 911 2182 980 qui
2213 912 2364 964 nobis
2398 910 2632 979 parentcl
2655 928 2679 957 ι⁸
2705 907 2820 961 ordi
2846 921 2891 960 te
2922 907 3230 968 stu-iantur;
3267 914 3429 967 natur,
3461 903 3550 972 qui
3585 917 3687 954 nc-

2098 1019 2202 1074 que
2235 1003 2389 1056 :tmiei
2416 1018 2585 1068 neque
2615 1000 2835 1070 proximi
2869 1010 3012 1061 sunt,
3047 997 3138 1051 sed
3165 998 3277 1050 sola
3313 1010 3409 1048 nos
3434 992 3690 1062 opinione

2104 1098 2186 1153 vel
2240 1097 2444 1150 visione
2477 1095 2804 1148 didicerunt.
2851 1092 2977 1157 Qum
3018 1105 3212 1159 genera
3262 1087 3536 1140 immittunt
3587 1085 3691 1137 fre-

2101 1198 2326 1258 quenter
2357 1186 2512 1255 longe
2538 1185 2663 1239 fecit
2691 1201 2717 1236 a
2744 1183 2990 1236 fidelibus
3019 1181 3190 1234 servis
3222 1177 3512 1232 formidata
3546 1175 3693 1229 cala-

2101 1279 2261 1335 ιιιὶικκ
2290 1277 2571 1344 passionis.

2641 1385 2913 1440 Conclusio
2945 1383 3152 1452 psalmi.

2181 1507 2294 1575 lpse
2339 1504 2536 1556 chorus
2581 1509 2664 1552 est
2705 1498 2900 1551 Christi
2947 1511 3106 1564 quem
3159 1494 3465 1561 prmtnissus
3511 1492 3696 1546 titulus

2111 1613 2206 1666 pro
2257 1591 2520 1648 ΜειΙιθΙτιΙι
2584 1590 2814 1644 nominis
2879 1586 3319 1653 interpretatione
3383 1584 3695 1652 praeinuit,

2110 1688 2324 1760 quando
2379 1685 2551 1740 lidelis
2605 1683 2832 1753 populus
2877 1684 2994 1746 ejus
3037 1691 3254 1734 secutus
3303 1679 3698 1732 sauctis~imam

2113 1780 2415 1850 passionem
2443 1776 2672 1846 gloriosa
2704 1774 2860 1827 nimis
2890 1772 3186 1826 imitatione
3217 1769 3517 1840 rCSpondit.
3561 1767 3699 1821 Hinc

416 1859 521 1914 sui
552 1869 606 1912 cl
638 1860 682 1910 ¹¹¹
705 1873 734 1912 c
759 1865 1116 1925 c°"gr"cmer
1145 1869 1173 1905 ³
1209 1865 1438 1923 Ρθτ⁵⁰¹¹³
1463 1861 1753 1920 martyrum
1784 1850 2000 1914 dicit",
2037 1843 2084 1902 Β
2111 1875 2250 1928 enim
2282 1870 2620 1926 confessores
2652 1867 2823 1921 tenuit
2853 1880 3037 1920 carcer
3067 1863 3303 1918 inclusos
3330 1879 3347 1927 ;
3396 1862 3520 1915 hinc
3557 1876 3701 1915 mar-

413 1951 504 2020 qui
534 1949 729 2004 talibus
759 1947 1038 2001 desideriis
1067 1945 1118 1999 in
1149 1945 1250 1999 hoc
1287 1942 1489 1997 mundo
1533 1941 1839 2010 fatigantur.
1887 1939 2000 1994 Dif-

416 2047 662 2096 fer-untur
690 2042 830 2094 enim
855 2039 918 2092 ad
951 2045 1291 2106 augmentum
1327 2048 1502 2096 suunt,
1544 2032 2000 2101 procrastinantur

418 2136 484 2188 ad
515 2132 737 2203 gloriam
771 2148 784 2194 ;
817 2130 939 2198 quia
969 2145 1074 2180 non
1108 2135 1311 2180 tantum
1347 2123 1562 2192 prodest
1591 2122 1785 2183 audiri,
1833 2137 2002 2190 quan-

419 2236 530 2278 tum
583 2223 797 2291 expedit
858 2236 954 2288 pro
1005 2219 1242 2273 muneris
1292 2214 1727 2283 augmentatione
1778 2211 1998 2266 differri.

421 2317 510 2372 Sic
534 2315 674 2384 ignis
707 2315 829 2368 flatu
861 2311 1004 2366 venti
1037 2309 1334 2379 repellitur,
1367 2318 1424 2361 ut
1453 2308 1690 2360 vitacius
1715 2308 2000 2359 animetur.

496 2406 647 2461 \‘ers.
695 2405 778 2457 15.
826 2403 992 2472 Egens
1018 2417 1131 2455 sum
1155 2416 1271 2470 ego,
1316 2409 1361 2452 et
1394 2399 1443 2450 in
1477 2396 1738 2450 laboribus
1766 2411 1796 2446 a
1818 2395 2006 2465 juven-

421 2507 530 2553 tute
560 2515 666 2553 mea
691 2513 708 2552 :
729 2499 983 2550 era/tatus
1011 2502 1184 2548 autem
1209 2491 1502 2545 humiliatus
1525 2507 1636 2543 sum
1665 2499 1712 2542 et
1742 2490 2004 2557 confusus.

424 2591 537 2646 [loc
570 2591 758 2644 merito
786 2589 912 2642 dit-it
943 2585 1204 2654 Ecclesia,
1240 2600 1357 2653 quae
1389 2583 1440 2637 in
1471 2591 1707 2652 egestate
1739 2579 1921 2634 mundi
1950 2587 2006 2633 et

425 2685 478 2738 in
510 2682 779 2738 laboribus
809 2697 836 2734 a
869 2695 961 2734 sua
988 2679 1271 2749 juventute
1314 2676 1596 2745 fatigatur;
1651 2673 1786 2728 sicut
1819 2673 1872 2725 in
1903 2670 2010 2724 alio

428 2774 635 2843 psalmo
670 2774 856 2842 legitur
897 2789 908 2825 :
954 2771 1105 2839 Saepe
1133 2776 1545 2838 expugnaverunt
1577 2783 1652 2820 me
1695 2781 1726 2818 α
1747 2765 2015 2834 juventute

430 2883 542 2920 mea
577 2865 750 2935 (Psal.
775 2878 1004 2927 cant,
1040 2863 1114 2933 1).
1149 2862 1274 2915 Hice
1302 2859 1492 2914 crescit
1527 2857 2011 2927 persecutiOnibus,

431 2971 683 3027 pressura
730 2965 1032 3025 temporum
1071 2953 1400 3016 sublevatur,
1451 2950 1752 3004 humilitate
1801 2962 2017 3017 semper

429 3049 706 3105 extollitur
736 3066 750 3104 :
795 3047 948 3118 cujus
979 3046 1187 3116 longior
1215 3054 1345 3099 mtas
1375 3058 1480 3097 non
1512 3051 1595 3096 est
1635 3040 1832 3096 debilis
1861 3039 2015 3093 lassi-

430 3141 580 3208 tudo,
611 3141 706 3196 sed
732 3148 937 3194 matura
972 3138 1248 3208 perfectio.
1275 3137 1548 3205 Sequ’tur,
1574 3133 1829 3187 exaltatus
1850 3142 2016 3184 autem

432 3233 736 3286 humiliatus
765 3248 874 3286 sum
902 3239 948 3285 et
978 3229 1240 3299 confusus.
1279 3228 1388 3281 lloc
1434 3224 1740 3293 specialiter
1762 3220 2020 3277 membris
2047 3209 2092 3271 C

433 3325 692 3394 probatur
737 3321 1056 3386 convenire,
1107 3335 1208 3374 non
1261 3317 1444 3382 capiti.
1505 3315 1812 3378 Excitatus,
1865 3310 2016 3374 dicit,

432 3416 648 3487 qu-tndo
679 3416 828 3486 prius
859 3415 1224 3483 unusquisque
1253 3410 1492 3467 fidelium
1535 3424 1621 3464 res
1648 3409 1908 3462 humanas
1941 3415 2021 3460 ιιι-

432 3509 577 3562 tnido
607 3508 768 3564 corde
798 3505 1086 3576 cogitabat.
1141 3501 1466 3556 Humiliatus
1516 3515 1653 3565 sum,
1707 3497 1920 3567 quando
1953 3496 2020 3550 ad

433 3599 787 3655 confessionis
821 3594 1133 3650 medicabile
1171 3594 1392 3653 donum.
1438 3590 1618 3645 divina
1665 3589 1831 3660 gratia
1865 3589 2024 3643 mise-

437 3705 612 3756 rattte,
645 3692 904 3760 pervenit.
932 3688 1208 3757 Confusus,
1235 3684 1448 3759 quando
1466 3684 1548 3738 illa
1572 3699 1691 3752 quae
1709 3683 1872 3753 298
1887 3682 2027 3736 male

434 3791 673 3849 gesserat
693 3779 1016 3849 penitentia:
1029 3777 1360 3847 professione
1372 3775 1714 3836 damnaviLO
1730 3774 1882 3828 beata
1907 3788 2030 3828 con-

437 3873 577 3927 fusio
599 3888 717 3942 quae
739 3883 996 3925 aeternum
1023 3871 1163 3923 tollis
1194 3866 1576 3937 opprobrium!
1610 3865 1742 3920 Nam
1770 3865 2026 3936 quidquid

438 3971 492 4023 iu
531 3981 733 4025 reatum
786 3968 990 4021 tenet-it
1045 3964 1442 4034 mentientium,
1493 3961 1767 4032 perpetuis
1811 3960 2027 4015 saiculis

440 4063 681 4116 redditur
705 4061 801 4115 abs
827 4062 1031 4112 lutum.

515 4154 667 4209 Vers.
702 4153 786 4206 16.
832 4151 894 4205 In
928 4169 1004 4204 me
1035 4149 1449 4219 pertransierum
1475 4157 1569 4201 ira!
1597 4155 1698 4200 tua:
1735 4162 1754 4200 :
1791 4154 1837 4200 et
1871 4155 2030 4199 terro-

442 4263 522 4300 res
562 4247 636 4299 tui
674 4245 1099 4298 conturbauerunt
1128 4260 1225 4296 me.
1277 4239 1506 4295 Pulchre
1535 4239 1733 4293 dictutn
1766 4247 1868 4300 est,
1914 4253 2032 4308 per-

442 4337 772 4397 tt'antierunt,
816 4351 916 4404 qua
953 4333 968 4386 i
1001 4351 1103 4386 non
1139 4345 1405 4384 mansurae
1437 4330 1640 4384 diutius
1663 4327 2026 4397 contigerunt.

443 4431 570 4482 Nam
600 4427 812 4493 quando
844 4424 1014 4478 fidelis
1044 4439 1102 4476 se
1143 4421 1349 4490 affligit,
1386 4421 1520 4475 iram
1555 4417 1766 4472 Domini
1801 4415 2033 4485 castiga-

445 4529 527 4571 tus
556 4516 752 4571 evadit.
809 4513 873 4567 In
905 4530 982 4566 me
1008 4523 1184 4566 autem
1218 4511 1468 4575 dicendo,
1522 4507 1869 4563 afflictionem
1902 4505 2035 4560 lide-

444 4609 572 4661 lium
604 4621 749 4658 mete
779 4621 878 4658 suo
932 4605 1129 4656 illatam
1161 4602 1262 4655 sibi
1304 4615 1423 4656 esse
1452 4608 1698 4655 testatur.
1749 4596 2026 4669 Sequitur,
2064 4583 2116 4642 D

445 4709 494 4754 et
533 4709 747 4752 terrores
783 4697 856 4748 tui
892 4694 1319 4748 conturbauerunt
1368 4707 1466 4746 me.
1535 4689 1792 4744 Terrorrs
1846 4690 2031 4758 utique

446 4793 655 4848 venturi
681 4791 892 4860 iudicii,
923 4802 1058 4859 quos
1097 4787 1272 4842 omnis
1298 4800 1425 4840 caro
1454 4784 1722 4854 peccatrix
1748 4782 2034 4837 formidare

448 4890 812 4964 dignuscitttr;
865 4887 1009 4956 quod
1063 4881 1205 4939 idem
1253 4880 1388 4937 solis
1441 4878 1694 4934 membris
1742 4877 2036 4933 convenire

447 4979 786 5038 mihifastum
817 4987 917 5032 est.

516 5072 676 5129 νει-8.
713 5071 796 5126 17.
839 5069 1208 5123 Circumierunt
1237 5080 1316 5117 me
1331 5065 1456 5119 sicut
1478 5077 1614 5131 aqua
1645 5069 1750 5112 tota
1776 5059 1859 5111 die
1885 5073 1904 5114 ε
1935 5055 2029 5108 cir-

450 5162 816 5218 rumdedet‘unt
861 5175 937 5212 me
969 5158 1140 5212 simul.
1187 5156 1386 5210 Delicta
1425 5153 1607 5222 utique
1636 5164 1756 5220 qua:
1798 5149 1929 5218 legis
1955 5147 2037 5201 di-

449 5255 728 5312 strictione
759 5239 1101 5316 damnantur,
1154 5249 1268 5302 huic
1295 5247 1440 5301 velut
1483 5258 1618 5313 aqua
1653 5241 1896 5295 homines
1934 5241 2037 5292 cir-

450 5355 727 5413 cumeunt,
778 5345 994 5416 quando
1023 5341 1258 5407 undique
1289 5339 1549 5395 scaturire
1581 5344 1897 5389 noscuntur.
1961 5333 2033 5384 Ex

451 5456 559 5513 quo
584 5439 727 5494 enim
760 5440 929 5492 latere
959 5450 1063 5488 non
1095 5431 1380 5488 credamus
1411 5428 1597 5482 venire
1628 5432 1868 5495 peccata,
1923 5437 2042 5492 qua:

457 5511 556 5589 nec
583 5530 873 5586 momentis
922 5529 1173 5579 horarum
1219 5537 1248 5576 a
1299 5518 1452 5576 nobis
1490 5516 1786 5573 redduntur
1827 5511 2041 5568 aliena?

456 5622 646 5676 Merito
675 5637 804 5690 ergo
835 5619 988 5690 aquis
1033 5623 1338 5684 comparata
1371 5621 1513 5673 sunt,
1564 5622 1684 5678 qua:
1732 5620 1829 5659 nos
1859 5603 2044 5672 copio-

460 5715 673 5768 sissima
726 5711 1075 5776 inundatipne
1121 5704 1466 5760 concludunt.
1508 5699 1661 5769 Quod
1707 5707 1830 5767 apte
1876 5702 2043 5749 totutn

463 5805 722 5876 accipitur
752 5820 778 5858 a
813 5812 963 5873 parte
995 5799 1376 5854 membrorum.

2106 1971 2280 2034 tyrum
2314 1975 2549 2030 purpura
2574 1958 2812 2026 et-bysso
2841 1954 3127 2024 pretiosior
3149 1953 3365 2022 sanguis
3392 1951 3698 2015 emanavit;

2107 2051 2234 2106 ltiuc
2264 2049 2628 2120 apostolorum
2663 2062 2756 2116 per
2781 2055 2948 2098 tntum
2978 2044 3163 2098 orbem
3196 2042 3334 2096 dicta
3368 2048 3700 2105 tenuerunt;

2108 2143 2230 2198 hinc
2268 2151 2516 2212 tanquam
2543 2139 2624 2194 sol
2659 2136 2976 2205 purissimus
3004 2134 3136 2188 fides
3169 2144 3352 2187 sancta
3384 2131 3652 2200 processit
3681 2147 3698 2196 ;

2107 2236 2234 2294 hinc
2278 2232 2343 2286 ad
2394 2231 2722 2300 temporales
2776 2237 2977 2281 mortes
3024 2226 3292 2294 ΙιοιΙιιηιιθ
3336 2223 3703 2288 concurritur,

2061 2339 2070 2346 ‘
2111 2335 2168 2381 ut
2215 2335 2434 2380 uiti-rore
2485 2325 2610 2378 vita:
2663 2321 2882 2391 praemia
2913 2319 3315 2385 conquirantur.
3365 2320 3702 2386 Quapropter

2113 2419 2290 2472 nullus
2320 2425 2565 2487 pavescat
2597 2415 2860 2477 miserias,
2910 2427 3029 2482 qua:
3064 2409 3265 2465 faciunt
3308 2408 3537 2472 beatos;
3584 2407 3706 2461 nul-

2112 2511 2195 2566 lus
2243 2517 2512 2563 tormenta
2542 2505 2818 2568 formidet,
2867 2518 2984 2571 qua:
3013 2501 3216 2556 donant
3261 2509 3570 2570 perpetuam
3616 2512 3707 2552 so-

2119 2605 2411 2672 spitatem;
2468 2600 2646 2654 nullus
2691 2598 2876 2652 timeat
2926 2594 3222 2660 tristitiam,
3281 2608 3400 2663 quae
3445 2592 3703 2662 gaudium

2116 2695 2298 2750 tribuit
2327 2691 2737 2760 sempiternum.
2769 2688 3035 2755 Quantum
3058 2694 3143 2740 est
3163 2683 3305 2738 enim
3333 2681 3708 2750 temporaliter

2116 2789 2273 2848 mori,
2302 2793 2362 2838 ut
2393 2791 2644 2851 perpetua
2677 2781 2786 2834 vita
2815 2779 2984 2848 possit
3012 2775 3220 2846 acquiri
3250 2775 3276 2831 τ
3301 2773 3576 2841 Quantum
3609 2771 3709 2824 htt-

2118 2891 2328 2929 manam
2356 2876 2621 2928 sustinere
2667 2869 3012 2934 sententiam,
3066 2875 3123 2920 ut
3168 2865 3562 2919 absolutionem
3595 2875 3707 2915 me-

2119 2984 2332 3024 reamur
2382 2968 2672 3033 impetrare
2701 2961 2980 3016 divinam?
3029 2958 3159 3024 Quis
3190 2966 3368 3013 autem
3414 2956 3709 3009 erubescat

2119 3074 2326 3131 poenas,
2353 3071 2484 3128 quas
2505 3055 2753 3111 Christus
2769 3053 3031 3107 Dominus
3053 3049 3294 3120 perferre
3317 3047 3564 3118 dignatus
3585 3059 3666 3100 εει
3683 3048 3710 3100 2'

2122 3155 2252 3220 Quis
2283 3157 2432 3220 putet
2459 3147 2826 3217 cpprobrium,
2859 3143 3000 3212 quod
3023 3138 3419 3209 elegitCreator
3441 3139 3710 3194 sustinere

2125 3251 2439 3300 cunctorum
2468 3241 2491 3294 ?
2547 3239 2809 3305 Quocirca
2843 3250 2940 3306 pro
2967 3250 3032 3290 eo
3063 3233 3354 3288 subeamus
3386 3229 3714 3284 mundanam

2124 3335 2506 3399 calamitatem,
2539 3333 2584 3387 si
2616 3345 2737 3385 cum
2761 3329 2876 3398 ipso
2907 3326 3152 3382 volumus
3185 3337 3479 3395 perennem
3512 3319 3714 3375 habere

2128 3431 2450 3501 p‘irlionetn.

2332 3557 2695 3616 EXPOSITIO
2728 3555 2790 3610 IN
2821 3551 3148 3610 ΡεΑωιωι
3180 3546 3502 3605 LXXXVIII;

2510 3671 2806 3727 Intellectus
2841 3668 3015 3722 Ethan
3043 3664 3316 3720 Israelitw.

2202 3795 2315 3848 Non
2351 3802 2456 3846 tam
2486 3786 2781 3845 secundum
2812 3784 3056 3839 ordinem
3087 3781 3246 3844 tituli,
3280 3791 3436 3848 quam
3467 3779 3534 3830 ad
3559 3789 3712 3830 cont-

2132 3885 2438 3940 moditatem
2473 3879 2840 3947 intelligentia:
2873 3873 3187 3942 exponenda
3226 3881 3346 3925 sunt
3381 3869 3539 3924 verba
3579 3882 3702 3936 qua:

2133 3978 2329 4048 posuit,
2363 3985 2420 4029 ut
2448 3973 2650 4027 facilius
2681 3971 2836 4024 nob's
2873 3969 2948 4022 rei
2981 3967 3177 4019 veritas
3201 3964 3494 4018 eluceseat.
3541 3958 3714 4011 Ethan

2132 4071 2521 4138 interpretatur
2563 4064 2858 4125 ribustus;
2907 4059 3148 4112 Israelita
3184 4055 3370 4110 videns
3417 4052 3602 4106 Deum.
3656 4051 3720 4104 Et
3801 4119 3809 4128 _

2131 4160 2256 4230 quia
2288 4159 2526 4229 psalmus
2554 4157 2654 4208 iste
2675 4160 2792 4209 erat
2822 4150 3006 4205 laudes
3032 4160 3087 4203 et
3117 4147 3500 4217 promissiones
3532 4143 3718 4195 Domi-

2136 4255 2186 4306 ni
2219 4260 2552 4316 narraturus,
2604 4245 2726 4300 ideo
2767 4244 2846 4297 illi
2893 4244 2998 4296 tale
3029 4255 3220 4294 nomen
3249 4245 3457 4292 constat
3497 4233 3722 4302 apposi-

2137 4353 2270 4409 tum,
2321 4349 2379 4394 ut
2407 4339 2643 4392 ﬁdelium
2669 4337 2955 4390 verborum
3003 4332 3264 4386 indicaret
3313 4325 3725 4382 incommutabi-

2137 4438 2238 4488 lem
2271 4432 2597 4486 f‘trmitatem.
2653 4425 2953 4480 Intellectus
2984 4423 3126 4477 enim
3175 4422 3255 4493 (ut
3283 4435 3425 4488 saepe
3459 4415 3721 4484 diximus)

2141 4527 2206 4581 ad
2254 4539 2484 4595 superna
2515 4519 2828 4576 referendus
2861 4528 2963 4582 εει,
3008 4516 3094 4569 ubi
3127 4530 3313 4568 revera
3340 4521 3486 4566 recte
3519 4508 3726 4562 intelli—

2139 4635 2269 4690 gens
2312 4614 2711 4672 tenditvmentis
2743 4613 3014 4666 intuitum.
3065 4609 3160 4662 Est
3187 4606 3330 4660 enim
3372 4605 3438 4658 de
3464 4601 3728 4656 Christia-

2145 4725 2333 4765 norum
2362 4723 2458 4776 spe
2508 4713 2562 4760 et
2590 4705 2656 4758 de
2685 4700 3076 4770 magnificentia
3109 4697 3316 4751 Domini
3350 4695 3513 4748 multa
3551 4691 3728 4745 dictu-

2145 4817 2260 4866 rus;
2294 4815 2386 4869 per
2408 4813 2526 4867 que
2552 4809 2711 4849 nemo
2744 4793 3029 4862 decipitur,
3063 4791 3108 4844 si
3131 4785 3484 4856 supplicantis
3513 4783 3727 4837 animus

2147 4896 2198 4950 in
2234 4895 2383 4947 istius
2418 4887 2587 4942 Etltan
2615 4883 3052 4941 constantissima
3093 4883 3366 4934 voluntate
3403 4877 3712 4932 roboretur.

2712 5025 2907 5082 Divisio
2941 5022 3146 5092 psalmi.

2219 5144 2392 5196 Ethan
2421 5143 2520 5196 iste
2549 5155 2706 5210 quem
2737 5139 2970 5192 diximus
3004 5137 3245 5190 indicare
3273 5134 3574 5195 robustum,
3608 5139 3730 5184 tau-

2147 5246 2195 5290 ta
2243 5234 2438 5291 mentis
2480 5229 2870 5287 illutninatione
2910 5228 3207 5296 completus
3244 5237 3348 5290 est,
3401 5235 3459 5279 ιιι
3493 5223 3730 5277 Israelita

2150 5327 2429 5381 serissime
2458 5334 2817 5402 nuncupetur.
2858 5321 3038 5374 Primo
3080 5320 3321 5379 ingressu
3363 5318 3550 5388 psalmi
3599 5314 3732 5369 dicit

2151 5434 2211 5474 se
2240 5415 2640 5472 misericordias
2671 5412 2879 5466 Domini
2900 5419 3257 5475 cantaturum,
3287 5409 3533 5478 quoniam
3566 5407 3731 5460 multa

2146 5510 2390 5582 promisit
2421 5507 2562 5562 fideli
2595 5504 2792 5576 populo
2824 5503 3125 5574 profutura.
3173 5502 3423 5559 Secunda
3453 5509 3608 5572 parte
3650 5499 3735 5554 di-

2149 5600 2320 5656 versis
2351 5597 2524 5653 modis
2555 5597 2743 5652 laudes
2773 5596 2978 5650 Domini
3013 5598 3414 5665 potentiamque
3453 5591 3730 5647 describit.

2147 5691 2330 5747 Tertia
2352 5690 2406 5744 itt
2429 5691 2700 5744 Christum
2735 5689 3016 5743 Domintun
3049 5698 3298 5758 paternas
3322 5686 3737 5758 pollicitationes

2148 5791 2451 5840 enumerat.
2506 5781 2702 5850 Quarta
2753 5780 3010 5836 Dominus
3059 5779 3306 5836 Christus
3350 5786 3570 5847 propter
3617 5788 3737 5844 pas~
