3952 6162
279 253 371 308 (es
1117 265 1473 325 EXPOSHIU
1515 272 1578 328 IN
1625 276 2084 339 rsaeremun.
2122 286 2314 344 esse.
2359 253 2686 350 Lxxxvtn.

279 370 476 422 sionem
507 386 664 438 quam
701 374 939 440 pertulit,
993 378 1219 432 traditus
1249 382 1476 438 inimicis
1507 400 1625 439 esse
1662 403 1864 443 memo-

279 469 435 515 ratur.
470 463 664 528 Quinta
699 466 968 536 fragilitati
1003 470 1246 528 humanm
1281 479 1516 544 postulat
1544 482 1816 535 subven'ri
1839 526 1852 548 ,

275 553 527 620 quianon
569 556 623 608 in
651 573 841 612 vanum
881 560 1017 617 ﬁlios
1061 564 1339 620 hominum
1382 569 1450 622 ab
1496 570 1614 639 ipso
1661 576 1857 629 asserit

275 658 390 697 esse
438 647 753 715 plasmatos.
799 651 967 708 Sexta
1014 667 1166 726 rogat
1200 660 1504 724 Dominum,
1540 674 1598 718 ut
1630 667 1858 732 promis-

273 737 448 790 siones
487 754 615 792 snas
657 742 895 809 impleat,
943 763 1076 814 quas
1110 749 1272 803 David
1325 767 1483 805 servo
1523 770 1622 807 suo
1670 757 1857 812 fecisse

273 827 598 890 declaratur,
630 843 684 886 et
721 850 926 888 memor
955 839 1026 892 sit
1068 843 1246 909 qualia
1276 845 1414 898 servi
1446 845 1559 914 ejus
1590 848 1655 899 ab
1681 848 1856 916 impii-3

271 922 560 989 approhria
591 927 950 983 sustinebant.

819 1018 1086 1088 Expositio
1112 1025 1316 1091 psalmi.

341 1103 494 1159 Vers.
537 1108 585 1160 Ι.
631 1108 1016 1165 Misericartlias
1047 1124 1184 1175 tuas,
1232 1115 1469 1181 Domine,
1521 1121 1572 1173 in
1610 1129 1854 1174 a'ternunt

267 1196 482 1248 cantabo
513 1213 529 1250 .'
563 1199 615 1250 in
644 1206 973 1267 generatione
1003 1213 1047 1256 et
1073 1208 1312 1273 progenie
1342 1210 1685 1277 pronuntiabo
1729 1213 1858 1263 veri-

267 1295 420 1338 tatem
462 1298 605 1341 tuam
641 1291 694 1342 in
731 1308 816 1345 ore
853 1310 980 1345 meo.
1025 1294 1153 1349 Jure
1199 1301 1451 1352 robustus
1495 1301 1713 1365 dicitur,
1767 1304 1853 1371 qtti

269 1387 374 1431 tam
410 1379 564 1433 ﬁrma
598 1381 840 1438 dicturus
866 1397 967 1440 est.
1009 1387 1115 1442 Iste
1147 1391 1288 1444 enim
1323 1391 1490 1446 Ethan
1527 1394 1732 1448 Domini
1776 1405 1858 1450 cst

271 1470 650 1525 misericordias
675 1486 995 1542 mutaturus,
1031 1495 1148 1547 quae
1179 1491 1232 1535 et
1261 1491 1464 1536 αξιοι-[ιιι
1495 1501 1711 1554 semper
1750 1499 1859 1541 sta-

273 1561 482 1616 bilitate
532 1567 871 1631 consistunt,
929 1579 984 1624 et
1028 1575 1299 1641 perpetuis
1349 1585 1472 1629 sunt
1519 1579 1856 1634 celebranda:

279 1656 578 1714 t-nccouiis.
618 1657 766 1712 Fecit
800 1662 940 1713 enim
974 1665 1270 1718 mirabilem
1303 1667 1354 1718 in
1401 1668 1633 1724 humano
1662 1687 1855 1739 genere

3435 304 3537 358 630

1892 397 1938 452 Α
1969 395 2223 464 fragilitas
2253 401 2374 455 ideo
2400 403 2706 470 prohibetur
2730 417 3188 464 sacramentorum
3218 426 3277 465 se
3309 417 3537 479 promise

1961 488 2199 543 sionibus
2225 491 2485 563 obligare,
2530 495 2651 564 quia
2685 512 2787 550 non
2828 506 2912 551 est
2955 497 3006 551 in
3062 508 3327 569 potestate
3367 501 3535 571 ipsius

1960 595 2078 645 qute
2110 581 2389 649 pollicetur
2423 584 2660 640 efﬁcere.
2712 586 2864 641 Jurat
2889 603 3015 657 ergo
3037 588 3334 658 justissiute
3361 591 3530 656 Deus.

1960 686 2080 723 cum
2108 674 2226 740 jure
2252 692 2351 729 suo
2384 679 2643 745 promittit
2665 680 2864 735 omnia.
2898 679 3027 733 Nam
3055 692 3106 734 et
3138 683 3305 749 ipsum
3339 699 3532 740 nomen

1960 761 2157 815 indicat
2188 779 2403 818 caus-ent
2453 784 2466 818 :
2506 768 2698 834 jlltaVll
2733 770 2873 822 enim
2908 762 3152 836 dicimus,
3193 771 3314 840 jure
3339 776 3533 838 oravit,

1960 851 2009 904 id
2042 863 2122 907 est
2147 854 2287 922 juste
2319 857 2521 910 locutus
2546 868 2646 912 est.

2038 941 2184 996 Vers.
2212 947 2261 996 4.
2299 945 2466 1013 Usque
2489 949 2540 1000 in
2570 960 2815 1001 aeternum
2844 953 3140 1018 prteparabo
3164 970 3328 1005 semen
3352 964 3534 1008 tuum:

1959 1040 2004 1083 et
2032 1034 2295 1098 (ett'i/icabo
2326 1037 2376 1087 in
2411 1039 2650 1089 sa‘cnlum
2680 1043 2854 1092 sa'culi
2887 1044 3052 1093 sedem
3092 1052 3254 1094 tuam.
3297 1044 3534 1097 Persen-

1962 1131 2071 1175 tum
2123 1133 2206 1177 est
2246 1126 2309 1177 ad
2360 1126 2449 1180 illa
2499 1143 2614 1196 qua:
2665 1129 2819 1182 l’ater
2865 1135 3183 1197 premiserat
3231 1148 3386 1184 servo
3435 1149 3532 1186 suo

1962 1214 2143 1268 David.
2200 1216 2537 1284 Praeparatus
2566 1230 2646 1273 est
2689 1222 2830 1274 enim
2863 1222 3118 1276 Dominus
3147 1222 3412 1287 Christus,
3443 1223 3535 1291 qui

1960 1319 2022 1358 ex
2053 1307 2255 1360 semine
2292 1311 2457 1376 ipsius
2500 1312 2853 1367 tlest-enderet
2889 1316 3064 1367 carnis
3103 1315 3328 1384 origine,
3376 1329 3536 1382 usque

1960 1393 2012 1446 in
2061 1405 2302 1449 a’ternum
2349 1399 2458 1452 [lex
2493 1417 2674 1468 regunt
2708 1411 2762 1456 et
2807 1403 3065 1456 Dominus
3113 1405 3531 1458 dominantium.

1962 1485 2066 1540 Sed
2097 1488 2235 1556 quod
2281 1489 2433 1557 dixit,
2483 1491 2818 1562 Pra'parabo,
2873 1496 2937 1548 ad
2986 1496 3370 1550 humanitatem
3419 1499 3536 1564 ejus

1962 1588 2224 1644 pertinet,
2271 1595 2373 1632 non
2431 1582 2496 1634 ad
2545 1584 2828 1651 deitatem,
2886 1602 2989 1654 qua
3043 1588 3535 1650 consubstantialis,

1960 1671 2296 1739 omnipo:ens
2347 1682 2403 1728 et
2449 1688 2744 1730 coaeternus
2789 1688 2870 1732 est
2923 1679 3086 1731 Patri.
3131 1680 3384 1747 Sequitur
3412 1719 3429 1744 ,
3483 1686 3528 1729 et

282 1746 552 1813 pietatem,
589 1758 644 1801 ut
689 1752 828 1818 quod
862 1753 1092 1817 pt‘rictat
1123 1757 1434 1824 requireret,
1489 1767 1542 1810 et
1585 1761 1855 1813 vulnerata
1895 1765 1932 1823 Β
1963 1762 2226 1828 aediﬁcabo
2253 1764 2304 1816 in
2343 1767 2586 1819 saeculum
2616 1769 2790 1820 surculi
2817 1769 2982 1821 sedem
3007 1780 3164 1822 tuam.
3215 1770 3534 1824 Pollicitatio

282 1835 528 1891 salvaret.
572 1835 638 1889 In
673 1843 992 1910 generatione
1025 1860 1153 1897 vero
1191 1855 1235 1898 et
1265 1849 1504 1916 progenie
1540 1854 1681 1917 quod
1711 1851 1859 1904 addi-

283 1925 374 1987 dit,
426 1928 562 1981 duos
604 1930 870 1998 signiﬁcat
921 1935 1174 2003 populos,
1227 1937 1508 1993 Judaicntn
1558 1942 1765 1995 scilicet
1807 1953 1861 1997 et

285 2017 554 2084 gentilem,
598 2021 790 2088 quibus
840 2038 898 2077 se
947 2027 1206 2080 veritatem
1250 2033 1698 2100 pronuntiaturum
1741 2049 1860 2087 esse

289 2114 523 2173 testatur,
555 2126 715 2179 quam
746 2112 876 2167 dicit
916 2116 1158 2171 inferius.
1199 2119 1474 2188 Sequitur,
1520 2133 1566 2175 et
1601 2126 1860 2179 veritatem

285 2201 505 2270 tuamin
534 2217 620 2254 ore
653 2219 797 2270 meo;
831 2221 1012 2261 revera
1047 2218 1103 2262 ut
1146 2227 1303 2279 quant
1333 2228 1492 2268 sensu
1523 2227 1856 2286 perceperat,

285 2303 370 2342 ore
415 2290 742 2360 loqueretur.
794 2294 860 2350 Et
898 2297 1034 2353 bene
1078 2301 1280 2356 dictum
1337 2314 1441 2374 est,
1498 2308 1549 2361 in
1592 2325 1680 2362 ore
1729 2327 1888 2374 mro,-

284 2379 401 2448 quia
428 2383 568 2449 quod
597 2399 661 2437 ex
699 2400 795 2440 ore
838 2390 1197 2458 progreditur,
1242 2394 1350 2448 cito
1377 2397 1664 2461 dilabitur;
1717 2401 1857 2469 quod

285 2482 406 2522 vero
446 2472 500 2524 in
529 2489 616 2526 ore
652 2486 918 2546 versatur,
973 2480 1179 2536 diutina
1221 2484 1504 2542 tlevotione
1534 2491 1862 2550 celebratur.

357 2561 503 2615 νει-ε.
528 2563 580 2615 9..
628 2565 880 2632 Quoniam
915 2571 1089 2624 dixiin
1132 2589 1150 2626 :
1193 2573 1256 2626 In
1286 2585 1530 2630 attentum
1571 2581 1861 2632 iniuriar—

282 2651 363 2704 die
393 2654 730 2720 (edificubitur
773 2675 790 2711 :
831 2663 884 2712 in
926 2664 1065 2716 caelis
1113 2669 1486 2733 prazparabitur
1528 2675 1707 2726 veritas
1749 2685 1854 2728 tua.

283 2743 396 2812 Ipsa
426 2757 506 2799 est
537 2749 722 2802 veritas
750 2768 908 2820 quant
937 2757 1018 2809 vir
1050 2769 1266 2813 sanctus
1305 2775 1364 2814 se
1395 2753 1856 2829 pronuntiaturum

277 2849 392 2888 esse
421 2841 759 2906 praedixerat.
799 2845 864 2897 Et
898 2862 964 2898 mt
987 2848 1089 2902 rito
1130 2849 1270 2902 illam
1309 2852 1640 2906 conﬁdenter
1670 2855 1854 2922 pra'di-

275 2927 451 2993 tabat,
496 2935 712 2999 quando
758 2951 875 2989 eam
919 2938 1176 2994 Dominus
1216 2941 1463 3000 absolute
1509 2949 1855 3013 prowiserat;

275 3033 381 3073 non
424 3023 568 3076 enim
606 3035 781 3093 potest
825 3029 932 3082 falli
965 3031 1050 3099 qui
1103 3034 1345 3102 sequitur
1390 3037 1553 3090 verba
1587 3042 1855 3093 veritatis.

273 3112 381 3166 Sed
409 3115 685 3171 videmnus
713 3121 836 3187 quid
870 3121 1160 3191 signiﬁcet,
1206 3127 1366 3197 299
1398 3128 1454 3181 in
1480 3140 1727 3184 ιειετηαηι
1759 3134 1854 3184 mi-
1881 3135 1923 3197 ο
1963 3125 2060 3194 ipsi
2113 3125 2355 3192 placitum
2407 3124 2582 3191 fuert,
2636 3126 2972 3180 administret
3018 3145 3031 3181 :

273 3207 552 3260 seriem-diu
578 3211 934 3276 a-diﬁcabitur.
981 3216 1117 3268 Sunt
1146 3219 1287 3270 enim
1321 3220 1702 3276 aediﬁcationes
1732 3239 1851 3292 qua:

273 3309 598 3368 consurgere
641 3312 935 3371 nequeunt,
983 3304 1085 3358 nisi
1129 3307 1211 3360 eis
1260 3306 1416 3362 fuerit
1460 3311 1732 3378 prmtttissa
1759 3312 1854 3366 dc-

275 3391 518 3454 struetio,
554 3403 608 3443 ut
643 3392 906 3447 idolorum
935 3397 1202 3464 cultores,‘
1241 3408 1298 3452 ut
1335 3401 1689 3469 pessimarum
1715 3419 1852 3462 ,con-

279 3482 622 3536 suetudittum
668 3501 948 3554 sequaces.
994 3489 1080 3543 l..-ti
1129 3491 1292 3557 enim,
1345 3494 1446 3547 nisi
1485 3511 1513 3547 a
1549 3496 1700 3549 malis
1740 3498 1853 3552 suis

277 3568 472 3625 fuerint
523 3574 818 3642 destrueti,
874 3579 923 3630 in
981 3580 1173 3632 l-onum
1225 3595 1496 3650 nequeunt
1543 3585 1842 3650 aediﬁcari,

277 3661 408 3716 sicut
437 3664 638 3717 dictum
667 3674 749 3718 est
771 3666 1015 3720 Jeremiu:
1051 3686 1064 3722 :
1097 3669 1226 3723 Ecce
1252 3675 1402 3741 posui
1437 3685 1504 3738 te,
1546 3685 1598 3726 at
1627 3675 1852 3744 wdi/ices

279 3759 326 3800 et
370 3753 600 3806 destruus
640 3753 853 3824 (Jerem.
899 3773 932 3820 ι,
979 3758 1094 3828 10).
1147 3762 1248 3814 Ista
1299 3777 1430 3816 sero
1485 3766 1852 3820 misericordia

282 3855 383 3894 non
414 3843 727 3910 destruitnr,
771 3848 861 3900 sed
890 3864 1101 3918 semper
1143 3852 1302 3922 viget,
1351 3869 1562 3923 semper
1605 3867 1852 3925 augetur.

283 3926 545 3998 Sequitur,
598 3934 651 3986 in
701 3936 838 3988 caelis
889 3942 1264 4006 prteparabitur
1317 3943 1496 3996 t'eritas
1547 3954 1658 3998 tua.
1729 3946 1854 4000 Cwli

281 4018 437 4088 (sicut
467 4038 612 4092 SIDth
639 4027 892 4097 diximus)
942 4032 1244 4097 signiﬁcant.
1273 4033 1566 4100 apostolos,
1623 4021 1852 4103 quorum

281 4114 742 4177 praedicationibus
768 4130 944 4174 actum
969 4131 1071 4188 est,
1119 4133 1175 4177 ιιι
1214 4124 1576 4180 inculcaretur
1603 4129 1852 4198 gentibus

279 4207 458 4276 religio
487 4211 810 4266 Christiana.
854 4213 1049 4269 Verum
1077 4217 1191 4270 lucc
1221 4218 1397 4272 omnia
1443 4235 1612 4289 usque
1650 4222 1716 4274 ad
1743 4223 1856 4275 dia-

281 4299 474 4361 psalma
505 4300 700 4354 mediis
729 4305 1266 4360 subdist-nctionibus
1300 4310 1655 4374 protrahenda
1685 4321 1810 4364 sunt
1837 4329 1849 4365 :

279 4387 392 4451 quia
443 4397 610 4442 totum
664 4391 728 4444 at‘l
790 4394 913 4446 illtttl
965 4397 1203 4461 respicit,
1243 4400 1379 4465 quod
1432 4402 1500 4451 ait
1555 4402 1850 4464 :Qnoniatn

1966 1849 2062 1902 ista
2112 1861 2220 1905 tota
2273 1858 2503 1921 pertinet
2557 1858 2620 1910 ad
2673 1857 2958 1912 Dominum
3005 1859 3359 1914 Salv-storem.
3428 1859 3534 1928 ipsi

1963 1941 2104 1993 enim
2139 1950 2265 1996 tunc
2303 1945 2446 1997 sedes
2473 1947 2905 2015 promittebatur,
2939 1965 3057 2018 quae
3089 1962 3270 2018 postea
3313 1953 3362 2004 in
3402 1966 3532 2004 san-

1963 2044 2166 2086 ctorum
2226 2046 2339 2088 erat
2388 2037 2629 2090 facienda
2681 2042 3008 2108 pectoribus.
3063 2040 3221 2096 Sedes
3269 2043 3410 2095 enim
3450 2051 3534 2095 est

1965 2123 2173 2178 Domini
2200 2127 2372 2179 omnis
2399 2139 2635 2194 sanctus,
2678 2146 2832 2198 quem
2864 2133 3015 2200 quasi
3047 2131 3533 2200 splendidissimnttt

1966 2214 2211 2267 thronum
2259 2216 2568 2285 dignatione
2594 2235 2705 2274 sure
2750 2221 3042 2290 tnajestatis
3078 2223 3364 2287 insederit;
3400 2224 3532 2278 sicut

1962 2305 2027 2358 de
2056 2306 2253 2375 Spiritu
2294 2320 2478 2362 sancto
2511 2311 2698 2380 legitur
2741 2328 2755 2364 :
2797 2311 2863 2364 Et
2904 2325 3253 2382 apparuerunt
3284 2316 3386 2368 illis
3427 2316 3533 2366 dis-

1961 2400 2156 2468 pertita:
2197 2398 2383 2467 lingua:
2419 2412 2660 2470 tanquam
2700 2403 2852 2471 ignis,
2901 2405 3128 2472 seditque
3163 2421 3314 2471 super
3345 2422 3532 2457 unum-

1961 2502 2205 2553 quemque
2233 2503 2408 2539 eorum
2446 2503 2464 2540 :
2502 2498 2547 2542 et
2581 2489 2758 2560 repleti
2786 2499 2900 2545 sunt
2927 2506 3099 2546 omnes
3128 2492 3329 2563 Spiritu
3357 2503 3530 2548 sancto

1964 2576 2094 2645 (Act.
2129 2592 2186 2642 tt,
2212 2576 2293 2644 ὅ).

2038 2668 2185 2721 Vers.
2220 2667 2272 2720 5.
2316 2667 2702 2738 Conﬁtebuntur
2732 2673 2846 2727 cazli
2870 2674 3124 2728 mirabilia
3149 2684 3256 2741 tua,
3295 2673 3532 2740 Domine,

1961 2768 2006 2809 et
2040 2759 2300 2811 veritatem
2338 2769 2473 2812 luam
2505 2764 2555 2814 in
2585 2765 2795 2816 ecclesia
2814 2773 3109 2817 sanctorum
3167 2765 3318 2817 Venit
3343 2766 3405 2816 ad
3442 2782 3532 2819 se-

1961 2850 2189 2901 cundant
2219 2861 2444 2918 partem,
2484 2852 2676 2904 ditium
2707 2855 2960 2921 potentia:
2993 2865 3328 2910 sacramenta
3359 2855 3534 2910 dictu—-

1962 2955 2072 2994 rus.
2105 2939 2489 3007 Conﬁtebuntur
2521 2945 2662 2998 enim
2693 2947 2826 3011 caeli,
2869 2946 2958 3015 qui
2987 2958 3109 3000 sunt
3139 2948 3246 3000 veri
3277 2949 3534 3014 pratdica-

1962 3042 2125 3094 tores,
2174 3033 2390 3102 quantis
2439 3034 2708 3088 miraculis
2742 3036 2999 3089 Dominus
3045 3039 3318 3101 mundum,
3375 3047 3532 3105 prout

3083 3129 3524 3196 quemadtttodutn

1959 3214 2133 3269 omnis
2162 3223 2402 3269 creatura
2457 3215 2571 3282 ejus
2620 3216 2854 3284 imperiis
2883 3216 3241 3282 obsecundet;
3301 3233 3529 3278 coniger-

1957 3305 2240 3373 siottesque
2271 3320 2445 3359 rerum
2487 3321 2589 3360 non
2632 3306 2916 3360 casualiter
2955 3309 3039 3374 agi
3089 3308 3402 3376 (ntqnidam
3435 3323 3527 3361 va-

1957 3397 2160 3450 nissimi
2179 3395 2538 3465 putaverunt),
2567 3397 2662 3451 sed
2684 3398 2800 3466 ejus
2832 3398 3082 3452 ineﬁabtli
3115 3400 3303 3452 rirtute
3334 3400 3526 3465 prardi~

1957 3485 2134 3540 dicant
2158 3487 2441 3540 ct-ntitteri.
2474 3485 2712 3549 Addidit,
2757 3497 2803 3540 et
2830 3490 3089 3558 veritatem
3120 3501 3259 3542 tuam
3291 3492 3340 3542 in
3371 3493 3528 3543 eccleo

1954 3582 2031 3632 sia
2072 3589 2384 3632 sanctorum.
2438 3580 2696 3635 Mit‘abilia
2740 3582 2871 3634 dixit
2912 3581 3104 3652 ultique
3149 3584 3527 3650 prtrdieantia;

1954 3672 2215 3724 veritatem
2262 3679 2436 3722 autem
2490 3671 2541 3723 in
2572 3681 2864 3724 sanctorum
2909 3673 3118 3726 ecclesia
3165 3675 3318 3743 conﬁt
3354 3675 3528 3744 udam,

1957 3764 2044 3816 ubi
2076 3763 2333 3828 creditur,
2373 3763 2588 3816 Verbum
2619 3780 2742 3816 caro
2771 3766 2964 3835 factum
2993 3765 3168 3834 (Joan.
3201 3783 3238 3832 t,
3275 3767 3386 3837 iii),
3441 3767 3530 3820 ubi

1955 3868 2136 3912 sancta
2166 3855 2401 3910 Trinitas
2449 3858 2524 3910 sic
2571 3857 2874 3924 suscipitur,
2939 3868 2994 3909 ut
3038 3875 3193 3922 unm,
3243 3861 3397 3914 sicuti
3450 3872 3533 3915 est

1959 3950 2119 4012 Deus,
2155 3947 2412 4000 Dominus
2441 3958 2754 4001 cunctorum
2787 3962 2880 4002 ore
2911 3949 3173 4004 laudetur.

2035 4040 2184 4094 Vers.
2220 4038 2274 4093 6.
2318 4039 2570 4103 Quoniam
2591 4040 2702 4107 quis
2724 4039 2776 4091 in
2804 4040 3018 4092 nubibus
3045 4041 3325 4106 a'qttabitur
3357 4041 3532 4094 Domi-

1957 4148 2044 4196 no,
2093 4140 2183 4183 aut
2221 4131 2333 4198 quis
2365 4129 2546 4182 similis
2574 4130 2666 4181 erit
2700 4127 2806 4179 Deo
2851 4130 2979 4181 inter
3007 4129 3139 4193 ﬁlios
3169 4127 3261 4180 Dei
3282 4130 3308 4182 2
3353 4129 3531 4184 Nubes

1958 4224 2260 4291 frequenter
2291 4221 2523 4275 diximus
2551 4220 2695 4273 verbi
2732 4219 2819 4272 Dei
2857 4234 2976 4273 ese
3017 4219 3407 4287 praedicatores,
3439 4224 3530 4289 qui

1957 4334 2050 4387 per
2079 4317 2334 4385 Spiritum
2385 4322 2623 4366 sanctum
2677 4313 2898 4381 populos
2943 4313 3120 4366 divina
3165 4313 3334 4380 gratia
3381 4328 3532 4367 com-

1959 4411 2246 4478 pluehant;
2301 4409 2391 4460 sed
2443 4418 2617 4459 tamen
2659 4413 2815 4458 erant
2854 4405 3070 4458 obnoxii
3126 4405 3241 4475 lege
3296 4407 3528 4472 peccati;

280 4476 463 4530 dixisti.
515 4485 642 4544 Qua:
689 4484 850 4552 tignta
904 4485 1116 4548 dicitur,
1173 4490 1273 4541 ἀπὸ
1319 4498 1510 4551 κοίνου,
1571 4491 1617 4542 itl
1669 4503 1770 4554 est,
1820 4510 1847 4543 a
1885 4496 1927 4554 D
1958 4511 2197 4571 pttlettlcs
2229 4499 2440 4566 quidem
2473 4499 2522 4552 in
2557 4497 2849 4557 t:tiracnlis,
2884 4494 2936 4548 in
2971 4497 3343 4563 prmdicatiotte
3376 4501 3532 4551 terri-

279 4574 571 4637 t-ommuni,
625 4575 836 4641 quando
875 4577 1155 4645 superira
1207 4580 1273 4632 ad
1317 4581 1566 4634 inferiora
1627 4599 1850 4652 respon-

279 4657 420 4714 dent.

349 4752 498 4808 Ven.
528 4756 581 4809 5.
628 4755 869 4829 Disposui
896 4770 1249 4815 testamentum
1285 4763 1453 4816 electis
1487 4765 1646 4830 meis;
1677 4769 1852 4837 juravi

278 4843 435 4900 David
476 4866 619 4903 servo
686 4868 814 4906 meo.
870 4853 1020 4907 Nune
1073 4854 1230 4907 verba
1265 4854 1470 4909 Domini
1503 4857 1682 4920 refert,
1731 4875 1850 4928 qua:

276 4944 512 5007 superius
569 4957 692 4996 eum
745 4944 946 4999 dixisse
999 4947 1336 5000 memoravit.
1413 4949 1540 5001 Nam
1605 4953 1849 5018 quamvis

276 5032 516 5084 ommbus
559 5033 902 5088 denuntiasse
949 5036 1226 5101 videatur,
1285 5038 1454 5091 electis
1513 5049 1690 5094 tamen
1734 5044 1848 5096 sis

276 5129 469 5177 tantum
522 5126 622 5178 ista
666 5128 949 5197 disposuit,
993 5131 1080 5196 qui
1132 5130 1181 5183 ei
1220 5131 1360 5184 dono
1410 5133 1573 5201 ip~itts
1620 5135 1843 5189 credere

275 5214 611 5280 maluerunt;
656 5234 721 5271 tte
748 5221 811 5270 ad
846 5222 1250 5286 promissionem
1285 5225 1447 5278 talem
1485 5237 1535 5280 et
1570 5228 1646 5282 illi
1693 5238 1842 5284 tene-

273 5316 473 5370 rentur,
512 5309 602 5377 qui
628 5310 698 5365 de
730 5311 891 5366 David
929 5315 1138 5369 semine
1168 5331 1228 5370 se
1254 5317 1581 5374 descendere
1612 5323 1844 5375 carnali«

273 5404 349 5450 ter
378 5398 756 5465 praferebant.
808 5403 1044 5470 Addidit,
1085 5408 1262 5476 jurtwi
1307 5407 1472 5461 David
1520 5427 1663 5464 servo
1714 5428 1845 5466 meo.

275 5487 513 5543 Divinum
567 5505 958 5549 sacramentum
1017 5497 1384 5564 promissionis
1439 5503 1674 5553 noscitur
1725 5516 1846 5556 esse

271 5581 525 5635 securitas
553 5623 569 5646 ,
617 5584 739 5653 quia
783 5587 929 5643 solus
967 5588 1113 5658 juste
1153 5601 1204 5644 et
1235 5591 1506 5645 definitiva
1557 5597 1839 5661 promittit,

273 5672 349 5727 sui
383 5673 629 5742 subiacet
676 5677 898 5747 implere
941 5681 1083 5750 quod
1138 5682 1350 5738 dixerit.
1405 5683 1645 5738 Humana
1697 5686 1838 5740 enim

1963 4593 2114 4646 biles.
2166 4591 2268 4645 Sed
2302 4593 2418 4658 quis
2461 4606 2645 4644 eorum
2675 4606 2794 4645 esse
2838 4600 3044 4659 poterat
3075 4591 3286 4646 Christo
3314 4590 3528 4652 similis,

1959 4697 2256 4750 quanquam
2283 4690 2335 4734 et
2367 4680 2480 4746 ipse
2518 4680 2697 4732 carnis
2725 4680 2989 4734 velamine
3017 4689 3173 4746 teger.
3201 4679 3326 4731 tur?
3372 4677 3529 4730 Aliud

1958 4785 2042 4829 est
2063 4775 2201 4828 enim
2239 4774 2329 4842 qui
2359 4773 2425 4826 de
2467 4773 2680 4842 proprio
2718 4781 2906 4840 potest,
2957 4771 3100 4824 aliud
3129 4770 3218 4837 qui
3247 4771 3312 4822 de
3355 4769 3527 4822 altero

1957 4866 2134 4919 cl.trus
2163 4873 2262 4916 est.
2313 4863 2480 4916 Simili
2531 4863 2688 4917 modo
2719 4877 2815 4916 nec
2861 4863 2992 4914 inter
3036 4862 3169 4927 filios
3193 4859 3287 4912 ι)ρὶ
3332 4859 3528 4913 habere

1961 4957 2128 5024 pomit
2155 4955 2452 5023 a'qualem;
2491 4955 2739 5022 quoniam
2785 4955 2870 5008 ille
2914 4969 3006 5020 per
3049 4961 3286 5004 naturam
3329 4961 3411 5002 est
3440 4949 3528 5003 Fi-

1956 5048 2082 5106 lius.
2112 5047 2280 5100 sancti
2304 5043 2440 5099 vero
2471 5061 2564 5114 per
2592 5048 2849 5114 gratiam;
2881 5047 2968 5100 ille
2998 5046 3115 5098 sine
3137 5044 3313 5111 aliquo
3342 5057 3530 5110 pecca-

1956 5149 2029 5205 to,
2075 5138 2158 5192 isti
2192 5153 2284 5206 ptr
2312 5137 2483 5203 ipsum
2513 5153 2541 5189 a
2582 5138 2810 5203 peccatis
2851 5137 3139 5202 probantur
3176 5132 3340 5187 exuti.
3397 5135 3531 5197 Quae

1951 5231 2072 5285 ideo
2093 5230 2234 5284 dicta
2263 5237 2407 5294 sunt,
2432 5244 2498 5282 ne
2522 5230 2640 5298 quis
2669 5229 2814 5282 illum
2841 5237 3042 5281 tantum
3065 5225 3333 5280 hominem
3357 5225 3525 5279 sacri-

1956 5322 2086 5391 legis
2112 5321 2330 5374 ausibus
2359 5320 2665 5373 aestimaret.

2027 5410 2182 5464 Vcrs.
2225 5411 2278 5462 ἲ.
2325 5407 2460 5461 Deus
2504 5409 2589 5477 qui
2629 5407 2948 5480 gloriﬁcatur
2983 5408 3034 5460 in
3069 5404 3284 5460 consilio
3321 5417 3524 5460 sancto-

1954 5517 2089 5561 rum,
2147 5515 2362 5566 magnus
2401 5509 2446 5551 et
2495 5501 2791 5552 metuendus
2839 5515 2987 5567 super
3011 5513 3183 5551 omnes
3212 5497 3378 5569 quiin
3424 5500 3530 5552 cir-

1955 5594 2093 5643 cuitu
2121 5592 2234 5660 t’jtts
2274 5601 2413 5642 sunt.
2467 5591 2693 5658 Exponit
2735 5591 2876 5659 quod
2915 5592 3162 5658 superius
3202 5591 3357 5654 dixit,
3409 5596 3530 5660 quia

1955 5683 2182 5739 similent
2216 5680 2408 5736 habere
2448 5699 2553 5738 non
2593 5693 2819 5754 poterat,
2871 5684 2958 5752 qui
2988 5687 3163 5742 omnia
3195 5689 3526 5742 continebat.
