  <div class='ocr_page' id='page_1' title='image "/cluster/home/n/w/nwhite01/storage/ocr_20150623/70/hvd.32044054758735/321.png"; bbox 0 0 3952 6162; ppageno 0'>
   <div class='ocr_carea' id='block_1_1' title="bbox 495 273 592 329">
    <p class='ocr_par' dir='ltr' id='par_1_1' title="bbox 495 273 592 329">
     <span class='ocr_line' id='line_1_1' title="bbox 495 273 592 329; baseline 0.021 -2"><span class='ocrx_word' id='word_1_1' title='bbox 495 273 592 329; x_wconf 74' lang='grc'><strong>051</strong></span> 
     </span>
    </p>
   </div>
   <div class='ocr_carea' id='block_1_2' title="bbox 1690 267 2514 328">
    <p class='ocr_par' dir='ltr' id='par_1_2' title="bbox 1690 267 2514 328">
     <span class='ocr_line' id='line_1_2' title="bbox 1690 267 2514 328; baseline 0.006 -5"><span class='ocrx_word' id='word_1_2' title='bbox 1690 271 1760 324; x_wconf 83' lang='grc' dir='ltr'><strong>Μ.</strong></span> <span class='ocrx_word' id='word_1_3' title='bbox 1800 267 2082 325; x_wconf 79' lang='lat' dir='ltr'><strong>AURELII</strong></span> <span class='ocrx_word' id='word_1_4' title='bbox 2121 269 2514 328; x_wconf 78' lang='lat' dir='ltr'><strong>CASSIODORI</strong></span> 
     </span>
    </p>
   </div>
   <div class='ocr_carea' id='block_1_3' title="bbox 3596 283 3686 339">
    <p class='ocr_par' dir='ltr' id='par_1_3' title="bbox 3596 283 3686 339">
     <span class='ocr_line' id='line_1_3' title="bbox 3596 283 3686 339; baseline 0.056 -5"><span class='ocrx_word' id='word_1_5' title='bbox 3596 283 3686 339; x_wconf 74' lang='lat'><strong>032</strong></span> 
     </span>
    </p>
   </div>
   <div class='ocr_carea' id='block_1_4' title="bbox 486 385 3688 466">
    <p class='ocr_par' dir='ltr' id='par_1_4' title="bbox 486 385 3688 466">
     <span class='ocr_line' id='line_1_4' title="bbox 486 385 3688 466; baseline 0.002 -24"><span class='ocrx_word' id='word_1_6' title='bbox 486 387 603 458; x_wconf 78' lang='lat' dir='ltr'><strong>ipse</strong></span> <span class='ocrx_word' id='word_1_7' title='bbox 631 391 774 446; x_wconf 85' lang='lat' dir='ltr'><strong>enim</strong></span> <span class='ocrx_word' id='word_1_8' title='bbox 809 389 1062 446; x_wconf 83' lang='lat' dir='ltr'><strong>Dominus</strong></span> <span class='ocrx_word' id='word_1_9' title='bbox 1091 388 1334 442; x_wconf 82' lang='lat' dir='ltr'><strong>Christus</strong></span> <span class='ocrx_word' id='word_1_10' title='bbox 1371 387 1458 456; x_wconf 88' lang='lat' dir='ltr'><strong>qui</strong></span> <span class='ocrx_word' id='word_1_11' title='bbox 1511 385 1830 454; x_wconf 66' lang='lat' dir='ltr'><strong>praedicatur</strong></span> <span class='ocrx_word' id='word_1_12' title='bbox 1860 403 1886 437; x_wconf 87' lang='lat' dir='ltr'><strong>a</strong></span> <span class='ocrx_word' id='word_1_13' title='bbox 1937 400 2061 439; x_wconf 88' lang='lat' dir='ltr'><strong>san-</strong></span> <span class='ocrx_word' id='word_1_14' title='bbox 2096 390 2138 443; x_wconf 84' lang='grc' dir='ltr'><strong>Λ</strong></span> <span class='ocrx_word' id='word_1_15' title='bbox 2171 387 2416 442; x_wconf 73' lang='lat' dir='ltr'><strong>versiculi</strong></span> <span class='ocrx_word' id='word_1_16' title='bbox 2448 389 2762 458; x_wconf 75' lang='lat' dir='ltr'><strong>probatione</strong></span> <span class='ocrx_word' id='word_1_17' title='bbox 2789 392 3088 447; x_wconf 71' lang='lat' dir='ltr'><strong>conﬁrmat.</strong></span> <span class='ocrx_word' id='word_1_18' title='bbox 3120 392 3242 447; x_wconf 87' lang='lat' dir='ltr'><strong>Ideo</strong></span> <span class='ocrx_word' id='word_1_19' title='bbox 3273 392 3404 446; x_wconf 89' lang='lat' dir='ltr'><strong>enim</strong></span> <span class='ocrx_word' id='word_1_20' title='bbox 3435 393 3688 466; x_wconf 77' lang='lat' dir='ltr'><strong>triumpha.</strong></span> 
     </span>
    </p>
   </div>
   <div class='ocr_carea' id='block_1_5' title="bbox 483 477 2058 550">
    <p class='ocr_par' dir='ltr' id='par_1_5' title="bbox 483 477 2058 550">
     <span class='ocr_line' id='line_1_5' title="bbox 483 477 2058 550; baseline -0.004 -15"><span class='ocrx_word' id='word_1_21' title='bbox 483 481 605 549; x_wconf 84' lang='lat' dir='ltr'><strong>ntis,</strong></span> <span class='ocrx_word' id='word_1_22' title='bbox 638 497 851 550; x_wconf 85' lang='lat' dir='ltr'><strong>magnus</strong></span> <span class='ocrx_word' id='word_1_23' title='bbox 884 480 1075 533; x_wconf 90' lang='lat' dir='ltr'><strong>dicitur</strong></span> <span class='ocrx_word' id='word_1_24' title='bbox 1105 489 1320 547; x_wconf 76' lang='lat' dir='ltr'><strong>propter</strong></span> <span class='ocrx_word' id='word_1_25' title='bbox 1346 477 1484 544; x_wconf 88' lang='lat' dir='ltr'><strong>quod</strong></span> <span class='ocrx_word' id='word_1_26' title='bbox 1521 478 1664 530; x_wconf 84' lang='lat' dir='ltr'><strong>Deus</strong></span> <span class='ocrx_word' id='word_1_27' title='bbox 1688 487 1798 540; x_wconf 70' lang='lat' dir='ltr'><strong>est;</strong></span> <span class='ocrx_word' id='word_1_28' title='bbox 1832 488 2058 529; x_wconf 81' lang='lat' dir='ltr'><strong>me‘uen-</strong></span> 
     </span>
    </p>
   </div>
   <div class='ocr_carea' id='block_1_6' title="bbox 485 571 2056 641">
    <p class='ocr_par' dir='ltr' id='par_1_6' title="bbox 485 571 2056 641">
     <span class='ocr_line' id='line_1_6' title="bbox 485 571 2056 641; baseline -0.003 -14"><span class='ocrx_word' id='word_1_29' title='bbox 485 577 577 627; x_wconf 75' lang='lat' dir='ltr'><strong>ilus</strong></span> <span class='ocrx_word' id='word_1_30' title='bbox 605 587 634 626; x_wconf 88' lang='lat' dir='ltr'><strong>a</strong></span> <span class='ocrx_word' id='word_1_31' title='bbox 667 581 931 641; x_wconf 73' lang='lat' dir='ltr'><strong>potestate</strong></span> <span class='ocrx_word' id='word_1_32' title='bbox 969 573 1212 625; x_wconf 82' lang='lat' dir='ltr'><strong>mirabili.</strong></span> <span class='ocrx_word' id='word_1_33' title='bbox 1250 571 1421 640; x_wconf 82' lang='lat' dir='ltr'><strong>Super</strong></span> <span class='ocrx_word' id='word_1_34' title='bbox 1452 588 1622 625; x_wconf 85' lang='lat' dir='ltr'><strong>omnes</strong></span> <span class='ocrx_word' id='word_1_35' title='bbox 1647 573 1732 639; x_wconf 96' lang='lat' dir='ltr'><strong>qui</strong></span> <span class='ocrx_word' id='word_1_36' title='bbox 1760 573 1812 623; x_wconf 89' lang='lat' dir='ltr'><strong>in</strong></span> <span class='ocrx_word' id='word_1_37' title='bbox 1840 572 2056 624; x_wconf 87' lang='lat' dir='ltr'><strong>circuitu</strong></span> 
     </span>
    </p>
   </div>
   <div class='ocr_carea' id='block_1_7' title="bbox 487 663 2058 733">
    <p class='ocr_par' dir='ltr' id='par_1_7' title="bbox 487 663 2058 733">
     <span class='ocr_line' id='line_1_7' title="bbox 487 663 2058 733; baseline 0.001 -18"><span class='ocrx_word' id='word_1_38' title='bbox 487 665 594 730; x_wconf 83' lang='lat' dir='ltr'><strong>ejus</strong></span> <span class='ocrx_word' id='word_1_39' title='bbox 620 671 778 725; x_wconf 87' lang='lat' dir='ltr'><strong>sunt;</strong></span> <span class='ocrx_word' id='word_1_40' title='bbox 827 664 992 716; x_wconf 77' lang='lat' dir='ltr'><strong>sancti</strong></span> <span class='ocrx_word' id='word_1_41' title='bbox 1041 663 1264 727; x_wconf 75' lang='lat' dir='ltr'><strong>scilicet,</strong></span> <span class='ocrx_word' id='word_1_42' title='bbox 1321 679 1454 731; x_wconf 90' lang='lat' dir='ltr'><strong>quos</strong></span> <span class='ocrx_word' id='word_1_43' title='bbox 1503 665 1746 733; x_wconf 92' lang='lat' dir='ltr'><strong>superius</strong></span> <span class='ocrx_word' id='word_1_44' title='bbox 1785 663 1878 716; x_wconf 76' lang='lat' dir='ltr'><strong>itei</strong></span> <span class='ocrx_word' id='word_1_45' title='bbox 1922 663 2058 717; x_wconf 79' lang='lat' dir='ltr'><strong>filios</strong></span> 
     </span>
    </p>
   </div>
   <div class='ocr_carea' id='block_1_8' title="bbox 487 751 2058 823">
    <p class='ocr_par' dir='ltr' id='par_1_8' title="bbox 487 751 2058 823">
     <span class='ocr_line' id='line_1_8' title="bbox 487 751 2058 823; baseline 0.003 -19"><span class='ocrx_word' id='word_1_46' title='bbox 487 751 637 813; x_wconf 81' lang='lat' dir='ltr'><strong>dixit,</strong></span> <span class='ocrx_word' id='word_1_47' title='bbox 678 751 765 814; x_wconf 90' lang='lat' dir='ltr'><strong>qui</strong></span> <span class='ocrx_word' id='word_1_48' title='bbox 799 751 941 805; x_wconf 82' lang='lat' dir='ltr'><strong>dono</strong></span> <span class='ocrx_word' id='word_1_49' title='bbox 970 753 1132 819; x_wconf 62' lang='lat' dir='ltr'><strong>ipsius</strong></span> <span class='ocrx_word' id='word_1_50' title='bbox 1161 754 1346 820; x_wconf 71' lang='lat' dir='ltr'><strong>gratim</strong></span> <span class='ocrx_word' id='word_1_51' title='bbox 1375 754 1763 823; x_wconf 78' lang='lat' dir='ltr'><strong>proximantur.</strong></span> <span class='ocrx_word' id='word_1_52' title='bbox 1808 754 1908 806; x_wconf 65' lang='lat' dir='ltr'><strong>Sed</strong></span> <span class='ocrx_word' id='word_1_53' title='bbox 1938 754 2058 820; x_wconf 89' lang='lat' dir='ltr'><strong>jure</strong></span> 
     </span>
    </p>
   </div>
   <div class='ocr_carea' id='block_1_9' title="bbox 486 842 2057 912">
    <p class='ocr_par' dir='ltr' id='par_1_9' title="bbox 486 842 2057 912">
     <span class='ocr_line' id='line_1_9' title="bbox 486 842 2057 912; baseline 0.002 -17"><span class='ocrx_word' id='word_1_54' title='bbox 486 855 642 910; x_wconf 89' lang='lat' dir='ltr'><strong>supra</strong></span> <span class='ocrx_word' id='word_1_55' title='bbox 685 857 778 895; x_wconf 88' lang='lat' dir='ltr'><strong>eos</strong></span> <span class='ocrx_word' id='word_1_56' title='bbox 811 842 899 896; x_wconf 90' lang='lat' dir='ltr'><strong>ille</strong></span> <span class='ocrx_word' id='word_1_57' title='bbox 940 846 1192 908; x_wconf 81' lang='lat' dir='ltr'><strong>probatur</strong></span> <span class='ocrx_word' id='word_1_58' title='bbox 1237 845 1504 908; x_wconf 73' lang='lat' dir='ltr'><strong>exaelsus,</strong></span> <span class='ocrx_word' id='word_1_59' title='bbox 1559 859 1652 911; x_wconf 90' lang='lat' dir='ltr'><strong>per</strong></span> <span class='ocrx_word' id='word_1_60' title='bbox 1680 861 1837 912; x_wconf 84' lang='lat' dir='ltr'><strong>quem</strong></span> <span class='ocrx_word' id='word_1_61' title='bbox 1871 859 2057 898; x_wconf 85' lang='lat' dir='ltr'><strong>omnes</strong></span> 
     </span>
    </p>
   </div>
   <div class='ocr_carea' id='block_1_10' title="bbox 487 937 2058 1004">
    <p class='ocr_par' dir='ltr' id='par_1_10' title="bbox 487 937 2058 1004">
     <span class='ocr_line' id='line_1_10' title="bbox 487 937 2058 1004; baseline 0.003 -18"><span class='ocrx_word' id='word_1_62' title='bbox 487 945 780 987; x_wconf 90' lang='lat' dir='ltr'><strong>no-cuntnr</strong></span> <span class='ocrx_word' id='word_1_63' title='bbox 831 950 949 987; x_wconf 87' lang='lat' dir='ltr'><strong>esse</strong></span> <span class='ocrx_word' id='word_1_64' title='bbox 997 937 1236 1001; x_wconf 75' lang='lat' dir='ltr'><strong>gloriosi.</strong></span> <span class='ocrx_word' id='word_1_65' title='bbox 1281 937 1568 990; x_wconf 80' lang='lat' dir='ltr'><strong>Considera</strong></span> <span class='ocrx_word' id='word_1_66' title='bbox 1622 951 1747 989; x_wconf 90' lang='lat' dir='ltr'><strong>vero</strong></span> <span class='ocrx_word' id='word_1_67' title='bbox 1775 937 1916 1004; x_wconf 66' lang='lat' dir='ltr'><strong>quod</strong></span> <span class='ocrx_word' id='word_1_68' title='bbox 1965 952 2058 1002; x_wconf 87' lang='lat' dir='ltr'><strong>per</strong></span> 
     </span>
    </p>
   </div>
   <div class='ocr_carea' id='block_1_11' title="bbox 485 1023 2046 1094">
    <p class='ocr_par' dir='ltr' id='par_1_11' title="bbox 485 1023 2046 1094">
     <span class='ocr_line' id='line_1_11' title="bbox 485 1023 2046 1094; baseline 0.004 -17"><span class='ocrx_word' id='word_1_69' title='bbox 485 1023 854 1078; x_wconf 83' lang='lat' dir='ltr'><strong>duodecimam</strong></span> <span class='ocrx_word' id='word_1_70' title='bbox 909 1027 1144 1092; x_wconf 78' lang='lat' dir='ltr'><strong>speciem</strong></span> <span class='ocrx_word' id='word_1_71' title='bbox 1186 1028 1534 1090; x_wconf 82' lang='lat' dir='ltr'><strong>detinitionis,</strong></span> <span class='ocrx_word' id='word_1_72' title='bbox 1580 1045 1698 1094; x_wconf 72' lang='lat' dir='ltr'><strong>qum</strong></span> <span class='ocrx_word' id='word_1_73' title='bbox 1731 1026 1913 1082; x_wconf 68' lang='lat' dir='ltr'><strong>Graece</strong></span> <span class='ocrx_word' id='word_1_74' title='bbox 1949 1051 2046 1084; x_wconf 80' lang='grc' dir='ltr'><strong>κατ</strong></span> 
     </span>
    </p>
   </div>
   <div class='ocr_carea' id='block_1_12' title="bbox 485 1112 2061 1186">
    <p class='ocr_par' dir='ltr' id='par_1_12' title="bbox 485 1112 2061 1186">
     <span class='ocr_line' id='line_1_12' title="bbox 485 1112 2061 1186; baseline 0.001 -18"><span class='ocrx_word' id='word_1_75' title='bbox 485 1112 710 1178; x_wconf 52' lang='lat' dir='ltr'><strong>(statim.</strong></span> <span class='ocrx_word' id='word_1_76' title='bbox 744 1115 929 1169; x_wconf 83' lang='lat' dir='ltr'><strong>Latine</strong></span> <span class='ocrx_word' id='word_1_77' title='bbox 962 1131 1052 1182; x_wconf 81' lang='lat' dir='ltr'><strong>per</strong></span> <span class='ocrx_word' id='word_1_78' title='bbox 1078 1117 1282 1169; x_wconf 87' lang='lat' dir='ltr'><strong>lamlcm</strong></span> <span class='ocrx_word' id='word_1_79' title='bbox 1317 1117 1528 1182; x_wconf 88' lang='lat' dir='ltr'><strong>dicitur,</strong></span> <span class='ocrx_word' id='word_1_80' title='bbox 1565 1134 1729 1186; x_wconf 83' lang='lat' dir='ltr'><strong>usque</strong></span> <span class='ocrx_word' id='word_1_81' title='bbox 1754 1121 1818 1172; x_wconf 89' lang='lat' dir='ltr'><strong>ad</strong></span> <span class='ocrx_word' id='word_1_82' title='bbox 1843 1120 2061 1172; x_wconf 80' lang='lat' dir='ltr'><strong>divisio-</strong></span> 
     </span>
    </p>
   </div>
   <div class='ocr_carea' id='block_1_13' title="bbox 482 1207 2062 1278">
    <p class='ocr_par' dir='ltr' id='par_1_13' title="bbox 482 1207 2062 1278">
     <span class='ocr_line' id='line_1_13' title="bbox 482 1207 2062 1278; baseline 0.004 -20"><span class='ocrx_word' id='word_1_83' title='bbox 482 1220 608 1259; x_wconf 80' lang='lat' dir='ltr'><strong>nem</strong></span> <span class='ocrx_word' id='word_1_84' title='bbox 633 1207 900 1273; x_wconf 78' lang='lat' dir='ltr'><strong>subjectos</strong></span> <span class='ocrx_word' id='word_1_85' title='bbox 926 1224 1110 1260; x_wconf 75' lang='lat' dir='ltr'><strong>vi-rsus</strong></span> <span class='ocrx_word' id='word_1_86' title='bbox 1138 1209 1390 1270; x_wconf 85' lang='lat' dir='ltr'><strong>decurrit,</strong></span> <span class='ocrx_word' id='word_1_87' title='bbox 1425 1221 1478 1264; x_wconf 89' lang='lat' dir='ltr'><strong>et</strong></span> <span class='ocrx_word' id='word_1_88' title='bbox 1508 1226 1599 1278; x_wconf 84' lang='lat' dir='ltr'><strong>per</strong></span> <span class='ocrx_word' id='word_1_89' title='bbox 1627 1213 1830 1264; x_wconf 76' lang='lat' dir='ltr'><strong>diversa</strong></span> <span class='ocrx_word' id='word_1_90' title='bbox 1863 1226 2062 1278; x_wconf 68' lang='lat' dir='ltr'><strong>pra&#39;co-</strong></span> 
     </span>
    </p>
   </div>
   <div class='ocr_carea' id='block_1_14' title="bbox 487 1296 1528 1367">
    <p class='ocr_par' dir='ltr' id='par_1_14' title="bbox 487 1296 1528 1367">
     <span class='ocr_line' id='line_1_14' title="bbox 487 1296 1528 1367; baseline 0.005 -17"><span class='ocrx_word' id='word_1_91' title='bbox 487 1296 571 1350; x_wconf 88' lang='lat' dir='ltr'><strong>nia</strong></span> <span class='ocrx_word' id='word_1_92' title='bbox 599 1299 720 1367; x_wconf 86' lang='lat' dir='ltr'><strong>quis</strong></span> <span class='ocrx_word' id='word_1_93' title='bbox 746 1301 815 1353; x_wconf 87' lang='lat' dir='ltr'><strong>sit</strong></span> <span class='ocrx_word' id='word_1_94' title='bbox 842 1301 938 1354; x_wconf 88' lang='lat' dir='ltr'><strong>iste</strong></span> <span class='ocrx_word' id='word_1_95' title='bbox 973 1302 1223 1353; x_wconf 82' lang='lat' dir='ltr'><strong>Dominus</strong></span> <span class='ocrx_word' id='word_1_96' title='bbox 1251 1302 1528 1356; x_wconf 88' lang='lat' dir='ltr'><strong>indicatur.</strong></span> 
     </span>
    </p>
   </div>
   <div class='ocr_carea' id='block_1_15' title="bbox 557 1387 2062 1463">
    <p class='ocr_par' dir='ltr' id='par_1_15' title="bbox 557 1387 2062 1463">
     <span class='ocr_line' id='line_1_15' title="bbox 557 1387 2062 1463; baseline 0.006 -21"><span class='ocrx_word' id='word_1_97' title='bbox 557 1387 712 1443; x_wconf 74' lang='lat' dir='ltr'><strong>Vera.</strong></span> <span class='ocrx_word' id='word_1_98' title='bbox 743 1389 796 1443; x_wconf 92' lang='grc'><strong>8.</strong></span> <span class='ocrx_word' id='word_1_99' title='bbox 840 1390 1055 1443; x_wconf 81' lang='lat' dir='ltr'><strong>Domine</strong></span> <span class='ocrx_word' id='word_1_100' title='bbox 1089 1392 1221 1445; x_wconf 87' lang='lat' dir='ltr'><strong>Deus</strong></span> <span class='ocrx_word' id='word_1_101' title='bbox 1264 1393 1523 1456; x_wconf 78' lang='lat' dir='ltr'><strong>virtutum,</strong></span> <span class='ocrx_word' id='word_1_102' title='bbox 1574 1396 1685 1463; x_wconf 86' lang='lat' dir='ltr'><strong>quis</strong></span> <span class='ocrx_word' id='word_1_103' title='bbox 1720 1395 1899 1448; x_wconf 86' lang='lat' dir='ltr'><strong>similis</strong></span> <span class='ocrx_word' id='word_1_104' title='bbox 1940 1397 2062 1451; x_wconf 87' lang='lat' dir='ltr'><strong>tibi?</strong></span> 
     </span>
    </p>
   </div>
   <div class='ocr_carea' id='block_1_16' title="bbox 485 1479 2060 1547">
    <p class='ocr_par' dir='ltr' id='par_1_16' title="bbox 485 1479 2060 1547">
     <span class='ocr_line' id='line_1_16' title="bbox 485 1479 2060 1547; baseline 0.008 -17"><span class='ocrx_word' id='word_1_105' title='bbox 485 1487 659 1547; x_wconf 82' lang='lat' dir='ltr'><strong>potens</strong></span> <span class='ocrx_word' id='word_1_106' title='bbox 685 1496 758 1540; x_wconf 83' lang='lat' dir='ltr'><strong>es.</strong></span> <span class='ocrx_word' id='word_1_107' title='bbox 792 1479 1023 1546; x_wconf 81' lang='lat' dir='ltr'><strong>Domine,</strong></span> <span class='ocrx_word' id='word_1_108' title='bbox 1058 1491 1103 1533; x_wconf 92' lang='lat' dir='ltr'><strong>et</strong></span> <span class='ocrx_word' id='word_1_109' title='bbox 1135 1484 1312 1536; x_wconf 65' lang='lat' dir='ltr'><strong>ueritas-</strong></span> <span class='ocrx_word' id='word_1_110' title='bbox 1344 1494 1426 1536; x_wconf 90' lang='lat' dir='ltr'><strong>tua</strong></span> <span class='ocrx_word' id='word_1_111' title='bbox 1459 1485 1508 1536; x_wconf 85' lang='lat' dir='ltr'><strong>in</strong></span> <span class='ocrx_word' id='word_1_112' title='bbox 1542 1485 1756 1537; x_wconf 79' lang='lat' dir='ltr'><strong>circu.&#39;tu</strong></span> <span class='ocrx_word' id='word_1_113' title='bbox 1780 1500 1888 1540; x_wconf 87' lang='lat' dir='ltr'><strong>tuo.</strong></span> <span class='ocrx_word' id='word_1_114' title='bbox 1933 1486 2060 1542; x_wconf 69' lang='lat' dir='ltr'><strong>Post</strong></span> 
     </span>
    </p>
   </div>
   <div class='ocr_carea' id='block_1_17' title="bbox 486 1570 2056 1640">
    <p class='ocr_par' dir='ltr' id='par_1_17' title="bbox 486 1570 2056 1640">
     <span class='ocr_line' id='line_1_17' title="bbox 486 1570 2056 1640; baseline 0.004 -18"><span class='ocrx_word' id='word_1_115' title='bbox 486 1570 572 1623; x_wconf 89' lang='lat' dir='ltr'><strong>illa</strong></span> <span class='ocrx_word' id='word_1_116' title='bbox 600 1585 716 1638; x_wconf 85' lang='lat' dir='ltr'><strong>quae</strong></span> <span class='ocrx_word' id='word_1_117' title='bbox 744 1574 984 1638; x_wconf 82' lang='lat' dir='ltr'><strong>supeiius</strong></span> <span class='ocrx_word' id='word_1_118' title='bbox 1012 1573 1162 1636; x_wconf 78' lang='lat' dir='ltr'><strong>dixit,</strong></span> <span class='ocrx_word' id='word_1_119' title='bbox 1203 1574 1474 1640; x_wconf 86' lang='lat' dir='ltr'><strong>aptissima</strong></span> <span class='ocrx_word' id='word_1_120' title='bbox 1507 1583 1589 1629; x_wconf 89' lang='lat' dir='ltr'><strong>est</strong></span> <span class='ocrx_word' id='word_1_121' title='bbox 1625 1578 1884 1631; x_wconf 64' lang='lat' dir='ltr'><strong>sententia</strong></span> <span class='ocrx_word' id='word_1_122' title='bbox 1922 1583 2056 1631; x_wconf 73' lang='lat' dir='ltr'><strong>sub—</strong></span> 
     </span>
    </p>
   </div>
   <div class='ocr_carea' id='block_1_18' title="bbox 465 1662 2058 1736">
    <p class='ocr_par' dir='ltr' id='par_1_18' title="bbox 465 1662 2058 1736">
     <span class='ocr_line' id='line_1_18' title="bbox 465 1662 2058 1736; baseline 0.008 -25"><span class='ocrx_word' id='word_1_123' title='bbox 465 1671 701 1734; x_wconf 37' lang='lat' dir='ltr'><strong>’secnta,</strong></span> <span class='ocrx_word' id='word_1_124' title='bbox 757 1662 884 1728; x_wconf 82' lang='lat' dir='ltr'><strong>Quis</strong></span> <span class='ocrx_word' id='word_1_125' title='bbox 920 1664 1101 1717; x_wconf 54' lang='lat' dir='ltr'><strong>s‘milis</strong></span> <span class='ocrx_word' id='word_1_126' title='bbox 1139 1664 1272 1718; x_wconf 85' lang='lat' dir='ltr'><strong>tibi?</strong></span> <span class='ocrx_word' id='word_1_127' title='bbox 1312 1666 1362 1719; x_wconf 88' lang='lat' dir='ltr'><strong>id</strong></span> <span class='ocrx_word' id='word_1_128' title='bbox 1401 1675 1515 1729; x_wconf 91' lang='lat' dir='ltr'><strong>est,</strong></span> <span class='ocrx_word' id='word_1_129' title='bbox 1558 1667 1678 1736; x_wconf 84' lang='lat' dir='ltr'><strong>quia</strong></span> <span class='ocrx_word' id='word_1_130' title='bbox 1718 1669 1960 1721; x_wconf 86' lang='lat' dir='ltr'><strong>virtutum</strong></span> <span class='ocrx_word' id='word_1_131' title='bbox 1999 1685 2058 1724; x_wconf 88' lang='lat' dir='ltr'><strong>es</strong></span> 
     </span>
    </p>
   </div>
   <div class='ocr_carea' id='block_1_19' title="bbox 2161 477 3684 555">
    <p class='ocr_par' dir='ltr' id='par_1_19' title="bbox 2161 477 3684 555">
     <span class='ocr_line' id='line_1_19' title="bbox 2161 477 3684 555; baseline 0.009 -26"><span class='ocrx_word' id='word_1_132' title='bbox 2161 477 2234 529; x_wconf 83' lang='lat' dir='ltr'><strong>vit</strong></span> <span class='ocrx_word' id='word_1_133' title='bbox 2259 479 2310 529; x_wconf 92' lang='lat' dir='ltr'><strong>in</strong></span> <span class='ocrx_word' id='word_1_134' title='bbox 2333 483 2468 532; x_wconf 74' lang='lat' dir='ltr'><strong>cmlo</strong></span> <span class='ocrx_word' id='word_1_135' title='bbox 2491 480 2557 534; x_wconf 91' lang='lat' dir='ltr'><strong>de</strong></span> <span class='ocrx_word' id='word_1_136' title='bbox 2584 481 2817 549; x_wconf 85' lang='lat' dir='ltr'><strong>superbo</strong></span> <span class='ocrx_word' id='word_1_137' title='bbox 2847 482 3055 536; x_wconf 86' lang='lat' dir='ltr'><strong>diabolo</strong></span> <span class='ocrx_word' id='word_1_138' title='bbox 3083 499 3096 533; x_wconf 93' lang='lat'><strong>:</strong></span> <span class='ocrx_word' id='word_1_139' title='bbox 3127 482 3245 535; x_wconf 91' lang='lat' dir='ltr'><strong>ideo</strong></span> <span class='ocrx_word' id='word_1_140' title='bbox 3270 483 3317 535; x_wconf 89' lang='lat' dir='ltr'><strong>in</strong></span> <span class='ocrx_word' id='word_1_141' title='bbox 3343 493 3467 536; x_wconf 89' lang='lat' dir='ltr'><strong>terra</strong></span> <span class='ocrx_word' id='word_1_142' title='bbox 3494 487 3550 538; x_wconf 91' lang='lat' dir='ltr'><strong>de</strong></span> <span class='ocrx_word' id='word_1_143' title='bbox 3580 503 3684 555; x_wconf 81' lang='lat' dir='ltr'><strong>per-</strong></span> 
     </span>
    </p>
   </div>
   <div class='ocr_carea' id='block_1_20' title="bbox 2162 569 3691 644">
    <p class='ocr_par' dir='ltr' id='par_1_20' title="bbox 2162 569 3691 644">
     <span class='ocr_line' id='line_1_20' title="bbox 2162 569 3691 644; baseline 0.01 -24"><span class='ocrx_word' id='word_1_144' title='bbox 2162 569 2506 644; x_wconf 53' lang='lat' dir='ltr'><strong>iitiltdttdrO,</strong></span> <span class='ocrx_word' id='word_1_145' title='bbox 2567 575 2815 638; x_wconf 80' lang='lat' dir='ltr'><strong>quoniam</strong></span> <span class='ocrx_word' id='word_1_146' title='bbox 2870 575 3032 642; x_wconf 85' lang='lat' dir='ltr'><strong>ipsius</strong></span> <span class='ocrx_word' id='word_1_147' title='bbox 3083 583 3197 627; x_wconf 66' lang='lat' dir='ltr'><strong>erat</strong></span> <span class='ocrx_word' id='word_1_148' title='bbox 3237 573 3410 642; x_wconf 84' lang='lat' dir='ltr'><strong>utique</strong></span> <span class='ocrx_word' id='word_1_149' title='bbox 3443 578 3613 630; x_wconf 72' lang='lat' dir='ltr'><strong>ctelum</strong></span> <span class='ocrx_word' id='word_1_150' title='bbox 3645 590 3691 636; x_wconf 87' lang='lat' dir='ltr'><strong>et</strong></span> 
     </span>
    </p>
   </div>
   <div class='ocr_carea' id='block_1_21' title="bbox 2162 660 3690 728">
    <p class='ocr_par' dir='ltr' id='par_1_21' title="bbox 2162 660 3690 728">
     <span class='ocr_line' id='line_1_21' title="bbox 2162 660 3690 728; baseline 0.008 -16"><span class='ocrx_word' id='word_1_151' title='bbox 2162 671 2320 715; x_wconf 44' lang='lat' dir='ltr'><strong>teri&#39;a.</strong></span> <span class='ocrx_word' id='word_1_152' title='bbox 2355 660 2462 716; x_wconf 86' lang='lat' dir='ltr'><strong>Cur</strong></span> <span class='ocrx_word' id='word_1_153' title='bbox 2487 664 2626 717; x_wconf 89' lang='lat' dir='ltr'><strong>enim</strong></span> <span class='ocrx_word' id='word_1_154' title='bbox 2658 665 2923 728; x_wconf 77' lang='lat' dir='ltr'><strong>diabolus,</strong></span> <span class='ocrx_word' id='word_1_155' title='bbox 2960 676 3050 718; x_wconf 91' lang='lat' dir='ltr'><strong>aut</strong></span> <span class='ocrx_word' id='word_1_156' title='bbox 3080 665 3296 718; x_wconf 74' lang='lat' dir='ltr'><strong>.Iudceus</strong></span> <span class='ocrx_word' id='word_1_157' title='bbox 3332 665 3379 717; x_wconf 91' lang='lat' dir='ltr'><strong>in</strong></span> <span class='ocrx_word' id='word_1_158' title='bbox 3409 667 3578 721; x_wconf 70' lang='lat' dir='ltr'><strong>alicnis</strong></span> <span class='ocrx_word' id='word_1_159' title='bbox 3615 685 3690 724; x_wconf 84' lang='lat' dir='ltr'><strong>re-</strong></span> 
     </span>
    </p>
   </div>
   <div class='ocr_carea' id='block_1_22' title="bbox 2162 756 3694 828">
    <p class='ocr_par' dir='ltr' id='par_1_22' title="bbox 2162 756 3694 828">
     <span class='ocr_line' id='line_1_22' title="bbox 2162 756 3694 828; baseline 0.004 -20"><span class='ocrx_word' id='word_1_160' title='bbox 2162 756 2259 809; x_wconf 87' lang='lat' dir='ltr'><strong>bus</strong></span> <span class='ocrx_word' id='word_1_161' title='bbox 2290 757 2651 824; x_wconf 87' lang='lat' dir='ltr'><strong>superbirent,</strong></span> <span class='ocrx_word' id='word_1_162' title='bbox 2700 758 2826 810; x_wconf 90' lang='lat' dir='ltr'><strong>dum</strong></span> <span class='ocrx_word' id='word_1_163' title='bbox 2871 767 3095 824; x_wconf 83' lang='lat' dir='ltr'><strong>utraque</strong></span> <span class='ocrx_word' id='word_1_164' title='bbox 3139 758 3332 812; x_wconf 85' lang='lat' dir='ltr'><strong>habere</strong></span> <span class='ocrx_word' id='word_1_165' title='bbox 3360 774 3498 811; x_wconf 88' lang='lat' dir='ltr'><strong>suum</strong></span> <span class='ocrx_word' id='word_1_166' title='bbox 3530 761 3694 828; x_wconf 76' lang='lat' dir='ltr'><strong>proba-</strong></span> 
     </span>
    </p>
   </div>
   <div class='ocr_carea' id='block_1_23' title="bbox 2161 849 3693 916">
    <p class='ocr_par' dir='ltr' id='par_1_23' title="bbox 2161 849 3693 916">
     <span class='ocr_line' id='line_1_23' title="bbox 2161 849 3693 916; baseline 0.002 -18"><span class='ocrx_word' id='word_1_167' title='bbox 2161 857 2344 899; x_wconf 79' lang='lat' dir='ltr'><strong>runtur</strong></span> <span class='ocrx_word' id='word_1_168' title='bbox 2373 858 2640 902; x_wconf 76' lang='lat' dir='ltr'><strong>auctorem</strong></span> <span class='ocrx_word' id='word_1_169' title='bbox 2666 849 2688 900; x_wconf 76' lang='lat' dir='ltr'><strong>i</strong></span> <span class='ocrx_word' id='word_1_170' title='bbox 2723 851 2994 916; x_wconf 83' lang='lat' dir='ltr'><strong>Sequitur,</strong></span> <span class='ocrx_word' id='word_1_171' title='bbox 3028 853 3197 901; x_wconf 86' lang='lat' dir='ltr'><strong>orbem</strong></span> <span class='ocrx_word' id='word_1_172' title='bbox 3221 859 3460 902; x_wconf 86' lang='lat' dir='ltr'><strong>terrarum</strong></span> <span class='ocrx_word' id='word_1_173' title='bbox 3487 861 3527 902; x_wconf 90' lang='lat' dir='ltr'><strong>et</strong></span> <span class='ocrx_word' id='word_1_174' title='bbox 3555 853 3693 916; x_wconf 77' lang='lat' dir='ltr'><strong>pleni-</strong></span> 
     </span>
    </p>
   </div>
   <div class='ocr_carea' id='block_1_24' title="bbox 2159 938 3697 1007">
    <p class='ocr_par' dir='ltr' id='par_1_24' title="bbox 2159 938 3697 1007">
     <span class='ocr_line' id='line_1_24' title="bbox 2159 938 3697 1007; baseline 0.002 -16"><span class='ocrx_word' id='word_1_175' title='bbox 2159 940 2387 991; x_wconf 78' lang='lat' dir='ltr'><strong>tudinem</strong></span> <span class='ocrx_word' id='word_1_176' title='bbox 2449 939 2559 1006; x_wconf 87' lang='lat' dir='ltr'><strong>ejus</strong></span> <span class='ocrx_word' id='word_1_177' title='bbox 2613 948 2667 991; x_wconf 90' lang='lat' dir='ltr'><strong>tu</strong></span> <span class='ocrx_word' id='word_1_178' title='bbox 2723 939 2972 1007; x_wconf 77' lang='lat' dir='ltr'><strong>fundasti.</strong></span> <span class='ocrx_word' id='word_1_179' title='bbox 3041 939 3162 991; x_wconf 64' lang='lat' dir='ltr'><strong>lltic</strong></span> <span class='ocrx_word' id='word_1_180' title='bbox 3212 938 3491 1006; x_wconf 78' lang='lat' dir='ltr'><strong>increpitio</strong></span> <span class='ocrx_word' id='word_1_181' title='bbox 3545 943 3697 994; x_wconf 76' lang='lat' dir='ltr'><strong>adhuc</strong></span> 
     </span>
    </p>
   </div>
   <div class='ocr_carea' id='block_1_25' title="bbox 2163 1028 3696 1096">
    <p class='ocr_par' dir='ltr' id='par_1_25' title="bbox 2163 1028 3696 1096">
     <span class='ocr_line' id='line_1_25' title="bbox 2163 1028 3696 1096; baseline 0.001 -15"><span class='ocrx_word' id='word_1_182' title='bbox 2163 1029 2390 1096; x_wconf 81' lang='lat' dir='ltr'><strong>pertinet</strong></span> <span class='ocrx_word' id='word_1_183' title='bbox 2442 1028 2507 1081; x_wconf 89' lang='lat' dir='ltr'><strong>ad</strong></span> <span class='ocrx_word' id='word_1_184' title='bbox 2558 1028 2790 1082; x_wconf 64' lang='lat' dir='ltr'><strong>Judtos.</strong></span> <span class='ocrx_word' id='word_1_185' title='bbox 2849 1029 3052 1082; x_wconf 89' lang='lat' dir='ltr'><strong>Sensus</strong></span> <span class='ocrx_word' id='word_1_186' title='bbox 3096 1043 3222 1096; x_wconf 73' lang='lat' dir='ltr'><strong>ergo</strong></span> <span class='ocrx_word' id='word_1_187' title='bbox 3278 1029 3392 1080; x_wconf 87' lang='lat' dir='ltr'><strong>talis</strong></span> <span class='ocrx_word' id='word_1_188' title='bbox 3435 1039 3511 1082; x_wconf 89' lang='lat' dir='ltr'><strong>e-t</strong></span> <span class='ocrx_word' id='word_1_189' title='bbox 3553 1047 3564 1080; x_wconf 76' lang='grc' dir='ltr'>ε</span> <span class='ocrx_word' id='word_1_190' title='bbox 3607 1029 3696 1083; x_wconf 78' lang='lat' dir='ltr'><strong>Cur</strong></span> 
     </span>
    </p>
   </div>
   <div class='ocr_carea' id='block_1_26' title="bbox 2161 1117 3698 1187">
    <p class='ocr_par' dir='ltr' id='par_1_26' title="bbox 2161 1117 3698 1187">
     <span class='ocr_line' id='line_1_26' title="bbox 2161 1117 3698 1187; baseline 0.001 -15"><span class='ocrx_word' id='word_1_191' title='bbox 2161 1123 2448 1175; x_wconf 83' lang='lat' dir='ltr'><strong>voluerunt</strong></span> <span class='ocrx_word' id='word_1_192' title='bbox 2492 1120 2640 1173; x_wconf 90' lang='lat' dir='ltr'><strong>stulti</strong></span> <span class='ocrx_word' id='word_1_193' title='bbox 2675 1121 2724 1172; x_wconf 91' lang='lat' dir='ltr'><strong>in</strong></span> <span class='ocrx_word' id='word_1_194' title='bbox 2778 1129 2827 1172; x_wconf 90' lang='lat' dir='ltr'><strong>lc</strong></span> <span class='ocrx_word' id='word_1_195' title='bbox 2856 1120 3046 1172; x_wconf 68' lang='lat' dir='ltr'><strong>saevire</strong></span> <span class='ocrx_word' id='word_1_196' title='bbox 3076 1117 3128 1175; x_wconf 86' lang='lat' dir='ltr'><strong>in</strong></span> <span class='ocrx_word' id='word_1_197' title='bbox 3176 1118 3276 1170; x_wconf 90' lang='lat' dir='ltr'><strong>hoc</strong></span> <span class='ocrx_word' id='word_1_198' title='bbox 3318 1121 3520 1182; x_wconf 85' lang='lat' dir='ltr'><strong>mundo,</strong></span> <span class='ocrx_word' id='word_1_199' title='bbox 3567 1119 3698 1187; x_wconf 77' lang='lat' dir='ltr'><strong>cujus</strong></span> 
     </span>
    </p>
   </div>
   <div class='ocr_carea' id='block_1_27' title="bbox 2165 1208 3693 1273">
    <p class='ocr_par' dir='ltr' id='par_1_27' title="bbox 2165 1208 3693 1273">
     <span class='ocr_line' id='line_1_27' title="bbox 2165 1208 3693 1273; baseline -0.001 -11"><span class='ocrx_word' id='word_1_200' title='bbox 2165 1221 2237 1271; x_wconf 91' lang='lat' dir='ltr'><strong>tu,</strong></span> <span class='ocrx_word' id='word_1_201' title='bbox 2290 1211 2518 1273; x_wconf 77' lang='lat' dir='ltr'><strong>Christe,</strong></span> <span class='ocrx_word' id='word_1_202' title='bbox 2573 1209 2821 1262; x_wconf 74' lang='lat' dir='ltr'><strong>laudator</strong></span> <span class='ocrx_word' id='word_1_203' title='bbox 2870 1225 2973 1272; x_wconf 87' lang='lat' dir='ltr'><strong>cs;</strong></span> <span class='ocrx_word' id='word_1_204' title='bbox 3033 1218 3085 1260; x_wconf 92' lang='lat' dir='ltr'><strong>ul</strong></span> <span class='ocrx_word' id='word_1_205' title='bbox 3137 1208 3302 1260; x_wconf 87' lang='lat' dir='ltr'><strong>nimia</strong></span> <span class='ocrx_word' id='word_1_206' title='bbox 3345 1210 3593 1261; x_wconf 89' lang='lat' dir='ltr'><strong>dementia</strong></span> <span class='ocrx_word' id='word_1_207' title='bbox 3634 1211 3693 1262; x_wconf 90' lang='lat' dir='ltr'><strong>vi-</strong></span> 
     </span>
    </p>
   </div>
   <div class='ocr_carea' id='block_1_28' title="bbox 2161 1300 3704 1367">
    <p class='ocr_par' dir='ltr' id='par_1_28' title="bbox 2161 1300 3704 1367">
     <span class='ocr_line' id='line_1_28' title="bbox 2161 1300 3704 1367; baseline -0.001 -13"><span class='ocrx_word' id='word_1_208' title='bbox 2161 1301 2388 1354; x_wconf 88' lang='lat' dir='ltr'><strong>deantur</strong></span> <span class='ocrx_word' id='word_1_209' title='bbox 2431 1301 2552 1354; x_wconf 88' lang='lat' dir='ltr'><strong>talia</strong></span> <span class='ocrx_word' id='word_1_210' title='bbox 2587 1315 2932 1366; x_wconf 67' lang='lat' dir='ltr'><strong>prmsnmcre,</strong></span> <span class='ocrx_word' id='word_1_211' title='bbox 2976 1314 3094 1367; x_wconf 61' lang='lat' dir='ltr'><strong>quae</strong></span> <span class='ocrx_word' id='word_1_212' title='bbox 3127 1300 3383 1353; x_wconf 89' lang='lat' dir='ltr'><strong>humanas</strong></span> <span class='ocrx_word' id='word_1_213' title='bbox 3431 1301 3562 1353; x_wconf 83' lang='lat' dir='ltr'><strong>vires</strong></span> <span class='ocrx_word' id='word_1_214' title='bbox 3599 1316 3704 1365; x_wconf 85' lang='lat' dir='ltr'><strong>pro-</strong></span> 
     </span>
    </p>
   </div>
   <div class='ocr_carea' id='block_1_29' title="bbox 2163 1391 3704 1457">
    <p class='ocr_par' dir='ltr' id='par_1_29' title="bbox 2163 1391 3704 1457">
     <span class='ocr_line' id='line_1_29' title="bbox 2163 1391 3704 1457; baseline -0.003 -10"><span class='ocrx_word' id='word_1_215' title='bbox 2163 1394 2355 1447; x_wconf 83' lang='lat' dir='ltr'><strong>bantur</strong></span> <span class='ocrx_word' id='word_1_216' title='bbox 2382 1393 2643 1448; x_wconf 78' lang='lat' dir='ltr'><strong>excedere</strong></span> <span class='ocrx_word' id='word_1_217' title='bbox 2671 1393 2693 1453; x_wconf 77' lang='lat'><strong>?</strong></span> <span class='ocrx_word' id='word_1_218' title='bbox 2742 1393 2891 1444; x_wconf 84' lang='lat' dir='ltr'><strong>Urbis</strong></span> <span class='ocrx_word' id='word_1_219' title='bbox 2922 1402 3188 1456; x_wconf 85' lang='lat' dir='ltr'><strong>terrarum,</strong></span> <span class='ocrx_word' id='word_1_220' title='bbox 3223 1392 3447 1457; x_wconf 87' lang='lat' dir='ltr'><strong>pertinet</strong></span> <span class='ocrx_word' id='word_1_221' title='bbox 3477 1391 3536 1443; x_wconf 88' lang='lat' dir='ltr'><strong>ad</strong></span> <span class='ocrx_word' id='word_1_222' title='bbox 3566 1393 3704 1443; x_wconf 80' lang='lat' dir='ltr'><strong>totius</strong></span> 
     </span>
    </p>
   </div>
   <div class='ocr_carea' id='block_1_30' title="bbox 2162 1485 3705 1555">
    <p class='ocr_par' dir='ltr' id='par_1_30' title="bbox 2162 1485 3705 1555">
     <span class='ocr_line' id='line_1_30' title="bbox 2162 1485 3705 1555; baseline -0.003 -14"><span class='ocrx_word' id='word_1_223' title='bbox 2162 1487 2393 1554; x_wconf 87' lang='lat' dir='ltr'><strong>spatium</strong></span> <span class='ocrx_word' id='word_1_224' title='bbox 2434 1485 2660 1549; x_wconf 90' lang='lat' dir='ltr'><strong>mundi;</strong></span> <span class='ocrx_word' id='word_1_225' title='bbox 2712 1485 2974 1555; x_wconf 79' lang='lat' dir='ltr'><strong>plenitudo</strong></span> <span class='ocrx_word' id='word_1_226' title='bbox 3015 1488 3146 1549; x_wconf 83' lang='lat' dir='ltr'><strong>eius,</strong></span> <span class='ocrx_word' id='word_1_227' title='bbox 3197 1485 3264 1535; x_wconf 83' lang='lat' dir='ltr'><strong>ad</strong></span> <span class='ocrx_word' id='word_1_228' title='bbox 3307 1498 3486 1537; x_wconf 89' lang='lat' dir='ltr'><strong>omnes</strong></span> <span class='ocrx_word' id='word_1_229' title='bbox 3524 1485 3705 1537; x_wconf 75' lang='lat' dir='ltr'><strong>scilicet</strong></span> 
     </span>
    </p>
   </div>
   <div class='ocr_carea' id='block_1_31' title="bbox 2162 1577 3706 1646">
    <p class='ocr_par' dir='ltr' id='par_1_31' title="bbox 2162 1577 3706 1646">
     <span class='ocr_line' id='line_1_31' title="bbox 2162 1577 3706 1646; baseline -0.001 -15"><span class='ocrx_word' id='word_1_230' title='bbox 2162 1588 2437 1632; x_wconf 90' lang='lat' dir='ltr'><strong>creaturas</strong></span> <span class='ocrx_word' id='word_1_231' title='bbox 2469 1593 2588 1646; x_wconf 73' lang='lat' dir='ltr'><strong>quae</strong></span> <span class='ocrx_word' id='word_1_232' title='bbox 2638 1577 2689 1630; x_wconf 93' lang='lat' dir='ltr'><strong>in</strong></span> <span class='ocrx_word' id='word_1_233' title='bbox 2719 1592 2785 1630; x_wconf 92' lang='lat' dir='ltr'><strong>eo</strong></span> <span class='ocrx_word' id='word_1_234' title='bbox 2832 1591 2950 1631; x_wconf 87' lang='lat' dir='ltr'><strong>esse</strong></span> <span class='ocrx_word' id='word_1_235' title='bbox 2984 1585 3297 1630; x_wconf 88' lang='lat' dir='ltr'><strong>noscuntur.</strong></span> <span class='ocrx_word' id='word_1_236' title='bbox 3349 1577 3434 1630; x_wconf 89' lang='lat' dir='ltr'><strong>Sic</strong></span> <span class='ocrx_word' id='word_1_237' title='bbox 3465 1591 3550 1643; x_wconf 83' lang='lat' dir='ltr'><strong>per</strong></span> <span class='ocrx_word' id='word_1_238' title='bbox 3575 1591 3706 1629; x_wconf 85' lang='lat' dir='ltr'><strong>com-</strong></span> 
     </span>
    </p>
   </div>
   <div class='ocr_carea' id='block_1_32' title="bbox 2166 1670 3707 1726">
    <p class='ocr_par' dir='ltr' id='par_1_32' title="bbox 2166 1670 3707 1726">
     <span class='ocr_line' id='line_1_32' title="bbox 2166 1670 3707 1726; baseline 0 -4"><span class='ocrx_word' id='word_1_239' title='bbox 2166 1672 2578 1726; x_wconf 88' lang='lat' dir='ltr'><strong>memorationes</strong></span> <span class='ocrx_word' id='word_1_240' title='bbox 2611 1671 2795 1723; x_wconf 91' lang='lat' dir='ltr'><strong>talium</strong></span> <span class='ocrx_word' id='word_1_241' title='bbox 2839 1687 3013 1723; x_wconf 84' lang='lat' dir='ltr'><strong>rerum</strong></span> <span class='ocrx_word' id='word_1_242' title='bbox 3065 1670 3300 1724; x_wconf 85' lang='lat' dir='ltr'><strong>breviter</strong></span> <span class='ocrx_word' id='word_1_243' title='bbox 3348 1677 3531 1722; x_wconf 84' lang='lat' dir='ltr'><strong>cuncta</strong></span> <span class='ocrx_word' id='word_1_244' title='bbox 3579 1682 3707 1722; x_wconf 83' lang='lat' dir='ltr'><strong>com-</strong></span> 
     </span>
    </p>
   </div>
   <div class='ocr_carea' id='block_1_33' title="bbox 488 1750 2478 1830">
    <p class='ocr_par' dir='ltr' id='par_1_33' title="bbox 488 1750 2478 1830">
     <span class='ocr_line' id='line_1_33' title="bbox 488 1750 2478 1830; baseline 0.004 -26"><span class='ocrx_word' id='word_1_245' title='bbox 488 1750 756 1808; x_wconf 84' lang='lat' dir='ltr'><strong>Dominus.</strong></span> <span class='ocrx_word' id='word_1_246' title='bbox 798 1754 976 1808; x_wconf 88' lang='lat' dir='ltr'><strong>Sancti</strong></span> <span class='ocrx_word' id='word_1_247' title='bbox 1016 1758 1157 1810; x_wconf 86' lang='lat' dir='ltr'><strong>enim</strong></span> <span class='ocrx_word' id='word_1_248' title='bbox 1197 1757 1432 1812; x_wconf 88' lang='lat' dir='ltr'><strong>ditantur</strong></span> <span class='ocrx_word' id='word_1_249' title='bbox 1460 1759 1765 1822; x_wconf 80' lang='lat' dir='ltr'><strong>virtutibus,</strong></span> <span class='ocrx_word' id='word_1_250' title='bbox 1811 1777 1913 1813; x_wconf 85' lang='lat' dir='ltr'><strong>non</strong></span> <span class='ocrx_word' id='word_1_251' title='bbox 1954 1760 2052 1814; x_wconf 87' lang='lat' dir='ltr'><strong>do-</strong></span> <span class='ocrx_word' id='word_1_252' title='bbox 2088 1750 2134 1806; x_wconf 82' lang='grc' dir='ltr'><em>Β</em></span> <span class='ocrx_word' id='word_1_253' title='bbox 2162 1761 2346 1830; x_wconf 72' lang='lat' dir='ltr'><strong>plexus</strong></span> <span class='ocrx_word' id='word_1_254' title='bbox 2378 1769 2478 1814; x_wconf 86' lang='lat' dir='ltr'><strong>est.</strong></span> 
     </span>
    </p>
   </div>
   <div class='ocr_carea' id='block_1_34' title="bbox 487 1843 2056 1916">
    <p class='ocr_par' dir='ltr' id='par_1_34' title="bbox 487 1843 2056 1916">
     <span class='ocr_line' id='line_1_34' title="bbox 487 1843 2056 1916; baseline 0.006 -20"><span class='ocrx_word' id='word_1_255' title='bbox 487 1843 788 1904; x_wconf 85' lang='lat' dir='ltr'><strong>minantur;</strong></span> <span class='ocrx_word' id='word_1_256' title='bbox 834 1855 887 1898; x_wconf 90' lang='grc' dir='ltr'><strong>ιιι</strong></span> <span class='ocrx_word' id='word_1_257' title='bbox 928 1854 1106 1898; x_wconf 79' lang='lat' dir='ltr'><strong>autem</strong></span> <span class='ocrx_word' id='word_1_258' title='bbox 1139 1847 1238 1900; x_wconf 90' lang='lat' dir='ltr'><strong>illis</strong></span> <span class='ocrx_word' id='word_1_259' title='bbox 1273 1848 1428 1902; x_wconf 84' lang='lat' dir='ltr'><strong>rebus</strong></span> <span class='ocrx_word' id='word_1_260' title='bbox 1466 1848 1717 1916; x_wconf 87' lang='lat' dir='ltr'><strong>imperas,</strong></span> <span class='ocrx_word' id='word_1_261' title='bbox 1757 1851 1952 1916; x_wconf 90' lang='lat' dir='ltr'><strong>quibus</strong></span> <span class='ocrx_word' id='word_1_262' title='bbox 1982 1851 2056 1905; x_wconf 93' lang='lat' dir='ltr'><strong>illi</strong></span> 
     </span>
    </p>
   </div>
   <div class='ocr_carea' id='block_1_35' title="bbox 491 1937 2055 2010">
    <p class='ocr_par' dir='ltr' id='par_1_35' title="bbox 491 1937 2055 2010">
     <span class='ocr_line' id='line_1_35' title="bbox 491 1937 2055 2010; baseline 0.008 -24"><span class='ocrx_word' id='word_1_263' title='bbox 491 1945 540 1990; x_wconf 89' lang='lat' dir='ltr'><strong>te</strong></span> <span class='ocrx_word' id='word_1_264' title='bbox 581 1946 865 2000; x_wconf 63' lang='lat' dir='ltr'><strong>praestante</strong></span> <span class='ocrx_word' id='word_1_265' title='bbox 907 1937 1143 2004; x_wconf 62' lang='lat' dir='ltr'><strong>prazclari</strong></span> <span class='ocrx_word' id='word_1_266' title='bbox 1188 1949 1332 1995; x_wconf 89' lang='lat' dir='ltr'><strong>sunt.</strong></span> <span class='ocrx_word' id='word_1_267' title='bbox 1383 1941 1570 1996; x_wconf 81' lang='lat' dir='ltr'><strong>Merito</strong></span> <span class='ocrx_word' id='word_1_268' title='bbox 1622 1943 1901 2010; x_wconf 89' lang='lat' dir='ltr'><strong>repetitum</strong></span> <span class='ocrx_word' id='word_1_269' title='bbox 1955 1953 2055 2009; x_wconf 88' lang='lat' dir='ltr'><strong>est,</strong></span> 
     </span>
    </p>
   </div>
   <div class='ocr_carea' id='block_1_36' title="bbox 483 2027 2056 2102">
    <p class='ocr_par' dir='ltr' id='par_1_36' title="bbox 483 2027 2056 2102">
     <span class='ocr_line' id='line_1_36' title="bbox 483 2027 2056 2102; baseline 0.01 -25"><span class='ocrx_word' id='word_1_270' title='bbox 483 2027 596 2094; x_wconf 87' lang='lat' dir='ltr'><strong>quis</strong></span> <span class='ocrx_word' id='word_1_271' title='bbox 622 2028 805 2080; x_wconf 88' lang='lat' dir='ltr'><strong>similis</strong></span> <span class='ocrx_word' id='word_1_272' title='bbox 844 2028 980 2082; x_wconf 82' lang='lat' dir='ltr'><strong>tibi?</strong></span> <span class='ocrx_word' id='word_1_273' title='bbox 1017 2029 1096 2083; x_wconf 88' lang='lat' dir='ltr'><strong>Tu</strong></span> <span class='ocrx_word' id='word_1_274' title='bbox 1126 2047 1190 2085; x_wconf 82' lang='lat' dir='ltr'><strong>ex</strong></span> <span class='ocrx_word' id='word_1_275' title='bbox 1221 2039 1272 2086; x_wconf 89' lang='lat' dir='ltr'><strong>te</strong></span> <span class='ocrx_word' id='word_1_276' title='bbox 1312 2043 1499 2099; x_wconf 87' lang='lat' dir='ltr'><strong>potens</strong></span> <span class='ocrx_word' id='word_1_277' title='bbox 1526 2049 1604 2098; x_wconf 92' lang='lat' dir='ltr'><strong>es,</strong></span> <span class='ocrx_word' id='word_1_278' title='bbox 1647 2035 1723 2090; x_wconf 85' lang='lat' dir='ltr'><strong>illi</strong></span> <span class='ocrx_word' id='word_1_279' title='bbox 1759 2036 1828 2090; x_wconf 88' lang='lat' dir='ltr'><strong>de</strong></span> <span class='ocrx_word' id='word_1_280' title='bbox 1862 2050 1940 2102; x_wconf 90' lang='lat' dir='ltr'><strong>te;</strong></span> <span class='ocrx_word' id='word_1_281' title='bbox 1982 2038 2056 2092; x_wconf 89' lang='lat' dir='ltr'><strong>illi</strong></span> 
     </span>
    </p>
   </div>
   <div class='ocr_carea' id='block_1_37' title="bbox 485 2117 2055 2188">
    <p class='ocr_par' dir='ltr' id='par_1_37' title="bbox 485 2117 2055 2188">
     <span class='ocr_line' id='line_1_37' title="bbox 485 2117 2055 2188; baseline 0.01 -22"><span class='ocrx_word' id='word_1_282' title='bbox 485 2117 708 2172; x_wconf 80' lang='lat' dir='ltr'><strong>veritate</strong></span> <span class='ocrx_word' id='word_1_283' title='bbox 749 2131 839 2174; x_wconf 91' lang='lat' dir='ltr'><strong>tua</strong></span> <span class='ocrx_word' id='word_1_284' title='bbox 877 2121 1161 2175; x_wconf 88' lang='lat' dir='ltr'><strong>il-luminati</strong></span> <span class='ocrx_word' id='word_1_285' title='bbox 1200 2133 1346 2188; x_wconf 87' lang='lat' dir='ltr'><strong>sunt,</strong></span> <span class='ocrx_word' id='word_1_286' title='bbox 1389 2124 1482 2178; x_wconf 90' lang='lat' dir='ltr'><strong>tibi</strong></span> <span class='ocrx_word' id='word_1_287' title='bbox 1521 2134 1699 2181; x_wconf 86' lang='lat' dir='ltr'><strong>autem</strong></span> <span class='ocrx_word' id='word_1_288' title='bbox 1738 2129 1934 2182; x_wconf 87' lang='lat' dir='ltr'><strong>veritas</strong></span> <span class='ocrx_word' id='word_1_289' title='bbox 1971 2139 2055 2183; x_wconf 90' lang='lat' dir='ltr'><strong>tua</strong></span> 
     </span>
    </p>
   </div>
   <div class='ocr_carea' id='block_1_38' title="bbox 484 2205 1181 2278">
    <p class='ocr_par' dir='ltr' id='par_1_38' title="bbox 484 2205 1181 2278">
     <span class='ocr_line' id='line_1_38' title="bbox 484 2205 1181 2278; baseline 0.01 -18"><span class='ocrx_word' id='word_1_290' title='bbox 484 2205 754 2262; x_wconf 82' lang='lat' dir='ltr'><strong>individuo</strong></span> <span class='ocrx_word' id='word_1_291' title='bbox 783 2224 994 2278; x_wconf 89' lang='lat' dir='ltr'><strong>semper</strong></span> <span class='ocrx_word' id='word_1_292' title='bbox 1025 2211 1181 2267; x_wconf 89' lang='lat' dir='ltr'><strong>inest.</strong></span> 
     </span>
    </p>
   </div>
   <div class='ocr_carea' id='block_1_39' title="bbox 559 2296 2055 2372">
    <p class='ocr_par' dir='ltr' id='par_1_39' title="bbox 559 2296 2055 2372">
     <span class='ocr_line' id='line_1_39' title="bbox 559 2296 2055 2372; baseline 0.008 -21"><span class='ocrx_word' id='word_1_293' title='bbox 559 2296 708 2353; x_wconf 84' lang='lat' dir='ltr'><strong>Vcrs.</strong></span> <span class='ocrx_word' id='word_1_294' title='bbox 744 2302 796 2355; x_wconf 87' lang='lat'><strong>9.</strong></span> <span class='ocrx_word' id='word_1_295' title='bbox 835 2302 914 2355; x_wconf 88' lang='lat' dir='ltr'><strong>Tu</strong></span> <span class='ocrx_word' id='word_1_296' title='bbox 943 2303 1224 2357; x_wconf 82' lang='lat' dir='ltr'><strong>dominaris</strong></span> <span class='ocrx_word' id='word_1_297' title='bbox 1251 2307 1482 2372; x_wconf 75' lang='lat' dir='ltr'><strong>potestati</strong></span> <span class='ocrx_word' id='word_1_298' title='bbox 1510 2308 1665 2360; x_wconf 87' lang='lat' dir='ltr'><strong>maris</strong></span> <span class='ocrx_word' id='word_1_299' title='bbox 1693 2323 1712 2361; x_wconf 93' lang='lat'><strong><em>:</em></strong></span> <span class='ocrx_word' id='word_1_300' title='bbox 1739 2319 1929 2362; x_wconf 88' lang='lat' dir='ltr'><strong>motum</strong></span> <span class='ocrx_word' id='word_1_301' title='bbox 1957 2327 2055 2364; x_wconf 83' lang='lat' dir='ltr'><strong>au-</strong></span> 
     </span>
    </p>
   </div>
   <div class='ocr_carea' id='block_1_40' title="bbox 483 2393 2056 2465">
    <p class='ocr_par' dir='ltr' id='par_1_40' title="bbox 483 2393 2056 2465">
     <span class='ocr_line' id='line_1_40' title="bbox 483 2393 2056 2465; baseline 0.008 -24"><span class='ocrx_word' id='word_1_302' title='bbox 483 2400 582 2443; x_wconf 85' lang='lat' dir='ltr'><strong>tem</strong></span> <span class='ocrx_word' id='word_1_303' title='bbox 611 2393 860 2460; x_wconf 83' lang='lat' dir='ltr'><strong>fluctuum</strong></span> <span class='ocrx_word' id='word_1_304' title='bbox 897 2395 1006 2464; x_wconf 83' lang='lat' dir='ltr'><strong>ejus</strong></span> <span class='ocrx_word' id='word_1_305' title='bbox 1033 2402 1089 2447; x_wconf 80' lang='lat' dir='ltr'><strong>tu</strong></span> <span class='ocrx_word' id='word_1_306' title='bbox 1119 2395 1342 2465; x_wconf 79' lang='lat' dir='ltr'><strong>mitigas.</strong></span> <span class='ocrx_word' id='word_1_307' title='bbox 1385 2395 1536 2452; x_wconf 89' lang='lat' dir='ltr'><strong>Nunc</strong></span> <span class='ocrx_word' id='word_1_308' title='bbox 1575 2397 1702 2452; x_wconf 87' lang='lat' dir='ltr'><strong>dicit</strong></span> <span class='ocrx_word' id='word_1_309' title='bbox 1744 2399 2056 2454; x_wconf 81' lang='lat' dir='ltr'><strong>multifarias</strong></span> 
     </span>
    </p>
   </div>
   <div class='ocr_carea' id='block_1_41' title="bbox 486 2485 2057 2558">
    <p class='ocr_par' dir='ltr' id='par_1_41' title="bbox 486 2485 2057 2558">
     <span class='ocr_line' id='line_1_41' title="bbox 486 2485 2057 2558; baseline 0.006 -23"><span class='ocrx_word' id='word_1_310' title='bbox 486 2485 936 2549; x_wconf 85' lang='lat' dir='ltr'><strong>enumerationes,</strong></span> <span class='ocrx_word' id='word_1_311' title='bbox 967 2501 1064 2554; x_wconf 86' lang='lat' dir='ltr'><strong>per</strong></span> <span class='ocrx_word' id='word_1_312' title='bbox 1093 2501 1226 2556; x_wconf 88' lang='lat' dir='ltr'><strong>quas</strong></span> <span class='ocrx_word' id='word_1_313' title='bbox 1253 2488 1572 2555; x_wconf 89' lang='lat' dir='ltr'><strong>singularem</strong></span> <span class='ocrx_word' id='word_1_314' title='bbox 1604 2499 1916 2558; x_wconf 88' lang='lat' dir='ltr'><strong>potestatem</strong></span> <span class='ocrx_word' id='word_1_315' title='bbox 1953 2491 2057 2544; x_wconf 83' lang='lat' dir='ltr'><strong>Do-</strong></span> 
     </span>
    </p>
   </div>
   <div class='ocr_carea' id='block_1_42' title="bbox 483 2573 2056 2651">
    <p class='ocr_par' dir='ltr' id='par_1_42' title="bbox 483 2573 2056 2651">
     <span class='ocr_line' id='line_1_42' title="bbox 483 2573 2056 2651; baseline 0.007 -25"><span class='ocrx_word' id='word_1_316' title='bbox 483 2573 610 2628; x_wconf 91' lang='lat' dir='ltr'><strong>mini</strong></span> <span class='ocrx_word' id='word_1_317' title='bbox 651 2575 922 2630; x_wconf 87' lang='lat' dir='ltr'><strong>evidentcr</strong></span> <span class='ocrx_word' id='word_1_318' title='bbox 957 2577 1222 2632; x_wconf 86' lang='lat' dir='ltr'><strong>ostendat.</strong></span> <span class='ocrx_word' id='word_1_319' title='bbox 1267 2577 1502 2633; x_wconf 83' lang='lat' dir='ltr'><strong>Potestas</strong></span> <span class='ocrx_word' id='word_1_320' title='bbox 1541 2581 1719 2648; x_wconf 86' lang='lat' dir='ltr'><strong>maris,</strong></span> <span class='ocrx_word' id='word_1_321' title='bbox 1759 2581 1916 2651; x_wconf 88' lang='lat' dir='ltr'><strong>hujus</strong></span> <span class='ocrx_word' id='word_1_322' title='bbox 1954 2597 2056 2636; x_wconf 77' lang='lat' dir='ltr'><strong>sa:-</strong></span> 
     </span>
    </p>
   </div>
   <div class='ocr_carea' id='block_1_43' title="bbox 474 2666 2053 2742">
    <p class='ocr_par' dir='ltr' id='par_1_43' title="bbox 474 2666 2053 2742">
     <span class='ocr_line' id='line_1_43' title="bbox 474 2666 2053 2742; baseline 0.006 -23"><span class='ocrx_word' id='word_1_323' title='bbox 474 2667 582 2719; x_wconf 85' lang='lat' dir='ltr'><strong>cnli</strong></span> <span class='ocrx_word' id='word_1_324' title='bbox 627 2666 794 2720; x_wconf 89' lang='lat' dir='ltr'><strong>honor</strong></span> <span class='ocrx_word' id='word_1_325' title='bbox 835 2677 939 2732; x_wconf 83' lang='lat' dir='ltr'><strong>est,</strong></span> <span class='ocrx_word' id='word_1_326' title='bbox 982 2668 1069 2737; x_wconf 91' lang='lat' dir='ltr'><strong>qui</strong></span> <span class='ocrx_word' id='word_1_327' title='bbox 1112 2667 1418 2738; x_wconf 75' lang='lat' dir='ltr'><strong>frequenter</strong></span> <span class='ocrx_word' id='word_1_328' title='bbox 1456 2670 1510 2724; x_wconf 88' lang='lat' dir='ltr'><strong>in</strong></span> <span class='ocrx_word' id='word_1_329' title='bbox 1552 2681 1815 2742; x_wconf 80' lang='lat' dir='ltr'><strong>martyres</strong></span> <span class='ocrx_word' id='word_1_330' title='bbox 1852 2673 2053 2728; x_wconf 88' lang='lat' dir='ltr'><strong>Christi</strong></span> 
     </span>
    </p>
   </div>
   <div class='ocr_carea' id='block_1_44' title="bbox 483 2753 2053 2830">
    <p class='ocr_par' dir='ltr' id='par_1_44' title="bbox 483 2753 2053 2830">
     <span class='ocr_line' id='line_1_44' title="bbox 483 2753 2053 2830; baseline 0.007 -24"><span class='ocrx_word' id='word_1_331' title='bbox 483 2753 667 2823; x_wconf 84' lang='lat' dir='ltr'><strong>rapido</strong></span> <span class='ocrx_word' id='word_1_332' title='bbox 698 2759 905 2810; x_wconf 89' lang='lat' dir='ltr'><strong>tumore</strong></span> <span class='ocrx_word' id='word_1_333' title='bbox 929 2758 1179 2812; x_wconf 82' lang='lat' dir='ltr'><strong>surrexit.</strong></span> <span class='ocrx_word' id='word_1_334' title='bbox 1211 2758 1315 2815; x_wconf 89' lang='lat' dir='ltr'><strong>Sed</strong></span> <span class='ocrx_word' id='word_1_335' title='bbox 1349 2770 1522 2815; x_wconf 88' lang='lat' dir='ltr'><strong>tamen</strong></span> <span class='ocrx_word' id='word_1_336' title='bbox 1557 2777 1622 2816; x_wconf 91' lang='lat' dir='ltr'><strong>ne</strong></span> <span class='ocrx_word' id='word_1_337' title='bbox 1654 2771 1930 2830; x_wconf 87' lang='lat' dir='ltr'><strong>putaretur</strong></span> <span class='ocrx_word' id='word_1_338' title='bbox 1959 2781 2053 2817; x_wconf 93' lang='lat' dir='ltr'><strong>vo-</strong></span> 
     </span>
    </p>
   </div>
   <div class='ocr_carea' id='block_1_45' title="bbox 481 2847 2047 2922">
    <p class='ocr_par' dir='ltr' id='par_1_45' title="bbox 481 2847 2047 2922">
     <span class='ocr_line' id='line_1_45' title="bbox 481 2847 2047 2922; baseline 0.008 -25"><span class='ocrx_word' id='word_1_339' title='bbox 481 2847 654 2900; x_wconf 88' lang='lat' dir='ltr'><strong>luntas</strong></span> <span class='ocrx_word' id='word_1_340' title='bbox 681 2847 769 2902; x_wconf 87' lang='lat' dir='ltr'><strong>illa</strong></span> <span class='ocrx_word' id='word_1_341' title='bbox 798 2865 862 2903; x_wconf 84' lang='lat' dir='ltr'><strong>ex</strong></span> <span class='ocrx_word' id='word_1_342' title='bbox 885 2863 976 2903; x_wconf 90' lang='lat' dir='ltr'><strong>sua</strong></span> <span class='ocrx_word' id='word_1_343' title='bbox 1009 2860 1268 2919; x_wconf 86' lang='lat' dir='ltr'><strong>potestate</strong></span> <span class='ocrx_word' id='word_1_344' title='bbox 1295 2855 1546 2922; x_wconf 85' lang='lat' dir='ltr'><strong>grassari,</strong></span> <span class='ocrx_word' id='word_1_345' title='bbox 1579 2855 1708 2910; x_wconf 90' lang='lat' dir='ltr'><strong>dicit</strong></span> <span class='ocrx_word' id='word_1_346' title='bbox 1737 2859 1896 2910; x_wconf 82' lang='lat' dir='ltr'><strong>etiam</strong></span> <span class='ocrx_word' id='word_1_347' title='bbox 1929 2857 2008 2912; x_wconf 88' lang='lat' dir='ltr'><strong>bis</strong></span> <span class='ocrx_word' id='word_1_348' title='bbox 2035 2876 2047 2910; x_wconf 89' lang='lat'>:</span> 
     </span>
    </p>
   </div>
   <div class='ocr_carea' id='block_1_46' title="bbox 480 2934 2048 3016">
    <p class='ocr_par' dir='ltr' id='par_1_46' title="bbox 480 2934 2048 3016">
     <span class='ocr_line' id='line_1_46' title="bbox 480 2934 2048 3016; baseline 0.01 -28"><span class='ocrx_word' id='word_1_349' title='bbox 480 2934 560 2989; x_wconf 84' lang='lat' dir='ltr'><strong>Tu</strong></span> <span class='ocrx_word' id='word_1_350' title='bbox 589 2939 886 3006; x_wconf 85' lang='lat' dir='ltr'><strong>dominaris,</strong></span> <span class='ocrx_word' id='word_1_351' title='bbox 930 2943 1142 3012; x_wconf 86' lang='lat' dir='ltr'><strong>quando</strong></span> <span class='ocrx_word' id='word_1_352' title='bbox 1182 2945 1385 3000; x_wconf 79' lang='lat' dir='ltr'><strong>feroces</strong></span> <span class='ocrx_word' id='word_1_353' title='bbox 1418 2957 1592 3000; x_wconf 89' lang='lat' dir='ltr'><strong>motus</strong></span> <span class='ocrx_word' id='word_1_354' title='bbox 1621 2963 1716 3016; x_wconf 89' lang='lat' dir='ltr'><strong>pro</strong></span> <span class='ocrx_word' id='word_1_355' title='bbox 1745 2958 2048 3003; x_wconf 86' lang='lat' dir='ltr'><strong>sanctorum</strong></span> 
     </span>
    </p>
   </div>
   <div class='ocr_carea' id='block_1_47' title="bbox 480 3027 2110 3107">
    <p class='ocr_par' dir='ltr' id='par_1_47' title="bbox 480 3027 2110 3107">
     <span class='ocr_line' id='line_1_47' title="bbox 480 3027 2110 3107; baseline 0.009 -27"><span class='ocrx_word' id='word_1_356' title='bbox 480 3027 707 3084; x_wconf 85' lang='lat' dir='ltr'><strong>utilitate</strong></span> <span class='ocrx_word' id='word_1_357' title='bbox 745 3032 1013 3086; x_wconf 83' lang='lat' dir='ltr'><strong>convertis</strong></span> <span class='ocrx_word' id='word_1_358' title='bbox 1046 3049 1061 3097; x_wconf 91' lang='lat'><strong>;</strong></span> <span class='ocrx_word' id='word_1_359' title='bbox 1113 3035 1249 3088; x_wconf 92' lang='lat' dir='ltr'><strong>sicut</strong></span> <span class='ocrx_word' id='word_1_360' title='bbox 1287 3036 1400 3104; x_wconf 81' lang='lat' dir='ltr'><strong>ipse</strong></span> <span class='ocrx_word' id='word_1_361' title='bbox 1438 3037 1490 3090; x_wconf 93' lang='lat' dir='ltr'><strong>in</strong></span> <span class='ocrx_word' id='word_1_362' title='bbox 1535 3037 1822 3107; x_wconf 80' lang='lat' dir='ltr'><strong>Evangelia</strong></span> <span class='ocrx_word' id='word_1_363' title='bbox 1861 3040 1990 3094; x_wconf 88' lang='lat' dir='ltr'><strong>dicit</strong></span> <span class='ocrx_word' id='word_1_364' title='bbox 2031 3056 2046 3093; x_wconf 89' lang='lat'><strong>:</strong></span> <span class='ocrx_word' id='word_1_365' title='bbox 2105 3039 2110 3044; x_wconf 84' lang='grc'><em>’</em></span> 
     </span>
    </p>
   </div>
   <div class='ocr_carea' id='block_1_48' title="bbox 2235 1848 3708 1918">
    <p class='ocr_par' dir='ltr' id='par_1_48' title="bbox 2235 1848 3708 1918">
     <span class='ocr_line' id='line_1_48' title="bbox 2235 1848 3708 1918; baseline -0.001 -14"><span class='ocrx_word' id='word_1_366' title='bbox 2235 1851 2387 1906; x_wconf 77' lang='lat' dir='ltr'><strong>Vcrs.</strong></span> <span class='ocrx_word' id='word_1_367' title='bbox 2423 1853 2508 1905; x_wconf 74' lang='grc'><strong>12.</strong></span> <span class='ocrx_word' id='word_1_368' title='bbox 2551 1852 2849 1918; x_wconf 82' lang='lat' dir='ltr'><strong>Aquilonem</strong></span> <span class='ocrx_word' id='word_1_369' title='bbox 2889 1858 2934 1902; x_wconf 89' lang='lat' dir='ltr'><strong>et</strong></span> <span class='ocrx_word' id='word_1_370' title='bbox 2968 1864 3105 1902; x_wconf 85' lang='lat' dir='ltr'><strong>mare</strong></span> <span class='ocrx_word' id='word_1_371' title='bbox 3137 1859 3190 1900; x_wconf 87' lang='lat' dir='ltr'><strong>tu</strong></span> <span class='ocrx_word' id='word_1_372' title='bbox 3223 1849 3494 1915; x_wconf 79' lang='lat' dir='ltr'><strong>fundasti:</strong></span> <span class='ocrx_word' id='word_1_373' title='bbox 3525 1848 3708 1903; x_wconf 81' lang='lat' dir='ltr'><strong>Thabar</strong></span> 
     </span>
    </p>
   </div>
   <div class='ocr_carea' id='block_1_49' title="bbox 2159 1939 3709 2008">
    <p class='ocr_par' dir='ltr' id='par_1_49' title="bbox 2159 1939 3709 2008">
     <span class='ocr_line' id='line_1_49' title="bbox 2159 1939 3709 2008; baseline -0.001 -13"><span class='ocrx_word' id='word_1_374' title='bbox 2159 1952 2203 1996; x_wconf 89' lang='lat' dir='ltr'><strong>et</strong></span> <span class='ocrx_word' id='word_1_375' title='bbox 2252 1941 2475 1994; x_wconf 63' lang='lat' dir='ltr'><strong>Hermon</strong></span> <span class='ocrx_word' id='word_1_376' title='bbox 2517 1943 2568 1993; x_wconf 87' lang='lat' dir='ltr'><strong>in</strong></span> <span class='ocrx_word' id='word_1_377' title='bbox 2622 1942 2824 1993; x_wconf 80' lang='lat' dir='ltr'><strong>nomine</strong></span> <span class='ocrx_word' id='word_1_378' title='bbox 2875 1949 2962 1992; x_wconf 88' lang='lat' dir='ltr'><strong>tuo</strong></span> <span class='ocrx_word' id='word_1_379' title='bbox 3011 1939 3367 1992; x_wconf 74' lang='lat' dir='ltr'><strong>exsultabant.</strong></span> <span class='ocrx_word' id='word_1_380' title='bbox 3419 1941 3709 2008; x_wconf 80' lang='lat' dir='ltr'><strong>Aquilonem,</strong></span> 
     </span>
    </p>
   </div>
   <div class='ocr_carea' id='block_1_50' title="bbox 2165 2029 3713 2099">
    <p class='ocr_par' dir='ltr' id='par_1_50' title="bbox 2165 2029 3713 2099">
     <span class='ocr_line' id='line_1_50' title="bbox 2165 2029 3713 2099; baseline 0.001 -15"><span class='ocrx_word' id='word_1_381' title='bbox 2165 2032 2340 2085; x_wconf 91' lang='lat' dir='ltr'><strong>adhuc</strong></span> <span class='ocrx_word' id='word_1_382' title='bbox 2366 2031 2641 2085; x_wconf 84' lang='lat' dir='ltr'><strong>diabolum</strong></span> <span class='ocrx_word' id='word_1_383' title='bbox 2671 2029 2958 2099; x_wconf 83' lang='lat' dir='ltr'><strong>signiﬁcat,</strong></span> <span class='ocrx_word' id='word_1_384' title='bbox 2989 2031 3079 2099; x_wconf 89' lang='lat' dir='ltr'><strong>qui</strong></span> <span class='ocrx_word' id='word_1_385' title='bbox 3113 2031 3257 2084; x_wconf 84' lang='lat' dir='ltr'><strong>dixit</strong></span> <span class='ocrx_word' id='word_1_386' title='bbox 3293 2047 3306 2082; x_wconf 90' lang='lat'><strong>:</strong></span> <span class='ocrx_word' id='word_1_387' title='bbox 3362 2029 3548 2084; x_wconf 88' lang='lat' dir='ltr'><strong>Ponam</strong></span> <span class='ocrx_word' id='word_1_388' title='bbox 3568 2037 3713 2085; x_wconf 87' lang='lat' dir='ltr'><strong>sedem</strong></span> 
     </span>
    </p>
   </div>
   <div class='ocr_carea' id='block_1_51' title="bbox 2160 2121 3714 2194">
    <p class='ocr_par' dir='ltr' id='par_1_51' title="bbox 2160 2121 3714 2194">
     <span class='ocr_line' id='line_1_51' title="bbox 2160 2121 3714 2194; baseline -0.002 -18"><span class='ocrx_word' id='word_1_389' title='bbox 2160 2139 2325 2176; x_wconf 89' lang='lat' dir='ltr'><strong>meam</strong></span> <span class='ocrx_word' id='word_1_390' title='bbox 2356 2123 2406 2174; x_wconf 90' lang='lat' dir='ltr'><strong>in</strong></span> <span class='ocrx_word' id='word_1_391' title='bbox 2427 2121 2704 2194; x_wconf 75' lang='lat' dir='ltr'><strong>Aquilone,</strong></span> <span class='ocrx_word' id='word_1_392' title='bbox 2745 2135 2793 2174; x_wconf 86' lang='lat' dir='ltr'><strong>et</strong></span> <span class='ocrx_word' id='word_1_393' title='bbox 2819 2121 3002 2174; x_wconf 85' lang='lat' dir='ltr'><strong>similis</strong></span> <span class='ocrx_word' id='word_1_394' title='bbox 3037 2137 3123 2173; x_wconf 85' lang='lat' dir='ltr'><strong>ero</strong></span> <span class='ocrx_word' id='word_1_395' title='bbox 3153 2121 3420 2174; x_wconf 71' lang='grc' dir='ltr'>Αιιίυῦηιιι</span> <span class='ocrx_word' id='word_1_396' title='bbox 3457 2122 3598 2191; x_wconf 87' lang='lat' dir='ltr'><strong>(lsai.</strong></span> <span class='ocrx_word' id='word_1_397' title='bbox 3623 2138 3714 2190; x_wconf 82' lang='lat' dir='ltr'><strong>xiv,</strong></span> 
     </span>
    </p>
   </div>
   <div class='ocr_carea' id='block_1_52' title="bbox 2165 2209 3716 2280">
    <p class='ocr_par' dir='ltr' id='par_1_52' title="bbox 2165 2209 3716 2280">
     <span class='ocr_line' id='line_1_52' title="bbox 2165 2209 3716 2280; baseline 0 -14"><span class='ocrx_word' id='word_1_398' title='bbox 2165 2213 2249 2278; x_wconf 79' lang='lat' dir='ltr'><strong>l3,</strong></span> <span class='ocrx_word' id='word_1_399' title='bbox 2285 2211 2396 2280; x_wconf 76' lang='grc'><strong>14).</strong></span> <span class='ocrx_word' id='word_1_400' title='bbox 2444 2211 2591 2264; x_wconf 86' lang='lat' dir='ltr'><strong>Mare</strong></span> <span class='ocrx_word' id='word_1_401' title='bbox 2621 2211 2800 2264; x_wconf 82' lang='lat' dir='ltr'><strong>saeculi</strong></span> <span class='ocrx_word' id='word_1_402' title='bbox 2835 2211 2992 2278; x_wconf 87' lang='lat' dir='ltr'><strong>hujus</strong></span> <span class='ocrx_word' id='word_1_403' title='bbox 3021 2209 3188 2264; x_wconf 89' lang='lat' dir='ltr'><strong>elatas</strong></span> <span class='ocrx_word' id='word_1_404' title='bbox 3241 2222 3293 2265; x_wconf 89' lang='lat' dir='ltr'><strong>et</strong></span> <span class='ocrx_word' id='word_1_405' title='bbox 3343 2212 3542 2280; x_wconf 89' lang='lat' dir='ltr'><strong>iniquas</strong></span> <span class='ocrx_word' id='word_1_406' title='bbox 3568 2211 3716 2266; x_wconf 84' lang='lat' dir='ltr'><strong>homi-</strong></span> 
     </span>
    </p>
   </div>
   <div class='ocr_carea' id='block_1_53' title="bbox 2129 2302 3718 2372">
    <p class='ocr_par' dir='ltr' id='par_1_53' title="bbox 2129 2302 3718 2372">
     <span class='ocr_line' id='line_1_53' title="bbox 2129 2302 3718 2372; baseline 0 -16"><span class='ocrx_word' id='word_1_407' title='bbox 2129 2333 2140 2344; x_wconf 90' lang='lat'><strong>-</strong></span> <span class='ocrx_word' id='word_1_408' title='bbox 2160 2319 2285 2356; x_wconf 87' lang='lat' dir='ltr'><strong>num</strong></span> <span class='ocrx_word' id='word_1_409' title='bbox 2319 2310 2608 2369; x_wconf 79' lang='lat' dir='ltr'><strong>potestates</strong></span> <span class='ocrx_word' id='word_1_410' title='bbox 2637 2311 3008 2370; x_wconf 84' lang='lat' dir='ltr'><strong>competenter</strong></span> <span class='ocrx_word' id='word_1_411' title='bbox 3037 2302 3399 2368; x_wconf 70' lang='lat' dir='ltr'><strong>advertimus,</strong></span> <span class='ocrx_word' id='word_1_412' title='bbox 3430 2318 3538 2372; x_wconf 67' lang='lat' dir='ltr'><strong>quae</strong></span> <span class='ocrx_word' id='word_1_413' title='bbox 3559 2312 3718 2356; x_wconf 84' lang='lat' dir='ltr'><strong>contra</strong></span> 
     </span>
    </p>
   </div>
   <div class='ocr_carea' id='block_1_54' title="bbox 2163 2395 3710 2463">
    <p class='ocr_par' dir='ltr' id='par_1_54' title="bbox 2163 2395 3710 2463">
     <span class='ocr_line' id='line_1_54' title="bbox 2163 2395 3710 2463; baseline -0.001 -15"><span class='ocrx_word' id='word_1_414' title='bbox 2163 2396 2366 2450; x_wconf 84' lang='lat' dir='ltr'><strong>Dom&#39;ni</strong></span> <span class='ocrx_word' id='word_1_415' title='bbox 2413 2395 2662 2448; x_wconf 85' lang='lat' dir='ltr'><strong>mandata</strong></span> <span class='ocrx_word' id='word_1_416' title='bbox 2710 2395 2985 2461; x_wconf 73' lang='lat' dir='ltr'><strong>sacuilegis</strong></span> <span class='ocrx_word' id='word_1_417' title='bbox 3030 2395 3398 2449; x_wconf 78' lang='lat' dir='ltr'><strong>voluntatibus</strong></span> <span class='ocrx_word' id='word_1_418' title='bbox 3437 2395 3710 2463; x_wconf 83' lang='lat' dir='ltr'><strong>eriguntur,</strong></span> 
     </span>
    </p>
   </div>
   <div class='ocr_carea' id='block_1_55' title="bbox 2160 2484 3712 2552">
    <p class='ocr_par' dir='ltr' id='par_1_55' title="bbox 2160 2484 3712 2552">
     <span class='ocr_line' id='line_1_55' title="bbox 2160 2484 3712 2552; baseline 0 -14"><span class='ocrx_word' id='word_1_419' title='bbox 2160 2500 2262 2538; x_wconf 90' lang='lat' dir='ltr'><strong>non</strong></span> <span class='ocrx_word' id='word_1_420' title='bbox 2311 2495 2366 2538; x_wconf 91' lang='lat' dir='ltr'><strong>ut</strong></span> <span class='ocrx_word' id='word_1_421' title='bbox 2399 2485 2700 2552; x_wconf 79' lang='lat' dir='ltr'><strong>proﬁciant,</strong></span> <span class='ocrx_word' id='word_1_422' title='bbox 2744 2486 2836 2538; x_wconf 91' lang='lat' dir='ltr'><strong>sed</strong></span> <span class='ocrx_word' id='word_1_423' title='bbox 2886 2494 2941 2537; x_wconf 91' lang='lat' dir='ltr'><strong>ut</strong></span> <span class='ocrx_word' id='word_1_424' title='bbox 2981 2484 3337 2540; x_wconf 85' lang='lat' dir='ltr'><strong>vehementer</strong></span> <span class='ocrx_word' id='word_1_425' title='bbox 3377 2491 3712 2540; x_wconf 86' lang='lat' dir='ltr'><strong>occumbant:</strong></span> 
     </span>
    </p>
   </div>
   <div class='ocr_carea' id='block_1_56' title="bbox 2157 2575 3715 2645">
    <p class='ocr_par' dir='ltr' id='par_1_56' title="bbox 2157 2575 3715 2645">
     <span class='ocr_line' id='line_1_56' title="bbox 2157 2575 3715 2645; baseline 0.001 -17"><span class='ocrx_word' id='word_1_426' title='bbox 2157 2575 2437 2644; x_wconf 62' lang='lat' dir='ltr'><strong>increpans</strong></span> <span class='ocrx_word' id='word_1_427' title='bbox 2491 2586 2744 2644; x_wconf 71' lang='lat' dir='ltr'><strong>utrosque</strong></span> <span class='ocrx_word' id='word_1_428' title='bbox 2795 2576 3273 2643; x_wconf 73' lang='lat' dir='ltr'><strong>prtesnmptionem</strong></span> <span class='ocrx_word' id='word_1_429' title='bbox 3327 2579 3380 2630; x_wconf 93' lang='lat' dir='ltr'><strong>in</strong></span> <span class='ocrx_word' id='word_1_430' title='bbox 3435 2591 3492 2630; x_wconf 88' lang='lat' dir='ltr'><strong>se</strong></span> <span class='ocrx_word' id='word_1_431' title='bbox 3539 2590 3715 2645; x_wconf 86' lang='lat' dir='ltr'><strong>ponere</strong></span> 
     </span>
    </p>
   </div>
   <div class='ocr_carea' id='block_1_57' title="bbox 2159 2665 3718 2729">
    <p class='ocr_par' dir='ltr' id='par_1_57' title="bbox 2159 2665 3718 2729">
     <span class='ocr_line' id='line_1_57' title="bbox 2159 2665 3718 2729; baseline 0.002 -10"><span class='ocrx_word' id='word_1_432' title='bbox 2159 2683 2262 2719; x_wconf 88' lang='lat' dir='ltr'><strong>non</strong></span> <span class='ocrx_word' id='word_1_433' title='bbox 2312 2665 2528 2729; x_wconf 87' lang='lat' dir='ltr'><strong>debere,</strong></span> <span class='ocrx_word' id='word_1_434' title='bbox 2580 2666 2704 2719; x_wconf 89' lang='lat' dir='ltr'><strong>dum</strong></span> <span class='ocrx_word' id='word_1_435' title='bbox 2757 2681 2852 2720; x_wconf 86' lang='lat' dir='ltr'><strong>eos</strong></span> <span class='ocrx_word' id='word_1_436' title='bbox 2903 2681 2932 2718; x_wconf 90' lang='lat' dir='ltr'><strong>a</strong></span> <span class='ocrx_word' id='word_1_437' title='bbox 2981 2667 3211 2720; x_wconf 90' lang='lat' dir='ltr'><strong>Domino</strong></span> <span class='ocrx_word' id='word_1_438' title='bbox 3257 2683 3357 2722; x_wconf 92' lang='lat' dir='ltr'><strong>suo</strong></span> <span class='ocrx_word' id='word_1_439' title='bbox 3387 2676 3591 2722; x_wconf 88' lang='lat' dir='ltr'><strong>constet</strong></span> <span class='ocrx_word' id='word_1_440' title='bbox 3614 2680 3718 2722; x_wconf 82' lang='lat' dir='ltr'><strong>esse</strong></span> 
     </span>
    </p>
   </div>
   <div class='ocr_carea' id='block_1_58' title="bbox 2155 2755 3714 2826">
    <p class='ocr_par' dir='ltr' id='par_1_58' title="bbox 2155 2755 3714 2826">
     <span class='ocr_line' id='line_1_58' title="bbox 2155 2755 3714 2826; baseline -0.003 -16"><span class='ocrx_word' id='word_1_441' title='bbox 2155 2758 2467 2826; x_wconf 86' lang='lat' dir='ltr'><strong>plasmatos.</strong></span> <span class='ocrx_word' id='word_1_442' title='bbox 2509 2755 2766 2809; x_wconf 78' lang='lat' dir='ltr'><strong>Creatura</strong></span> <span class='ocrx_word' id='word_1_443' title='bbox 2807 2756 2946 2808; x_wconf 79' lang='lat' dir='ltr'><strong>enirn</strong></span> <span class='ocrx_word' id='word_1_444' title='bbox 2980 2757 3266 2824; x_wconf 88' lang='lat' dir='ltr'><strong>superbire</strong></span> <span class='ocrx_word' id='word_1_445' title='bbox 3297 2772 3402 2809; x_wconf 89' lang='lat' dir='ltr'><strong>non</strong></span> <span class='ocrx_word' id='word_1_446' title='bbox 3448 2756 3600 2811; x_wconf 89' lang='lat' dir='ltr'><strong>debet</strong></span> <span class='ocrx_word' id='word_1_447' title='bbox 3623 2761 3714 2808; x_wconf 62' lang='lat' dir='ltr'><strong>Au.</strong></span> 
     </span>
    </p>
   </div>
   <div class='ocr_carea' id='block_1_59' title="bbox 2156 2851 3716 2920">
    <p class='ocr_par' dir='ltr' id='par_1_59' title="bbox 2156 2851 3716 2920">
     <span class='ocr_line' id='line_1_59' title="bbox 2156 2851 3716 2920; baseline 0 -16"><span class='ocrx_word' id='word_1_448' title='bbox 2156 2852 2314 2916; x_wconf 88' lang='lat' dir='ltr'><strong>ctori,</strong></span> <span class='ocrx_word' id='word_1_449' title='bbox 2345 2867 2462 2918; x_wconf 73' lang='lat' dir='ltr'><strong>qum</strong></span> <span class='ocrx_word' id='word_1_450' title='bbox 2493 2852 2561 2904; x_wconf 88' lang='lat' dir='ltr'><strong>ab</strong></span> <span class='ocrx_word' id='word_1_451' title='bbox 2587 2864 2654 2904; x_wconf 92' lang='lat' dir='ltr'><strong>eo</strong></span> <span class='ocrx_word' id='word_1_452' title='bbox 2682 2859 2739 2903; x_wconf 91' lang='lat' dir='ltr'><strong>ut</strong></span> <span class='ocrx_word' id='word_1_453' title='bbox 2773 2851 3005 2905; x_wconf 80' lang='lat' dir='ltr'><strong>existere</strong></span> <span class='ocrx_word' id='word_1_454' title='bbox 3042 2852 3334 2920; x_wconf 90' lang='lat' dir='ltr'><strong>potuisset,</strong></span> <span class='ocrx_word' id='word_1_455' title='bbox 3367 2852 3588 2920; x_wconf 89' lang='lat' dir='ltr'><strong>accepit.</strong></span> <span class='ocrx_word' id='word_1_456' title='bbox 3629 2851 3716 2907; x_wconf 83' lang='lat' dir='ltr'><strong>Se-</strong></span> 
     </span>
    </p>
   </div>
   <div class='ocr_carea' id='block_1_60' title="bbox 2155 2938 3715 3010">
    <p class='ocr_par' dir='ltr' id='par_1_60' title="bbox 2155 2938 3715 3010">
     <span class='ocr_line' id='line_1_60' title="bbox 2155 2938 3715 3010; baseline 0.003 -20"><span class='ocrx_word' id='word_1_457' title='bbox 2155 2941 2355 3010; x_wconf 88' lang='lat' dir='ltr'><strong>quitur,</strong></span> <span class='ocrx_word' id='word_1_458' title='bbox 2393 2938 2604 2993; x_wconf 84' lang='lat' dir='ltr'><strong>Thabor</strong></span> <span class='ocrx_word' id='word_1_459' title='bbox 2634 2950 2683 2993; x_wconf 84' lang='lat' dir='ltr'><strong>et</strong></span> <span class='ocrx_word' id='word_1_460' title='bbox 2708 2938 2938 2994; x_wconf 84' lang='lat' dir='ltr'><strong>Hermon</strong></span> <span class='ocrx_word' id='word_1_461' title='bbox 2965 2942 3016 2992; x_wconf 87' lang='lat' dir='ltr'><strong>in</strong></span> <span class='ocrx_word' id='word_1_462' title='bbox 3049 2943 3258 2994; x_wconf 85' lang='lat' dir='ltr'><strong>nomine</strong></span> <span class='ocrx_word' id='word_1_463' title='bbox 3287 2953 3373 2995; x_wconf 90' lang='lat' dir='ltr'><strong>tuo</strong></span> <span class='ocrx_word' id='word_1_464' title='bbox 3403 2941 3715 2996; x_wconf 70' lang='lat' dir='ltr'><strong>exsultabant.</strong></span> 
     </span>
    </p>
   </div>
   <div class='ocr_carea' id='block_1_61' title="bbox 2157 3029 3716 3104">
    <p class='ocr_par' dir='ltr' id='par_1_61' title="bbox 2157 3029 3716 3104">
     <span class='ocr_line' id='line_1_61' title="bbox 2157 3029 3716 3104; baseline 0.001 -21"><span class='ocrx_word' id='word_1_465' title='bbox 2157 3029 2357 3084; x_wconf 79' lang='lat' dir='ltr'><strong>Thabor</strong></span> <span class='ocrx_word' id='word_1_466' title='bbox 2407 3042 2453 3084; x_wconf 92' lang='lat' dir='ltr'><strong>et</strong></span> <span class='ocrx_word' id='word_1_467' title='bbox 2492 3029 2738 3094; x_wconf 83' lang='lat' dir='ltr'><strong>Hcrman,</strong></span> <span class='ocrx_word' id='word_1_468' title='bbox 2783 3041 2990 3085; x_wconf 87' lang='lat' dir='ltr'><strong>montes</strong></span> <span class='ocrx_word' id='word_1_469' title='bbox 3035 3041 3164 3084; x_wconf 90' lang='lat' dir='ltr'><strong>sunt</strong></span> <span class='ocrx_word' id='word_1_470' title='bbox 3207 3033 3381 3104; x_wconf 77' lang='lat' dir='ltr'><strong>Syriae</strong></span> <span class='ocrx_word' id='word_1_471' title='bbox 3435 3033 3716 3101; x_wconf 70' lang='lat' dir='ltr'><strong>provinciae,</strong></span> 
     </span>
    </p>
   </div>
   <div class='ocr_carea' id='block_1_62' title="bbox 483 3115 3723 3194">
    <p class='ocr_par' dir='ltr' id='par_1_62' title="bbox 483 3115 3723 3194">
     <span class='ocr_line' id='line_1_62' title="bbox 483 3115 3723 3194; baseline -0 -20"><span class='ocrx_word' id='word_1_472' title='bbox 483 3121 600 3176; x_wconf 83' lang='lat' dir='ltr'><strong>Non</strong></span> <span class='ocrx_word' id='word_1_473' title='bbox 630 3123 840 3179; x_wconf 82' lang='lat' dir='ltr'><strong>haberes</strong></span> <span class='ocrx_word' id='word_1_474' title='bbox 868 3127 922 3178; x_wconf 86' lang='lat' dir='ltr'><strong>in</strong></span> <span class='ocrx_word' id='word_1_475' title='bbox 949 3143 1027 3179; x_wconf 89' lang='lat' dir='ltr'><strong>me</strong></span> <span class='ocrx_word' id='word_1_476' title='bbox 1057 3137 1378 3194; x_wconf 85' lang='lat' dir='ltr'><strong>potestatem,</strong></span> <span class='ocrx_word' id='word_1_477' title='bbox 1410 3129 1506 3182; x_wconf 87' lang='lat' dir='ltr'><strong>nisi</strong></span> <span class='ocrx_word' id='word_1_478' title='bbox 1537 3129 1628 3182; x_wconf 84' lang='lat' dir='ltr'><strong>tibi</strong></span> <span class='ocrx_word' id='word_1_479' title='bbox 1655 3131 1777 3183; x_wconf 83' lang='lat' dir='ltr'><strong>data</strong></span> <span class='ocrx_word' id='word_1_480' title='bbox 1804 3143 1931 3184; x_wconf 81' lang='lat' dir='ltr'><strong>esset</strong></span> <span class='ocrx_word' id='word_1_481' title='bbox 1961 3131 2048 3184; x_wconf 66' lang='lat' dir='ltr'><strong>deo</strong></span> <span class='ocrx_word' id='word_1_482' title='bbox 2077 3115 2122 3178; x_wconf 89' lang='lat' dir='ltr'><strong>C</strong></span> <span class='ocrx_word' id='word_1_483' title='bbox 2154 3135 2378 3190; x_wconf 89' lang='lat' dir='ltr'><strong>quorum</strong></span> <span class='ocrx_word' id='word_1_484' title='bbox 2402 3121 2616 3175; x_wconf 90' lang='lat' dir='ltr'><strong>nomina</strong></span> <span class='ocrx_word' id='word_1_485' title='bbox 2641 3121 2874 3190; x_wconf 89' lang='lat' dir='ltr'><strong>ingentia</strong></span> <span class='ocrx_word' id='word_1_486' title='bbox 2901 3129 3240 3176; x_wconf 87' lang='lat' dir='ltr'><strong>sacramenta</strong></span> <span class='ocrx_word' id='word_1_487' title='bbox 3267 3123 3581 3192; x_wconf 86' lang='lat' dir='ltr'><strong>parturiunt.</strong></span> <span class='ocrx_word' id='word_1_488' title='bbox 3602 3120 3723 3175; x_wconf 77' lang='lat' dir='ltr'><strong>Ths-</strong></span> 
     </span>
    </p>
   </div>
   <div class='ocr_carea' id='block_1_63' title="bbox 477 3216 2045 3289">
    <p class='ocr_par' dir='ltr' id='par_1_63' title="bbox 477 3216 2045 3289">
     <span class='ocr_line' id='line_1_63' title="bbox 477 3216 2045 3289; baseline 0.006 -22"><span class='ocrx_word' id='word_1_489' title='bbox 477 3231 633 3284; x_wconf 85' lang='lat' dir='ltr'><strong>super</strong></span> <span class='ocrx_word' id='word_1_490' title='bbox 671 3216 853 3284; x_wconf 84' lang='lat' dir='ltr'><strong>(Joan.</strong></span> <span class='ocrx_word' id='word_1_491' title='bbox 888 3233 999 3282; x_wconf 76' lang='lat' dir='ltr'><strong>xu,</strong></span> <span class='ocrx_word' id='word_1_492' title='bbox 1042 3217 1154 3274; x_wconf 65' lang='lat' dir='ltr'><strong>Hi.</strong></span> <span class='ocrx_word' id='word_1_493' title='bbox 1199 3219 1261 3271; x_wconf 85' lang='lat' dir='ltr'><strong>Et</strong></span> <span class='ocrx_word' id='word_1_494' title='bbox 1301 3221 1421 3288; x_wconf 89' lang='lat' dir='ltr'><strong>quia</strong></span> <span class='ocrx_word' id='word_1_495' title='bbox 1461 3221 1688 3285; x_wconf 77' lang='lat' dir='ltr'><strong>dixerat,</strong></span> <span class='ocrx_word' id='word_1_496' title='bbox 1728 3222 2045 3289; x_wconf 86' lang='lat' dir='ltr'><strong>dominaris,</strong></span> 
     </span>
    </p>
   </div>
   <div class='ocr_carea' id='block_1_64' title="bbox 474 3307 2048 3381">
    <p class='ocr_par' dir='ltr' id='par_1_64' title="bbox 474 3307 2048 3381">
     <span class='ocr_line' id='line_1_64' title="bbox 474 3307 2048 3381; baseline 0.007 -24"><span class='ocrx_word' id='word_1_497' title='bbox 474 3307 718 3372; x_wconf 87' lang='lat' dir='ltr'><strong>sequitur</strong></span> <span class='ocrx_word' id='word_1_498' title='bbox 757 3309 912 3372; x_wconf 75' lang='lat' dir='ltr'><strong>digna</strong></span> <span class='ocrx_word' id='word_1_499' title='bbox 950 3309 1232 3376; x_wconf 83' lang='lat' dir='ltr'><strong>probatio;</strong></span> <span class='ocrx_word' id='word_1_500' title='bbox 1275 3310 1526 3379; x_wconf 87' lang='lat' dir='ltr'><strong>quoniam</strong></span> <span class='ocrx_word' id='word_1_501' title='bbox 1567 3313 1754 3381; x_wconf 85' lang='lat' dir='ltr'><strong>ﬂuctus</strong></span> <span class='ocrx_word' id='word_1_502' title='bbox 1793 3315 1905 3381; x_wconf 85' lang='lat' dir='ltr'><strong>ejus</strong></span> <span class='ocrx_word' id='word_1_503' title='bbox 1934 3315 2048 3381; x_wconf 86' lang='lat' dir='ltr'><strong>ipse</strong></span> 
     </span>
    </p>
   </div>
   <div class='ocr_carea' id='block_1_65' title="bbox 473 3398 2042 3472">
    <p class='ocr_par' dir='ltr' id='par_1_65' title="bbox 473 3398 2042 3472">
     <span class='ocr_line' id='line_1_65' title="bbox 473 3398 2042 3472; baseline 0.006 -24"><span class='ocrx_word' id='word_1_504' title='bbox 473 3398 688 3467; x_wconf 85' lang='lat' dir='ltr'><strong>mitigat.</strong></span> <span class='ocrx_word' id='word_1_505' title='bbox 738 3398 800 3450; x_wconf 78' lang='lat' dir='ltr'><strong>Et</strong></span> <span class='ocrx_word' id='word_1_506' title='bbox 839 3399 1116 3454; x_wconf 86' lang='lat' dir='ltr'><strong>considera</strong></span> <span class='ocrx_word' id='word_1_507' title='bbox 1144 3401 1266 3469; x_wconf 87' lang='lat' dir='ltr'><strong>quia</strong></span> <span class='ocrx_word' id='word_1_508' title='bbox 1309 3402 1503 3472; x_wconf 81' lang='lat' dir='ltr'><strong>mitigat</strong></span> <span class='ocrx_word' id='word_1_509' title='bbox 1532 3402 1685 3466; x_wconf 75' lang='lat' dir='ltr'><strong>dixit,</strong></span> <span class='ocrx_word' id='word_1_510' title='bbox 1728 3418 1831 3456; x_wconf 92' lang='lat' dir='ltr'><strong>non</strong></span> <span class='ocrx_word' id='word_1_511' title='bbox 1864 3405 1998 3458; x_wconf 91' lang='lat' dir='ltr'><strong>tollit</strong></span> <span class='ocrx_word' id='word_1_512' title='bbox 2028 3421 2042 3469; x_wconf 92' lang='lat'><strong>;</strong></span> 
     </span>
    </p>
   </div>
   <div class='ocr_carea' id='block_1_66' title="bbox 472 3489 2044 3564">
    <p class='ocr_par' dir='ltr' id='par_1_66' title="bbox 472 3489 2044 3564">
     <span class='ocr_line' id='line_1_66' title="bbox 472 3489 2044 3564; baseline 0.003 -23"><span class='ocrx_word' id='word_1_513' title='bbox 472 3490 724 3554; x_wconf 86' lang='lat' dir='ltr'><strong>quoniam</strong></span> <span class='ocrx_word' id='word_1_514' title='bbox 755 3490 796 3541; x_wconf 90' lang='lat' dir='ltr'><strong>si</strong></span> <span class='ocrx_word' id='word_1_515' title='bbox 828 3504 944 3543; x_wconf 81' lang='lat' dir='ltr'><strong>eam</strong></span> <span class='ocrx_word' id='word_1_516' title='bbox 974 3489 1208 3545; x_wconf 77' lang='lat' dir='ltr'><strong>funditus</strong></span> <span class='ocrx_word' id='word_1_517' title='bbox 1245 3491 1526 3556; x_wconf 83' lang='lat' dir='ltr'><strong>adimeret,</strong></span> <span class='ocrx_word' id='word_1_518' title='bbox 1569 3507 1818 3546; x_wconf 84' lang='lat' dir='ltr'><strong>coronam</strong></span> <span class='ocrx_word' id='word_1_519' title='bbox 1848 3505 2044 3564; x_wconf 83' lang='lat' dir='ltr'><strong>marty-</strong></span> 
     </span>
    </p>
   </div>
   <div class='ocr_carea' id='block_1_67' title="bbox 474 3577 2044 3644">
    <p class='ocr_par' dir='ltr' id='par_1_67' title="bbox 474 3577 2044 3644">
     <span class='ocr_line' id='line_1_67' title="bbox 474 3577 2044 3644; baseline 0.005 -14"><span class='ocrx_word' id='word_1_520' title='bbox 474 3592 560 3632; x_wconf 85' lang='lat' dir='ltr'><strong>tes</strong></span> <span class='ocrx_word' id='word_1_521' title='bbox 591 3593 696 3631; x_wconf 91' lang='lat' dir='ltr'><strong>non</strong></span> <span class='ocrx_word' id='word_1_522' title='bbox 727 3577 1004 3633; x_wconf 85' lang='lat' dir='ltr'><strong>haberent.</strong></span> <span class='ocrx_word' id='word_1_523' title='bbox 1041 3580 1193 3644; x_wconf 81' lang='lat' dir='ltr'><strong>Quod</strong></span> <span class='ocrx_word' id='word_1_524' title='bbox 1221 3590 1273 3635; x_wconf 89' lang='lat' dir='ltr'><strong>et</strong></span> <span class='ocrx_word' id='word_1_525' title='bbox 1301 3581 1344 3633; x_wconf 88' lang='lat' dir='ltr'><strong>si</strong></span> <span class='ocrx_word' id='word_1_526' title='bbox 1382 3581 1632 3636; x_wconf 86' lang='lat' dir='ltr'><strong>historice</strong></span> <span class='ocrx_word' id='word_1_527' title='bbox 1673 3583 1824 3637; x_wconf 87' lang='lat' dir='ltr'><strong>malis</strong></span> <span class='ocrx_word' id='word_1_528' title='bbox 1854 3585 2044 3639; x_wconf 84' lang='lat' dir='ltr'><strong>adver-</strong></span> 
     </span>
    </p>
   </div>
   <div class='ocr_carea' id='block_1_68' title="bbox 471 3669 2042 3743">
    <p class='ocr_par' dir='ltr' id='par_1_68' title="bbox 471 3669 2042 3743">
     <span class='ocr_line' id='line_1_68' title="bbox 471 3669 2042 3743; baseline 0.004 -21"><span class='ocrx_word' id='word_1_529' title='bbox 471 3679 606 3733; x_wconf 83' lang='lat' dir='ltr'><strong>tere,</strong></span> <span class='ocrx_word' id='word_1_530' title='bbox 648 3669 928 3724; x_wconf 83' lang='lat' dir='ltr'><strong>Dominum</strong></span> <span class='ocrx_word' id='word_1_531' title='bbox 969 3673 1204 3743; x_wconf 84' lang='lat' dir='ltr'><strong>mitigare</strong></span> <span class='ocrx_word' id='word_1_532' title='bbox 1243 3675 1432 3742; x_wconf 84' lang='lat' dir='ltr'><strong>ﬂuctus</strong></span> <span class='ocrx_word' id='word_1_533' title='bbox 1473 3675 1632 3726; x_wconf 87' lang='lat' dir='ltr'><strong>maris</strong></span> <span class='ocrx_word' id='word_1_534' title='bbox 1675 3673 1892 3738; x_wconf 80' lang='lat' dir='ltr'><strong>(Matth.</strong></span> <span class='ocrx_word' id='word_1_535' title='bbox 1927 3691 2042 3742; x_wconf 87' lang='lat' dir='ltr'><strong>vm,</strong></span> 
     </span>
    </p>
   </div>
   <div class='ocr_carea' id='block_1_69' title="bbox 469 3759 2045 3833">
    <p class='ocr_par' dir='ltr' id='par_1_69' title="bbox 469 3759 2045 3833">
     <span class='ocr_line' id='line_1_69' title="bbox 469 3759 2045 3833; baseline 0.004 -19"><span class='ocrx_word' id='word_1_536' title='bbox 469 3759 566 3830; x_wconf 77' lang='grc'><strong>26)</strong></span> <span class='ocrx_word' id='word_1_537' title='bbox 608 3761 878 3829; x_wconf 80' lang='lat' dir='ltr'><strong>Evangelii</strong></span> <span class='ocrx_word' id='word_1_538' title='bbox 906 3763 1051 3816; x_wconf 83' lang='lat' dir='ltr'><strong>locus</strong></span> <span class='ocrx_word' id='word_1_539' title='bbox 1078 3764 1167 3816; x_wconf 90' lang='lat' dir='ltr'><strong>ille</strong></span> <span class='ocrx_word' id='word_1_540' title='bbox 1195 3773 1433 3828; x_wconf 86' lang='lat' dir='ltr'><strong>testatur,</strong></span> <span class='ocrx_word' id='word_1_541' title='bbox 1465 3765 1675 3832; x_wconf 86' lang='lat' dir='ltr'><strong>quando</strong></span> <span class='ocrx_word' id='word_1_542' title='bbox 1698 3765 2045 3833; x_wconf 57' lang='lat' dir='ltr'><strong>periclitanti-</strong></span> 
     </span>
    </p>
   </div>
   <div class='ocr_carea' id='block_1_70' title="bbox 469 3848 2043 3922">
    <p class='ocr_par' dir='ltr' id='par_1_70' title="bbox 469 3848 2043 3922">
     <span class='ocr_line' id='line_1_70' title="bbox 469 3848 2043 3922; baseline 0.003 -18"><span class='ocrx_word' id='word_1_543' title='bbox 469 3848 570 3905; x_wconf 84' lang='lat' dir='ltr'><strong>bus</strong></span> <span class='ocrx_word' id='word_1_544' title='bbox 608 3851 904 3919; x_wconf 85' lang='lat' dir='ltr'><strong>discipulis,</strong></span> <span class='ocrx_word' id='word_1_545' title='bbox 949 3864 1110 3908; x_wconf 91' lang='lat' dir='ltr'><strong>vento</strong></span> <span class='ocrx_word' id='word_1_546' title='bbox 1149 3864 1205 3907; x_wconf 88' lang='lat' dir='ltr'><strong>ut</strong></span> <span class='ocrx_word' id='word_1_547' title='bbox 1243 3854 1572 3922; x_wconf 83' lang='lat' dir='ltr'><strong>quiesceret,</strong></span> <span class='ocrx_word' id='word_1_548' title='bbox 1614 3857 1746 3908; x_wconf 90' lang='lat' dir='ltr'><strong>mari</strong></span> <span class='ocrx_word' id='word_1_549' title='bbox 1789 3866 1846 3910; x_wconf 90' lang='lat' dir='ltr'><strong>ut</strong></span> <span class='ocrx_word' id='word_1_550' title='bbox 1891 3865 2043 3909; x_wconf 85' lang='lat' dir='ltr'><strong>tran-</strong></span> 
     </span>
    </p>
   </div>
   <div class='ocr_carea' id='block_1_71' title="bbox 467 3941 1222 4012">
    <p class='ocr_par' dir='ltr' id='par_1_71' title="bbox 467 3941 1222 4012">
     <span class='ocr_line' id='line_1_71' title="bbox 467 3941 1222 4012; baseline 0.003 -18"><span class='ocrx_word' id='word_1_551' title='bbox 467 3941 690 4011; x_wconf 90' lang='lat' dir='ltr'><strong>quillum</strong></span> <span class='ocrx_word' id='word_1_552' title='bbox 722 3945 892 4007; x_wconf 82' lang='lat' dir='ltr'><strong>iteret,</strong></span> <span class='ocrx_word' id='word_1_553' title='bbox 923 3944 1222 4012; x_wconf 80' lang='lat' dir='ltr'><strong>imperavit.</strong></span> 
     </span>
    </p>
   </div>
   <div class='ocr_carea' id='block_1_72' title="bbox 542 4032 2041 4110">
    <p class='ocr_par' dir='ltr' id='par_1_72' title="bbox 542 4032 2041 4110">
     <span class='ocr_line' id='line_1_72' title="bbox 542 4032 2041 4110; baseline 0.003 -24"><span class='ocrx_word' id='word_1_554' title='bbox 542 4032 800 4089; x_wconf 67' lang='lat' dir='ltr'><strong>VersJO.</strong></span> <span class='ocrx_word' id='word_1_555' title='bbox 843 4033 924 4088; x_wconf 88' lang='lat' dir='ltr'><strong>Tu</strong></span> <span class='ocrx_word' id='word_1_556' title='bbox 968 4034 1248 4089; x_wconf 85' lang='lat' dir='ltr'><strong>humiliasti</strong></span> <span class='ocrx_word' id='word_1_557' title='bbox 1289 4038 1419 4089; x_wconf 69' lang='lat' dir='ltr'><strong>sicut</strong></span> <span class='ocrx_word' id='word_1_558' title='bbox 1464 4037 1804 4104; x_wconf 87' lang='lat' dir='ltr'><strong>vulneratum,</strong></span> <span class='ocrx_word' id='word_1_559' title='bbox 1861 4055 2041 4110; x_wconf 83' lang='lat' dir='ltr'><strong>super-</strong></span> 
     </span>
    </p>
   </div>
   <div class='ocr_carea' id='block_1_73' title="bbox 466 4124 2035 4193">
    <p class='ocr_par' dir='ltr' id='par_1_73' title="bbox 466 4124 2035 4193">
     <span class='ocr_line' id='line_1_73' title="bbox 466 4124 2035 4193; baseline 0.006 -17"><span class='ocrx_word' id='word_1_560' title='bbox 466 4124 583 4176; x_wconf 88' lang='lat' dir='ltr'><strong>bum</strong></span> <span class='ocrx_word' id='word_1_561' title='bbox 609 4141 626 4178; x_wconf 92' lang='lat'><strong><em>:</em></strong></span> <span class='ocrx_word' id='word_1_562' title='bbox 674 4135 721 4178; x_wconf 87' lang='lat' dir='ltr'><strong>et</strong></span> <span class='ocrx_word' id='word_1_563' title='bbox 751 4127 802 4178; x_wconf 90' lang='lat' dir='ltr'><strong>in</strong></span> <span class='ocrx_word' id='word_1_564' title='bbox 829 4128 1009 4181; x_wconf 84' lang='lat' dir='ltr'><strong>virtute</strong></span> <span class='ocrx_word' id='word_1_565' title='bbox 1033 4126 1226 4180; x_wconf 80' lang='lat' dir='ltr'><strong>brachii</strong></span> <span class='ocrx_word' id='word_1_566' title='bbox 1248 4131 1320 4180; x_wconf 87' lang='lat' dir='ltr'><strong>tui</strong></span> <span class='ocrx_word' id='word_1_567' title='bbox 1342 4129 1623 4193; x_wconf 86' lang='lat' dir='ltr'><strong>dispersisti</strong></span> <span class='ocrx_word' id='word_1_568' title='bbox 1651 4130 1878 4184; x_wconf 87' lang='lat' dir='ltr'><strong>inimicos</strong></span> <span class='ocrx_word' id='word_1_569' title='bbox 1903 4143 2035 4186; x_wconf 86' lang='lat' dir='ltr'><strong>tuos.</strong></span> 
     </span>
    </p>
   </div>
   <div class='ocr_carea' id='block_1_74' title="bbox 424 4200 2042 4292">
    <p class='ocr_par' dir='ltr' id='par_1_74' title="bbox 424 4200 2042 4292">
     <span class='ocr_line' id='line_1_74' title="bbox 424 4200 2042 4292; baseline 0.004 -20"><span class='ocrx_word' id='word_1_570' title='bbox 424 4200 429 4205; x_wconf 85' lang='grc'><strong>’</strong></span> <span class='ocrx_word' id='word_1_571' title='bbox 465 4216 570 4272; x_wconf 77' lang='lat' dir='ltr'><strong>Alii</strong></span> <span class='ocrx_word' id='word_1_572' title='bbox 597 4227 718 4271; x_wconf 88' lang='lat' dir='ltr'><strong>sunt</strong></span> <span class='ocrx_word' id='word_1_573' title='bbox 756 4220 842 4284; x_wconf 88' lang='lat' dir='ltr'><strong>qui</strong></span> <span class='ocrx_word' id='word_1_574' title='bbox 886 4220 1228 4274; x_wconf 75' lang='lat' dir='ltr'><strong>humiliantur</strong></span> <span class='ocrx_word' id='word_1_575' title='bbox 1266 4221 1330 4274; x_wconf 92' lang='lat' dir='ltr'><strong>ad</strong></span> <span class='ocrx_word' id='word_1_576' title='bbox 1370 4222 1600 4286; x_wconf 82' lang='lat' dir='ltr'><strong>ruinam,</strong></span> <span class='ocrx_word' id='word_1_577' title='bbox 1642 4224 1729 4276; x_wconf 87' lang='lat' dir='ltr'><strong>alii</strong></span> <span class='ocrx_word' id='word_1_578' title='bbox 1759 4225 1846 4292; x_wconf 87' lang='lat' dir='ltr'><strong>qui</strong></span> <span class='ocrx_word' id='word_1_579' title='bbox 1890 4225 2042 4279; x_wconf 81' lang='lat' dir='ltr'><strong>incli-</strong></span> 
     </span>
    </p>
   </div>
   <div class='ocr_carea' id='block_1_75' title="bbox 467 4308 2068 4374">
    <p class='ocr_par' dir='ltr' id='par_1_75' title="bbox 467 4308 2068 4374">
     <span class='ocr_line' id='line_1_75' title="bbox 467 4308 2068 4374; baseline 0.009 -18"><span class='ocrx_word' id='word_1_580' title='bbox 467 4318 660 4360; x_wconf 90' lang='lat' dir='ltr'><strong>nantur</strong></span> <span class='ocrx_word' id='word_1_581' title='bbox 685 4308 749 4361; x_wconf 89' lang='lat' dir='ltr'><strong>ad</strong></span> <span class='ocrx_word' id='word_1_582' title='bbox 777 4310 1021 4374; x_wconf 73' lang='lat' dir='ltr'><strong>gratiam.</strong></span> <span class='ocrx_word' id='word_1_583' title='bbox 1055 4309 1160 4363; x_wconf 90' lang='lat' dir='ltr'><strong>Sed</strong></span> <span class='ocrx_word' id='word_1_584' title='bbox 1193 4317 1250 4362; x_wconf 93' lang='lat' dir='ltr'><strong>ut</strong></span> <span class='ocrx_word' id='word_1_585' title='bbox 1283 4312 1333 4362; x_wconf 91' lang='lat' dir='ltr'><strong>in</strong></span> <span class='ocrx_word' id='word_1_586' title='bbox 1366 4311 1504 4363; x_wconf 90' lang='lat' dir='ltr'><strong>malo</strong></span> <span class='ocrx_word' id='word_1_587' title='bbox 1530 4312 1726 4365; x_wconf 89' lang='lat' dir='ltr'><strong>dictum</strong></span> <span class='ocrx_word' id='word_1_588' title='bbox 1756 4312 2068 4372; x_wconf 74' lang='lat' dir='ltr'><strong>debuisses,</strong></span> 
     </span>
    </p>
   </div>
   <div class='ocr_carea' id='block_1_76' title="bbox 465 4397 2037 4474">
    <p class='ocr_par' dir='ltr' id='par_1_76' title="bbox 465 4397 2037 4474">
     <span class='ocr_line' id='line_1_76' title="bbox 465 4397 2037 4474; baseline 0.008 -28"><span class='ocrx_word' id='word_1_589' title='bbox 465 4397 760 4464; x_wconf 80' lang='lat' dir='ltr'><strong>advertere,</strong></span> <span class='ocrx_word' id='word_1_590' title='bbox 795 4399 1008 4464; x_wconf 82' lang='lat' dir='ltr'><strong>posuit:</strong></span> <span class='ocrx_word' id='word_1_591' title='bbox 1047 4399 1189 4453; x_wconf 91' lang='lat' dir='ltr'><strong>Sicut</strong></span> <span class='ocrx_word' id='word_1_592' title='bbox 1218 4402 1533 4454; x_wconf 80' lang='lat' dir='ltr'><strong>vulneratum</strong></span> <span class='ocrx_word' id='word_1_593' title='bbox 1553 4404 1845 4470; x_wconf 84' lang='lat' dir='ltr'><strong>superbum.</strong></span> <span class='ocrx_word' id='word_1_594' title='bbox 1876 4405 2037 4474; x_wconf 70' lang='lat'><strong>300</strong></span> 
     </span>
    </p>
   </div>
   <div class='ocr_carea' id='block_1_77' title="bbox 2155 3212 3719 3284">
    <p class='ocr_par' dir='ltr' id='par_1_77' title="bbox 2155 3212 3719 3284">
     <span class='ocr_line' id='line_1_77' title="bbox 2155 3212 3719 3284; baseline -0.001 -17"><span class='ocrx_word' id='word_1_595' title='bbox 2155 3213 2251 3267; x_wconf 65' lang='lat' dir='ltr'><strong>bcr</strong></span> <span class='ocrx_word' id='word_1_596' title='bbox 2296 3213 2440 3266; x_wconf 89' lang='lat' dir='ltr'><strong>enim</strong></span> <span class='ocrx_word' id='word_1_597' title='bbox 2471 3213 2668 3267; x_wconf 90' lang='lat' dir='ltr'><strong>dicitur</strong></span> <span class='ocrx_word' id='word_1_598' title='bbox 2709 3214 2929 3267; x_wconf 85' lang='lat' dir='ltr'><strong>veniens</strong></span> <span class='ocrx_word' id='word_1_599' title='bbox 2978 3213 3202 3278; x_wconf 92' lang='lat' dir='ltr'><strong>lumen;</strong></span> <span class='ocrx_word' id='word_1_600' title='bbox 3259 3216 3400 3284; x_wconf 91' lang='lat' dir='ltr'><strong>quod</strong></span> <span class='ocrx_word' id='word_1_601' title='bbox 3441 3212 3719 3283; x_wconf 85' lang='lat' dir='ltr'><strong>specialiter</strong></span> 
     </span>
    </p>
   </div>
   <div class='ocr_carea' id='block_1_78' title="bbox 2150 3302 3716 3374">
    <p class='ocr_par' dir='ltr' id='par_1_78' title="bbox 2150 3302 3716 3374">
     <span class='ocr_line' id='line_1_78' title="bbox 2150 3302 3716 3374; baseline -0.001 -18"><span class='ocrx_word' id='word_1_602' title='bbox 2150 3305 2216 3357; x_wconf 88' lang='lat' dir='ltr'><strong>ad</strong></span> <span class='ocrx_word' id='word_1_603' title='bbox 2247 3304 2530 3357; x_wconf 84' lang='lat' dir='ltr'><strong>adventum</strong></span> <span class='ocrx_word' id='word_1_604' title='bbox 2563 3306 2791 3371; x_wconf 84' lang='lat' dir='ltr'><strong>pertinet</strong></span> <span class='ocrx_word' id='word_1_605' title='bbox 2825 3303 3034 3358; x_wconf 84' lang='lat' dir='ltr'><strong>Domini</strong></span> <span class='ocrx_word' id='word_1_606' title='bbox 3065 3304 3395 3367; x_wconf 85' lang='lat' dir='ltr'><strong>Salvatoris,</strong></span> <span class='ocrx_word' id='word_1_607' title='bbox 3427 3305 3492 3358; x_wconf 90' lang='lat' dir='ltr'><strong>de</strong></span> <span class='ocrx_word' id='word_1_608' title='bbox 3517 3319 3617 3374; x_wconf 87' lang='lat' dir='ltr'><strong>quo</strong></span> <span class='ocrx_word' id='word_1_609' title='bbox 3643 3302 3716 3355; x_wconf 87' lang='lat' dir='ltr'><strong>di-</strong></span> 
     </span>
    </p>
   </div>
   <div class='ocr_carea' id='block_1_79' title="bbox 2150 3396 3720 3466">
    <p class='ocr_par' dir='ltr' id='par_1_79' title="bbox 2150 3396 3720 3466">
     <span class='ocr_line' id='line_1_79' title="bbox 2150 3396 3720 3466; baseline -0.002 -16"><span class='ocrx_word' id='word_1_610' title='bbox 2150 3407 2294 3450; x_wconf 89' lang='lat' dir='ltr'><strong>ctum</strong></span> <span class='ocrx_word' id='word_1_611' title='bbox 2322 3405 2408 3451; x_wconf 88' lang='lat' dir='ltr'><strong>est</strong></span> <span class='ocrx_word' id='word_1_612' title='bbox 2453 3413 2465 3448; x_wconf 90' lang='lat'><strong>:</strong></span> <span class='ocrx_word' id='word_1_613' title='bbox 2516 3396 2644 3449; x_wconf 79' lang='lat' dir='ltr'><strong>Erat</strong></span> <span class='ocrx_word' id='word_1_614' title='bbox 2681 3397 2848 3450; x_wconf 84' lang='lat' dir='ltr'><strong>lumen</strong></span> <span class='ocrx_word' id='word_1_615' title='bbox 2875 3413 3044 3450; x_wconf 83' lang='lat' dir='ltr'><strong>verum</strong></span> <span class='ocrx_word' id='word_1_616' title='bbox 3075 3399 3217 3466; x_wconf 84' lang='lat' dir='ltr'><strong>quod</strong></span> <span class='ocrx_word' id='word_1_617' title='bbox 3261 3398 3518 3451; x_wconf 83' lang='lat' dir='ltr'><strong>illuminat</strong></span> <span class='ocrx_word' id='word_1_618' title='bbox 3545 3409 3720 3449; x_wconf 77' lang='lat' dir='ltr'><strong>cautem</strong></span> 
     </span>
    </p>
   </div>
   <div class='ocr_carea' id='block_1_80' title="bbox 2153 3486 3720 3558">
    <p class='ocr_par' dir='ltr' id='par_1_80' title="bbox 2153 3486 3720 3558">
     <span class='ocr_line' id='line_1_80' title="bbox 2153 3486 3720 3558; baseline -0.003 -15"><span class='ocrx_word' id='word_1_619' title='bbox 2153 3491 2407 3543; x_wconf 82' lang='lat' dir='ltr'><strong>hominem</strong></span> <span class='ocrx_word' id='word_1_620' title='bbox 2453 3490 2731 3543; x_wconf 82' lang='lat' dir='ltr'><strong>venientem</strong></span> <span class='ocrx_word' id='word_1_621' title='bbox 2782 3490 2833 3541; x_wconf 89' lang='lat' dir='ltr'><strong>in</strong></span> <span class='ocrx_word' id='word_1_622' title='bbox 2882 3489 3014 3541; x_wconf 87' lang='lat' dir='ltr'><strong>hunc</strong></span> <span class='ocrx_word' id='word_1_623' title='bbox 3055 3491 3315 3541; x_wconf 83' lang='lat' dir='ltr'><strong>mundum</strong></span> <span class='ocrx_word' id='word_1_624' title='bbox 3359 3488 3534 3558; x_wconf 83' lang='lat' dir='ltr'><strong>(Joan.</strong></span> <span class='ocrx_word' id='word_1_625' title='bbox 3580 3503 3612 3551; x_wconf 85' lang='grc' dir='ltr'>ι,</span> <span class='ocrx_word' id='word_1_626' title='bbox 3651 3486 3720 3549; x_wconf 86' lang='lat'><strong>9).</strong></span> 
     </span>
    </p>
   </div>
   <div class='ocr_carea' id='block_1_81' title="bbox 2154 3577 3714 3648">
    <p class='ocr_par' dir='ltr' id='par_1_81' title="bbox 2154 3577 3714 3648">
     <span class='ocr_line' id='line_1_81' title="bbox 2154 3577 3714 3648; baseline -0.004 -14"><span class='ocrx_word' id='word_1_627' title='bbox 2154 3581 2384 3634; x_wconf 81' lang='lat' dir='ltr'><strong>Hermon</strong></span> <span class='ocrx_word' id='word_1_628' title='bbox 2436 3580 2702 3648; x_wconf 84' lang='lat' dir='ltr'><strong>signiﬁcat</strong></span> <span class='ocrx_word' id='word_1_629' title='bbox 2755 3580 3037 3633; x_wconf 84' lang='lat' dir='ltr'><strong>anathema</strong></span> <span class='ocrx_word' id='word_1_630' title='bbox 3086 3581 3232 3646; x_wconf 87' lang='lat' dir='ltr'><strong>ejus,</strong></span> <span class='ocrx_word' id='word_1_631' title='bbox 3295 3579 3346 3634; x_wconf 90' lang='lat' dir='ltr'><strong>id</strong></span> <span class='ocrx_word' id='word_1_632' title='bbox 3394 3589 3476 3634; x_wconf 89' lang='lat' dir='ltr'><strong>est</strong></span> <span class='ocrx_word' id='word_1_633' title='bbox 3519 3577 3714 3637; x_wconf 82' lang='lat' dir='ltr'><strong>diaboli,</strong></span> 
     </span>
    </p>
   </div>
   <div class='ocr_carea' id='block_1_82' title="bbox 2152 3665 3722 3742">
    <p class='ocr_par' dir='ltr' id='par_1_82' title="bbox 2152 3665 3722 3742">
     <span class='ocr_line' id='line_1_82' title="bbox 2152 3665 3722 3742; baseline -0.004 -19"><span class='ocrx_word' id='word_1_634' title='bbox 2152 3673 2293 3742; x_wconf 87' lang='lat' dir='ltr'><strong>quod</strong></span> <span class='ocrx_word' id='word_1_635' title='bbox 2344 3687 2374 3726; x_wconf 91' lang='lat' dir='ltr'><strong>a</strong></span> <span class='ocrx_word' id='word_1_636' title='bbox 2405 3671 2725 3726; x_wconf 88' lang='lat' dir='ltr'><strong>Christianis</strong></span> <span class='ocrx_word' id='word_1_637' title='bbox 2760 3670 2983 3723; x_wconf 84' lang='lat' dir='ltr'><strong>Domino</strong></span> <span class='ocrx_word' id='word_1_638' title='bbox 3033 3672 3294 3725; x_wconf 79' lang='lat' dir='ltr'><strong>veniente</strong></span> <span class='ocrx_word' id='word_1_639' title='bbox 3346 3671 3597 3736; x_wconf 79' lang='lat' dir='ltr'><strong>suscepit.</strong></span> <span class='ocrx_word' id='word_1_640' title='bbox 3644 3665 3722 3718; x_wconf 84' lang='lat' dir='ltr'><strong>Di-</strong></span> 
     </span>
    </p>
   </div>
   <div class='ocr_carea' id='block_1_83' title="bbox 2145 3760 3720 3836">
    <p class='ocr_par' dir='ltr' id='par_1_83' title="bbox 2145 3760 3720 3836">
     <span class='ocr_line' id='line_1_83' title="bbox 2145 3760 3720 3836; baseline -0.006 -19"><span class='ocrx_word' id='word_1_641' title='bbox 2145 3781 2304 3836; x_wconf 82' lang='lat' dir='ltr'><strong>gnum</strong></span> <span class='ocrx_word' id='word_1_642' title='bbox 2365 3764 2504 3819; x_wconf 90' lang='lat' dir='ltr'><strong>enim</strong></span> <span class='ocrx_word' id='word_1_643' title='bbox 2561 3763 2683 3828; x_wconf 78' lang='lat' dir='ltr'><strong>fuit,</strong></span> <span class='ocrx_word' id='word_1_644' title='bbox 2733 3774 2789 3816; x_wconf 93' lang='lat' dir='ltr'><strong>ut</strong></span> <span class='ocrx_word' id='word_1_645' title='bbox 2840 3770 3111 3832; x_wconf 63' lang='lat' dir='ltr'><strong>praesente</strong></span> <span class='ocrx_word' id='word_1_646' title='bbox 3175 3763 3381 3817; x_wconf 85' lang='lat' dir='ltr'><strong>lumine</strong></span> <span class='ocrx_word' id='word_1_647' title='bbox 3433 3760 3720 3815; x_wconf 73' lang='lat' dir='ltr'><strong>tenebrosus</strong></span> 
     </span>
    </p>
   </div>
   <div class='ocr_carea' id='block_1_84' title="bbox 2157 3850 3724 3922">
    <p class='ocr_par' dir='ltr' id='par_1_84' title="bbox 2157 3850 3724 3922">
     <span class='ocr_line' id='line_1_84' title="bbox 2157 3850 3724 3922; baseline -0.006 -13"><span class='ocrx_word' id='word_1_648' title='bbox 2157 3855 2402 3910; x_wconf 87' lang='lat' dir='ltr'><strong>diabolus</strong></span> <span class='ocrx_word' id='word_1_649' title='bbox 2448 3855 2769 3908; x_wconf 88' lang='lat' dir='ltr'><strong>vinceretur.</strong></span> <span class='ocrx_word' id='word_1_650' title='bbox 2819 3852 2906 3905; x_wconf 90' lang='lat' dir='ltr'><strong>Isti</strong></span> <span class='ocrx_word' id='word_1_651' title='bbox 2929 3866 3056 3922; x_wconf 84' lang='lat' dir='ltr'><strong>ergo</strong></span> <span class='ocrx_word' id='word_1_652' title='bbox 3082 3854 3424 3905; x_wconf 76' lang='lat' dir='ltr'><strong>exsultabant</strong></span> <span class='ocrx_word' id='word_1_653' title='bbox 3460 3853 3512 3904; x_wconf 83' lang='lat' dir='ltr'><strong>in</strong></span> <span class='ocrx_word' id='word_1_654' title='bbox 3545 3850 3724 3902; x_wconf 75' lang='lat' dir='ltr'><strong>nomine</strong></span> 
     </span>
    </p>
   </div>
   <div class='ocr_carea' id='block_1_85' title="bbox 2151 3939 3716 4012">
    <p class='ocr_par' dir='ltr' id='par_1_85' title="bbox 2151 3939 3716 4012">
     <span class='ocr_line' id='line_1_85' title="bbox 2151 3939 3716 4012; baseline -0.006 -13"><span class='ocrx_word' id='word_1_655' title='bbox 2151 3945 2392 4012; x_wconf 84' lang='lat' dir='ltr'><strong>Domini,</strong></span> <span class='ocrx_word' id='word_1_656' title='bbox 2461 3944 2602 3998; x_wconf 85' lang='lat' dir='ltr'><strong>sicut</strong></span> <span class='ocrx_word' id='word_1_657' title='bbox 2652 3941 2780 3996; x_wconf 90' lang='lat' dir='ltr'><strong>alibi</strong></span> <span class='ocrx_word' id='word_1_658' title='bbox 2821 3942 3004 3997; x_wconf 82' lang='lat' dir='ltr'><strong>ﬁdeles</strong></span> <span class='ocrx_word' id='word_1_659' title='bbox 3049 3941 3240 3996; x_wconf 89' lang='lat' dir='ltr'><strong>dicunt</strong></span> <span class='ocrx_word' id='word_1_660' title='bbox 3303 3959 3316 3994; x_wconf 92' lang='lat'><strong>:</strong></span> <span class='ocrx_word' id='word_1_661' title='bbox 3383 3941 3506 3995; x_wconf 82' lang='lat' dir='ltr'><strong>Non</strong></span> <span class='ocrx_word' id='word_1_662' title='bbox 3557 3939 3716 3998; x_wconf 87' lang='lat' dir='ltr'><strong>nobis,</strong></span> 
     </span>
    </p>
   </div>
   <div class='ocr_carea' id='block_1_86' title="bbox 2146 4030 3720 4105">
    <p class='ocr_par' dir='ltr' id='par_1_86' title="bbox 2146 4030 3720 4105">
     <span class='ocr_line' id='line_1_86' title="bbox 2146 4030 3720 4105; baseline -0.003 -16"><span class='ocrx_word' id='word_1_663' title='bbox 2146 4036 2387 4099; x_wconf 87' lang='lat' dir='ltr'><strong>Domine,</strong></span> <span class='ocrx_word' id='word_1_664' title='bbox 2420 4051 2521 4089; x_wconf 89' lang='lat' dir='ltr'><strong>non</strong></span> <span class='ocrx_word' id='word_1_665' title='bbox 2553 4035 2716 4103; x_wconf 87' lang='lat' dir='ltr'><strong>nobis,</strong></span> <span class='ocrx_word' id='word_1_666' title='bbox 2749 4033 2838 4087; x_wconf 83' lang='lat' dir='ltr'><strong>sed</strong></span> <span class='ocrx_word' id='word_1_667' title='bbox 2867 4034 3057 4087; x_wconf 86' lang='lat' dir='ltr'><strong>nomini</strong></span> <span class='ocrx_word' id='word_1_668' title='bbox 3086 4048 3180 4088; x_wconf 87' lang='lat' dir='ltr'><strong>tuo</strong></span> <span class='ocrx_word' id='word_1_669' title='bbox 3211 4035 3281 4087; x_wconf 84' lang='lat' dir='ltr'><strong>da</strong></span> <span class='ocrx_word' id='word_1_670' title='bbox 3314 4037 3536 4105; x_wconf 86' lang='lat' dir='ltr'><strong>gloriam</strong></span> <span class='ocrx_word' id='word_1_671' title='bbox 3572 4030 3720 4100; x_wconf 80' lang='lat' dir='ltr'><strong>(Psal.</strong></span> 
     </span>
    </p>
   </div>
   <div class='ocr_carea' id='block_1_87' title="bbox 2145 4109 2504 4190">
    <p class='ocr_par' dir='ltr' id='par_1_87' title="bbox 2145 4109 2504 4190">
     <span class='ocr_line' id='line_1_87' title="bbox 2145 4109 2504 4190; baseline -0.008 -10"><span class='ocrx_word' id='word_1_672' title='bbox 2145 4109 2296 4190; x_wconf 79' lang='lat' dir='ltr'><strong>cxiii,</strong></span> <span class='ocrx_word' id='word_1_673' title='bbox 2341 4126 2392 4190; x_wconf 81' lang='grc'><strong>1,</strong></span> <span class='ocrx_word' id='word_1_674' title='bbox 2426 4126 2504 4190; x_wconf 88' lang='lat'><strong>8).</strong></span> 
     </span>
    </p>
   </div>
   <div class='ocr_carea' id='block_1_88' title="bbox 2218 4210 3721 4278">
    <p class='ocr_par' dir='ltr' id='par_1_88' title="bbox 2218 4210 3721 4278">
     <span class='ocr_line' id='line_1_88' title="bbox 2218 4210 3721 4278; baseline -0.009 -8"><span class='ocrx_word' id='word_1_675' title='bbox 2218 4215 2370 4270; x_wconf 79' lang='lat' dir='ltr'><strong>Vers.</strong></span> <span class='ocrx_word' id='word_1_676' title='bbox 2407 4215 2495 4268; x_wconf 76' lang='grc'><strong>15.</strong></span> <span class='ocrx_word' id='word_1_677' title='bbox 2537 4211 2707 4266; x_wconf 88' lang='lat' dir='ltr'><strong>Tuum</strong></span> <span class='ocrx_word' id='word_1_678' title='bbox 2751 4211 3011 4264; x_wconf 83' lang='lat' dir='ltr'><strong>brachium</strong></span> <span class='ocrx_word' id='word_1_679' title='bbox 3051 4227 3172 4264; x_wconf 87' lang='lat' dir='ltr'><strong>cum</strong></span> <span class='ocrx_word' id='word_1_680' title='bbox 3207 4213 3441 4278; x_wconf 84' lang='lat' dir='ltr'><strong>potentia</strong></span> <span class='ocrx_word' id='word_1_681' title='bbox 3473 4227 3490 4264; x_wconf 92' lang='lat'><strong><em>:</em></strong></span> <span class='ocrx_word' id='word_1_682' title='bbox 3519 4210 3721 4276; x_wconf 76' lang='lat' dir='ltr'><strong>ﬁrmetur</strong></span> 
     </span>
    </p>
   </div>
   <div class='ocr_carea' id='block_1_89' title="bbox 2144 4300 3722 4368">
    <p class='ocr_par' dir='ltr' id='par_1_89' title="bbox 2144 4300 3722 4368">
     <span class='ocr_line' id='line_1_89' title="bbox 2144 4300 3722 4368; baseline -0.006 -9"><span class='ocrx_word' id='word_1_683' title='bbox 2144 4323 2322 4359; x_wconf 87' lang='lat' dir='ltr'><strong>manus</strong></span> <span class='ocrx_word' id='word_1_684' title='bbox 2368 4315 2478 4368; x_wconf 86' lang='lat' dir='ltr'><strong>tua,</strong></span> <span class='ocrx_word' id='word_1_685' title='bbox 2528 4312 2576 4356; x_wconf 87' lang='lat' dir='ltr'><strong>et</strong></span> <span class='ocrx_word' id='word_1_686' title='bbox 2617 4305 2870 4356; x_wconf 72' lang='lat' dir='ltr'><strong>exaltetur</strong></span> <span class='ocrx_word' id='word_1_687' title='bbox 2897 4305 3106 4355; x_wconf 78' lang='lat' dir='ltr'><strong>dextera</strong></span> <span class='ocrx_word' id='word_1_688' title='bbox 3143 4316 3258 4356; x_wconf 89' lang='lat' dir='ltr'><strong>tua.</strong></span> <span class='ocrx_word' id='word_1_689' title='bbox 3318 4303 3594 4355; x_wconf 73' lang='lat' dir='ltr'><strong>Brut-Itium</strong></span> <span class='ocrx_word' id='word_1_690' title='bbox 3633 4300 3722 4350; x_wconf 85' lang='lat' dir='ltr'><strong>tre-</strong></span> 
     </span>
    </p>
   </div>
   <div class='ocr_carea' id='block_1_90' title="bbox 2146 4377 3722 4474">
    <p class='ocr_par' dir='ltr' id='par_1_90' title="bbox 2146 4377 3722 4474">
     <span class='ocr_line' id='line_1_90' title="bbox 2146 4377 3722 4474; baseline -0.008 -18"><span class='ocrx_word' id='word_1_691' title='bbox 2146 4413 2373 4474; x_wconf 90' lang='lat' dir='ltr'><strong>quenter</strong></span> <span class='ocrx_word' id='word_1_692' title='bbox 2409 4377 2625 4472; x_wconf 62' lang='lat' dir='ltr'><strong>quidam</strong></span> <span class='ocrx_word' id='word_1_693' title='bbox 2659 4400 2883 4469; x_wconf 87' lang='lat' dir='ltr'><strong>legimus</strong></span> <span class='ocrx_word' id='word_1_694' title='bbox 2914 4399 3206 4452; x_wconf 90' lang='lat' dir='ltr'><strong>humanam</strong></span> <span class='ocrx_word' id='word_1_695' title='bbox 3251 4399 3555 4468; x_wconf 50' lang='lat' dir='ltr'><strong>signiﬁcare</strong></span> <span class='ocrx_word' id='word_1_696' title='bbox 3581 4395 3722 4447; x_wconf 85' lang='lat' dir='ltr'><strong>virtu-</strong></span> 
     </span>
    </p>
   </div>
   <div class='ocr_carea' id='block_1_91' title="bbox 465 4483 3719 4564">
    <p class='ocr_par' dir='ltr' id='par_1_91' title="bbox 465 4483 3719 4564">
     <span class='ocr_line' id='line_1_91' title="bbox 465 4483 3719 4564; baseline -0.001 -25"><span class='ocrx_word' id='word_1_697' title='bbox 465 4485 740 4539; x_wconf 84' lang='lat' dir='ltr'><strong>Diaholum</strong></span> <span class='ocrx_word' id='word_1_698' title='bbox 769 4489 908 4540; x_wconf 90' lang='lat' dir='ltr'><strong>enim</strong></span> <span class='ocrx_word' id='word_1_699' title='bbox 941 4489 1222 4558; x_wconf 87' lang='lat' dir='ltr'><strong>signiticat,</strong></span> <span class='ocrx_word' id='word_1_700' title='bbox 1267 4492 1356 4559; x_wconf 85' lang='lat' dir='ltr'><strong>qui</strong></span> <span class='ocrx_word' id='word_1_701' title='bbox 1393 4493 1565 4545; x_wconf 88' lang='lat' dir='ltr'><strong>elatus</strong></span> <span class='ocrx_word' id='word_1_702' title='bbox 1605 4509 1767 4560; x_wconf 86' lang='lat' dir='ltr'><strong>supra</strong></span> <span class='ocrx_word' id='word_1_703' title='bbox 1795 4494 1846 4548; x_wconf 90' lang='lat' dir='ltr'><strong>id</strong></span> <span class='ocrx_word' id='word_1_704' title='bbox 1889 4497 2032 4562; x_wconf 90' lang='lat' dir='ltr'><strong>quod</strong></span> <span class='ocrx_word' id='word_1_705' title='bbox 2065 4483 2117 4544; x_wconf 75' lang='grc' dir='ltr'><strong>Ι)</strong></span> <span class='ocrx_word' id='word_1_706' title='bbox 2143 4506 2272 4560; x_wconf 89' lang='lat' dir='ltr'><strong>tem,</strong></span> <span class='ocrx_word' id='word_1_707' title='bbox 2307 4493 2445 4547; x_wconf 86' lang='lat' dir='ltr'><strong>sicut</strong></span> <span class='ocrx_word' id='word_1_708' title='bbox 2472 4493 2733 4564; x_wconf 85' lang='lat' dir='ltr'><strong>propheta</strong></span> <span class='ocrx_word' id='word_1_709' title='bbox 2756 4491 2886 4544; x_wconf 79' lang='lat' dir='ltr'><strong>diiit</strong></span> <span class='ocrx_word' id='word_1_710' title='bbox 2917 4511 2930 4546; x_wconf 88' lang='lat'><strong>:</strong></span> <span class='ocrx_word' id='word_1_711' title='bbox 2968 4491 3288 4546; x_wconf 84' lang='lat' dir='ltr'><strong>Maledictus</strong></span> <span class='ocrx_word' id='word_1_712' title='bbox 3318 4493 3471 4544; x_wconf 88' lang='lat' dir='ltr'><strong>homo</strong></span> <span class='ocrx_word' id='word_1_713' title='bbox 3493 4483 3719 4559; x_wconf 83' lang='lat' dir='ltr'><strong>quiponit</strong></span> 
     </span>
    </p>
   </div>
   <div class='ocr_carea' id='block_1_92' title="bbox 465 4578 2027 4655">
    <p class='ocr_par' dir='ltr' id='par_1_92' title="bbox 465 4578 2027 4655">
     <span class='ocr_line' id='line_1_92' title="bbox 465 4578 2027 4655; baseline 0.009 -27"><span class='ocrx_word' id='word_1_714' title='bbox 465 4590 690 4644; x_wconf 83' lang='lat' dir='ltr'><strong>poterat,</strong></span> <span class='ocrx_word' id='word_1_715' title='bbox 747 4578 1056 4636; x_wconf 88' lang='lat' dir='ltr'><strong>humiliatus</strong></span> <span class='ocrx_word' id='word_1_716' title='bbox 1106 4591 1189 4637; x_wconf 90' lang='lat' dir='ltr'><strong>est</strong></span> <span class='ocrx_word' id='word_1_717' title='bbox 1226 4597 1325 4637; x_wconf 90' lang='lat' dir='ltr'><strong>suo</strong></span> <span class='ocrx_word' id='word_1_718' title='bbox 1365 4585 1493 4639; x_wconf 85' lang='lat' dir='ltr'><strong>vitio</strong></span> <span class='ocrx_word' id='word_1_719' title='bbox 1533 4587 1672 4640; x_wconf 85' lang='lat' dir='ltr'><strong>intra</strong></span> <span class='ocrx_word' id='word_1_720' title='bbox 1723 4587 1851 4641; x_wconf 91' lang='lat' dir='ltr'><strong>illud</strong></span> <span class='ocrx_word' id='word_1_721' title='bbox 1886 4587 2027 4655; x_wconf 88' lang='lat' dir='ltr'><strong>quod</strong></span> 
     </span>
    </p>
   </div>
   <div class='ocr_carea' id='block_1_93' title="bbox 461 4680 2034 4743">
    <p class='ocr_par' dir='ltr' id='par_1_93' title="bbox 461 4680 2034 4743">
     <span class='ocr_line' id='line_1_93' title="bbox 461 4680 2034 4743; baseline 0.008 -21"><span class='ocrx_word' id='word_1_722' title='bbox 461 4685 558 4739; x_wconf 75' lang='lat' dir='ltr'><strong>per</strong></span> <span class='ocrx_word' id='word_1_723' title='bbox 586 4680 827 4725; x_wconf 89' lang='lat' dir='ltr'><strong>naturam</strong></span> <span class='ocrx_word' id='word_1_724' title='bbox 877 4688 980 4727; x_wconf 89' lang='lat' dir='ltr'><strong>non</strong></span> <span class='ocrx_word' id='word_1_725' title='bbox 1035 4688 1170 4740; x_wconf 82' lang='lat' dir='ltr'><strong>erat,</strong></span> <span class='ocrx_word' id='word_1_726' title='bbox 1216 4691 1499 4743; x_wconf 73' lang='lat' dir='ltr'><strong>percuSstts</strong></span> <span class='ocrx_word' id='word_1_727' title='bbox 1549 4689 1748 4742; x_wconf 87' lang='lat' dir='ltr'><strong>mente,</strong></span> <span class='ocrx_word' id='word_1_728' title='bbox 1777 4695 1880 4732; x_wconf 88' lang='lat' dir='ltr'><strong>non</strong></span> <span class='ocrx_word' id='word_1_729' title='bbox 1913 4695 2034 4735; x_wconf 87' lang='lat' dir='ltr'><strong>cor-</strong></span> 
     </span>
    </p>
   </div>
   <div class='ocr_carea' id='block_1_94' title="bbox 463 4763 2030 4837">
    <p class='ocr_par' dir='ltr' id='par_1_94' title="bbox 463 4763 2030 4837">
     <span class='ocr_line' id='line_1_94' title="bbox 463 4763 2030 4837; baseline 0.012 -29"><span class='ocrx_word' id='word_1_730' title='bbox 463 4776 610 4826; x_wconf 82' lang='lat' dir='ltr'><strong>pore.</strong></span> <span class='ocrx_word' id='word_1_731' title='bbox 655 4763 743 4818; x_wconf 86' lang='lat' dir='ltr'><strong>Sic</strong></span> <span class='ocrx_word' id='word_1_732' title='bbox 783 4764 871 4818; x_wconf 89' lang='lat' dir='ltr'><strong>ille</strong></span> <span class='ocrx_word' id='word_1_733' title='bbox 901 4765 1262 4834; x_wconf 86' lang='lat' dir='ltr'><strong>iniquissimus</strong></span> <span class='ocrx_word' id='word_1_734' title='bbox 1309 4777 1554 4837; x_wconf 82' lang='lat' dir='ltr'><strong>tanquam</strong></span> <span class='ocrx_word' id='word_1_735' title='bbox 1602 4773 1912 4826; x_wconf 87' lang='lat' dir='ltr'><strong>vulneratus</strong></span> <span class='ocrx_word' id='word_1_736' title='bbox 1963 4773 2030 4827; x_wconf 90' lang='lat' dir='ltr'><strong>de</strong></span> 
     </span>
    </p>
   </div>
   <div class='ocr_carea' id='block_1_95' title="bbox 459 4853 2029 4929">
    <p class='ocr_par' dir='ltr' id='par_1_95' title="bbox 459 4853 2029 4929">
     <span class='ocr_line' id='line_1_95' title="bbox 459 4853 2029 4929; baseline 0.006 -25"><span class='ocrx_word' id='word_1_737' title='bbox 459 4853 596 4907; x_wconf 64' lang='lat' dir='ltr'><strong>caelo</strong></span> <span class='ocrx_word' id='word_1_738' title='bbox 624 4855 828 4908; x_wconf 79' lang='lat' dir='ltr'><strong>corruit</strong></span> <span class='ocrx_word' id='word_1_739' title='bbox 858 4855 909 4909; x_wconf 88' lang='lat' dir='ltr'><strong>in</strong></span> <span class='ocrx_word' id='word_1_740' title='bbox 941 4856 1074 4910; x_wconf 90' lang='lat' dir='ltr'><strong>hanc</strong></span> <span class='ocrx_word' id='word_1_741' title='bbox 1099 4859 1238 4911; x_wconf 83' lang='lat' dir='ltr'><strong>aeris</strong></span> <span class='ocrx_word' id='word_1_742' title='bbox 1264 4859 1638 4913; x_wconf 48' lang='lat' dir='ltr'><strong>densissinmm</strong></span> <span class='ocrx_word' id='word_1_743' title='bbox 1671 4863 2029 4929; x_wconf 70' lang='lat' dir='ltr'><strong>crassitatem,</strong></span> 
     </span>
    </p>
   </div>
   <div class='ocr_carea' id='block_1_96' title="bbox 461 4943 2033 5013">
    <p class='ocr_par' dir='ltr' id='par_1_96' title="bbox 461 4943 2033 5013">
     <span class='ocr_line' id='line_1_96' title="bbox 461 4943 2033 5013; baseline 0.008 -19"><span class='ocrx_word' id='word_1_744' title='bbox 461 4943 599 4996; x_wconf 82' lang='lat' dir='ltr'><strong>sicut</strong></span> <span class='ocrx_word' id='word_1_745' title='bbox 641 4944 692 4996; x_wconf 89' lang='lat' dir='ltr'><strong>in</strong></span> <span class='ocrx_word' id='word_1_746' title='bbox 740 4944 1028 5013; x_wconf 78' lang='lat' dir='ltr'><strong>Evangelia</strong></span> <span class='ocrx_word' id='word_1_747' title='bbox 1057 4946 1312 5001; x_wconf 88' lang='lat' dir='ltr'><strong>Dominus</strong></span> <span class='ocrx_word' id='word_1_748' title='bbox 1359 4950 1488 5004; x_wconf 88' lang='lat' dir='ltr'><strong>dicit</strong></span> <span class='ocrx_word' id='word_1_749' title='bbox 1539 4970 1553 5006; x_wconf 89' lang='lat'><strong>:</strong></span> <span class='ocrx_word' id='word_1_750' title='bbox 1622 4950 1737 5004; x_wconf 72' lang='lat' dir='ltr'><strong>i’iili</strong></span> <span class='ocrx_word' id='word_1_751' title='bbox 1778 4952 2033 5007; x_wconf 86' lang='lat' dir='ltr'><strong>Satanam</strong></span> 
     </span>
    </p>
   </div>
   <div class='ocr_carea' id='block_1_97' title="bbox 458 5033 2032 5111">
    <p class='ocr_par' dir='ltr' id='par_1_97' title="bbox 458 5033 2032 5111">
     <span class='ocr_line' id='line_1_97' title="bbox 458 5033 2032 5111; baseline 0.01 -29"><span class='ocrx_word' id='word_1_752' title='bbox 458 5033 582 5084; x_wconf 86' lang='lat' dir='ltr'><strong>sicut</strong></span> <span class='ocrx_word' id='word_1_753' title='bbox 616 5033 790 5102; x_wconf 77' lang='lat' dir='ltr'><strong>fulgur</strong></span> <span class='ocrx_word' id='word_1_754' title='bbox 821 5034 884 5088; x_wconf 88' lang='lat' dir='ltr'><strong>de</strong></span> <span class='ocrx_word' id='word_1_755' title='bbox 908 5037 1034 5088; x_wconf 77' lang='lat' dir='ltr'><strong>caelo</strong></span> <span class='ocrx_word' id='word_1_756' title='bbox 1063 5037 1321 5091; x_wconf 83' lang='lat' dir='ltr'><strong>cadentem</strong></span> <span class='ocrx_word' id='word_1_757' title='bbox 1350 5039 1501 5108; x_wconf 87' lang='lat' dir='ltr'><strong>(Luc.</strong></span> <span class='ocrx_word' id='word_1_758' title='bbox 1535 5056 1589 5106; x_wconf 73' lang='grc' dir='ltr'>ι,</span> <span class='ocrx_word' id='word_1_759' title='bbox 1624 5041 1735 5111; x_wconf 82' lang='lat' dir='ltr'><strong>l8).</strong></span> <span class='ocrx_word' id='word_1_760' title='bbox 1788 5043 2032 5098; x_wconf 55' lang='lat' dir='ltr'><strong>Inimicos</strong></span> 
     </span>
    </p>
   </div>
   <div class='ocr_carea' id='block_1_98' title="bbox 457 5124 2030 5198">
    <p class='ocr_par' dir='ltr' id='par_1_98' title="bbox 457 5124 2030 5198">
     <span class='ocr_line' id='line_1_98' title="bbox 457 5124 2030 5198; baseline 0.01 -24"><span class='ocrx_word' id='word_1_761' title='bbox 457 5131 631 5176; x_wconf 80' lang='lat' dir='ltr'><strong>autem</strong></span> <span class='ocrx_word' id='word_1_762' title='bbox 682 5124 811 5178; x_wconf 88' lang='lat' dir='ltr'><strong>dicit</strong></span> <span class='ocrx_word' id='word_1_763' title='bbox 858 5125 1100 5181; x_wconf 81' lang='lat' dir='ltr'><strong>inﬁdeles</strong></span> <span class='ocrx_word' id='word_1_764' title='bbox 1144 5128 1378 5194; x_wconf 65' lang='lat' dir='ltr'><strong>Julaeos,</strong></span> <span class='ocrx_word' id='word_1_765' title='bbox 1439 5135 1526 5198; x_wconf 89' lang='lat' dir='ltr'><strong>qui</strong></span> <span class='ocrx_word' id='word_1_766' title='bbox 1577 5147 1670 5198; x_wconf 89' lang='lat' dir='ltr'><strong>per</strong></span> <span class='ocrx_word' id='word_1_767' title='bbox 1720 5134 2030 5190; x_wconf 83' lang='lat' dir='ltr'><strong>innnincras</strong></span> 
     </span>
    </p>
   </div>
   <div class='ocr_carea' id='block_1_99' title="bbox 454 5215 2026 5293">
    <p class='ocr_par' dir='ltr' id='par_1_99' title="bbox 454 5215 2026 5293">
     <span class='ocr_line' id='line_1_99' title="bbox 454 5215 2026 5293; baseline 0.008 -26"><span class='ocrx_word' id='word_1_768' title='bbox 454 5224 639 5279; x_wconf 72' lang='lat' dir='ltr'><strong>gentes</strong></span> <span class='ocrx_word' id='word_1_769' title='bbox 670 5215 860 5268; x_wconf 70' lang='lat' dir='ltr'><strong>tihristi</strong></span> <span class='ocrx_word' id='word_1_770' title='bbox 897 5217 1102 5272; x_wconf 87' lang='lat' dir='ltr'><strong>Domini</strong></span> <span class='ocrx_word' id='word_1_771' title='bbox 1151 5222 1344 5274; x_wconf 87' lang='lat' dir='ltr'><strong>virtute</strong></span> <span class='ocrx_word' id='word_1_772' title='bbox 1391 5221 1616 5282; x_wconf 67' lang='lat' dir='ltr'><strong>tli~persi</strong></span> <span class='ocrx_word' id='word_1_773' title='bbox 1667 5233 1814 5286; x_wconf 87' lang='lat' dir='ltr'><strong>sunt,</strong></span> <span class='ocrx_word' id='word_1_774' title='bbox 1867 5241 2026 5293; x_wconf 88' lang='lat' dir='ltr'><strong>quem</strong></span> 
     </span>
    </p>
   </div>
   <div class='ocr_carea' id='block_1_100' title="bbox 456 5303 2027 5382">
    <p class='ocr_par' dir='ltr' id='par_1_100' title="bbox 456 5303 2027 5382">
     <span class='ocr_line' id='line_1_100' title="bbox 456 5303 2027 5382; baseline 0.01 -26"><span class='ocrx_word' id='word_1_775' title='bbox 456 5303 624 5359; x_wconf 78' lang='lat' dir='ltr'><strong>l‘atris</strong></span> <span class='ocrx_word' id='word_1_776' title='bbox 652 5305 915 5360; x_wconf 82' lang='lat' dir='ltr'><strong>brachium</strong></span> <span class='ocrx_word' id='word_1_777' title='bbox 965 5309 1126 5376; x_wconf 90' lang='lat' dir='ltr'><strong>(sicut</strong></span> <span class='ocrx_word' id='word_1_778' title='bbox 1154 5325 1296 5380; x_wconf 70' lang='lat' dir='ltr'><strong>saepe</strong></span> <span class='ocrx_word' id='word_1_779' title='bbox 1327 5311 1581 5382; x_wconf 76' lang='lat' dir='ltr'><strong>diximus)</strong></span> <span class='ocrx_word' id='word_1_780' title='bbox 1625 5317 1917 5370; x_wconf 85' lang='lat' dir='ltr'><strong>auctoritas</strong></span> <span class='ocrx_word' id='word_1_781' title='bbox 1945 5317 2027 5372; x_wconf 92' lang='lat' dir='ltr'><strong>di-</strong></span> 
     </span>
    </p>
   </div>
   <div class='ocr_carea' id='block_1_101' title="bbox 453 5399 843 5454">
    <p class='ocr_par' dir='ltr' id='par_1_101' title="bbox 453 5399 843 5454">
     <span class='ocr_line' id='line_1_101' title="bbox 453 5399 843 5454; baseline 0.01 -6"><span class='ocrx_word' id='word_1_782' title='bbox 453 5399 573 5450; x_wconf 77' lang='lat' dir='ltr'><strong>vina</strong></span> <span class='ocrx_word' id='word_1_783' title='bbox 604 5407 843 5454; x_wconf 86' lang='lat' dir='ltr'><strong>testatur.</strong></span> 
     </span>
    </p>
   </div>
   <div class='ocr_carea' id='block_1_102' title="bbox 524 5491 2029 5556">
    <p class='ocr_par' dir='ltr' id='par_1_102' title="bbox 524 5491 2029 5556">
     <span class='ocr_line' id='line_1_102' title="bbox 524 5491 2029 5556; baseline 0.007 -12"><span class='ocrx_word' id='word_1_784' title='bbox 524 5491 674 5546; x_wconf 74' lang='lat' dir='ltr'><strong>Vers.</strong></span> <span class='ocrx_word' id='word_1_785' title='bbox 709 5494 792 5546; x_wconf 77' lang='lat' dir='ltr'><strong>il.</strong></span> <span class='ocrx_word' id='word_1_786' title='bbox 837 5493 934 5548; x_wconf 84' lang='lat' dir='ltr'><strong>Tui</strong></span> <span class='ocrx_word' id='word_1_787' title='bbox 971 5506 1086 5548; x_wconf 85' lang='lat' dir='ltr'><strong>sunt</strong></span> <span class='ocrx_word' id='word_1_788' title='bbox 1128 5499 1257 5555; x_wconf 65' lang='lat' dir='ltr'><strong>ca‘li,</strong></span> <span class='ocrx_word' id='word_1_789' title='bbox 1299 5508 1344 5550; x_wconf 88' lang='lat' dir='ltr'><strong>et</strong></span> <span class='ocrx_word' id='word_1_790' title='bbox 1389 5510 1476 5550; x_wconf 85' lang='lat' dir='ltr'><strong>tua</strong></span> <span class='ocrx_word' id='word_1_791' title='bbox 1517 5509 1587 5552; x_wconf 81' lang='lat' dir='ltr'><strong>est</strong></span> <span class='ocrx_word' id='word_1_792' title='bbox 1631 5512 1765 5553; x_wconf 83' lang='lat' dir='ltr'><strong>terra</strong></span> <span class='ocrx_word' id='word_1_793' title='bbox 1805 5518 1821 5554; x_wconf 91' lang='lat'><strong><em>:</em></strong></span> <span class='ocrx_word' id='word_1_794' title='bbox 1861 5504 2029 5556; x_wconf 82' lang='lat' dir='ltr'><strong>orbem</strong></span> 
     </span>
    </p>
   </div>
   <div class='ocr_carea' id='block_1_103' title="bbox 449 5585 2027 5658">
    <p class='ocr_par' dir='ltr' id='par_1_103' title="bbox 449 5585 2027 5658">
     <span class='ocr_line' id='line_1_103' title="bbox 449 5585 2027 5658; baseline 0.006 -23"><span class='ocrx_word' id='word_1_795' title='bbox 449 5595 696 5635; x_wconf 56' lang='lat' dir='ltr'><strong>terrarum</strong></span> <span class='ocrx_word' id='word_1_796' title='bbox 737 5595 782 5637; x_wconf 91' lang='lat' dir='ltr'><strong>et</strong></span> <span class='ocrx_word' id='word_1_797' title='bbox 809 5585 1178 5655; x_wconf 80' lang='lat' dir='ltr'><strong>plenitudinem</strong></span> <span class='ocrx_word' id='word_1_798' title='bbox 1209 5591 1318 5657; x_wconf 72' lang='lat' dir='ltr'><strong>ejus</strong></span> <span class='ocrx_word' id='word_1_799' title='bbox 1373 5602 1427 5643; x_wconf 87' lang='lat' dir='ltr'><strong>tu</strong></span> <span class='ocrx_word' id='word_1_800' title='bbox 1456 5591 1704 5657; x_wconf 83' lang='lat' dir='ltr'><strong>fundasti.</strong></span> <span class='ocrx_word' id='word_1_801' title='bbox 1765 5594 1896 5658; x_wconf 78' lang='lat' dir='ltr'><strong>Quia</strong></span> <span class='ocrx_word' id='word_1_802' title='bbox 1939 5610 2027 5646; x_wconf 83' lang='lat' dir='ltr'><strong>su-</strong></span> 
     </span>
    </p>
   </div>
   <div class='ocr_carea' id='block_1_104' title="bbox 456 5673 2028 5747">
    <p class='ocr_par' dir='ltr' id='par_1_104' title="bbox 456 5673 2028 5747">
     <span class='ocr_line' id='line_1_104' title="bbox 456 5673 2028 5747; baseline 0.01 -25"><span class='ocrx_word' id='word_1_803' title='bbox 456 5673 630 5739; x_wconf 77' lang='lat' dir='ltr'><strong>perius</strong></span> <span class='ocrx_word' id='word_1_804' title='bbox 655 5678 865 5742; x_wconf 79' lang='lat' dir='ltr'><strong>gemina</strong></span> <span class='ocrx_word' id='word_1_805' title='bbox 895 5679 1103 5733; x_wconf 82' lang='lat' dir='ltr'><strong>dixerat</strong></span> <span class='ocrx_word' id='word_1_806' title='bbox 1132 5680 1271 5734; x_wconf 70' lang='lat' dir='ltr'><strong>facta</strong></span> <span class='ocrx_word' id='word_1_807' title='bbox 1300 5683 1574 5747; x_wconf 69' lang='lat' dir='ltr'><strong>mit-acuit,</strong></span> <span class='ocrx_word' id='word_1_808' title='bbox 1611 5700 1748 5737; x_wconf 80' lang='lat' dir='ltr'><strong>nunc</strong></span> <span class='ocrx_word' id='word_1_809' title='bbox 1781 5702 1841 5738; x_wconf 80' lang='lat' dir='ltr'><strong>ea</strong></span> <span class='ocrx_word' id='word_1_810' title='bbox 1875 5684 2028 5738; x_wconf 86' lang='lat' dir='ltr'><strong>istius</strong></span> 
     </span>
    </p>
   </div>
   <div class='ocr_carea' id='block_1_105' title="bbox 2140 4578 3720 4654">
    <p class='ocr_par' dir='ltr' id='par_1_105' title="bbox 2140 4578 3720 4654">
     <span class='ocr_line' id='line_1_105' title="bbox 2140 4578 3720 4654; baseline -0.009 -14"><span class='ocrx_word' id='word_1_811' title='bbox 2140 4602 2340 4640; x_wconf 89' lang='lat' dir='ltr'><strong>carnem</strong></span> <span class='ocrx_word' id='word_1_812' title='bbox 2389 4599 2530 4654; x_wconf 80' lang='lat' dir='ltr'><strong>spem</strong></span> <span class='ocrx_word' id='word_1_813' title='bbox 2581 4582 2776 4636; x_wconf 88' lang='lat' dir='ltr'><strong>brachii</strong></span> <span class='ocrx_word' id='word_1_814' title='bbox 2829 4582 2931 4646; x_wconf 89' lang='lat' dir='ltr'><strong>sui,</strong></span> <span class='ocrx_word' id='word_1_815' title='bbox 2982 4592 3029 4634; x_wconf 88' lang='lat' dir='ltr'><strong>et</strong></span> <span class='ocrx_word' id='word_1_816' title='bbox 3081 4597 3114 4632; x_wconf 90' lang='lat' dir='ltr'><strong>a</strong></span> <span class='ocrx_word' id='word_1_817' title='bbox 3151 4580 3386 4635; x_wconf 87' lang='lat' dir='ltr'><strong>Domino</strong></span> <span class='ocrx_word' id='word_1_818' title='bbox 3433 4578 3610 4634; x_wconf 84' lang='lat' dir='ltr'><strong>recedit</strong></span> <span class='ocrx_word' id='word_1_819' title='bbox 3647 4589 3720 4627; x_wconf 89' lang='lat' dir='ltr'><strong>cor</strong></span> 
     </span>
    </p>
   </div>
   <div class='ocr_carea' id='block_1_106' title="bbox 2139 4672 3717 4748">
    <p class='ocr_par' dir='ltr' id='par_1_106' title="bbox 2139 4672 3717 4748">
     <span class='ocr_line' id='line_1_106' title="bbox 2139 4672 3717 4748; baseline -0.009 -17"><span class='ocrx_word' id='word_1_820' title='bbox 2139 4679 2251 4746; x_wconf 88' lang='lat' dir='ltr'><strong>ejus</strong></span> <span class='ocrx_word' id='word_1_821' title='bbox 2280 4676 2491 4748; x_wconf 78' lang='lat' dir='ltr'><strong>(Jerem.</strong></span> <span class='ocrx_word' id='word_1_822' title='bbox 2528 4689 2658 4739; x_wconf 83' lang='lat' dir='ltr'><strong>xvii,</strong></span> <span class='ocrx_word' id='word_1_823' title='bbox 2696 4673 2778 4744; x_wconf 84' lang='lat'><strong>5).</strong></span> <span class='ocrx_word' id='word_1_824' title='bbox 2821 4672 2924 4726; x_wconf 90' lang='lat' dir='ltr'><strong>Sed</strong></span> <span class='ocrx_word' id='word_1_825' title='bbox 2959 4687 3062 4725; x_wconf 89' lang='lat' dir='ltr'><strong>non</strong></span> <span class='ocrx_word' id='word_1_826' title='bbox 3099 4683 3286 4740; x_wconf 84' lang='lat' dir='ltr'><strong>potest</strong></span> <span class='ocrx_word' id='word_1_827' title='bbox 3331 4675 3528 4725; x_wconf 88' lang='lat' dir='ltr'><strong>habere</strong></span> <span class='ocrx_word' id='word_1_828' title='bbox 3557 4681 3717 4737; x_wconf 86' lang='lat' dir='ltr'><strong>poten-</strong></span> 
     </span>
    </p>
   </div>
   <div class='ocr_carea' id='block_1_107' title="bbox 2143 4761 3714 4836">
    <p class='ocr_par' dir='ltr' id='par_1_107' title="bbox 2143 4761 3714 4836">
     <span class='ocr_line' id='line_1_107' title="bbox 2143 4761 3714 4836; baseline -0.004 -15"><span class='ocrx_word' id='word_1_829' title='bbox 2143 4769 2288 4834; x_wconf 87' lang='lat' dir='ltr'><strong>tiam,</strong></span> <span class='ocrx_word' id='word_1_830' title='bbox 2339 4767 2441 4822; x_wconf 91' lang='lat' dir='ltr'><strong>nisi</strong></span> <span class='ocrx_word' id='word_1_831' title='bbox 2489 4774 2683 4836; x_wconf 87' lang='lat' dir='ltr'><strong>quanta</strong></span> <span class='ocrx_word' id='word_1_832' title='bbox 2724 4765 2776 4819; x_wconf 88' lang='lat' dir='ltr'><strong>ei</strong></span> <span class='ocrx_word' id='word_1_833' title='bbox 2823 4780 2920 4833; x_wconf 89' lang='lat' dir='ltr'><strong>pro</strong></span> <span class='ocrx_word' id='word_1_834' title='bbox 2952 4775 3205 4832; x_wconf 78' lang='lat' dir='ltr'><strong>tempore</strong></span> <span class='ocrx_word' id='word_1_835' title='bbox 3249 4766 3413 4819; x_wconf 75' lang='lat' dir='ltr'><strong>fuerit</strong></span> <span class='ocrx_word' id='word_1_836' title='bbox 3467 4761 3714 4819; x_wconf 75' lang='lat' dir='ltr'><strong>attributa.</strong></span> 
     </span>
    </p>
   </div>
   <div class='ocr_carea' id='block_1_108' title="bbox 2145 4848 3720 4926">
    <p class='ocr_par' dir='ltr' id='par_1_108' title="bbox 2145 4848 3720 4926">
     <span class='ocr_line' id='line_1_108' title="bbox 2145 4848 3720 4926; baseline -0.005 -15"><span class='ocrx_word' id='word_1_837' title='bbox 2145 4858 2241 4912; x_wconf 81' lang='lat' dir='ltr'><strong>&quot;lC</strong></span> <span class='ocrx_word' id='word_1_838' title='bbox 2266 4866 2463 4920; x_wconf 75' lang='lat' dir='ltr'><strong>autem,</strong></span> <span class='ocrx_word' id='word_1_839' title='bbox 2496 4865 2556 4910; x_wconf 92' lang='lat' dir='ltr'><strong>ut</strong></span> <span class='ocrx_word' id='word_1_840' title='bbox 2584 4855 2908 4926; x_wconf 77' lang='lat' dir='ltr'><strong>significaret</strong></span> <span class='ocrx_word' id='word_1_841' title='bbox 2935 4857 3228 4909; x_wconf 84' lang='lat' dir='ltr'><strong>Dominum</strong></span> <span class='ocrx_word' id='word_1_842' title='bbox 3265 4857 3620 4917; x_wconf 84' lang='lat' dir='ltr'><strong>Salvatorem,</strong></span> <span class='ocrx_word' id='word_1_843' title='bbox 3647 4848 3720 4904; x_wconf 83' lang='lat' dir='ltr'><strong>di-</strong></span> 
     </span>
    </p>
   </div>
   <div class='ocr_carea' id='block_1_109' title="bbox 2139 4938 3714 5015">
    <p class='ocr_par' dir='ltr' id='par_1_109' title="bbox 2139 4938 3714 5015">
     <span class='ocr_line' id='line_1_109' title="bbox 2139 4938 3714 5015; baseline -0.006 -11"><span class='ocrx_word' id='word_1_844' title='bbox 2139 4958 2283 5004; x_wconf 87' lang='lat' dir='ltr'><strong>ctum</strong></span> <span class='ocrx_word' id='word_1_845' title='bbox 2314 4957 2398 5004; x_wconf 88' lang='lat' dir='ltr'><strong>est</strong></span> <span class='ocrx_word' id='word_1_846' title='bbox 2424 4966 2438 5004; x_wconf 88' lang='lat'><strong>:</strong></span> <span class='ocrx_word' id='word_1_847' title='bbox 2470 4948 2746 5002; x_wconf 84' lang='lat' dir='ltr'><strong>Brachium</strong></span> <span class='ocrx_word' id='word_1_848' title='bbox 2775 4957 2920 5002; x_wconf 90' lang='lat' dir='ltr'><strong>tuum</strong></span> <span class='ocrx_word' id='word_1_849' title='bbox 2949 4964 3060 5000; x_wconf 88' lang='lat' dir='ltr'><strong>cum</strong></span> <span class='ocrx_word' id='word_1_850' title='bbox 3087 4950 3325 5015; x_wconf 85' lang='lat' dir='ltr'><strong>potentia</strong></span> <span class='ocrx_word' id='word_1_851' title='bbox 3350 4966 3368 5013; x_wconf 91' lang='lat'><strong>;</strong></span> <span class='ocrx_word' id='word_1_852' title='bbox 3415 4949 3514 5002; x_wconf 90' lang='lat' dir='ltr'><strong>hoc</strong></span> <span class='ocrx_word' id='word_1_853' title='bbox 3543 4953 3623 5001; x_wconf 87' lang='lat' dir='ltr'><strong>est</strong></span> <span class='ocrx_word' id='word_1_854' title='bbox 3649 4938 3714 4996; x_wconf 87' lang='lat' dir='ltr'><strong>illi</strong></span> 
     </span>
    </p>
   </div>
   <div class='ocr_carea' id='block_1_110' title="bbox 2140 5040 3715 5112">
    <p class='ocr_par' dir='ltr' id='par_1_110' title="bbox 2140 5040 3715 5112">
     <span class='ocr_line' id='line_1_110' title="bbox 2140 5040 3715 5112; baseline -0.004 -15"><span class='ocrx_word' id='word_1_855' title='bbox 2140 5058 2260 5098; x_wconf 89' lang='lat' dir='ltr'><strong>esse</strong></span> <span class='ocrx_word' id='word_1_856' title='bbox 2302 5041 2443 5112; x_wconf 84' lang='lat' dir='ltr'><strong>quod</strong></span> <span class='ocrx_word' id='word_1_857' title='bbox 2478 5056 2671 5110; x_wconf 87' lang='lat' dir='ltr'><strong>posse;</strong></span> <span class='ocrx_word' id='word_1_858' title='bbox 2717 5055 2815 5094; x_wconf 91' lang='lat' dir='ltr'><strong>nec</strong></span> <span class='ocrx_word' id='word_1_859' title='bbox 2846 5040 3141 5108; x_wconf 86' lang='lat' dir='ltr'><strong>aliquando</strong></span> <span class='ocrx_word' id='word_1_860' title='bbox 3177 5041 3420 5109; x_wconf 85' lang='lat' dir='ltr'><strong>potentia</strong></span> <span class='ocrx_word' id='word_1_861' title='bbox 3449 5041 3562 5108; x_wconf 85' lang='lat' dir='ltr'><strong>ejus</strong></span> <span class='ocrx_word' id='word_1_862' title='bbox 3589 5046 3715 5104; x_wconf 84' lang='lat' dir='ltr'><strong>tepe-</strong></span> 
     </span>
    </p>
   </div>
   <div class='ocr_carea' id='block_1_111' title="bbox 2140 5125 3713 5201">
    <p class='ocr_par' dir='ltr' id='par_1_111' title="bbox 2140 5125 3713 5201">
     <span class='ocr_line' id='line_1_111' title="bbox 2140 5125 3713 5201; baseline -0.006 -13"><span class='ocrx_word' id='word_1_863' title='bbox 2140 5136 2259 5200; x_wconf 89' lang='lat' dir='ltr'><strong>scit,</strong></span> <span class='ocrx_word' id='word_1_864' title='bbox 2306 5135 2394 5201; x_wconf 88' lang='lat' dir='ltr'><strong>qui</strong></span> <span class='ocrx_word' id='word_1_865' title='bbox 2423 5135 2618 5201; x_wconf 87' lang='lat' dir='ltr'><strong>jugiter</strong></span> <span class='ocrx_word' id='word_1_866' title='bbox 2645 5135 2822 5186; x_wconf 88' lang='lat' dir='ltr'><strong>omnia</strong></span> <span class='ocrx_word' id='word_1_867' title='bbox 2855 5132 2979 5186; x_wconf 82' lang='lat' dir='ltr'><strong>facit</strong></span> <span class='ocrx_word' id='word_1_868' title='bbox 3019 5148 3146 5200; x_wconf 82' lang='lat' dir='ltr'><strong>quae</strong></span> <span class='ocrx_word' id='word_1_869' title='bbox 3182 5134 3305 5187; x_wconf 88' lang='lat' dir='ltr'><strong>vult</strong></span> <span class='ocrx_word' id='word_1_870' title='bbox 3336 5135 3389 5187; x_wconf 92' lang='lat' dir='ltr'><strong>in</strong></span> <span class='ocrx_word' id='word_1_871' title='bbox 3437 5131 3571 5187; x_wconf 63' lang='lat' dir='ltr'><strong>caelo</strong></span> <span class='ocrx_word' id='word_1_872' title='bbox 3594 5125 3713 5184; x_wconf 88' lang='lat' dir='ltr'><strong>etin</strong></span> 
     </span>
    </p>
   </div>
   <div class='ocr_carea' id='block_1_112' title="bbox 2141 5223 3718 5293">
    <p class='ocr_par' dir='ltr' id='par_1_112' title="bbox 2141 5223 3718 5293">
     <span class='ocr_line' id='line_1_112' title="bbox 2141 5223 3718 5293; baseline -0.003 -13"><span class='ocrx_word' id='word_1_873' title='bbox 2141 5236 2294 5282; x_wconf 87' lang='lat' dir='ltr'><strong>terra.</strong></span> <span class='ocrx_word' id='word_1_874' title='bbox 2333 5226 2600 5293; x_wconf 47' lang='lat' dir='ltr'><strong>Addidit,‘</strong></span> <span class='ocrx_word' id='word_1_875' title='bbox 2619 5226 2847 5291; x_wconf 80' lang='lat' dir='ltr'><strong>firmetur</strong></span> <span class='ocrx_word' id='word_1_876' title='bbox 2875 5241 3052 5278; x_wconf 86' lang='lat' dir='ltr'><strong>manus</strong></span> <span class='ocrx_word' id='word_1_877' title='bbox 3089 5237 3204 5287; x_wconf 85' lang='lat' dir='ltr'><strong>tun,</strong></span> <span class='ocrx_word' id='word_1_878' title='bbox 3259 5237 3306 5278; x_wconf 83' lang='lat' dir='ltr'><strong>et</strong></span> <span class='ocrx_word' id='word_1_879' title='bbox 3332 5229 3578 5279; x_wconf 68' lang='lat' dir='ltr'><strong>exnlletur</strong></span> <span class='ocrx_word' id='word_1_880' title='bbox 3607 5223 3718 5276; x_wconf 67' lang='lat' dir='ltr'><strong>del-</strong></span> 
     </span>
    </p>
   </div>
   <div class='ocr_carea' id='block_1_113' title="bbox 2134 5314 3711 5386">
    <p class='ocr_par' dir='ltr' id='par_1_113' title="bbox 2134 5314 3711 5386">
     <span class='ocr_line' id='line_1_113' title="bbox 2134 5314 3711 5386; baseline -0.004 -18"><span class='ocrx_word' id='word_1_881' title='bbox 2134 5327 2242 5369; x_wconf 83' lang='lat' dir='ltr'><strong>teru</strong></span> <span class='ocrx_word' id='word_1_882' title='bbox 2271 5325 2382 5370; x_wconf 84' lang='lat' dir='ltr'><strong>tua.</strong></span> <span class='ocrx_word' id='word_1_883' title='bbox 2414 5316 2604 5368; x_wconf 79' lang='lat' dir='ltr'><strong>Manus</strong></span> <span class='ocrx_word' id='word_1_884' title='bbox 2631 5325 2686 5370; x_wconf 91' lang='lat' dir='ltr'><strong>et</strong></span> <span class='ocrx_word' id='word_1_885' title='bbox 2713 5316 2941 5383; x_wconf 77' lang='lat' dir='ltr'><strong>dextera,</strong></span> <span class='ocrx_word' id='word_1_886' title='bbox 2973 5331 3015 5368; x_wconf 88' lang='lat' dir='ltr'><strong>St</strong></span> <span class='ocrx_word' id='word_1_887' title='bbox 3044 5317 3336 5370; x_wconf 55' lang='lat' dir='ltr'><strong>subtiliter</strong></span> <span class='ocrx_word' id='word_1_888' title='bbox 3368 5314 3711 5386; x_wconf 79' lang='lat' dir='ltr'><strong>inspiciamus,</strong></span> 
     </span>
    </p>
   </div>
   <div class='ocr_carea' id='block_1_114' title="bbox 2133 5405 3714 5478">
    <p class='ocr_par' dir='ltr' id='par_1_114' title="bbox 2133 5405 3714 5478">
     <span class='ocr_line' id='line_1_114' title="bbox 2133 5405 3714 5478; baseline -0.006 -16"><span class='ocrx_word' id='word_1_889' title='bbox 2133 5410 2290 5478; x_wconf 85' lang='lat' dir='ltr'><strong>longe</strong></span> <span class='ocrx_word' id='word_1_890' title='bbox 2319 5408 2529 5462; x_wconf 86' lang='lat' dir='ltr'><strong>diversa</strong></span> <span class='ocrx_word' id='word_1_891' title='bbox 2579 5418 2723 5465; x_wconf 91' lang='lat' dir='ltr'><strong>sunt.</strong></span> <span class='ocrx_word' id='word_1_892' title='bbox 2779 5407 2948 5476; x_wconf 71' lang='lat' dir='ltr'><strong>Rogat</strong></span> <span class='ocrx_word' id='word_1_893' title='bbox 2983 5408 3131 5460; x_wconf 65' lang='lat' dir='ltr'><strong>eisin)</strong></span> <span class='ocrx_word' id='word_1_894' title='bbox 3184 5421 3244 5462; x_wconf 89' lang='lat' dir='ltr'><strong>ut</strong></span> <span class='ocrx_word' id='word_1_895' title='bbox 3295 5425 3506 5470; x_wconf 85' lang='lat' dir='ltr'><strong>manus,</strong></span> <span class='ocrx_word' id='word_1_896' title='bbox 3555 5405 3604 5457; x_wconf 85' lang='lat' dir='ltr'><strong>id</strong></span> <span class='ocrx_word' id='word_1_897' title='bbox 3638 5407 3714 5455; x_wconf 88' lang='lat' dir='ltr'><strong>est</strong></span> 
     </span>
    </p>
   </div>
   <div class='ocr_carea' id='block_1_115' title="bbox 2134 5491 3708 5570">
    <p class='ocr_par' dir='ltr' id='par_1_115' title="bbox 2134 5491 3708 5570">
     <span class='ocr_line' id='line_1_115' title="bbox 2134 5491 3708 5570; baseline -0.004 -17"><span class='ocrx_word' id='word_1_898' title='bbox 2134 5503 2376 5569; x_wconf 80' lang='lat' dir='ltr'><strong>Operatio</strong></span> <span class='ocrx_word' id='word_1_899' title='bbox 2436 5504 2674 5554; x_wconf 83' lang='lat' dir='ltr'><strong>lirmetur</strong></span> <span class='ocrx_word' id='word_1_900' title='bbox 2724 5500 2777 5553; x_wconf 93' lang='lat' dir='ltr'><strong>in</strong></span> <span class='ocrx_word' id='word_1_901' title='bbox 2827 5499 3109 5568; x_wconf 85' lang='lat' dir='ltr'><strong>superbos,</strong></span> <span class='ocrx_word' id='word_1_902' title='bbox 3167 5511 3440 5570; x_wconf 66' lang='lat' dir='ltr'><strong>quatenus</strong></span> <span class='ocrx_word' id='word_1_903' title='bbox 3492 5491 3708 5552; x_wconf 65' lang='lat' dir='ltr'><strong>inchoati</strong></span> 
     </span>
    </p>
   </div>
   <div class='ocr_carea' id='block_1_116' title="bbox 2136 5589 3711 5652">
    <p class='ocr_par' dir='ltr' id='par_1_116' title="bbox 2136 5589 3711 5652">
     <span class='ocr_line' id='line_1_116' title="bbox 2136 5589 3711 5652; baseline -0.004 -9"><span class='ocrx_word' id='word_1_904' title='bbox 2136 5593 2572 5645; x_wconf 83' lang='lat' dir='ltr'><strong>triimlationibus</strong></span> <span class='ocrx_word' id='word_1_905' title='bbox 2595 5591 2880 5644; x_wconf 85' lang='lat' dir='ltr'><strong>celerrime</strong></span> <span class='ocrx_word' id='word_1_906' title='bbox 2907 5590 2970 5643; x_wconf 91' lang='lat' dir='ltr'><strong>ad</strong></span> <span class='ocrx_word' id='word_1_907' title='bbox 2999 5595 3388 5647; x_wconf 70' lang='lat' dir='ltr'><strong>conversionis</strong></span> <span class='ocrx_word' id='word_1_908' title='bbox 3417 5589 3582 5646; x_wconf 86' lang='lat' dir='ltr'><strong>studia</strong></span> <span class='ocrx_word' id='word_1_909' title='bbox 3605 5598 3711 5652; x_wconf 87' lang='lat' dir='ltr'><strong>per-</strong></span> 
     </span>
    </p>
   </div>
   <div class='ocr_carea' id='block_1_117' title="bbox 2135 5678 3702 5755">
    <p class='ocr_par' dir='ltr' id='par_1_117' title="bbox 2135 5678 3702 5755">
     <span class='ocr_line' id='line_1_117' title="bbox 2135 5678 3702 5755; baseline -0.004 -18"><span class='ocrx_word' id='word_1_910' title='bbox 2135 5685 2414 5752; x_wconf 69' lang='lat' dir='ltr'><strong>ducantur.</strong></span> <span class='ocrx_word' id='word_1_911' title='bbox 2464 5683 2727 5755; x_wconf 60' lang='lat' dir='ltr'><strong>litatum:-</strong></span> <span class='ocrx_word' id='word_1_912' title='bbox 2753 5691 2929 5737; x_wconf 83' lang='lat' dir='ltr'><strong>autem</strong></span> <span class='ocrx_word' id='word_1_913' title='bbox 2959 5682 3178 5736; x_wconf 68' lang='lat' dir='ltr'><strong>dextera</strong></span> <span class='ocrx_word' id='word_1_914' title='bbox 3212 5694 3344 5750; x_wconf 75' lang='lat' dir='ltr'><strong>tua;</strong></span> <span class='ocrx_word' id='word_1_915' title='bbox 3388 5683 3468 5735; x_wconf 87' lang='lat' dir='ltr'><strong>hic</strong></span> <span class='ocrx_word' id='word_1_916' title='bbox 3501 5678 3702 5732; x_wconf 67' lang='lat' dir='ltr'><strong>fortasse</strong></span> 
     </span>
    </p>
   </div>
  </div>
