3952 6162
1521 145 1542 172 \

261 266 339 324 653

1114 266 1471 323 EXPOSITIO
1509 264 1573 319 IN
1615 261 2066 320 PSALTERIUM.
2110 262 2300 318 PSAL.
2345 263 2668 318 LXXXVIII.

3388 262 3491 320 651

261 381 417 437 dictum
451 385 556 442 est,
615 377 667 433 id
697 385 779 432 est
808 378 1130 433 clarificetur
1161 393 1413 432 numerus
1443 378 1795 447 praedestina-
1832 373 1876 432 Α
1905 372 2053 424 suavi
2087 371 2281 425 exinde
2311 373 2616 439 epulatione
2665 386 2963 440 pascamur,
3019 381 3072 427 et
3113 373 3180 428 ibi
3215 383 3494 445 perpetuae

262 481 416 532 torum,
448 469 537 534 qui
571 478 655 522 est
679 467 743 520 ad
773 468 1050 522 dexteram
1080 468 1443 522 collocandus.

312 562 443 615 νει-ε.
483 563 504 612 1
527 559 569 613 i.
601 557 812 612 Iustitia
834 568 880 612 et
899 559 1150 627 judicium
1174 558 1485 628 prteparatio
1516 553 1648 610 sedis
1672 564 1804 609 tua’:

255 650 568 705 miseriterdia
617 657 664 702 et
694 649 878 702 veritas
908 650 1154 717 pratibunt
1202 649 1386 717 faciem
1431 657 1593 700 luant.
1647 646 1806 699 Sedes

255 742 430 810 quidem
470 739 680 793 Domini
712 753 924 807 semper
952 751 1148 792 aeterna
1176 747 1260 793 est
1305 755 1317 791 :
1362 737 1457 793 sed
1489 747 1612 791 tunc
1653 735 1804 788 nobis

252 831 497 900 apparebit
527 838 843 897 praeparata,
880 828 1092 893 quando
1136 829 1306 895 ipsum
1342 841 1628 881 cernemus
1659 821 1804 888 judi-

250 935 352 974 care
380 919 666 989 jusutiam.
729 917 806 972 Eo
836 918 1096 986 siquidem
1149 929 1389 986 tempore
1429 927 1608 971 sancti
1654 915 1808 970 nobis

248 1013 444 1082 aequitas
467 1019 727 1082 patescet,
757 1019 809 1062 et
836 1025 990 1063 verus
1016 1010 1180 1064 iudex
1214 1012 1543 1074 ostendetur,
1573 1027 1680 1078 quo
1709 1027 1804 1062 att-

246 1103 459 1172 geiorurn
508 1100 762 1172 mysteria
805 1099 1148 1155 videbuntur.
1193 1101 1274 1154 Fit
1323 1103 1632 1168 prteparatio
1675 1102 1806 1153 sedis

244 1201 360 1264 ejus,
391 1194 608 1264 quando
635 1193 752 1247 hinc
779 1195 846 1246 ab
875 1194 1176 1246 hominibus
1213 1193 1265 1245 in
1295 1194 1530 1261 generali
1563 1207 1802 1246 resurre-

243 1288 400 1342 ctione
441 1294 752 1340 cernentur.
806 1284 1079 1352 SeQuitur,
1130 1284 1477 1337 misericordia
1531 1291 1581 1334 et
1627 1283 1807 1335 veritas

244 1378 472 1447 preibunt
499 1378 683 1446 faciem
719 1387 877 1430 tuam.
924 1376 1034 1429 IIoc
1071 1375 1134 1427 ad
1182 1380 1389 1442 tempus
1433 1374 1582 1427 istius
1626 1372 1807 1426 mundi

251 1485 338 1524 non
364 1471 794 1535 incompeleuter
831 1478 1060 1536 aptatur.
1111 1465 1320 1520 Faciem
1351 1466 1492 1520 enim
1525 1466 1712 1533 ipsius,
1756 1465 1808 1518 id

245 1570 314 1615 est
331 1561 747 1615 declarationem
777 1559 958 1627 judicii
988 1559 1343 1611 ntisvricordia
1368 1567 1415 1610 et
1443 1559 1622 1610 t'eritas
1671 1573 1806 1626 pra:-

241 1651 388 1705 ibttnt.
419 1650 780 1705 Misericordia
810 1660 911 1713 est,
942 1651 1062 1718 quia
1097 1652 1265 1718 parcit
1311 1651 1624 1713 conversis;
1676 1649 1808 1702 veri-

1911 463 2107 519 lzetitia:
2139 478 2361 516 munere
2388 463 2743 532 perfruamur.

1982 555 2134 609 Vers.
2170 556 2254 608 17.
2302 556 2553 621 Quoniam
2585 556 2752 624 gloria
2781 550 2986 610 virtutis
3008 571 3181 609 eorum
3226 569 3275 609 tu
3319 575 3369 612 es
3391 573 3411 613 :
3441 570 3493 614 et

1909 646 1963 699 in
2006 647 2318 713 beneplacito
2365 657 2449 698 tuo
2480 647 2788 699 multabitur
2815 661 2970 697 contu
3001 656 3246 698 nostrum.
3299 649 3488 700 Merito

1913 753 2070 790 cornu
2099 751 2306 799 eorum,
2337 737 2385 788 id
2421 746 2517 799 est,
2553 745 2784 803 potestas
2811 722 3138 799 emirabitur,
3170 738 3257 805 qui
3292 739 3342 790 iu
3382 739 3490 789 Do-

1912 829 2058 878 mino
2089 825 2378 879 Salvatore.
2434 825 2500 877 de
2527 840 2630 890 quo
2655 825 2780 878 dicit
2827 825 3020 879 Pater:
3079 825 3173 877 llic
3218 837 3289 878 est
3324 825 3494 880 Filius

1909 934 2050 971 meus
2079 918 2307 979 dilectus,
2343 918 2394 968 in
2416 934 2515 985 quo
2540 918 2664 968 mihi
2693 917 2813 969 bene
2848 919 3136 986 romplarui
3169 917 3376 984 (Matth.
3414 934 3490 981 ut,

1912 1009 2023 1078 I7),
2058 1009 2307 1062 virtutem
2333 1025 2482 1061 suam
2511 1009 2836 1077 gloriamque
2862 1021 3148 1075 postuerunt
3175 1027 3187 1062 :
3221 1012 3341 1075 quia
3365 1012 3488 1064 dum

1909 1103 1972 1154 ad
2003 1101 2154 1154 illum
2181 1100 2408 1154 refertur
2435 1115 2592 1152 omne
2622 1100 2761 1168 quod
2795 1100 2976 1152 datum
3008 1107 3110 1163 est,
3149 1102 3263 1168 ipse
3294 1104 3349 1153 lit
3377 1103 3494 1157 laus

1910 1203 2088 1248 nostra
2122 1202 2175 1246 et
2205 1176 2443 1262 perfecta
2470 1193 2672 1247 lartitia.
2728 1193 2795 1248 Et
2825 1204 2946 1248 nota
2977 1195 3118 1262 Quod
3153 1195 3202 1248 iu
3240 1195 3338 1250 hoc
3372 1196 3492 1250 loco

1910 1300 2086 1347 cornu,
2118 1283 2172 1336 in
2213 1283 2354 1337 bono
2404 1286 2581 1352 posuit
2624 1302 2636 1336 :
2681 1284 2807 1338 alibi
2839 1300 2968 1338 vero
3001 1285 3050 1338 in
3083 1285 3222 1350 malo
3247 1312 3268 1350 ,-
3310 1297 3363 1339 ιιι
3411 1296 3493 1340 est

1912 1372 2036 1426 illud
2061 1391 2073 1426 :
2110 1373 2173 1426 Et
2211 1391 2241 1426 α
2268 1374 2507 1426 cornibus
2547 1375 2930 1427 unicorniorum
2960 1375 3299 1428 [inutilitatem
3328 1392 3494 1430 nteant

1912 1465 2085 1536 (Psal.
2123 1481 2233 1530 ut,
2261 1465 2354 1534 2’2)
2384 1483 2396 1529 ;
2438 1481 2541 1520 non
2575 1465 2863 1531 immerito,
2894 1467 3145 1535 quoniam
3176 1467 3296 1522 data
3345 1476 3493 1537 pote-

1911 1568 2021 1612 stas
2048 1559 2183 1612 bona
2213 1559 2456 1625 malaque
2485 1557 2633 1626 facit.

1984 1649 2136 1702 Veis.
2167 1649 2254 1702 18.
2299 1648 2561 1712 Quoniam
2606 1647 2819 1701 Domini
2845 1659 2916 1702 est
2948 1651 3253 1719 assumptio,
3297 1661 3343 1705 et
3369 1669 3492 1705 san-

243 1752 328 1806 tas,
379 1743 501 1810 quia
548 1742 808 1810 promissa
846 1741 1098 1795 resdtuit.
1159 1741 1248 1795 Sic
1288 1754 1567 1810 utrumque
1597 1749 1806 1809 tempus
1837 1737 1882 1796 B
1910 1741 1975 1792 cti
1999 1738 2164 1792 Israel
2191 1738 2341 1809 Regis
2373 1738 2552 1790 nostri.
2583 1737 2840 1806 Exposuit
2869 1754 3033 1807 quare
3059 1741 3312 1794 exaltetur
3334 1758 3496 1796 cornu

235 1833 500 1889 evidenter
525 1834 610 1888 his
636 1833 974 1887 sermonibus
1002 1833 1280 1887 iudicatur.

305 1925 450 1979 Vers.
489 1925 578 1978 I5.
623 1921 814 1977 Beatus
861 1922 1084 1993 populus
1131 1924 1215 1992 qui
1259 1922 1496 1991 intelligit
1537 1921 1811 1992 jnbilatio-

241 2033 340 2070 nent
393 2032 414 2071 :
477 2015 718 2081 Domine,
778 2017 830 2068 in
879 2016 1070 2068 lumine
1116 2021 1280 2071 vultus
1335 2018 1408 2067 tui
1456 2015 1808 2068 ambulabunt.

241 2107 400 2160 Ethan
429 2106 519 2161 ille
549 2107 944 2170 sanctissimus,
972 2120 1129 2174 quem
1157 2105 1342 2158 titulus
1369 2104 1642 2172 praemisit,
1679 2116 1813 2174 post-

236 2212 382 2266 qutm
420 2196 515 2250 Dei
549 2195 694 2249 visus
737 2203 818 2248 est
862 2195 1190 2263 praedicasse
1228 2194 1504 2263 mysteria,
1551 2194 1688 2248 beati
1720 2209 1814 2264 po—

237 2289 334 2357 puli
362 2286 689 2342 multifarias
737 2287 922 2340 laudes
959 2286 1264 2355 aggreditur
1308 2300 1403 2352 per
1434 2286 1483 2339 id
1520 2286 1660 2355 quod
1692 2286 1815 2340 rhe-

235 2389 372 2434 tores
409 2379 891 2433 demonstrativum
923 2376 1134 2431 dicendi
1166 2390 1333 2446 genus
1375 2377 1667 2445 appellant.
1702 2377 1812 2431 Ex-

231 2473 420 2528 clamat
459 2472 607 2526 enim
638 2487 651 2524 :
690 2470 877 2525 Beatus
907 2471 1127 2541 papulas
1158 2472 1248 2538 qui
1277 2469 1517 2538 intelligit
1541 2469 1816 2540 jubilalio-

231 2581 362 2631 nan,
415 2563 468 2618 id
511 2572 598 2617 est
648 2562 738 2632 qui
788 2565 1101 2618 immensam
1155 2561 1390 2615 laetitiam
1419 2576 1568 2615 suam
1616 2577 1720 2616 non
1761 2564 1816 2616 in

232 2658 464 2724 propriis
493 2653 718 2719 viribus,
768 2653 861 2707 sed
897 2654 946 2706 in
980 2652 1072 2707 Dei
1115 2652 1454 2721 cognoscitur
1477 2654 1681 2708 virtute.
1724 2668 1818 2720 po-

228 2750 422 2802 suisse.
471 2744 725 2798 Jubilatio
751 2754 834 2798 est
863 2744 1006 2798 enim
1037 2746 1249 2814 copiosa
1296 2745 1489 2799 mentis
1512 2745 1814 2811 exsultatio,

227 2853 344 2908 qtae
372 2837 564 2892 verbis
590 2853 696 2890 non
729 2844 906 2906 potest
932 2836 1207 2903 explicari.
1242 2836 1388 2891 lianc
1410 2852 1540 2907 ergo
1570 2852 1818 2907 perscru-

231 2929 334 2984 tari
361 2930 550 2983 cordis
574 2943 771 2982 arcano
793 2929 931 2982 beati
961 2937 1045 2980 est
1069 2928 1277 2996 populi;
1305 2943 1461 2997 quam
1492 2928 1570 2983 sic
1598 2929 1820 2984 feliciter

233 3020 588 3084 advertimus,
633 3020 677 3072 si
705 3028 976 3074 auctorem
1017 3017 1136 3087 ejus
1169 3033 1298 3088 pura
1326 3027 1504 3073 mente
1536 3018 1815 3073 fateamur.

1916 1831 1968 1884 in
2011 1831 2182 1900 ipsum
2233 1830 2609 1884 credentium:
2669 1831 2926 1895 Quoniam
2966 1835 3269 1903 assumptio,
3315 1835 3364 1888 id
3415 1844 3498 1892 est

1913 1924 2078 1993 gloria
2115 1923 2201 1976 illa
2233 1923 2615 1977 incarnationis
2650 1940 2678 1977 a
2699 1933 2875 1976 sancto
2908 1921 3074 1978 Israel
3103 1927 3358 1993 probatur
3388 1927 3491 1982 im-

1917 2014 2094 2082 pleta;
2150 2014 2200 2068 in
2243 2030 2345 2083 qua
2388 2030 2577 2068 omnes
2626 2029 2772 2084 spem
2823 2015 3077 2070 habentes
3122 2016 3188 2070 de
3235 2015 3498 2086 profundo

1916 2107 2118 2174 peccati
2160 2121 2369 2158 sursum
2419 2105 2696 2173 erigimur,
2743 2107 2868 2159 dum
2920 2107 3084 2174 ipsius
3130 2108 3498 2167 misericordia

1916 2196 2227 2250 sublevante
2258 2197 2309 2249 in
2354 2205 2556 2250 aeterna
2587 2196 2780 2263 gaudia
2827 2196 3174 2251 collocantur.
3231 2197 3369 2252 Ecce
3401 2215 3498 2251 ex-

1918 2288 2088 2357 posita
2121 2296 2242 2341 sunt
2273 2302 2514 2352 munera,
2549 2302 2668 2356 qua:
2691 2288 3068 2355 promittuntur
3095 2289 3284 2356 papula
3309 2289 3500 2342 in'elli-

1919 2378 2456 2449 gentijubilationem.
2500 2377 2721 2431 Peracta
2746 2386 2828 2430 est
2859 2379 3260 2432 demonstrativi
3286 2381 3500 2447 generis

1919 2469 2228 2522 admiranda
2262 2469 2513 2532 laudatio,
2563 2477 2620 2520 ut
2649 2468 2700 2521 in
2732 2469 2957 2537 singulis
2985 2469 3144 2523 rebus
3185 2479 3238 2522 et
3268 2478 3353 2536 pot
3379 2468 3500 2522 vitia

1920 2561 2087 2630 ipsius
2116 2570 2382 2620 narretur,
2416 2569 2472 2612 et
2499 2559 2617 2627 quis
2660 2559 2728 2612 sit
2758 2559 2860 2613 iste
2896 2561 3172 2624 Dominus,
3205 2561 3504 2616 evidentius

1920 2651 2304 2722 approbemus.
2347 2649 2498 2705 Nunc
2541 2651 2740 2720 aliquid
2787 2653 2852 2706 de
2902 2654 3055 2706 tertia
3105 2653 3367 2708 άὶνὶεἱυηθ
3409 2669 3505 2708 ηο-

1921 2758 2150 2798 εςθηιιιε.

1994 2835 2146 2890 Vers.
2178 2835 2262 2889 19.
2315 2834 2462 2887 Tunc
2508 2835 2708 2888 loculus
2749 2850 2799 2888 es
2833 2837 2892 2890 in
2940 2852 3142 2906 aspeccu
3169 2837 3290 2902 [iliis
3314 2837 3433 2901 tuis,
3459 2847 3505 2891 et

1925 2929 2099 2982 dixisti
2123 2942 2141 2981 :
2169 2925 2332 2980 Parui
2359 2927 2676 2993 adjutorium
2704 2943 2856 2996 super
2885 2936 3158 2997 potentem,
3201 2940 3247 2980 et
3289 2928 3508 2981 exaltari

1928 3021 2142 3074 electum
2168 3019 2229 3071 de
2255 3017 2399 3088 plebe
2426 3034 2554 3072 mea.
2599 3017 2864 3071 Hactenus
2894 3017 3062 3071 Ethan
3096 3034 3121 3069 a
3153 3033 3248 3072 sua
3279 3033 3504 3088 persona

235 3109 328 3165 Est
349 3113 516 3166 etiam
553 3109 801 3194 omnino.
817 3109 980 3174 utilis,
1027 3114 1071 3164 si
1113 3119 1167 3164 et
1211 3110 1287 3164 sic
1321 3109 1648 3178 intelligatur
1677 3110 1818 3163 dicta
1851 3109 1895 3171 C
1929 3110 2136 3164 locutus
2161 3117 2263 3173 est,
2297 3120 2438 3161 nunc
2461 3106 2607 3160 venit
2629 3105 2693 3159 ad
2721 3107 2926 3159 tertiam
2961 3117 3181 3175 partem,
3212 3107 3504 3176 prazdicans

236 3201 527 3267 sententia,
596 3201 720 3270 quia
763 3200 851 3254 ille
890 3201 1062 3254 beatus
1103 3201 1322 3269 populus
1365 3209 1466 3265 est,
1518 3200 1607 3269 qui
1641 3199 1822 3254 laudes

241 3290 334 3346 Dei
363 3309 474 3347 nou
516 3294 690 3347 solum
728 3307 822 3346 ore
849 3301 1050 3356 cantat,
1084 3293 1175 3347 sed
1208 3293 1368 3345 etiam
1414 3293 1609 3347 lumine
1632 3294 1825 3348 mentis

242 3383 501 3455 intelligit.
532 3381 834 3454 Intelligere
856 3393 1032 3436 autem
1059 3392 1162 3446 est,
1205 3383 1248 3436 si
1281 3381 1583 3449 Scripturas
1614 3393 1826 3438 sanctas

246 3476 523 3530 catholicis
548 3475 752 3544 regulis
775 3481 1166 3542 perscrutetur;
1201 3474 1244 3527 si
1270 3475 1410 3528 dicta
1439 3475 1653 3528 Patrum
1683 3477 1824 3528 salu-

249 3569 346 3619 tari
383 3567 638 3636 dogmate
663 3566 782 3634 quis
815 3565 1260 3633 comprehendat,
1304 3575 1579 3634 imumque
1611 3566 1674 3618 ad
1717 3568 1826 3634 pie-

254 3663 411 3711 tatem
438 3666 601 3712 recue
631 3656 752 3712 fidei
797 3657 994 3718 trahat,
1037 3671 1195 3724 quam
1240 3657 1613 3711 hmreticorum
1649 3658 1825 3725 pravi-

257 3749 450 3803 tatibus
477 3744 802 3818 acqui'escat.
832 3748 1050 3802 Addidit
1081 3748 1361 3816 prtemiutu
1385 3747 1526 3817 quod
1557 3748 1691 3802 tales
1712 3764 1830 3802 con-

261 3838 493 3904 sequitur
515 3839 662 3892 viros
703 3852 719 3890 :
761 3836 1004 3901 Domine,
1048 3837 1101 3888 in
1132 3836 1321 3889 luntine
1350 3837 1518 3889 vultus
1547 3837 1621 3888 tui
1649 3836 1832 3889 ambu-

262 3925 449 3980 labunt.
497 3928 731 3997 Pupulus
766 3928 859 3981 ille
897 3927 1100 3990 beatus,
1160 3943 1316 3996 quem
1362 3927 1497 3980 dixit
1527 3927 1830 3998 intelligere

259 4012 639 4087 iubilationem,
681 4019 733 4071 in
765 4018 956 4072 lumine
987 4021 1157 4072 uultus
1196 4021 1304 4085 ejus
1335 4019 1585 4083 ambulat,
1625 4033 1746 4072 eum
1778 4021 1828 4076 in

263 4111 706 4178 contemplatione
736 4119 934 4164 sanctis
961 4110 1237 4164 Trinitatis
1278 4109 1476 4179 jugiter
1501 4120 1828 4179 perseverat.

267 4199 490 4255 Ambulot
535 4202 702 4268 enim,
749 4202 1013 4271 significat
1062 4202 1226 4268 vivit,
1279 4203 1401 4270 quia
1451 4211 1660 4270 tempus
1690 4202 1828 4258 istud

263 4288 377 4344 vita
403 4302 594 4347 nostra:
625 4293 854 4362 quadam
885 4294 1273 4349 oommcatione
1304 4294 1594 4364 peragitur.

329 4380 478 4437 γεγε.
514 4386 601 4438 16.
647 4381 712 4436 Et
741 4384 795 4437 in
844 4385 1046 4438 nomine
1075 4394 1159 4439 tuo
1189 4385 1517 4439 exsultabunt
1564 4395 1669 4438 tota
1697 4387 1780 4439 die
1810 4401 1830 4438 :

1928 3201 2088 3254 verba
2131 3198 2323 3262 Patris,
2371 3213 2488 3266 quae
2514 3197 2653 3250 dicta
2682 3207 2807 3251 sunt
2836 3196 2903 3250 de
2933 3199 3159 3250 Domino
3186 3197 3500 3265 Salvatore;

1930 3303 1982 3342 ut
2014 3289 2258 3357 superior
2280 3289 2392 3341 laus
2415 3287 2706 3342 indubitata
2733 3289 3040 3354 doceretur,
3093 3303 3250 3358 quam
3283 3299 3504 3359 paterna

1928 3380 2088 3434 etiam
2121 3378 2345 3431 firmavit
2377 3379 2687 3431 auctoritas.
2720 3378 2873 3447 Smpe
2906 3377 3137 3431 diximus
3168 3392 3381 3433 sanctos
3409 3393 3507 3449 ap-

1929 3469 2118 3539 pellari
2146 3468 2284 3522 lilios
2307 3467 2400 3521 Dei
2439 3482 2544 3522 non
2591 3478 2799 3533 natura,
2841 3468 2934 3524 sed
2981 3468 3166 3537 gratia.
3214 3469 3334 3523 Istis
3381 3486 3510 3541 ergo

1931 3562 2073 3630 ﬁliis,
2103 3560 2155 3613 id
2177 3543 2558 3627 cstiprOphetis
2582 3569 2636 3614 et
2665 3561 3103 3626 prmdicatoribus
3131 3561 3280 3614 verbi
3312 3563 3512 3616 locutus

1931 3663 2004 3706 est
2026 3650 2275 3705 Dominus
2297 3651 2351 3704 in
2378 3663 2604 3719 aspectu,
2633 3651 2758 3705 dum
2781 3666 2876 3706 eos
2902 3651 3027 3706 fecit
3053 3654 3364 3721 conspicere
3395 3670 3516 3722 qua}

1933 3743 2198 3796 dicebant.
2243 3742 2344 3796 Per
2395 3742 2496 3796 hoc
2543 3746 2685 3796 enim
2733 3745 2953 3797 verbum
3002 3745 3130 3799 illud
3172 3746 3512 3813 ostenditur,

1932 3836 2056 3902 quia
2108 3835 2366 3904 quidquid
2409 3835 2687 3904 prOphelte
2735 3838 3005 3904 dixerunt,
3055 3854 3160 3891 non
3207 3841 3515 3908 ignorante:-

1935 3925 2096 3980 locuti
2125 3938 2249 3979 sunt
2273 3941 2287 3976 :
2339 3926 2434 3980 sed
2484 3925 2535 3978 in
2564 3927 3018 3994 contemplatione
3049 3930 3348 3983 certissima
3376 3945 3514 3986 con-

1933 4016 2128 4083 stituti,
2178 4016 2427 4080 viderunt
2480 4027 2659 4070 mente
2710 4018 2849 4084 quod
2912 4033 3008 4074 ore
3068 4020 3513 4088 praedicaverunt.

1935 4109 2069 4162 l—linc
2097 4117 2179 4162 est
2203 4107 2346 4177 quod
2367 4107 2526 4161 etiam
2551 4107 2792 4161 videntes
2816 4108 3089 4176 propheta:
3117 4122 3512 4181 nuncupantur.

1933 4199 2224 4269 Sequitur:
2269 4198 2429 4252 Ροδαὶ
2459 4200 2771 4268 adjutorium
2811 4217 2966 4268 super
2990 4211 3260 4268 potentem.
3293 4202 3515 4270 Quana-

1935 4306 2052 4345 mus
2083 4291 2208 4360 quid
2241 4293 2365 4346 velit
2394 4292 2616 4361 intelligi
2649 4293 2966 4362 adjutorium
2991 4295 3216 4363 positum
3247 4311 3400 4364 super
3426 4311 3518 4366 po-

1936 4392 2152 4449 tentem;
2199 4399 2320 4437 nam
2352 4384 2443 4452 qui
2467 4383 2789 4453 adjutorium
2820 4389 3010 4456 quaerit
3041 4397 3231 4456 potens
3258 4403 3363 4443 non
3394 4399 3516 4455 est;

256 4479 303 4521 et
327 4472 378 4524 in
395 4476 603 4544 justitia
633 4485 723 4527 tua
757 4475 1139 4530 exaltabunlur.
1174 4478 1363 4544 Adhuc
1393 4478 1444 4530 in
1479 4478 1570 4530 illo
1611 4479 1829 4547 praemio
1860 4481 1911 4542 ι)
1938 4477 2028 4544 qui
2079 4485 2267 4544 potens
2309 4483 2414 4542 est,
2464 4491 2568 4529 non
2617 4475 2816 4546 indiget
2843 4477 3104 4545 adjuvari.
3159 4479 3261 4534 Sed
3305 4482 3405 4536 hoc
3436 4481 3519 4536 di-

257 4572 582 4630 perseverat,
612 4565 753 4635 quod
784 4565 939 4619 datur
966 4566 1088 4620 huic
1116 4569 1329 4636 populo,
1358 4571 1444 4634 qui
1474 4567 1713 4638 intelligit
1733 4573 1827 4638 ju-

257 4649 565 4710 bilationem.
625 4656 754 4711 Nam
785 4672 907 4712 cum
948 4658 1074 4712 dicit
1106 4657 1350 4724 Domino,
1396 4661 1448 4712 in
1487 4663 1692 4714 nomine
1742 4673 1829 4716 tuo

254 4745 597 4810 exsultabant,
629 4756 772 4800 vetat
798 4748 848 4800 in
875 4751 1087 4818 propria
1114 4751 1534 4819 pratsumptione
1559 4753 1827 4820 gaudere;

255 4846 320 4887 ne
354 4835 579 4906 decepta
611 4838 908 4892 mortalitas
946 4839 1014 4892 ibi
1044 4848 1206 4908 ponat
1237 4841 1473 4894 laetitiam
1519 4856 1692 4906 suam,
1739 4847 1827 4897 ubi

253 4929 424 4980 omnia
458 4936 586 4982 sunt
622 4929 844 4982 caduca.
897 4929 1172 5000 Sequitur,
1225 4939 1328 4984 tota
1357 4933 1460 4995 die,
1520 4935 1684 4988 totius
1710 4936 1830 4990 vita:

253 5022 460 5084 tempus
481 5019 751 5086 ostendit,
795 5019 917 5090 quia
948 5037 1054 5075 non
1086 5023 1240 5076 decet
1272 5023 1556 5090 aliquando
1584 5025 1709 5080 inde
1737 5027 1832 5080 de-

248 5105 450 5172 sinere,
477 5110 620 5166 unde
650 5121 859 5165 constat
890 5123 1140 5180 perpetua
1169 5123 1221 5168 et
1248 5116 1462 5184 c0piosa
1490 5118 1681 5186 gaudia
1713 5134 1834 5187 pro-

249 5200 450 5256 venire.
469 5202 620 5270 Quod
648 5217 769 5256 cum
794 5205 866 5256 ita
895 5203 1086 5259 factum
1113 5206 1290 5272 fuerit,
1325 5209 1502 5262 evenit
1528 5218 1583 5262 ut
1605 5211 1831 5266 exulten-

247 5295 330 5339 ηπ
352 5291 406 5344 in
421 5291 874 5364 Domiuijustitia,
892 5295 1266 5367 301quaudo
1293 5297 1342 5348 in
1368 5296 1457 5350 illa
1483 5309 1831 5353 resurrectio-

249 5393 314 5432 ne
345 5381 412 5434 ad
457 5381 737 5438 detteram
769 5385 965 5440 fuerint
992 5387 1262 5440 Collocati.
1310 5388 1448 5443 Ecce
1485 5391 1656 5458 qualia
1694 5389 1831 5443 dona

250 5481 432 5534 tanta
465 5474 604 5527 dicit
627 5474 1026 5544 intelligentibus
1069 5475 1443 5546 jubilationem.
1498 5485 1836 5549 Quapropter

250 5563 631 5633 negligentiam
666 5566 875 5618 noxiam
904 5567 1274 5636 projiciamus.
1307 5579 1365 5625 ct
1386 5571 1448 5624 ad
1474 5573 1836 5640 intelligentia:

247 5651 402 5709 beata
431 5657 608 5711 studia
632 5660 992 5716 concitemur:
1019 5669 1074 5713 ιιι
1103 5670 1155 5715 ct
1187 5661 1292 5726 hic,
1329 5663 1558 5718 donante
1586 5662 1831 5728 Domino,

1939 4574 2105 4631 ctum,
2150 4577 2239 4621 aut
2280 4569 2348 4621 de
2388 4567 2623 4635 generali
2673 4582 2901 4639 corpore
2943 4569 3199 4625 Ecclesia:
3231 4587 3519 4641 possumus

1942 4674 2046 4710 non
2098 4658 2520 4726 incuntpetentcr
2549 4658 2852 4723 advertere,
2898 4659 3040 4729 quod
3083 4671 3269 4728 potens
3312 4672 3368 4717 et
3407 4665 3519 4719 ele-

1941 4758 2082 4803 ctqu
2113 4762 2234 4802 esse
2277 4748 2452 4801 nullus
2481 4749 2727 4815 ignorat;
2778 4760 2832 4804 ct
2881 4749 3006 4806 huic
3047 4752 3173 4806 dicit
3199 4753 3520 4824 adjutorium

1939 4838 2211 4892 Christum
2264 4838 2544 4891 Dominum
2594 4839 2797 4904 datum,
2848 4843 2934 4910 qui
2981 4841 3048 4897 de
3092 4857 3151 4896 se
3195 4843 3244 4894 in
3277 4844 3520 4898 secundo

1941 4930 2148 4996 psalmo
2176 4927 2307 4980 dixit
2333 4943 2346 4980 :
2383 4925 2492 4997 Ego
2537 4940 2709 4980 autem
2736 4931 3038 4983 constitutus
3067 4948 3175 4983 sunt
3213 4931 3324 4988 Rea:
3366 4934 3430 4986 ab
3454 4951 3518 4989 eo

1938 5037 2095 5088 super
2132 5019 2263 5075 Sion
2305 5029 2527 5072 montem
2564 5031 2795 5074 sanctum
2839 5025 2948 5094 (jus
2979 5022 3148 5092 (I’sal.
3198 5040 3256 5090 ll,
3295 5025 3370 5096 6).
3416 5027 3520 5079 Aut

1939 5123 2088 5168 certe
2133 5115 2176 5168 si
2224 5112 2326 5166 hoc
2353 5112 2419 5166 de
2446 5113 2660 5167 Christo
2706 5113 2930 5168 Domino
2959 5119 3183 5171 velimus
3227 5120 3516 5175 advertere

1941 5208 2082 5276 quod
2112 5207 2186 5261 ait
2215 5223 2228 5260 :
2281 5205 2442 5260 Posui
2482 5206 2801 5276 adjtttorium
2838 5224 2989 5277 super
3016 5221 3290 5277 potentem,
3337 5212 3408 5265 ita
3440 5215 3519 5264 itt-

1945 5300 2293 5369 telligeudum
2322 5308 2424 5363 cst,
2454 5313 2518 5353 ac
2545 5299 2589 5352 si
2616 5301 2819 5355 diceret
2844 5319 2855 5353 :
2886 5302 3041 5356 Pater
3069 5304 3332 5371 perhibuit
3365 5307 3515 5361 testi-

1943 5391 2177 5444 moniqu
2237 5391 2482 5458 potenti,
2529 5392 2578 5444 id
2620 5400 2704 5446 est
2734 5392 2910 5457 Filio;
2961 5396 3094 5450 sicut
3143 5395 3194 5450 in
3235 5397 3520 5468 Evangelio

1945 5499 2046 5535 vox
2071 5483 2136 5536 ad
2164 5498 2283 5536 eum
2314 5483 2444 5536 facta
2473 5494 2714 5551 tesmtur,
2768 5486 2951 5540 dicens
2997 5505 3009 5539 :
3063 5487 3126 5540 Et
3169 5492 3449 5558 clariﬁrat-i
3474 5505 3522 5549 et

1948 5576 2127 5626 iterum
2162 5571 2458 5640 clari/icabo
2485 5573 2663 5641 (Jonn.
2696 5591 2788 5640 nt,
2812 5577 2924 5647 28).
2975 5577 3086 5634 lIoc
3125 5593 3202 5636 est
3237 5585 3378 5639 enim
3413 5587 3523 5641 for-

1949 5674 2090 5718 tasse
2117 5679 2183 5730 qu
2223 5665 2252 5715 d
2280 5664 2426 5730 dicit,
2472 5665 2790 5733 (illjltlU:lunl
2819 5671 3033 5736 positum
3068 5690 3214 5744 δοιρω·
3243 5689 3518 5744 parum",
