3952 6162
465 267 570 324 635

1681 264 1745 317 Ill.
1796 259 2071 316 Ali‘illildl
2113 261 2516 316 CASSIODUl‘tl
3571 265 3652 318 636

469 382 694 450 Adiecit,
736 381 953 435 exaltari
975 384 1190 436 electum
1215 378 1276 432 de
1303 376 1446 448 plebe
1471 393 1602 432 utea.
1662 375 1896 430 Electum
1936 376 2040 429 dici
2078 377 2119 435 Α
2153 375 2357 442 psalmo
2384 377 2490 441 jam
2521 374 2718 426 dictum
2751 382 2867 426 est:
2906 373 2975 425 Tu
2997 389 3048 426 es
3078 373 3202 425 mihi
3227 374 3456 440 refugium
3478 395 3504 430 α
3541 396 3662 446 pm.

469 473 746 526 Duntinum
792 471 1060 524 Christum
1111 470 1275 524 lsaias
1325 469 1586 538 propheta
1635 478 2042 532 commemorat,

465 562 686 616 dicens:
730 560 860 615 Ecce
888 578 1011 629 puer
1036 578 1174 615 ntetts
1197 563 1474 632 suscipiam
1503 577 1638 626 eum,
1672 560 1862 615 electus
1909 576 2047 613 meus

465 654 774 725 complacuit
795 655 891 707 sibi
916 657 966 706 in
991 652 1081 706 illo
1108 654 1279 706 anima
1307 671 1415 707 mea
1439 652 1592 723 (Isai.
1620 671 1750 716 XLII,
1780 653 1851 723 1).
1883 652 2046 706 Exul-

474 753 609 796 tatus
632 755 708 796 est
757 751 958 808 autem,
989 747 1124 797 sicut
1152 744 1283 798 dicit
1313 745 1594 814 Apostolus
1619 762 1631 796 :
1661 743 1883 812 Propter
1909 744 2046 814 quod

465 847 510 890 et
543 836 678 890 Deus
709 836 947 890 exultavit
978 837 1178 909 (illum,
1225 848 1271 892 et
1317 838 1519 891 donarit
1567 838 1644 890 illi
1686 855 1866 891 nomen
1913 839 2046 906 quod

467 941 540 987 est
567 949 719 1002 super
745 949 892 986 omne
921 950 1102 987 nomen
1129 950 1146 996 ;
1177 942 1233 987 ut
1270 934 1323 985 in
1357 933 1558 986 nomine
1586 931 1712 986 Jesu
1743 948 1886 985 omne
1916 949 2045 1002 genu

465 1027 698 1096 ﬂectatur
723 1025 1022 1090 cmles‘ium,
1073 1025 1386 1077 terrestrium
1414 1035 1458 1077 et
1486 1025 1799 1094 infernarum
1822 1023 2042 1094 (Philip.

467 1131 523 1182 tt,
554 1114 632 1184 9).
684 1116 756 1170 De
799 1116 940 1183 plebe
985 1131 1116 1179 mea,
1159 1116 1423 1183 signiﬁcat
1463 1123 1676 1182 gentem
1714 1114 2040 1178 ludat-orum,

467 1207 607 1261 unde
640 1214 818 1260 natum
843 1218 1051 1261 conSIat
1084 1207 1364 1261 Dominum
1395 1206 1682 1264 Christum.

541 1319 691 1374 Vers.
722 1320 811 1373 20.
842 1317 1017 1373 Inveni
1052 1319 1215 1372 David
1243 1335 1440 1372 sentum
1473 1335 1674 1373 meum:
1699 1319 1752 1372 in
1783 1320 1893 1373 oleo
1927 1337 2047 1373 son-

465 1421 546 1465 cto
577 1427 689 1468 meo
723 1413 848 1466 unxi
873 1429 1013 1468 eum.
1051 1412 1200 1478 Quod
1229 1412 1395 1464 dicit:
1430 1409 1610 1464 Inveni
1647 1411 1832 1476 David,
1863 1411 2044 1466 Jesum

465 1501 735 1554 Christum
787 1502 1065 1555 evidenter
1114 1500 1370 1565 insinuat,
1423 1515 1581 1568 quem
1635 1502 1877 1568 superius
1911 1500 2048 1554 dixit

471 1589 756 1644 I’otentem.
808 1591 917 1645 lloc
966 1592 1110 1644 enim
1162 1607 1354 1646 nomen
1405 1592 1710 1660 frequenter
1743 1593 2046 1647 COIISlalad

465 1681 639 1746 ipsum
689 1682 899 1747 referri,
950 1682 1071 1751 quia
1103 1693 1155 1737 et
1203 1698 1362 1737 manu
1404 1682 1553 1736 fortis
1577 1682 1790 1746 dicitur,
1823 1693 1876 1736 et
1905 1683 2045 1736 desi-

463 1775 714 1829 derahilis
761 1775 1058 1840 invenitur;
1122 1777 1353 1831 maxime
1393 1765 1682 1830 comitalia
1729 1787 2040 1844 sequantur,

465 1884 580 1938 qua:
605 1884 774 1938 neque
805 1868 993 1933 David,
1029 1884 1199 1938 neque
1229 1868 1382 1922 alteri
1408 1866 1654 1937 cuiquam
1674 1868 1822 1938 justo
1848 1877 2046 1936 przcter

467 1958 692 2012 DOmino
744 1959 1005 2013 Salvatori
1059 1961 1266 2026 possint
1305 1960 1566 2013 ullatenus
1614 1959 1926 2014 convenire.
1971 1959 2046 2012 De

465 2047 580 2115 ipso
605 2048 747 2102 enim
778 2049 827 2101 itt
855 2048 963 2102 alio
997 2049 1203 2117 psalmo
1226 2048 1336 2116 jam
1364 2049 1562 2101 dictum
1591 2059 1671 2101 est
1697 2066 1709 2100 :
1761 2047 2046 2116 Progiterea

465 2140 610 2192 unxit
643 2150 689 2192 te
722 2139 856 2192 Deus
891 2139 1024 2193 Deus
1055 2151 1170 2193 tuus
1202 2140 1312 2192 oleo
1343 2142 1700 2194 exsultationis
1751 2157 1856 2208 pra:
1883 2141 2045 2210 parti-

464 2230 657 2300 cipibus
685 2231 782 2283 tuis
814 2229 984 2300 (Psal.
1016 2246 1154 2296 xuv,
1187 2231 1264 2300 9).

541 2343 691 2398 Vers.
721 2344 810 2398 Ἦ.
854 2344 1043 2397 Manus
1077 2345 1211 2396 enim
1244 2360 1352 2397 mea
1384 2345 1724 2398 auxiliabitur
1751 2345 1816 2407 ei,
1851 2355 1894 2396 et
1927 2344 2046 2398 bra-

465 2432 633 2488 chium
662 2449 828 2487 meum
858 2434 1160 2504 confortabit
1189 2450 1321 2487 eum.
1367 2436 1479 2489 lloc
1498 2438 1788 2490 secundum
1820 2436 2043 2490 formam

465 2526 605 2581 servi
631 2525 844 2594 dicitur,
891 2542 1008 2596 quin
1047 2537 1318 2596 assumpta
1368 2537 1450 2582 est
1495 2529 1547 2582 in
1595 2539 1746 2581 utero
1775 2528 2042 2598 virginali.

466 2617 561 2671 Cui
602 2618 853 2671 auxiliata
882 2627 956 2672 est
1000 2635 1182 2672 manus
1223 2619 1400 2673 divina
1451 2621 1506 2673 in
1537 2603 1876 2690 passionibus
1909 2621 2043 2687 suis,

465 2716 520 2764 et
555 2708 806 2764 fortitudo
833 2709 1042 2764 Domini
1076 2710 1306 2764 firmavit
1333 2724 1451 2764 eam
1479 2727 1494 2775 ;
1528 2720 1584 2765 ut
1628 2727 1788 2781 quam
1829 2726 1925 2779 pro
1954 2725 2045 2766 sa-

468 2803 580 2855 lute
610 2801 790 2855 mundi
819 2801 937 2870 pius
979 2801 1307 2873 Redemptor
1349 2815 1684 2872 susceperat,
1714 2806 2040 2873 propositam

468 2907 748 2968 perageret
775 2898 1098 2966 passionem.
1143 2897 1255 2953 Hoc
1295 2899 1510 2954 schema
1549 2899 1744 2953 dicitur
1773 2900 2048 2955 characte-

467 2991 686 3057 rismos,
717 2990 856 3060 quod
887 2990 1074 3045 Latine
1103 2990 1411 3045 informatio
1443 2991 1522 3044 vel
1551 2992 1844 3060 descriptio
1877 2991 2044 3046 nomi-

470 3093 645 3146 mmr,
690 3082 902 3151 quando
932 3096 1213 3151 personam
1241 3083 1516 3137 absentem
1554 3083 1874 3152 quibusdam
1904 3083 2040 3138 indi-
2078 3117 2120 3176 C
2152 3082 2382 3184 υἷες

468 3178 567 3232 ciis
610 3175 752 3231 velut
782 3186 1098 3244 praesentem
1132 3173 1355 3231 facimus
1386 3175 1601 3230 intueri.
1651 3177 1775 3230 ll:rc
1820 3192 1949 3245 ergo
1981 3177 2045 3231 ti-

469 3283 598 3337 gura
632 3276 795 3322 totam
837 3277 1042 3336 partem
1073 3267 1352 3327 divisionis
1381 3268 1538 3338 hujus
1566 3267 1758 3324 decora
1788 3269 2048 3324 varietate

470 3357 860 3427 complectitur.

545 3489 694 3543 Vers.
721 3489 811 3542 “2‘2.
842 3489 990 3543 Nihil
1011 3491 1240 3558 proﬁciet
1267 3491 1498 3546 inimicus
1521 3493 1573 3545 in
1599 3507 1674 3557 eo,
1708 3502 1754 3565 et
1785 3493 1923 3558 [ilius
1954 3494 2052 3545 ini-

471 3581 683 3652 quitatis
713 3598 814 3636 non
839 3583 1032 3634 nocebit
1075 3599 1210 3635 eum.
1243 3583 1383 3636 lstud
1411 3593 1557 3637 certe
1584 3584 1648 3635 ad
1676 3582 1837 3636 David
1865 3599 2050 3652 quem-

471 3673 754 3729 leodntn
809 3675 1077 3742 pertinere
1107 3677 1324 3742 poterit,
1386 3678 1472 3745 qui
1506 3689 1558 3731 et
1589 3677 1830 3732 inimicos
1861 3678 2050 3732 fortio-

471 3779 559 3819 res
582 3765 812 3836 pertulit,
846 3776 898 3820 et
923 3766 1138 3820 diabolo
1167 3768 1450 3839 instigante
1513 3769 1785 3837 peccavit?
1815 3771 1918 3826 Sed
1955 3775 2053 3825 hoc

473 3859 735 3913 veraciter
765 3859 830 3912 de
856 3859 1069 3912 Christo
1097 3860 1448 3914 animadverti
1499 3875 1721 3917 necesse
1753 3874 1834 3916 cst
1863 3880 1876 3928 ;
1933 3880 2051 3916 nam

472 3949 597 4006 licet
639 3951 690 4005 in
733 3967 852 4006 eum
903 3954 1135 4006 smvierit
1175 3952 1443 4016 diabolus,
1500 3953 1586 4018 qui
1634 3963 1709 4007 est
1772 3965 2052 4022 protervus

476 4041 820 4097 humanitatis
854 4045 1130 4098 inimicus:
1166 4042 1291 4100 licet
1313 4045 1444 4099 Jttda
1477 4044 1616 4109 ﬁlius
1648 4047 1932 4115 iniquitatis
1961 4064 2054 4100 n-i-

473 4151 584 4188 cere
627 4138 1046 4205 praesumpserit,
1089 4137 1264 4190 nullus
1315 4146 1491 4191 tamen
1538 4152 1722 4191 eorum
1756 4150 2053 4206 peccatum,

472 4228 612 4295 quod
641 4231 782 4294 juSte
829 4245 1084 4285 accusare
1129 4232 1410 4299 potuisset,
1463 4233 1709 4296 invenit;
1762 4233 1900 4285 sicut
1944 4236 2056 4302 ipse

472 4318 602 4372 dicit
628 4335 638 4368 :
669 4317 796 4372 Ecce
822 4321 981 4372 veniet
1012 4323 1245 4388 princeps
1278 4323 1429 4387 liuius
1460 4323 1660 4387 mundi,
1691 4334 1732 4375 et
1763 4324 1812 4376 in
1847 4341 1923 4376 me
1950 4342 2054 4378 non

474 4407 688 4460 inveniet
716 4409 996 4479 quidquam
1024 4410 1201 4479 (Joan.
1232 4429 1339 4479 XIV,
1373 4414 1484 4482 50).

547 4499 699 4557 Vers.
732 4500 821 4554 ‘25.
869 4502 929 4554 Et
954 4507 1219 4556 concidam
1245 4506 1478 4559 inimicos
1507 4509 1618 4578 ejus
1651 4525 1681 4560 a
1712 4510 1840 4577 facie
1869 4509 2052 4578 ipsius,

475 4601 523 4644 et
553 4592 776 4646 odientes
808 4609 922 4646 eum
949 4595 1002 4648 in
1029 4599 1207 4664 fugam
1257 4607 1566 4650 convertam.
1614 4598 1654 4649 Α
1694 4598 1823 4666 [acie
1854 4597 2050 4652 Christi

474 4687 816 4741 conciduntur
860 4688 1074 4752 inimici,
1125 4687 1337 4758 quando
1364 4689 1480 4754 ejus
1513 4690 1794 4756 prmsentia
1825 4705 2053 4744 Conver-

475 4779 644 4833 sionis
693 4777 953 4834 beneficio
983 4796 1011 4833 ει
1045 4781 1276 4849 propriis
1322 4781 1635 4835 criminibus
1663 4784 1939 4851 culpisqtte
1969 4798 2054 4837 se-

473 4882 753 4942 parantur.
795 4873 924 4927 Nam
956 4873 1111 4942 {acies
1143 4875 1304 4944 ipsius
1332 4890 1450 4928 cum
1498 4887 1808 4938 peccatores
1839 4877 2049 4941 dignata

472 4965 634 5019 fuerit
676 4965 890 5031 intueri,
924 4981 954 5019 a
986 4965 1338 5033 pravitatibus
1364 4962 1496 5019 suis
1537 4966 1876 5019 conciduntur
1906 4981 1924 5032 ;
1952 4981 2051 5021 nec

471 5073 790 5113 consensum
835 5060 1057 5117 ulterius
1089 5061 1388 5115 tenebrosis
1418 5063 1627 5116 delictis
1658 5064 1899 5130 prreberc
1931 5078 2056 5132 pos-

472 5158 617 5213 sunt,
639 5149 728 5218 qui
755 5150 818 5202 ad
853 5152 1188 5219 praesentiam
1219 5152 1330 5204 veri
1361 5151 1596 5210 luminis,
1631 5151 1856 5204 Dotuino
1889 5153 2053 5206 mise-

473 5253 652 5309 rante,
691 5245 1022 5309 perveniunt.
1061 5243 1300 5295 Udientes
1325 5251 1500 5294 autem
1533 5259 1644 5293 cum
1662 5243 1711 5294 in
1738 5244 1909 5312 fugam
1938 5259 2056 5297 con-

470 5345 752 5399 vertuntur,
798 5337 1012 5405 quando
1045 5336 1203 5404 impia
1235 5335 1340 5388 vita
1370 5335 1648 5401 derelicta,
1699 5335 1764 5388 ad
1797 5335 1912 5403 ejus
1942 5351 2056 5390 cm-

471 5432 649 5496 pct‘inl
711 5428 961 5482 feSIinat‘e
1009 5427 1264 5482 remedia.
1332 5427 1539 5480 Peccati
1587 5427 1727 5481 enim
1782 5443 2050 5481 memores

472 5533 568 5574 sua
612 5521 748 5574 facta
780 5519 1065 5590 refugiunt,
1093 5527 1145 5572 et
1178 5519 1242 5572 ad
1272 5518 1530 5573 beneficia
1561 5519 1770 5573 Domini
1807 5519 2051 5573 saluber-

475 5610 608 5663 rima
641 5626 698 5663 se
729 5610 1076 5666 festinatione
1121 5619 1460 5664 convertunt.
1511 5611 1652 5664 Felix
1706 5611 1886 5679 itaque
1934 5609 2053 5679 fuga

475 5701 760 5754 criminum
795 5701 1003 5755 Domini
1034 5704 1312 5770 qua'siissc
1345 5703 1600 5775 refugium
1630 5748 1644 5774 ,
1689 5703 1824 5758 sicut
1870 5701 1922 5760 in
1950 5704 2054 5759 alio

2151 484 2271 521 sura
2298 484 2408 530 qua:
2433 466 2764 519 circumdedit
2797 483 2875 520 me
2910 465 3077 535 (Psal.
3119 481 3266 532 xui,
3293 468 3364 532 'I).

2225 559 2374 613 Vcrs.
2405 558 2496 612 2i.
2545 559 2608 611 Et
2634 560 2817 612 veritas
2849 575 2976 625 mea,
3009 569 3054 611 et
3099 560 3428 613 misericordia
3455 579 3666 620 mearum

2151 652 2260 719 ipso
2283 667 2302 705 :
2337 661 2382 704 ct
2409 652 2458 702 in
2488 657 2690 704 nomine
2718 668 2824 704 meo
2855 652 3166 704 exaltabitnr
3203 667 3351 703 cornu
3380 656 3492 722 ejus.
3537 656 3664 711 Pater

2149 741 2276 796 dicit
2305 742 2369 796 dc
2397 741 2547 798 Filio.
2579 743 2760 794 veritas
2785 758 2892 794 utea
2913 749 2960 793 et
2985 741 3330 793 misericordia
3349 759 3449 794 mra
3470 761 3566 794 rum
3585 747 3677 814 ipco

2149 843 2268 897 est;
2314 843 2369 884 ut
2417 833 2774 900 intelligamus
2825 831 2955 884 nihil
3001 845 3124 885 esse
3158 830 3398 895 divisum,
3434 833 3573 904 302
3598 839 3671 888 sed

2150 923 2377 977 virtutes
2409 938 2539 991 quas
2572 923 2730 975 habet
2763 922 2936 986 Pater,
2990 921 3185 974 habere
3225 920 3378 974 simul
3425 934 3473 976 et
3499 924 3678 991 Filium,

2148 1017 2285 1071 sicut
2316 1016 2430 1083 ipse
2471 1023 2735 1069 testatur:
2792 1013 2979 1066 Omnia
3012 1012 3187 1066 Patris
3220 1030 3326 1065 mra
3353 1024 3480 1077 sunt,
3510 1026 3548 1068 et
3589 1035 3680 1070 mea

2152 1107 2327 1162 Patris
2347 1122 2464 1163 sunt
2491 1107 2670 1177 (Joan.
2697 1123 2821 1165 xvtt,
2852 1106 2959 1174 to).
3006 1104 3204 1157 Veritas
3235 1106 3457 1172 pertinet
3489 1106 3546 1158 ad
3566 1107 3688 1175 judi-

2154 1201 2322 1266 cium,
2357 1200 2407 1254 in
2451 1215 2551 1267 qua
2575 1199 2912 1269 judicaturus
2937 1207 3017 1251 est
3043 1197 3335 1262 mundum;
3385 1199 3689 1254 misericordia

2148 1307 2278 1348 vero
2323 1292 2386 1346 ad
2429 1293 2702 1360 pietatem,
2744 1307 2848 1361 qua
2891 1298 3103 1359 peccata
3154 1289 3396 1355 dimittit,
3437 1301 3488 1343 et
3541 1293 3694 1346 omnia

2148 1401 2267 1456 qua:
2310 1393 2528 1453 praestat
2567 1384 2818 1460 gratuita.
2848 1383 3093 1450 largitate
3145 1382 3408 1436 concedit.
3455 1384 3692 1452 Sequitur,

2148 1486 2196 1528 et
2225 1476 2276 1528 in
2300 1477 2504 1529 nomine
2531 1491 2640 1528 meo
2665 1475 2976 1528 exaltabifur
3002 1489 3158 1526 cornu
3181 1477 3314 1541 eius.
3347 1474 3514 1527 Cornu
3538 1474 3618 1528 hic
3637 1477 3698 1528 si—

2149 1567 2365 1634 gnificat
2398 1566 2800 1620 invictissimum
2857 1573 3198 1634 potestatem,
3256 1561 3324 1616 de
3373 1579 3470 1632 qua
3515 1565 3620 1632 ipre
3657 1566 3699 1617 in

2152 1655 2441 1722 Evangelio
2464 1655 2590 1710 dicit
2617 1673 2629 1708 :
2659 1655 2793 1708 Data
2827 1665 2900 1708 est
2935 1655 3061 1706 mihi
3088 1658 3254 1707 omnis
3285 1663 3498 1723 potestas
3525 1655 3574 1708 in
3601 1657 3704 1708 ccclo

2081 1741 2122 1799 Β
2148 1757 2197 1802 et
2222 1749 2275 1802 in
2298 1760 2433 1802 terra
2462 1747 2679 1814 (Matt/2.
2709 1763 2890 1810 xxvm,
2931 1746 3038 1816 l8).

2223 1841 2377 1896 Vcrs.
2406 1843 2498 1895 25.
2546 1841 2612 1893 Et
2659 1856 2844 1909 ponam
2899 1842 2950 1894 in
2995 1839 3125 1892 muri
3177 1855 3389 1892 manant
3418 1841 3550 1910 ejus,
3594 1848 3636 1892 et
3667 1840 3710 1891 iu

2149 1935 2448 2006 ﬂuminibus
2479 1935 2735 1987 dexteram
2777 1936 2912 2004 ejus.
2959 1931 3106 1986 Mare
3156 1933 3426 2002 significat
3464 1936 3714 1987 universas

2149 2036 2355 2095 gentes,
2403 2027 2452 2079 in
2482 2026 2675 2096 quibus
2716 2026 2961 2080 Salvator
3004 2035 3188 2080 noster
3244 2028 3470 2095 gloriam
3499 2027 3714 2080 domina-

2153 2119 2312 2172 tionis
2347 2117 2574 2184 accepit,
2601 2115 2814 2185 quando
2839 2116 2952 2181 ejus
2978 2117 3183 2169 nomini
3216 2116 3388 2170 humil
3419 2127 3498 2170 ter
3527 2117 3717 2172 devotis

2153 2210 2420 2263 mentibus
2446 2208 2804 2262 crediderunt.
2838 2207 3244 2277 lit/luminibus,
3277 2208 3500 2261 font'utn
3526 2208 3722 2262 forsitan

2153 2301 2347 2355 fluenta
2381 2299 2672 2364 Si,lliiiCUl,
2723 2300 2811 2353 ubi
2844 2299 3068 2352 Domino
3095 2301 3376 2354 Saluatori
3413 2304 3632 2368 populus
3661 2318 3730 2355 rc-

2151 2394 2512 2462 generatiouis
2541 2391 2855 2460 acquiritur.
2911 2392 3365 2447 Sive-Jordanem
3401 2393 3615 2446 ﬂuvium
3652 2408 3730 2459 pro

2151 2485 2461 2540 fluminibus
2507 2486 2672 2554 ponit,
2723 2486 2775 2538 in
2819 2500 2925 2552 quo
2989 2485 3069 2539 sui
3101 2485 3460 2554 baptismatis
3507 2487 3741 2539 Dominus

2151 2576 2484 2631 consecravit
2531 2576 2858 2644 exemplum.
2913 2576 3001 2631 Sic
3053 2587 3109 2630 et
3160 2578 3344 2632 caelos
3395 2578 3621 2631 dicimus
3657 2591 3738 2645 pro

2151 2668 2310 2732 coelo,
2353 2675 2408 2722 ct
2449 2674 2616 2722 terras
2643 2682 2737 2736 pro
2769 2677 2930 2732 terra,
2963 2679 3011 2720 et
3047 2667 3221 2721 maria
3254 2685 3357 2738 pro
3416 2669 3575 2733 mari,
3627 2679 3678 2723 et
3707 2669 3745 2721 si

2151 2759 2326 2813 adhuc
2357 2759 2488 2814 velis
2515 2772 2756 2828 quaerere
2799 2758 3056 2823 Athenas,
3101 2758 3358 2824 Thebas,
3411 2760 3656 2832 Mycenas
3701 2769 3746 2810 ct

2152 2852 2232 2906 bis
2262 2852 2475 2906 similia.

2226 2945 2376 2999 Vers.
2405 2945 2492 2997 ‘26.
2540 2943 2658 3012 Ipse
2699 2946 2752 2998 in
2788 2945 2950 2998 ocabit
2999 2961 3115 2998 me:
3181 2945 3358 3000 Pater
3407 2963 3552 2999 meus
3589 2962 3638 2999 es
3667 2955 3752 2996 tu:

2152 3036 2287 3091 Deus
2309 3055 2447 3090 meus
2476 3048 2523 3090 et
2550 3050 2810 3101 susceptor
2838 3036 3018 3090 salutis
3052 3054 3206 3091 mea’.

2413 3129 2503 3182 ‘27.
2549 3129 2614 3182 Et
2657 3146 2748 3198 ego
2783 3129 3185 3199 primogenitum
3217 3147 3431 3202 zonam
3473 3132 3642 3192 illum,
3683 3143 3761 3180 e1:-

2152 3223 2340 3276 celsum
2373 3238 2475 3290 pra:
2505 3222 2701 3292 regibus
2739 3232 2907 3274 terrm.
2942 3221 2995 3276 In
3026 3221 3107 3275 his
3139 3224 3378 3279 duobus
3411 3225 3661 3279 versibus
3687 3223 3762 3275 ah-

2154 3315 2329 3368 so‘ute
2379 3313 2677 3368 debellatur
2725 3314 2978 3380 iniquitas
3025 3313 3394 3369 intimorum.
3464 3317 3604 3384 Quid
3640 3316 3770 3370 enim

2153 3405 2475 3469 evidentius,
2501 3405 2623 3474 quid
2665 3405 2894 3472 planius,
2943 3421 3099 3474 quam
3145 3417 3211 3461 ut
3245 3423 3379 3461 esse.
3406 3411 3664 3463 crelatur
3687 3405 3773 3461 Fi-

2156 3500 2255 3552 lius
2284 3499 2369 3566 qui
2402 3498 2600 3550 invocat
2635 3495 2862 3560 Putrem,
2892 3511 2944 3550 et
2969 3513 3189 3550 rursum
3227 3501 3510 3553 credatur
3541 3514 3662 3553 esse
3688 3500 3776 3552 l’ao

2158 3599 2235 3642 tcr
2262 3589 2348 3656 qui
2371 3588 2601 3655 appellat
2632 3587 2825 3640 Filium
2851 3589 2875 3638 ’ἐ
2923 3588 3051 3641 Nam
3083 3590 3367 3657 quamvis
3405 3592 3530 3645 lurc
3558 3591 3664 3644 duo
3691 3603 3778 3642 no-

2157 3682 2297 3730 mina
2349 3676 2570 3730 relativa
2611 3677 2711 3729 sibi
2744 3677 2870 3740 sint,
2917 3693 3207 3747 unumque
3257 3680 3523 3735 sufficiat
3570 3682 3694 3743 diei,
3737 3689 3786 3732 ut

2155 3769 2434 3824 amborum
2467 3770 2634 3823 virtus
2681 3770 2852 3838 possit
2896 3769 3168 3839 intelligi,
3227 3784 3430 3826 tamen
3482 3785 3543 3828 ut
3585 3787 3785 3826 omnem

2157 3867 2469 3936 scrupulum
2504 3865 2864 3935 ambiguitatis
2895 3866 3256 3933 excluderet,
3319 3880 3572 3938 utraque
3606 3869 3788 3936 posuit.

2159 3969 2381 4029 utraque
2433 3959 2682 4021 firmavit,
2731 3966 2784 4010 et
2825 3944 2999 4011 adhuc
3044 3972 3159 4011 non
3223 3959 3450 4013 desiuit
3492 3960 3790 4014 intimorum

2161 4051 2345 4103 insana
2377 4049 2592 4103 deviare
2640 4049 2929 4116 protervia,
2981 4050 3110 4102 dum
3171 4058 3415 4106 erroris
3451 4068 3623 4105 causa
3655 4048 3798 4103 fuerit

2156 4143 2389 4196 subiata.
2419 4142 2542 4194 lla'c
2581 4142 2720 4193 enim
2764 4151 2947 4203 quarta
2977 4139 3205 4194 decima
3271 4145 3512 4211 species
3542 4140 3798 4196 definitio-

2162 4233 2244 4285 ttis
2277 4242 2380 4298 eSI,
2413 4246 2572 4299 quam
2609 4229 2778 4283 Gl'tl'Ci
2811 4234 2941 4285 κατὰ
2981 4237 3071 4283 τοῦ
3098 4233 3262 4308 πρὸς
3285 4256 3366 4300 τι,
3405 4235 3598 4288 Latini
3628 4234 3692 4285 ad
3723 4230 3808 4281 ali-

2161 4324 2283 4394 quid
2317 4332 2546 4385 vocant,
2591 4323 2800 4390 quoties
2838 4338 3000 4375 unum
3053 4338 3285 4378 nomen
3349 4327 3442 4380 sic
3493 4328 3716 4390 dicitur,
3760 4329 3808 4373 ut

2159 4417 2299 4470 aliud
2326 4431 2390 4470 ex
2423 4431 2488 4468 eo
2531 4415 2749 4483 intelligi
2785 4429 2940 4482 posse
2991 4415 3299 4471 videatur.
3365 4421 3651 4489 Sequitur
3694 4434 3706 4468 :
3759 4413 3815 4467 Et

2087 4502 2138 4560 D
2162 4527 2253 4581 ego
2275 4509 2664 4581 primogenitum
2691 4524 2876 4575 ponam
2902 4507 3070 4572 illum,
3111 4511 3426 4564 excelsum
3461 4528 3584 4580 pra:
3623 4507 3814 4576 regibus

2159 4611 2328 4657 terror.
2373 4598 2820 4663 Perscrutandum
2847 4599 3005 4652 etiam
3036 4600 3220 4654 nobis
3251 4614 3373 4666 est,
3404 4617 3591 4672 quare
3615 4595 3820 4657 dixerit,

2160 4694 2574 4762 primogenitum,
2601 4690 2750 4759 quasi
2780 4704 2907 4744 vero
2937 4691 3099 4742 Pater
3133 4695 3233 4746 sic
3263 4697 3558 4761 genuerit
3581 4691 3821 4746 substan-

2162 4783 2357 4836 tialitcr
2389 4781 2606 4847 Filium,
2659 4791 2717 4834 ut
2755 4781 3209 4849 subsequeretur
3267 4796 3332 4839 et
3374 4786 3554 4840 alios.
3601 4783 3712 4840 Sed
3739 4780 3829 4834 hoc

2162 4875 2449 4930 locutionis
2489 4889 2656 4942 genus
2679 4873 2971 4942 Scriptura:
3000 4873 3236 4930 divina:
3273 4889 3523 4932 constat
3557 4892 3688 4933 esse
3720 4888 3831 4944 pro-

2161 4969 2377 5040 prium;
2426 4969 2563 5021 sicut
2589 4973 2668 5021 cst
2701 4975 2754 5020 et
2794 4966 2920 5018 illud
2955 4967 3004 5018 in
3054 4965 3416 5038 Evangelia
3454 4973 3528 5026 de
3559 4967 3762 5038 .loseph
3789 4975 3835 5019 et

2162 5064 2347 5130 Maria,
2381 5063 2466 5117 tibi
2498 5063 2607 5115 ait:
2661 5060 2727 5113 Et
2763 5078 2864 5113 tton
2894 5063 3148 5132 cognorit
3204 5083 3370 5130 earn,
3422 5069 3604 5121 done:
3654 5063 3837 5131 peperit

2161 5156 2325 5224 ﬁlium
2369 5171 2514 5207 suum
2543 5153 2933 5223 primogenitum
2973 5149 3236 5222 (Matth.
3300 5174 3346 5222 ι,
3399 5159 3534 5231 ἓὸ).
3595 5152 3839 5225 Nttnquid

2163 5261 2500 5314 consequens
2533 5246 2656 5307 erit,
2699 5254 2757 5297 ut
2791 5245 2938 5314 virgo
2970 5259 3227 5313 semper
3265 5250 3462 5305 Maria
3503 5263 3637 5320 post
3667 5247 3842 5302 Domi-

2165 5356 2290 5394 num
2321 5339 2501 5393 Jesum
2535 5339 2804 5391 Christum
2848 5338 3081 5390 alterum
3155 5347 3495 5411 peperisse
3551 5338 3847 5402 credatur?

2168 5430 2271 5486 Sed
2303 5431 2435 5485 bene
2466 5429 2658 5483 chitur
2690 5428 3110 5499 Printogenitus,
3181 5440 3479 5502 quamvis
3515 5439 3677 5492 solus
3735 5448 3849 5502 pm-

2165 5521 2319 5575 bctnr
2343 5538 2405 5574 ex
2433 5522 2606 5574 l‘atris
2655 5520 2951 5574 substantia
2983 5523 3274 5587 genitus,
3328 5530 3470 5596 Ipse
3502 5535 3661 5588 enim
3685 5528 3852 5585 dicit;

2167 5611 2277 5684 Ego
2306 5631 2416 5667 sum
2449 5613 2615 5682 Alpini
2645 5623 2687 5666 et
2727 5611 2940 5681 Omega,
2967 5612 3207 5678 primus
3238 5631 3296 5672 et
3330 5625 3699 5689 novissimus,
3761 5621 3853 5670 ini-

2167 5707 2290 5759 tium
2315 5715 2360 5758 rt
2385 5707 2524 5774 ﬁnis,
2551 5706 2784 5775 princeps
2807 5715 2851 5758 ct
2881 5704 3020 5773 origo
3060 5703 3270 5764 David
3307 5712 3584 5786 (Aperui.
3612 5729 3749 5781 xxii,
3778 5714 3850 5777 15,
