3952 6162
258 292 358 349 6ἷ7

1125 301 1482 358 EXl‘OSlTlO
1524 304 1586 357 ΙΝ
1630 304 2085 362 PSALTEl’tlUM.
2129 312 2323 367 PSAL.
2371 314 2697 372 LXXXVI”.

3434 335 3537 392 638

257 410 382 476 16);
433 420 494 464 ut
521 414 714 466 merito
755 430 934 469 sermo
980 416 1081 472 iste
1113 419 1467 486 qumsdoneui
1506 419 1709 473 habere
1739 435 1844 473 non
1875 426 1925 480 Α
1956 423 2254 478 manifeste.
2303 426 2428 482 Sive
2474 431 2726 498 quoniam
2781 435 2830 488 in
2864 450 3086 506 corpore
3121 441 3330 498 Domini
3367 445 3535 516 pleni-

253 501 470 568 debeat,
513 505 726 574 quando
757 506 926 575 ipsum
951 516 1006 564 et
1033 509 1351 579 principium
1381 520 1595 566 constat
1631 526 1754 567 esse
1784 523 1838 566 et

251 595 439 652 ﬁnem.
487 594 713 663 Panum,
759 601 1082 656 constituam
1127 603 1298 669 dicit;
1330 604 1470 659 sicut
1510 605 1562 658 in
1606 606 1844 661 secundo

251 688 461 752 psalmo
492 691 606 744 ait:
641 690 751 762 Ego
797 703 968 747 autem
1013 696 1316 750 constitutus
1357 713 1472 749 sum
1511 697 1622 752 Rea:
1657 698 1720 750 ab
1761 716 1839 753 eo.

249 775 533 832 Exi-eleum
575 797 685 850 pra:
730 784 932 854 regibus
979 794 1129 838 terra:
1173 785 1350 856 (Psal.
1393 803 1451 851 tt,
1484 787 1565 857 6),
1615 789 1756 843 sicut
1789 791 1840 844 in

246 870 650 938 septuagesimo
678 873 851 941 primo
882 877 1087 943 psalmo
1115 876 1317 931 dictum
1346 888 1430 932 est
1473 895 1486 930 :
1544 877 1614 931 Et
1655 881 1844 934 adora.

247 958 362 1011 bunt
395 976 518 1013 eum
541 977 714 1018 omnes
740 981 882 1036 reges
908 965 1248 1038 terrte(Psal.
1281 985 1427 1036 Lut,
1461 970 1568 1040 ll).

313 1050 478 1107 Vers.
523 1053 614 1108 ‘28.
670 1053 736 1109 In
775 1069 1020 1112 internum
1060 1060 1270 1114 servabo
1314 1061 1395 1114 illi
1435 1063 1841 1118 misericordiam

244 1158 410 1196 meum
433 1161 456 1198 :
483 1154 538 1199 et
559 1155 915 1202 testamentum
939 1165 1104 1204 meum
1131 1152 1284 1217 ﬁdele
1307 1153 1428 1222 ipsi.
1461 1154 1528 1208 Et
1551 1154 1653 1210 hoc
1671 1170 1701 1208 a
1733 1155 1841 1208 lor-

242 1250 325 1290 ma
350 1237 560 1292 dicitur
588 1241 728 1294 servi
754 1281 770 1308 ,
817 1242 941 1310 quia
973 1243 1398 1300 misericordiam
1432 1245 1604 1302 Patris
1635 1257 1839 1302 aeterno

243 1329 502 1387 videlicet
546 1333 752 1392 honore
781 1338 1040 1407 suscepit,
1069 1341 1152 1396 cui
1185 1350 1440 1411 perpetua
1480 1342 1604 1398 data
1630 1354 1713 1399 est
1745 1359 1840 1414 po-

244 1429 410 1476 testas
442 1424 499 1477 in
532 1427 670 1481 ctelo
699 1438 752 1482 et
787 1431 842 1484 in
892 1438 1052 1500 terra.
1110 1432 1486 1487 Testamentum
1533 1450 1662 1488 vero
1689 1435 1839 1503 ﬁdele

241 1523 316 1566 est
355 1514 463 1578 illi,
499 1519 714 1585 quando
740 1535 1076 1592 quaecunque
1101 1525 1376 1594 prophetae
1404 1525 1471 1580 de
1498 1525 1616 1594 ipso
1646 1527 1838 1596 pracdi-

240 1618 459 1673 xerunt,
483 1610 833 1682 integerrima
865 1598 1089 1672 veritate
1111 1620 1378 1688 completa
1409 1629 1554 1674 sunt.

308 1697 479 1754 νει-ε.
503 1700 594 1755 29.
639 1701 706 1756 Et
737 1720 928 1774 ponam
957 1707 1008 1760 in
1033 1710 1278 1762 sa’culum
1307 1711 1485 1764 sa’culi
1509 1727 1676 1764 semen
1703 1713 1832 1782 ejus,

1950 514 2076 568 tudo
2126 517 2429 575 Divinitatis
2486 523 2725 580 habitare
2769 527 3143 601 dignoscitur;
3191 538 3331 594 unde
3370 514 3431 597 et
3476 544 3532 601 in

1949 608 2220 677 trigesimo
2272 614 2476 681 psalmo
2520 616 2630 684 jam
2679 619 2877 675 dietum
2923 634 3024 679 est.
3066 630 3338 700 Sequitur,
3372 651 3532 706 neque

1946 702 2134 756 nocebo
2175 704 2228 757 in
2257 707 2464 760 veritate
2502 725 2633 764 mea.
2670 711 3000 770 Promiserat
3026 721 3168 774 enim
3201 723 3251 774 in
3281 702 3528 793 superio-

1948 791 2094 846 ribus
2135 792 2330 849 Paver:
2379 796 2567 851 Manus
2625 801 2759 855 enim
2812 820 2923 858 mea
2977 807 3316 864 auxiliabitur
3351 791 3430 881 Dei,
3481 828 3530 871 et

1944 884 2207 940 brachium
2236 906 2400 942 meum
2430 896 2736 962 confortabit
2761 913 2895 950 eum.
2925 898 2990 952 Et
3021 904 3288 968 quomodo
3322 917 3532 975 poterat

1947 994 2162 1046 nocere,
2211 981 2296 1036 cui
2339 985 2464 1039 talia
2495 986 2640 1040 visus
2687 1000 2768 1043 est
2809 993 3168 1059 promisisse?
3210 999 3275 1053 Et
3319 1001 3529 1060 intuere

1943 1072 2084 1140 quod
2114 1073 2314 1127 dictum
2343 1084 2443 1142 est,
2487 1093 2646 1147 neque
2673 1081 2860 1135 nocebo
2901 1084 2953 1137 in
2991 1088 3197 1142 veritate
3224 1107 3355 1146 mea.
3393 1093 3527 1149 Nam

1942 1162 2043 1217 etsi
2077 1164 2274 1218 inimici
2323 1167 2570 1234 permissi
2613 1181 2738 1224 sunt
2783 1189 2980 1238 nocere,
3034 1179 3087 1230 in
3115 1181 3321 1234 veritate
3352 1183 3528 1240 Patris

1945 1268 2048 1308 non
2082 1265 2166 1309 est
2205 1256 2364 1312 laesus
2408 1258 2594 1323 Filius,
2637 1261 2791 1332 cujus
2837 1266 3014 1334 passio
3046 1278 3212 1324 totum
3263 1274 3523 1330 mundum

1942 1348 2228 1418 gloriﬁcata
2258 1355 2565 1420 complevit.

2019 1439 2167 1493 Vere.
2199 1439 2290 1494 5-1.
2337 1442 2512 1511 Neque
2539 1447 2820 1516 profanabo
2853 1459 3202 1509 testamentum
3247 1474 3433 1527 meum,
3478 1471 3526 1516 et

1941 1547 2054 1600 quw
2083 1533 2364 1602 procedunt
2393 1537 2455 1590 de
2490 1536 2636 1591 labiis
2675 1543 2802 1596 meis
2828 1560 2930 1598 non
2975 1546 3162 1614 [ariam
3202 1550 3371 1605 irrita.
3414 1552 3524 1609 Hoc

1942 1633 2027 1679 est
2055 1627 2194 1692 quod
2223 1630 2469 1697 superius
2498 1630 2651 1696 dixit,
2677 1649 2837 1704 neque
2863 1639 3048 1690 nocebo
3075 1642 3126 1693 in
3151 1644 3357 1697 veritate
3381 1661 3523 1711 mea;

1941 1715 2191 1783 quoniam
2224 1719 2402 1772 omnia
2435 1721 2674 1776 veritatis
2721 1725 2911 1779 ordéne
2941 1738 3147 1783 constat
3175 1730 3339 1788 fuisse
3369 1750 3520 1789 com-

235 1799 278 1842 et
300 1791 562 1844 thronum
591 1794 699 1864 ejus
730 1794 861 1848 sicut
882 1797 990 1850 dies
1019 1800 1152 1852 caeli.
1185 1800 1448 1855 Saeculum
1474 1803 1647 1855 steculi
1671 1804 1835 1872 sigui-
1867 1796 1915 1855 B
1943 1803 2082 1872 pleta
2110 1821 2123 1870 ;
2172 1809 2292 1876 quia
2336 1825 2434 1863 nec
2463 1820 2812 1867 testamentum
2855 1831 3006 1870 suum
3042 1822 3346 1878 mentiendo
3398 1844 3520 1897 pro-

234 1880 357 1936 licat
407 1886 796 1941 aeternitatem.
848 1887 1033 1943 Semen
1075 1906 1204 1946 vero
1248 1893 1416 1948 David
1464 1893 1719 1949 Christus
1749 1906 1834 1951 est

236 1972 530 2039 Dominus,
562 1975 651 2044 qui
677 1978 728 2031 in
761 1985 960 2033 interna
989 1981 1159 2049 gloria
1186 1984 1483 2040 collocatus
1505 1996 1690 2055 regnat
1711 2003 1832 2041 cum

231 2061 395 2120 Patre
427 2074 484 2120 et
507 2065 708 2134 Spiritu
733 2079 920 2125 sancto
947 2087 1041 2142 per
1063 2076 1242 2128 omnia
1265 2076 1460 2130 saecula
1482 2079 1828 2133 sneculorum.

231 2155 479 2212 Tlironus
508 2169 688 2216 autem
717 2163 854 2232 ejus,
902 2173 1138 2231 potestas
1163 2182 1242 2222 εςι
1277 2169 1441 2224 futuri
1469 2171 1680 2238 judicii,
1712 2187 1831 2242 qua:

228 2257 373 2305 tanta
406 2253 641 2307 veritate
671 2257 972 2326 peragenda
1001 2267 1106 2322 est,
1142 2269 1198 2312 ut
1219 2263 1420 2316 sanctis
1441 2263 1691 2317 omnibus
1715 2279 1826 2319 cm-

229 2341 341 2398 lesti
377 2345 639 2401 claritate
666 2350 996 2420 prteledgeat.
1045 2353 1340 2409 Sciendum
1378 2370 1510 2411 sane
1537 2356 1674 2410 alios
1704 2371 1829 2414 esse

225 2435 326 2492 dies
361 2437 538 2502 istos,
584 2440 674 2509 qui
700 2442 801 2496 sibi
835 2444 1031 2501 vicaria
1060 2449 1392 2503 revolutione
1423 2451 1738 2514 succedunt.
1773 2461 1829 2507 et

225 2527 370 2582 illum
408 2527 652 2585 ftitttrum
681 2535 768 2601 qui
802 2537 1053 2590 continua
1104 2538 1223 2594 luce
1271 2551 1562 2608 perpetuus
1586 2552 1709 2607 est;
1759 2544 1828 2599 de

221 2634 319 2689 quo
353 2622 421 2674 in
456 2624 786 2692 octogesimo
837 2629 994 2682 tertio
1043 2629 1244 2684 dictum
1289 2641 1412 2684 est:
1470 2634 1604 2696 Quia
1645 2633 1827 2696 melior

219 2722 287 2763 est
319 2713 450 2764 dies
485 2729 588 2766 una
616 2715 666 2768 in
708 2717 857 2772 atriis
888 2719 986 2772 tuis
1011 2737 1164 2789 super
1209 2722 1371 2776 millia
1395 2721 1566 2792 (Psul.
1599 2740 1824 2794 t.xxxtit;

219 2799 346 2872 ll);
394 2812 462 2857 ut
494 2807 688 2861 merito
718 2809 826 2863 dies
853 2810 964 2864 rteli
1004 2813 1070 2866 sit
1105 2812 1301 2881 dictus,
1337 2817 1428 2884 qui
1475 2816 1690 2886 objectu
1725 2820 1824 2872 tel--

217 2891 342 2948 luris
377 2896 645 2951 tenebras
675 2914 778 2952 non
810 2914 983 2971 potest
1015 2904 1214 2960 habere
1247 2917 1558 2961 nocturnas.

292 2984 463 3040 Vers.
491 2987 583 3041 30.
625 2989 687 3044 Si
727 2993 1088 3063 dereliquerint
1135 2997 1232 3065 ﬁlii
1277 2999 1390 3069 ejus
1444 3001 1604 3071 legem
1633 3019 1816 3070 meum,

211 3087 254 3130 et
276 3078 329 3131 in
351 3079 596 3150 jetdiciis
620 3082 742 3134 meis
771 3099 870 3135 non
893 3084 1279 3140 ambulaverint.

1935 1896 2167 1965 fanavit,
2210 1899 2302 1952 sed
2355 1914 2532 1954 rerum
2568 1902 2670 1958 ﬁde
2709 1905 3025 1962 honorabile
3054 1910 3196 1972 h-cit,
3243 1914 3368 1968 dum
3402 1933 3518 1985 quin

1935 1987 2003 2043 de
2024 1988 2176 2044 labiis
2204 1989 2320 2058 ejus
2353 2006 2636 2061 progressa
2667 2004 2810 2060 sunt,
2845 1998 2893 2050 id
2918 2010 3000 2052 est
3035 2017 3128 2066 per
3155 2017 3368 2059 sanctos
3398 2022 3517 2075 pro-

1936 2079 2124 2148 phetas
2176 2083 2518 2150 praedicavit,
2568 2088 2709 2140 nulla
2762 2090 2920 2160 303
2973 2091 3201 2149 falsitate
3245 2097 3515 2155 destructa

1934 2180 2078 2223 sunt.
2122 2170 2502 2242 Competenter
2550 2177 2690 2232 enim
2741 2184 3013 2249 propheta:
3058 2185 3193 2239 labia
3241 2188 3366 2243 dicti
3393 2202 3518 2247 sunt

1937 2261 2168 2331 Dontini,
2199 2279 2296 2333 per
2323 2281 2457 2335 quos
2487 2267 2600 2336 ipse
2631 2268 2772 2339 loqui
2798 2271 3043 2340 dignatus
3071 2287 3170 2330 est.

2007 2353 2160 2409 Vers.
2194 2355 2282 2409 35.
2328 2356 2498 2412 Semel
2540 2360 2713 2427 juravi
2761 2363 2814 2415 in
2854 2374 3031 2417 saneto
3081 2383 3210 2431 meo,
3259 2370 3304 2422 si
3351 2369 3514 2427 David

1931 2446 2169 2500 mentiar.
2214 2446 2500 2503 Hominum
2529 2453 2862 2507 consuetudo
2910 2465 2993 2509 est
3039 2455 3343 2527 frequenter
3367 2462 3511 2531 jura-

1931 2554 2012 2604 re,
2063 2548 2120 2594 ut
2147 2539 2226 2594 eis
2259 2545 2427 2610 possit
2467 2544 2659 2614 aliquis
2701 2547 2921 2603 credere
2950 2567 2962 2603 :
3021 2551 3160 2606 Deus
3187 2555 3327 2608 enim
3360 2568 3510 2613 semet

1917 2631 2108 2699 jurat,
2165 2631 2287 2699 quia
2337 2633 2482 2686 nulla
2540 2636 2797 2691 varietate
2868 2643 3123 2707 temporis
3173 2643 3508 2704 immittatur.

1927 2718 2116 2774 Jurare
2145 2730 2322 2776 autem
2347 2723 2490 2778 illius
2514 2725 2747 2780 diximus
2783 2744 2901 2783 esse
2924 2735 3148 2787 ventura
3178 2740 3507 2804 promittere.

1927 2813 2058 2867 Nam
2079 2813 2231 2883 cujus
2254 2829 2312 2869 se
2335 2817 2590 2886 religione
2609 2811 2936 2891 consti-ingat
2959 2827 3046 2892 qui
3078 2842 3181 2879 non
3211 2829 3368 2882 habet
3397 2832 3506 2885 lor-

1925 2904 2162 2959 tiorem?
2192 2905 2324 2961 Dicit
2351 2907 2508 2960 etiam
2540 2925 2553 2960 :
2579 2905 2646 2962 In
2675 2922 2849 2964 sancto
2879 2930 3008 2980 meo,
3036 2917 3083 2969 id
3107 2928 3187 2970 est
3207 2919 3258 2972 in
3290 2919 3507 2977 Christo

1925 2999 2011 3068 qui
2044 2998 2221 3054 dixit:
2266 2999 2479 3054 Custodi
2525 3003 2749 3056 animam
2793 3022 2976 3072 meam,
3031 3010 3272 3076 quoniam
3299 3024 3504 3070 sanctus

1924 3107 2038 3143 sum
2089 3089 2263 3159 (Psal.
2316 3107 2515 3156 Lxxxv,
2573 3092 2652 3163 2).
2717 3095 2932 3150 Αιιώάῑι
2981 3115 3214 3164 quoque,
3268 3106 3312 3156 si
3346 3103 3504 3158 David

279 3171 457 3229 Vers.
490 3172 580 3226 3i.
624 3172 685 3228 Si
714 3177 947 3245 justitias
992 3194 1125 3234 meas
1151 3182 1554 3252 profanaverint,
1598 3199 1644 3239 et
1676 3204 1819 3242 man-
1849 3168 1893 3231 C
1926 3183 2165 3234 mentiar.
2210 3181 2291 3247 Si,
2340 3183 2584 3252 negative
2616 3185 2844 3254 positum
2881 3199 2984 3254 est,
3018 3192 3156 3258 qttod
3187 3193 3345 3248 etiam
3381 3211 3506 3251 usus

205 3263 328 3317 data
379 3280 514 3318 mea
542 3281 642 3318 non
672 3268 1026 3322 custodierint.
1071 3269 1180 3324 llos
1207 3271 1344 3326 duos
1376 3288 1568 3329 versus
1601 3275 1728 3331 dicit
1749 3278 1818 3333 de

207 3355 430 3425 populo
468 3355 802 3422 Christiano,
849 3361 938 3429 qui
988 3377 1112 3416 vere
1150 3361 1405 3419 dicuntur
1448 3365 1540 3420 lilii
1582 3367 1812 3437 Sponsi:

135 3493 142 3514 ,
199 3449 484 3518 quoaiam
537 3447 777 3504 Ecclesia
829 3462 997 3506 matre
1027 3468 1092 3507 ex
1123 3470 1258 3520 aqua
1306 3464 1360 3510 et
1390 3456 1592 3523 Spiritu
1625 3471 1816 3518 sancto

198 3557 633 3613 regeneranlur.
672 3544 758 3598 ISli
791 3547 834 3597 si
864 3546 1023 3615 legent
1054 3547 1259 3601 Domini
1285 3549 1662 3620 dereliquerx'ut,
1688 3555 1733 3608 si
1761 3557 1814 3608 in

194 3638 434 3698 indi-iis
469 3638 584 3699 eius
627 3653 726 3688 non
764 3636 1157 3701 ambulaverint,
1189 3641 1235 3693 si
1245 3642 1479 3710 justitias
1508 3645 1666 3712 ipsius
1696 3661 1813 3712 pro-

193 3727 537 3794 fanaverint,
569 3728 611 3779 si
642 3730 886 3781 mandata
925 3733 1037 3802 ejus
1079 3747 1180 3784 non
1217 3733 1569 3799 custodiet-int,
1600 3735 1650 3788 iu
1679 3734 1809 3788 sub-

185 3818 572 3890 sequentibus
599 3820 755 3887 digna
787 3821 864 3874 eis
897 3823 1224 3888 promittitur
1257 3825 1473 3876 evenire
1500 3826 1752 3880 vindicta.

259 3912 412 3967 γεῖς
433 3948 449 3964 .
477 3912 570 3965 59..
620 3910 850 3964 Visitabo
874 3913 924 3964 in
952 3913 1093 3982 virga
1123 3913 1418 3980 iniquitates
1446 3931 1641 3981 eorum,
1672 3925 1720 3971 et
1755 3918 1808 3971 in

180 4002 508 4056 verberibus
534 4013 741 4068 peccata
763 4019 957 4056 eorum.
1005 4003 1162 4059 Venit
1194 4005 1260 4058 ad
1291 4006 1610 4060 sententiam
1650 4022 1806 4076 quam

182 4097 491 4163 superiora
542 4093 900 4148 minabantur.
941 4093 1128 4148 Visitat
1167 4097 1219 4150 in
1265 4098 1425 4168 virga,
1485 4099 1698 4167 quando
1729 4100 1808 4152 di-

179 4189 382 4240 stricta
420 4184 708 4248 vindicat;
741 4185 821 4239 sic
846 4194 901 4239 et
928 4185 1216 4255 Apostolus
1241 4189 1484 4243 scribens
1513 4187 1806 4245 Cerinthiis

179 4278 316 4333 dicit
344 4297 358 4330 :
399 4277 557 4343 Quid
587 4278 760 4341 vultis,
793 4279 845 4332 in
875 4280 1015 4346 virga
1038 4282 1235 4334 veniam
1263 4283 1331 4334 ad
1359 4299 1465 4351 vos,
1498 4301 1563 4336 an
1592 4285 1645 4337 in
1677 4287 1804 4338 cha-

176 4371 338 4425 ritate
360 4383 422 4424 et
450 4371 641 4439 spiritu
665 4373 1071 4425 mansuetudinis
1101 4373 1148 4442 (Ι
1182 4373 1300 4428 Cor.
1338 4391 1408 4442 tv,
1443 4376 1536 4445 21)
1564 4379 1585 4430 ?
1620 4378 1804 4432 Visitat

171 4465 416 4533 quoque
449 4465 506 4516 in
545 4465 848 4530 verberibus,
901 4468 1115 4534 quando
1145 4468 1194 4520 in
1228 4468 1381 4522 nobis
1425 4470 1593 4525 levius
1619 4474 1799 4526 vindi-

1922 3275 2224 3328 communis
2255 3273 2437 3329 habet.

1994 3363 2148 3418 Vers.
2183 3361 2271 3420 56.
2317 3365 2501 3420 Semen
2531 3368 2641 3434 ejus
2668 3369 2721 3422 in
2749 3381 2996 3424 attentum
3026 3373 3263 3438 manebit,
3287 3384 3332 3430 et
3359 3376 3502 3432 thro-

1920 3469 2016 3508 utts
2065 3457 2174 3526 ejus
2204 3457 2331 3509 sicut
2369 3460 2448 3511 sol
2495 3459 2549 3512 in
2591 3472 2862 3527 conspectu
2911 3479 3044 3515 nteo.
3089 3464 3271 3519 Semen
3301 3467 3501 3522 Christi

1917 3554 2042 3598 Sunt
2065 3561 2251 3600 omnes
2282 3549 2371 3616 qui
2401 3549 2449 3602 ei
2483 3563 2662 3605 mente
2702 3551 2842 3606 fideli
2873 3553 3238 3623 crediderint;
3284 3559 3406 3626 quia
3451 3559 3502 3616 in

1917 3633 2046 3700 ipsis
2076 3635 2312 3691 futurum
2345 3653 2567 3707 regnum
2596 3642 2920 3698 seminatum
2951 3655 3067 3711 est,
3098 3649 3236 3716 quod
3271 3663 3493 3706 ventura

1917 3730 2108 3779 messis
2133 3728 2380 3782 ostendat
2404 3769 2418 3794 ,
2468 3732 2605 3785 sicnt
2633 3743 2686 3787 et
2716 3735 2768 3789 in
2797 3737 3057 3805 vigesimo
3099 3739 3270 3807 primo
3297 3742 3500 3808 psalmo

1917 3817 2031 3886 ipse
2060 3818 2226 3872 dicit:
2276 3820 2463 3875 Semen
2507 3840 2672 3876 meum
2719 3828 2901 3880 serviet
2936 3830 3014 3881 illi
3043 3829 3210 3896 (Psal.
3244 3850 3356 3900 XM,
3384 3834 3499 3906 51).

1917 3908 2196 3964 Manebant
2229 3925 2358 3981 ergo
2385 3915 2555 3967 sancti
2585 3916 2636 3967 in
2663 3927 2934 3983 aeternum,
2983 3924 3069 3986 qui
3119 3922 3170 3975 in
3215 3927 3498 3980 excellenti

1913 4015 1976 4054 ac
2005 4000 2157 4054 beata
2184 4004 2591 4059 conversatiOnc
2619 4008 2985 4062 demorantur.
3031 4011 3178 4064 Unde
3211 4013 3333 4068 illos
3372 4032 3489 4082 pro-

1914 4092 2030 4160 prie
2054 4109 2256 4148 ntanere
2279 4110 2383 4149 non
2407 4097 2634 4152 dicimus
2655 4099 2742 4166 qui
2767 4115 2794 4152 a
2821 4116 2982 4167 regno
3001 4101 3209 4157 Domini
3232 4121 3490 4173 respuun-

1911 4192 2014 4239 tur.
2060 4184 2297 4240 Tltronus
2343 4202 2524 4243 autem
2558 4189 2652 4243 Dei
2689 4191 2772 4243 hic
2803 4193 3176 4261 intelligendus
3206 4205 3287 4250 cst
3315 4201 3490 4255 anima

1911 4277 2106 4343 lidelis,
2137 4278 2191 4332 in
2225 4295 2330 4348 qua
2357 4295 2539 4334 revera
2569 4280 2787 4349 insidet,
2821 4285 3030 4352 quando
3054 4300 3170 4340 eam
3203 4288 3493 4356 tnajcstatis

1907 4383 2017 4423 sua
2057 4369 2450 4425 illuminatione
2497 4372 2887 4441 compleverit;
2936 4375 3014 4431 sic
3063 4379 3202 4432 enim
3234 4381 3492 4451 scriptum

1907 4472 1988 4515 est
2017 4479 2032 4516 :
2061 4461 2223 4518 Sedes
2250 4465 2515 4531 sapientia:
2537 4465 2712 4518 anima
2733 4467 2883 4534 justi.
2915 4469 3153 4539 Addidit,
3181 4473 3310 4526 sicut
3337 4476 3416 4528 sol
3440 4477 3494 4529 in

170 4568 366 4611 amr.
421 4556 606 4610 Amer
636 4556 778 4611 enim
812 4558 956 4626 Virga
985 4559 1232 4627 percutit,
1261 4560 1415 4615 amer
1446 4562 1650 4630 ﬂagella
1685 4580 1804 4618 νρτ-
1833 4534 1882 4592 Ῑ)
1911 4564 2183 4623 conspectu
2229 4571 2358 4620 meo,
2412 4557 2514 4609 erit
2553 4557 2758 4612 scilicet
2806 4559 2981 4613 anima
3028 4563 3114 4616 illa
3143 4563 3296 4632 justi,
3330 4583 3490 4630 quam

171 4652 413 4706 bet-ant.
481 4648 639 4715 qud
690 4661 973 4719 utrumque
1039 4652 1150 4704 ﬁeri
1214 4654 1554 4708 manifestum
1607 4665 1693 4709 cst
1751 4657 1801 4710 iu

165 4745 394 4813 populo
443 4741 758 4797 Christiano
798 4759 892 4811 pro
921 4744 1175 4812 qualitate
1219 4747 1445 4813 peccati,
1496 4748 1690 4817 quibus
1733 4759 1806 4802 ta-

163 4849 299 4889 men
335 4832 581 4903 ργοῦιίι
613 4834 676 4886 ad
711 4833 961 4901 salutem,
987 4837 1125 4890 sicut
1147 4836 1402 4890 Salomon
1436 4839 1600 4892 dicit:
1635 4839 1797 4905 Quem

158 4929 308 4982 alim
342 4928 543 4996 diligit
577 4925 827 4982 Dominus
857 4929 1129 5001 increpat;
1153 4930 1381 5000 ﬂagellat
1407 4943 1572 4984 autem
1603 4950 1800 4987 omnem

154 5020 349 5087 ﬁlium
381 5035 557 5090 quem
583 5021 763 5089 recipit
794 5020 973 5082 (Prov.
1005 5037 1082 5085 ιιι,
1114 5023 1222 5091 12).
1250 5022 1380 5075 Nam
1413 5023 1532 5077 vide
1562 5024 1687 5093 quid
1713 5039 1797 5079 se-

153 5110 387 5180 quitur.

234 5203 424 5258 vers.
471 5197 562 5253 55.
607 5198 1012 5254 Misericordiam
1052 5211 1220 5254 autem
1263 5218 1423 5255 meant
1455 5219 1556 5257 non
1602 5205 1797 5275 disper-

148 5310 276 5365 gam
315 5293 398 5345 ab
427 5305 521 5350 eo,
549 5305 708 5359 neque
729 5293 914 5343 nocebo
937 5292 988 5344 in
1013 5293 1218 5345 veritate
1239 5309 1368 5347 utea.
1401 5277 1531 5348 Cum
1555 5297 1798 5366 superio-

149 5402 208 5437 ra
243 5388 328 5440 de
359 5381 646 5437 membris
674 5383 890 5447 dixerit,
943 5400 1084 5439 nunc
1136 5385 1271 5438 redit
1311 5386 1376 5438 ad
1430 5398 1606 5457 caput.
1657 5388 1794 5445 Dicit

144 5476 306 5530 enim
343 5475 539 5528 Pater
558 5474 956 5527 misericordiam
987 5491 1090 5528 non
1118 5490 1178 5529 se
1198 5492 1225 5530 a
1253 5477 1463 5530 tiliristo
1483 5479 1790 5550 dispergefe,

145 5571 250 5624 sed
287 5578 427 5624 tota
471 5565 802 5634 plenitudine
829 5569 1140 5623 condonare
1168 5586 1181 5622 :
1235 5570 1371 5622 sicut
1401 5571 1688 5637 Apostolus
1714 5573 1796 5625 die

146 5662 226 5715 ci;
251 5679 269 5714 ε
309 5659 394 5714 In
440 5673 554 5724 quo
581 5657 773 5712 habitat
798 5664 960 5714 omnis
993 5661 1254 5729 plenitudo
1285 5662 1577 5717 Divinilatis
1607 5680 1790 5731 corpo-

151 5756 362 5825 raliter
392 5747 639 5822 (Coloss.
693 5766 748 5820 tt,
797 5751 875 5822 8),
937 5753 987 5807 id
1032 5765 1112 5810 est
1160 5755 1582 5813 subslantialitcr
1635 5765 1794 5826 atque

1911 4646 2095 4700 sedem
2122 4646 2358 4702 diximus
2403 4649 2612 4702 Domini
2658 4650 2971 4708 Salvatoris.
3027 4654 3260 4710 Dicendo
3287 4651 3488 4727 autem,

1903 4740 2036 4792 sicut
2056 4739 2152 4803 sol,
2181 4742 2632 4808 comparationem
2661 4759 2838 4799 rerum
2867 4746 3154 4802 visibilium
3181 4749 3325 4804 facit.
3357 4753 3490 4810 Nam

1905 4829 1948 4881 si
1996 4844 2247 4896 magnum
2279 4840 2361 4884 est
2390 4828 2456 4884 de
2481 4842 2726 4888 creatura
2753 4835 3069 4902 clarescere,
3104 4840 3272 4894 multo
3299 4844 3490 4900 melius

1907 4920 1973 4975 de
2003 4922 2258 4977 Creatore
2284 4922 2482 4978 lucere.

1981 5017 2132 5072 Vers.
2157 5020 2246 5074 '57.
2289 5018 2354 5072 Et
2382 5022 2514 5074 sicut
2543 5021 2667 5076 luna
2697 5026 2921 5092 perfecta
2957 5028 3010 5079 in
3039 5037 3302 5095 a’ternum,
3336 5041 3385 5085 et
3413 5041 3485 5087 te-

1904 5112 1996 5163 stis
2038 5112 2092 5165 in
2137 5113 2261 5189 caelo
2303 5112 2492 5180 ﬁdelis.
2533 5115 2790 5185 Superius
2826 5117 2958 5172 dixit
2987 5119 3053 5172 de
3085 5120 3218 5185 sole,
3251 5125 3390 5189 quod
3419 5127 3482 5180 ad

1897 5187 2282 5274 animam-justi
2314 5204 2549 5262 diximus
2577 5208 2883 5276 pertinere:
2916 5225 3060 5265 nunc
3095 5211 3162 5267 de
3189 5187 3311 5268 luna
3336 5215 3484 5281 dicit,

1903 5309 2022 5365 qua:
2050 5294 2283 5350 humano
2325 5300 2537 5367 corpori
2568 5299 2656 5355 hic
2686 5303 3068 5359 convenienter
3091 5317 3323 5376 aptatur,
3356 5312 3479 5381 quia

1902 5402 1996 5454 per
2029 5387 2204 5440 varias
2227 5396 2413 5442 anates
2438 5399 2748 5447 attenuatur
2781 5404 2835 5449 et
2869 5397 3097 5462 prolicit.
3123 5398 3226 5453 Sed
3258 5400 3374 5454 ideo
3395 5383 3492 5459 ad?

1900 5477 2056 5542 didit,
2089 5477 2332 5548 perfecta,
2366 5489 2420 5532 ut
2467 5481 2520 5535 in
2553 5483 2646 5536 illo
2690 5484 2952 5553 spirituali
2986 5503 3214 5558 corpore
3236 5491 3345 5559 jam
3375 5509 3480 5551 nutt

1901 5570 2194 5638 temporale
2223 5571 2420 5640 aliquid
2465 5574 2812 5647 intelligeres,
2847 5580 2939 5634 sed
2982 5582 3048 5636 de
3078 5584 3191 5639 sola
3221 5588 3475 5658 plenissi-

1901 5678 1984 5717 ma
2037 5664 2334 5717 :etcrnitatc
2378 5667 2628 5720 sentires.
2671 5667 2806 5748 Nam
2861 5677 2915 5726 et
2947 5671 3120 5740 ipsum
3155 5692 3348 5748 corpus
3381 5698 3478 5735 no-

1901 5767 2072 5811 strum
2117 5755 2165 5807 in
2206 5767 2454 5810 wlernum
2482 5760 2558 5815 sic
2586 5739 2828 5818 claritate
2851 5765 3226 5840 complebitur,
3272 5781 3324 5824 ut
3356 5774 3479 5827 luna
