  <div class='ocr_page' id='page_1' title='image "/cluster/home/n/w/nwhite01/storage/ocr_20150623/70/hvd.32044054758735/325.png"; bbox 0 0 3952 6162; ppageno 0'>
   <div class='ocr_carea' id='block_1_1' title="bbox 458 255 557 328">
    <p class='ocr_par' dir='ltr' id='par_1_1' title="bbox 458 255 557 328">
     <span class='ocr_line' id='line_1_1' title="bbox 458 255 557 328; baseline -0.01 -17"><span class='ocrx_word' id='word_1_1' title='bbox 458 255 557 328; x_wconf 67' lang='lat' dir='ltr'><strong>oro</strong></span> 
     </span>
    </p>
   </div>
   <div class='ocr_carea' id='block_1_2' title="bbox 1681 243 2504 299">
    <p class='ocr_par' dir='ltr' id='par_1_2' title="bbox 1681 243 2504 299">
     <span class='ocr_line' id='line_1_2' title="bbox 1681 243 2504 299; baseline 0 -3"><span class='ocrx_word' id='word_1_2' title='bbox 1681 243 1751 299; x_wconf 85' lang='grc' dir='ltr'><strong>Μ.</strong></span> <span class='ocrx_word' id='word_1_3' title='bbox 1795 248 1828 297; x_wconf 66' lang='grc' dir='ltr'>,ι</span> <span class='ocrx_word' id='word_1_4' title='bbox 1843 245 1878 299; x_wconf 82' lang='grc' dir='ltr'><strong>ι’</strong></span> <span class='ocrx_word' id='word_1_5' title='bbox 1892 245 1929 298; x_wconf 81' lang='grc' dir='ltr'><strong>ιι</strong></span> <span class='ocrx_word' id='word_1_6' title='bbox 1944 244 2066 298; x_wconf 62' lang='lat' dir='ltr'><strong>liLll</strong></span> <span class='ocrx_word' id='word_1_7' title='bbox 2107 245 2189 298; x_wconf 66' lang='lat' dir='ltr'><strong>CA</strong></span> <span class='ocrx_word' id='word_1_8' title='bbox 2202 244 2504 298; x_wconf 66' lang='lat' dir='ltr'><strong>SSSCDOR!</strong></span> 
     </span>
    </p>
   </div>
   <div class='ocr_carea' id='block_1_3' title="bbox 3564 255 3647 307">
    <p class='ocr_par' dir='ltr' id='par_1_3' title="bbox 3564 255 3647 307">
     <span class='ocr_line' id='line_1_3' title="bbox 3564 255 3647 307; baseline 0.096 -7"><span class='ocrx_word' id='word_1_9' title='bbox 3564 255 3647 307; x_wconf 59' lang='grc' dir='ltr'><strong>ιω</strong></span> 
     </span>
    </p>
   </div>
   <div class='ocr_carea' id='block_1_4' title="bbox 450 357 2032 435">
    <p class='ocr_par' dir='ltr' id='par_1_4' title="bbox 450 359 2025 435">
     <span class='ocr_line' id='line_1_4' title="bbox 450 359 2025 435; baseline -0.006 -16"><span class='ocrx_word' id='word_1_10' title='bbox 450 365 718 435; x_wconf 74' lang='lat' dir='ltr'><strong>perfecta;</strong></span> <span class='ocrx_word' id='word_1_11' title='bbox 749 380 866 433; x_wconf 81' lang='lat' dir='ltr'><strong>quae</strong></span> <span class='ocrx_word' id='word_1_12' title='bbox 896 366 1036 428; x_wconf 86' lang='lat' dir='ltr'><strong>luna,</strong></span> <span class='ocrx_word' id='word_1_13' title='bbox 1072 362 1122 416; x_wconf 87' lang='lat' dir='ltr'><strong>id</strong></span> <span class='ocrx_word' id='word_1_14' title='bbox 1156 369 1238 415; x_wconf 88' lang='lat' dir='ltr'><strong>est</strong></span> <span class='ocrx_word' id='word_1_15' title='bbox 1277 373 1536 429; x_wconf 76' lang='lat' dir='ltr'><strong>compago</strong></span> <span class='ocrx_word' id='word_1_16' title='bbox 1560 359 1804 427; x_wconf 76' lang='lat' dir='ltr'><strong>corporis</strong></span> <span class='ocrx_word' id='word_1_17' title='bbox 1837 359 2025 423; x_wconf 66' lang='lat' dir='ltr'><strong>Ilttslt‘l,</strong></span> 
     </span>
    </p>
   </div>
   <div class='ocr_carea' id='block_1_5' title="bbox 2145 357 3653 435">
    <p class='ocr_par' dir='ltr' id='par_1_5' title="bbox 2145 357 3653 433">
     <span class='ocr_line' id='line_1_5' title="bbox 2145 357 3653 433; baseline 0.002 -21"><span class='ocrx_word' id='word_1_18' title='bbox 2145 361 2203 412; x_wconf 79' lang='lat' dir='ltr'><strong>sti</strong></span> <span class='ocrx_word' id='word_1_19' title='bbox 2233 361 2534 412; x_wconf 54' lang='lat' dir='ltr'><strong>nturitioncs</strong></span> <span class='ocrx_word' id='word_1_20' title='bbox 2581 359 2686 427; x_wconf 75' lang='lat' dir='ltr'><strong>rjus</strong></span> <span class='ocrx_word' id='word_1_21' title='bbox 2733 360 2781 410; x_wconf 71' lang='lat' dir='ltr'><strong>in</strong></span> <span class='ocrx_word' id='word_1_22' title='bbox 2812 360 3156 426; x_wconf 67' lang='lat' dir='ltr'><strong>formidinem.</strong></span> <span class='ocrx_word' id='word_1_23' title='bbox 3212 357 3413 415; x_wconf 51' lang='lat' dir='ltr'><strong>glfm&#39;crin</strong></span> <span class='ocrx_word' id='word_1_24' title='bbox 3439 376 3523 428; x_wconf 73' lang='lat' dir='ltr'><strong>est,</strong></span> <span class='ocrx_word' id='word_1_25' title='bbox 3553 387 3653 433; x_wconf 67' lang='grc' dir='ltr'><strong>ψηυ</strong></span> 
     </span>
    </p>
   </div>
   <div class='ocr_carea' id='block_1_6' title="bbox 453 451 2028 526">
    <p class='ocr_par' dir='ltr' id='par_1_6' title="bbox 453 451 2028 526">
     <span class='ocr_line' id='line_1_6' title="bbox 453 451 2028 526; baseline -0.006 -16"><span class='ocrx_word' id='word_1_26' title='bbox 453 460 593 512; x_wconf 76' lang='lat' dir='ltr'><strong>testis</strong></span> <span class='ocrx_word' id='word_1_27' title='bbox 616 459 716 512; x_wconf 89' lang='lat' dir='ltr'><strong>erit</strong></span> <span class='ocrx_word' id='word_1_28' title='bbox 739 458 930 526; x_wconf 67' lang='lat' dir='ltr'><strong>ﬁdelis,</strong></span> <span class='ocrx_word' id='word_1_29' title='bbox 962 456 1144 522; x_wconf 60' lang='lat' dir='ltr'><strong>utique</strong></span> <span class='ocrx_word' id='word_1_30' title='bbox 1169 452 1220 505; x_wconf 90' lang='lat' dir='ltr'><strong>iu</strong></span> <span class='ocrx_word' id='word_1_31' title='bbox 1246 467 1347 520; x_wconf 88' lang='lat' dir='ltr'><strong>qua</strong></span> <span class='ocrx_word' id='word_1_32' title='bbox 1381 451 1639 521; x_wconf 86' lang='lat' dir='ltr'><strong>promissa</strong></span> <span class='ocrx_word' id='word_1_33' title='bbox 1675 451 2028 517; x_wconf 71' lang='lat' dir='ltr'><strong>complentur.</strong></span> 
     </span>
    </p>
   </div>
   <div class='ocr_carea' id='block_1_7' title="bbox 451 542 2030 614">
    <p class='ocr_par' dir='ltr' id='par_1_7' title="bbox 451 542 2030 614">
     <span class='ocr_line' id='line_1_7' title="bbox 451 542 2030 614; baseline -0.007 -11"><span class='ocrx_word' id='word_1_34' title='bbox 451 548 558 604; x_wconf 84' lang='lat' dir='ltr'><strong>Sed</strong></span> <span class='ocrx_word' id='word_1_35' title='bbox 591 549 707 600; x_wconf 82' lang='lat' dir='ltr'><strong>vide</strong></span> <span class='ocrx_word' id='word_1_36' title='bbox 736 545 860 614; x_wconf 88' lang='lat' dir='ltr'><strong>quid</strong></span> <span class='ocrx_word' id='word_1_37' title='bbox 897 548 1094 612; x_wconf 56' lang='lat' dir='ltr'><strong>ponit,</strong></span> <span class='ocrx_word' id='word_1_38' title='bbox 1143 545 1194 596; x_wconf 82' lang='lat' dir='ltr'><strong>in</strong></span> <span class='ocrx_word' id='word_1_39' title='bbox 1221 544 1369 603; x_wconf 76' lang='lat' dir='ltr'><strong>caelo,</strong></span> <span class='ocrx_word' id='word_1_40' title='bbox 1415 543 1463 595; x_wconf 98' lang='lat' dir='ltr'><strong>id</strong></span> <span class='ocrx_word' id='word_1_41' title='bbox 1491 551 1571 594; x_wconf 72' lang='lat' dir='ltr'><strong>est</strong></span> <span class='ocrx_word' id='word_1_42' title='bbox 1607 543 1656 593; x_wconf 92' lang='lat' dir='ltr'><strong>in</strong></span> <span class='ocrx_word' id='word_1_43' title='bbox 1688 553 1873 594; x_wconf 81' lang='lat' dir='ltr'><strong>sancto</strong></span> <span class='ocrx_word' id='word_1_44' title='bbox 1899 542 2030 592; x_wconf 83' lang='lat' dir='ltr'><strong>viro.</strong></span> 
     </span>
    </p>
   </div>
   <div class='ocr_carea' id='block_1_8' title="bbox 453 636 2033 708">
    <p class='ocr_par' dir='ltr' id='par_1_8' title="bbox 453 636 2033 708">
     <span class='ocr_line' id='line_1_8' title="bbox 453 636 2033 708; baseline -0.007 -12"><span class='ocrx_word' id='word_1_45' title='bbox 453 641 689 708; x_wconf 83' lang='lat' dir='ltr'><strong>Ipsorum</strong></span> <span class='ocrx_word' id='word_1_46' title='bbox 727 640 860 693; x_wconf 66' lang='lat' dir='ltr'><strong>enim</strong></span> <span class='ocrx_word' id='word_1_47' title='bbox 893 653 1115 704; x_wconf 80' lang='lat' dir='ltr'><strong>corpora</strong></span> <span class='ocrx_word' id='word_1_48' title='bbox 1147 639 1224 690; x_wconf 85' lang='lat' dir='ltr'><strong>sic</strong></span> <span class='ocrx_word' id='word_1_49' title='bbox 1259 638 1529 701; x_wconf 88' lang='lat' dir='ltr'><strong>lucebunt,</strong></span> <span class='ocrx_word' id='word_1_50' title='bbox 1564 652 1784 704; x_wconf 80' lang='lat' dir='ltr'><strong>quorum</strong></span> <span class='ocrx_word' id='word_1_51' title='bbox 1830 647 1882 687; x_wconf 81' lang='lat' dir='ltr'><strong>et</strong></span> <span class='ocrx_word' id='word_1_52' title='bbox 1923 636 2033 687; x_wconf 80' lang='lat' dir='ltr'><strong>ani-</strong></span> 
     </span>
    </p>
   </div>
   <div class='ocr_carea' id='block_1_9' title="bbox 456 729 2031 800">
    <p class='ocr_par' dir='ltr' id='par_1_9' title="bbox 456 729 2031 800">
     <span class='ocr_line' id='line_1_9' title="bbox 456 729 2031 800; baseline -0.003 -14"><span class='ocrx_word' id='word_1_53' title='bbox 456 749 556 786; x_wconf 74' lang='lat' dir='ltr'><strong>ntre</strong></span> <span class='ocrx_word' id='word_1_54' title='bbox 579 733 752 786; x_wconf 82' lang='lat' dir='ltr'><strong>divma</strong></span> <span class='ocrx_word' id='word_1_55' title='bbox 787 732 1171 784; x_wconf 69' lang='lat' dir='ltr'><strong>il&#39;uminatioiie</strong></span> <span class='ocrx_word' id='word_1_56' title='bbox 1203 731 1538 800; x_wconf 79' lang='lat' dir='ltr'><strong>resp&#39;endent</strong></span> <span class='ocrx_word' id='word_1_57' title='bbox 1569 745 1583 792; x_wconf 88' lang='lat'><strong>;</strong></span> <span class='ocrx_word' id='word_1_58' title='bbox 1614 729 1750 782; x_wconf 58' lang='lat' dir='ltr'><strong>sicut</strong></span> <span class='ocrx_word' id='word_1_59' title='bbox 1780 730 2031 783; x_wconf 60' lang='lat' dir='ltr'><strong>Salotn&#39;vn</strong></span> 
     </span>
    </p>
   </div>
   <div class='ocr_carea' id='block_1_10' title="bbox 455 820 2036 894">
    <p class='ocr_par' dir='ltr' id='par_1_10' title="bbox 455 820 2036 894">
     <span class='ocr_line' id='line_1_10' title="bbox 455 820 2036 894; baseline -0.004 -18"><span class='ocrx_word' id='word_1_60' title='bbox 455 823 530 878; x_wconf 80' lang='lat' dir='ltr'><strong>ait</strong></span> <span class='ocrx_word' id='word_1_61' title='bbox 557 841 568 875; x_wconf 88' lang='lat'><strong>:</strong></span> <span class='ocrx_word' id='word_1_62' title='bbox 599 821 734 894; x_wconf 79' lang='lat' dir='ltr'><strong>Fufg</strong></span> <span class='ocrx_word' id='word_1_63' title='bbox 766 823 886 874; x_wconf 85' lang='lat' dir='ltr'><strong>bunt</strong></span> <span class='ocrx_word' id='word_1_64' title='bbox 908 823 1063 892; x_wconf 80' lang='lat' dir='ltr'><strong>justi,</strong></span> <span class='ocrx_word' id='word_1_65' title='bbox 1115 831 1159 874; x_wconf 85' lang='lat' dir='ltr'><strong>et</strong></span> <span class='ocrx_word' id='word_1_66' title='bbox 1190 832 1428 884; x_wconf 70' lang='lat' dir='ltr'><strong>(utiquam</strong></span> <span class='ocrx_word' id='word_1_67' title='bbox 1455 821 1693 874; x_wconf 66' lang='lat' dir='ltr'><strong>scintillae</strong></span> <span class='ocrx_word' id='word_1_68' title='bbox 1740 820 1790 872; x_wconf 86' lang='lat' dir='ltr'><strong>in</strong></span> <span class='ocrx_word' id='word_1_69' title='bbox 1823 821 2036 871; x_wconf 77' lang='lat' dir='ltr'><strong>arundi-</strong></span> 
     </span>
    </p>
   </div>
   <div class='ocr_carea' id='block_1_11' title="bbox 456 912 2038 984">
    <p class='ocr_par' dir='ltr' id='par_1_11' title="bbox 456 912 2038 984">
     <span class='ocr_line' id='line_1_11' title="bbox 456 912 2038 984; baseline -0.003 -15"><span class='ocrx_word' id='word_1_70' title='bbox 456 925 573 969; x_wconf 83' lang='lat' dir='ltr'><strong>neto</strong></span> <span class='ocrx_word' id='word_1_71' title='bbox 620 915 906 968; x_wconf 72' lang='lat' dir='ltr'><strong>discurrrnt</strong></span> <span class='ocrx_word' id='word_1_72' title='bbox 939 913 1090 984; x_wconf 83' lang='lat' dir='ltr'><strong>(Sap.</strong></span> <span class='ocrx_word' id='word_1_73' title='bbox 1127 930 1204 976; x_wconf 82' lang='lat' dir='ltr'><strong>nt,</strong></span> <span class='ocrx_word' id='word_1_74' title='bbox 1236 915 1313 982; x_wconf 81' lang='lat'><strong>7).</strong></span> <span class='ocrx_word' id='word_1_75' title='bbox 1358 912 1685 981; x_wconf 88' lang='lat' dir='ltr'><strong>Frequenter</strong></span> <span class='ocrx_word' id='word_1_76' title='bbox 1728 913 1870 965; x_wconf 90' lang='lat' dir='ltr'><strong>enim</strong></span> <span class='ocrx_word' id='word_1_77' title='bbox 1915 912 2038 964; x_wconf 87' lang='lat' dir='ltr'><strong>luna</strong></span> 
     </span>
    </p>
   </div>
   <div class='ocr_carea' id='block_1_12' title="bbox 458 1004 1098 1069">
    <p class='ocr_par' dir='ltr' id='par_1_12' title="bbox 458 1004 1098 1069">
     <span class='ocr_line' id='line_1_12' title="bbox 458 1004 1098 1069; baseline -0.002 -10"><span class='ocrx_word' id='word_1_78' title='bbox 458 1004 712 1061; x_wconf 66' lang='lat' dir='ltr'><strong>Ecclesiae</strong></span> <span class='ocrx_word' id='word_1_79' title='bbox 743 1019 1098 1069; x_wconf 76' lang='lat' dir='ltr'><strong>comparazur.</strong></span> 
     </span>
    </p>
   </div>
   <div class='ocr_carea' id='block_1_13' title="bbox 535 1093 2040 1165">
    <p class='ocr_par' dir='ltr' id='par_1_13' title="bbox 535 1093 2040 1165">
     <span class='ocr_line' id='line_1_13' title="bbox 535 1093 2040 1165; baseline -0.002 -17"><span class='ocrx_word' id='word_1_80' title='bbox 535 1094 684 1149; x_wconf 84' lang='lat' dir='ltr'><strong>Vers.</strong></span> <span class='ocrx_word' id='word_1_81' title='bbox 715 1095 807 1151; x_wconf 78' lang='lat'><strong>38.</strong></span> <span class='ocrx_word' id='word_1_82' title='bbox 852 1093 926 1148; x_wconf 80' lang='lat' dir='ltr'><strong>&#39;I‘u</strong></span> <span class='ocrx_word' id='word_1_83' title='bbox 947 1111 1060 1148; x_wconf 81' lang='lat' dir='ltr'><strong>vero</strong></span> <span class='ocrx_word' id='word_1_84' title='bbox 1091 1094 1324 1165; x_wconf 81' lang='lat' dir='ltr'><strong>repulisti</strong></span> <span class='ocrx_word' id='word_1_85' title='bbox 1363 1103 1408 1148; x_wconf 81' lang='lat' dir='ltr'><strong>et</strong></span> <span class='ocrx_word' id='word_1_86' title='bbox 1437 1094 1690 1164; x_wconf 76' lang='lat' dir='ltr'><strong>sprevisti,</strong></span> <span class='ocrx_word' id='word_1_87' title='bbox 1723 1103 1765 1146; x_wconf 87' lang='lat' dir='ltr'><strong>et</strong></span> <span class='ocrx_word' id='word_1_88' title='bbox 1795 1093 2040 1146; x_wconf 68' lang='lat' dir='ltr'><strong>distulisti</strong></span> 
     </span>
    </p>
   </div>
   <div class='ocr_carea' id='block_1_14' title="bbox 456 1182 2041 1252">
    <p class='ocr_par' dir='ltr' id='par_1_14' title="bbox 456 1182 2041 1252">
     <span class='ocr_line' id='line_1_14' title="bbox 456 1182 2041 1252; baseline -0.003 -13"><span class='ocrx_word' id='word_1_89' title='bbox 456 1182 715 1239; x_wconf 76' lang='lat' dir='ltr'><strong>Christum</strong></span> <span class='ocrx_word' id='word_1_90' title='bbox 744 1196 906 1238; x_wconf 85' lang='lat' dir='ltr'><strong>tuum.</strong></span> <span class='ocrx_word' id='word_1_91' title='bbox 943 1185 1211 1240; x_wconf 79' lang='lat' dir='ltr'><strong>Hactenus</strong></span> <span class='ocrx_word' id='word_1_92' title='bbox 1241 1185 1484 1239; x_wconf 68' lang='lat' dir='ltr'><strong>Chiistus</strong></span> <span class='ocrx_word' id='word_1_93' title='bbox 1527 1195 1740 1252; x_wconf 87' lang='lat' dir='ltr'><strong>paterna</strong></span> <span class='ocrx_word' id='word_1_94' title='bbox 1772 1200 1900 1237; x_wconf 41' lang='lat' dir='ltr'><strong>voce</strong></span> <span class='ocrx_word' id='word_1_95' title='bbox 1931 1185 2041 1235; x_wconf 73' lang='lat' dir='ltr'><strong>lm-</strong></span> 
     </span>
    </p>
   </div>
   <div class='ocr_carea' id='block_1_15' title="bbox 456 1275 2038 1344">
    <p class='ocr_par' dir='ltr' id='par_1_15' title="bbox 456 1275 2038 1344">
     <span class='ocr_line' id='line_1_15' title="bbox 456 1275 2038 1344; baseline -0.001 -15"><span class='ocrx_word' id='word_1_96' title='bbox 456 1275 611 1330; x_wconf 86' lang='lat' dir='ltr'><strong>datus</strong></span> <span class='ocrx_word' id='word_1_97' title='bbox 632 1286 712 1332; x_wconf 89' lang='lat' dir='ltr'><strong>est</strong></span> <span class='ocrx_word' id='word_1_98' title='bbox 740 1294 753 1340; x_wconf 91' lang='lat'><strong>;</strong></span> <span class='ocrx_word' id='word_1_99' title='bbox 789 1291 927 1330; x_wconf 87' lang='lat' dir='ltr'><strong>nunc</strong></span> <span class='ocrx_word' id='word_1_100' title='bbox 958 1279 1103 1331; x_wconf 90' lang='lat' dir='ltr'><strong>venit</strong></span> <span class='ocrx_word' id='word_1_101' title='bbox 1135 1277 1303 1329; x_wconf 73' lang='lat' dir='ltr'><strong>Ethau</strong></span> <span class='ocrx_word' id='word_1_102' title='bbox 1335 1277 1398 1329; x_wconf 85' lang='lat' dir='ltr'><strong>ad</strong></span> <span class='ocrx_word' id='word_1_103' title='bbox 1424 1291 1664 1343; x_wconf 64' lang='lat' dir='ltr'><strong>quarzam</strong></span> <span class='ocrx_word' id='word_1_104' title='bbox 1705 1285 1932 1344; x_wconf 86' lang='lat' dir='ltr'><strong>partem,</strong></span> <span class='ocrx_word' id='word_1_105' title='bbox 1985 1276 2038 1327; x_wconf 91' lang='lat' dir='ltr'><strong>in</strong></span> 
     </span>
    </p>
   </div>
   <div class='ocr_carea' id='block_1_16' title="bbox 457 1370 2041 1438">
    <p class='ocr_par' dir='ltr' id='par_1_16' title="bbox 457 1370 2041 1438">
     <span class='ocr_line' id='line_1_16' title="bbox 457 1370 2041 1438; baseline 0.002 -18"><span class='ocrx_word' id='word_1_106' title='bbox 457 1385 557 1436; x_wconf 86' lang='lat' dir='ltr'><strong>qua</strong></span> <span class='ocrx_word' id='word_1_107' title='bbox 585 1370 690 1438; x_wconf 83' lang='lat' dir='ltr'><strong>jam</strong></span> <span class='ocrx_word' id='word_1_108' title='bbox 721 1384 783 1424; x_wconf 79' lang='lat' dir='ltr'><strong>ex</strong></span> <span class='ocrx_word' id='word_1_109' title='bbox 821 1385 913 1424; x_wconf 88' lang='lat' dir='ltr'><strong>sua</strong></span> <span class='ocrx_word' id='word_1_110' title='bbox 947 1386 1170 1434; x_wconf 89' lang='lat' dir='ltr'><strong>persona</strong></span> <span class='ocrx_word' id='word_1_111' title='bbox 1202 1370 1341 1423; x_wconf 85' lang='lat' dir='ltr'><strong>velut</strong></span> <span class='ocrx_word' id='word_1_112' title='bbox 1390 1370 1622 1423; x_wconf 58' lang='lat' dir='ltr'><strong>advevsa</strong></span> <span class='ocrx_word' id='word_1_113' title='bbox 1674 1371 2041 1437; x_wconf 76' lang='lat' dir='ltr'><strong>superioribus</strong></span> 
     </span>
    </p>
   </div>
   <div class='ocr_carea' id='block_1_17' title="bbox 455 1458 2041 1515">
    <p class='ocr_par' dir='ltr' id='par_1_17' title="bbox 455 1458 2041 1515">
     <span class='ocr_line' id='line_1_17' title="bbox 455 1458 2041 1515; baseline 0.003 -4"><span class='ocrx_word' id='word_1_114' title='bbox 455 1458 606 1512; x_wconf 81' lang='lat' dir='ltr'><strong>dieit.</strong></span> <span class='ocrx_word' id='word_1_115' title='bbox 644 1459 716 1513; x_wconf 89' lang='lat' dir='ltr'><strong>lbi</strong></span> <span class='ocrx_word' id='word_1_116' title='bbox 747 1461 886 1514; x_wconf 90' lang='lat' dir='ltr'><strong>enim</strong></span> <span class='ocrx_word' id='word_1_117' title='bbox 912 1459 1184 1513; x_wconf 72' lang='lat' dir='ltr'><strong>Christum</strong></span> <span class='ocrx_word' id='word_1_118' title='bbox 1215 1461 1282 1513; x_wconf 79' lang='lat' dir='ltr'><strong>ab</strong></span> <span class='ocrx_word' id='word_1_119' title='bbox 1312 1461 1538 1514; x_wconf 70' lang='lat' dir='ltr'><strong>inimicis</strong></span> <span class='ocrx_word' id='word_1_120' title='bbox 1569 1461 1677 1513; x_wconf 82' lang='lat' dir='ltr'><strong>suis</strong></span> <span class='ocrx_word' id='word_1_121' title='bbox 1711 1460 1868 1515; x_wconf 85' lang='lat' dir='ltr'><strong>Pater</strong></span> <span class='ocrx_word' id='word_1_122' title='bbox 1893 1476 2041 1515; x_wconf 87' lang='lat' dir='ltr'><strong>assc-</strong></span> 
     </span>
    </p>
   </div>
   <div class='ocr_carea' id='block_1_18' title="bbox 457 1549 2043 1630">
    <p class='ocr_par' dir='ltr' id='par_1_18' title="bbox 457 1549 2043 1630">
     <span class='ocr_line' id='line_1_18' title="bbox 457 1549 2043 1630; baseline 0.001 -26"><span class='ocrx_word' id='word_1_123' title='bbox 457 1549 944 1616; x_wconf 78' lang='lat' dir='ltr'><strong>t‘it-vindicandnm,</strong></span> <span class='ocrx_word' id='word_1_124' title='bbox 973 1552 1110 1620; x_wconf 91' lang='lat' dir='ltr'><strong>quod</strong></span> <span class='ocrx_word' id='word_1_125' title='bbox 1139 1552 1296 1605; x_wconf 88' lang='lat' dir='ltr'><strong>etiam</strong></span> <span class='ocrx_word' id='word_1_126' title='bbox 1317 1551 1662 1620; x_wconf 65' lang='lat' dir='ltr'><strong>iurisiurandi</strong></span> <span class='ocrx_word' id='word_1_127' title='bbox 1689 1552 2043 1630; x_wconf 79' lang='lat' dir='ltr'><strong>promissione</strong></span> 
     </span>
    </p>
   </div>
   <div class='ocr_carea' id='block_1_19' title="bbox 456 1641 2037 1711">
    <p class='ocr_par' dir='ltr' id='par_1_19' title="bbox 456 1641 2037 1711">
     <span class='ocr_line' id='line_1_19' title="bbox 456 1641 2037 1711; baseline 0.002 -16"><span class='ocrx_word' id='word_1_128' title='bbox 456 1641 733 1696; x_wconf 86' lang='lat' dir='ltr'><strong>confirmat.</strong></span> <span class='ocrx_word' id='word_1_129' title='bbox 761 1661 773 1706; x_wconf 92' lang='lat'><strong>;</strong></span> <span class='ocrx_word' id='word_1_130' title='bbox 827 1645 912 1696; x_wconf 87' lang='lat' dir='ltr'><strong>hic</strong></span> <span class='ocrx_word' id='word_1_131' title='bbox 952 1654 1130 1697; x_wconf 87' lang='lat' dir='ltr'><strong>autem</strong></span> <span class='ocrx_word' id='word_1_132' title='bbox 1184 1654 1398 1711; x_wconf 90' lang='lat' dir='ltr'><strong>spretus</strong></span> <span class='ocrx_word' id='word_1_133' title='bbox 1427 1659 1489 1697; x_wconf 87' lang='lat' dir='ltr'><strong>ac</strong></span> <span class='ocrx_word' id='word_1_134' title='bbox 1520 1643 1743 1697; x_wconf 91' lang='lat' dir='ltr'><strong>traditus</strong></span> <span class='ocrx_word' id='word_1_135' title='bbox 1773 1658 1893 1698; x_wconf 89' lang='lat' dir='ltr'><strong>esse</strong></span> <span class='ocrx_word' id='word_1_136' title='bbox 1922 1660 2037 1698; x_wconf 90' lang='lat' dir='ltr'><strong>me-</strong></span> 
     </span>
    </p>
   </div>
   <div class='ocr_carea' id='block_1_20' title="bbox 2142 449 3656 519">
    <p class='ocr_par' dir='ltr' id='par_1_20' title="bbox 2142 449 3656 519">
     <span class='ocr_line' id='line_1_20' title="bbox 2142 449 3656 519; baseline 0.004 -17"><span class='ocrx_word' id='word_1_137' title='bbox 2142 451 2255 503; x_wconf 82' lang='lat' dir='ltr'><strong>luca</strong></span> <span class='ocrx_word' id='word_1_138' title='bbox 2307 451 2371 502; x_wconf 85' lang='lat' dir='ltr'><strong>ad</strong></span> <span class='ocrx_word' id='word_1_139' title='bbox 2428 452 2654 518; x_wconf 83' lang='lat' dir='ltr'><strong>aliquam</strong></span> <span class='ocrx_word' id='word_1_140' title='bbox 2720 449 2997 502; x_wconf 73' lang='lat' dir='ltr'><strong>utilitatem</strong></span> <span class='ocrx_word' id='word_1_141' title='bbox 3057 465 3335 519; x_wconf 80' lang='lat' dir='ltr'><strong>przeparata</strong></span> <span class='ocrx_word' id='word_1_142' title='bbox 3376 456 3656 516; x_wconf 66' lang='lat' dir='ltr'><strong>defensionis</strong></span> 
     </span>
    </p>
   </div>
   <div class='ocr_carea' id='block_1_21' title="bbox 2140 541 3657 608">
    <p class='ocr_par' dir='ltr' id='par_1_21' title="bbox 2140 541 3657 608">
     <span class='ocr_line' id='line_1_21' title="bbox 2140 541 3657 608; baseline 0.012 -20"><span class='ocrx_word' id='word_1_143' title='bbox 2140 558 2300 595; x_wconf 70' lang='lat' dir='ltr'><strong>causa</strong></span> <span class='ocrx_word' id='word_1_144' title='bbox 2337 543 2650 595; x_wconf 80' lang='lat' dir='ltr'><strong>communit.</strong></span> <span class='ocrx_word' id='word_1_145' title='bbox 2691 541 2814 595; x_wconf 69' lang='lat' dir='ltr'><strong>llaec</strong></span> <span class='ocrx_word' id='word_1_146' title='bbox 2846 558 2950 594; x_wconf 83' lang='lat' dir='ltr'><strong>non</strong></span> <span class='ocrx_word' id='word_1_147' title='bbox 2984 544 3348 599; x_wconf 71' lang='lat' dir='ltr'><strong>iuttnnixtionc</strong></span> <span class='ocrx_word' id='word_1_148' title='bbox 3376 549 3443 602; x_wconf 85' lang='lat' dir='ltr'><strong>rei</strong></span> <span class='ocrx_word' id='word_1_149' title='bbox 3472 551 3657 608; x_wconf 84' lang='lat' dir='ltr'><strong>alterius</strong></span> 
     </span>
    </p>
   </div>
   <div class='ocr_carea' id='block_1_22' title="bbox 2141 634 3652 700">
    <p class='ocr_par' dir='ltr' id='par_1_22' title="bbox 2141 634 3652 700">
     <span class='ocr_line' id='line_1_22' title="bbox 2141 634 3652 700; baseline 0.012 -18"><span class='ocrx_word' id='word_1_150' title='bbox 2141 634 2452 695; x_wconf 59' lang='lat' dir='ltr'><strong>militis-aur,</strong></span> <span class='ocrx_word' id='word_1_151' title='bbox 2501 635 2591 687; x_wconf 85' lang='lat' dir='ltr'><strong>sed</strong></span> <span class='ocrx_word' id='word_1_152' title='bbox 2629 636 2679 685; x_wconf 90' lang='lat' dir='ltr'><strong>in</strong></span> <span class='ocrx_word' id='word_1_153' title='bbox 2724 635 2938 700; x_wconf 78' lang='lat' dir='ltr'><strong>parietis</strong></span> <span class='ocrx_word' id='word_1_154' title='bbox 2982 637 3193 688; x_wconf 85' lang='lat' dir='ltr'><strong>mulum</strong></span> <span class='ocrx_word' id='word_1_155' title='bbox 3225 653 3451 694; x_wconf 77' lang='lat' dir='ltr'><strong>saxorum</strong></span> <span class='ocrx_word' id='word_1_156' title='bbox 3482 652 3652 700; x_wconf 84' lang='lat' dir='ltr'><strong>tantum</strong></span> 
     </span>
    </p>
   </div>
   <div class='ocr_carea' id='block_1_23' title="bbox 2141 724 3666 801">
    <p class='ocr_par' dir='ltr' id='par_1_23' title="bbox 2141 724 3666 801">
     <span class='ocr_line' id='line_1_23' title="bbox 2141 724 3666 801; baseline 0.007 -25"><span class='ocrx_word' id='word_1_157' title='bbox 2141 724 2466 776; x_wconf 78' lang='lat' dir='ltr'><strong>adunatich</strong></span> <span class='ocrx_word' id='word_1_158' title='bbox 2513 727 2861 778; x_wconf 82' lang='lat' dir='ltr'><strong>entistruitur.</strong></span> <span class='ocrx_word' id='word_1_159' title='bbox 2899 726 2973 777; x_wconf 77' lang='lat' dir='ltr'><strong>Ad</strong></span> <span class='ocrx_word' id='word_1_160' title='bbox 3017 728 3167 792; x_wconf 82' lang='lat' dir='ltr'><strong>cujus</strong></span> <span class='ocrx_word' id='word_1_161' title='bbox 3195 727 3562 786; x_wconf 75' lang='lat' dir='ltr'><strong>siutiliiudincm</strong></span> <span class='ocrx_word' id='word_1_162' title='bbox 3590 753 3666 801; x_wconf 84' lang='lat' dir='ltr'><strong>pu-</strong></span> 
     </span>
    </p>
   </div>
   <div class='ocr_carea' id='block_1_24' title="bbox 2143 815 3668 884">
    <p class='ocr_par' dir='ltr' id='par_1_24' title="bbox 2143 815 3668 884">
     <span class='ocr_line' id='line_1_24' title="bbox 2143 815 3668 884; baseline 0.01 -24"><span class='ocrx_word' id='word_1_163' title='bbox 2143 816 2221 867; x_wconf 75' lang='lat' dir='ltr'><strong>nit</strong></span> <span class='ocrx_word' id='word_1_164' title='bbox 2263 815 2564 882; x_wconf 75' lang='lat' dir='ltr'><strong>simplicem</strong></span> <span class='ocrx_word' id='word_1_165' title='bbox 2617 816 2760 868; x_wconf 80' lang='lat' dir='ltr'><strong>illaut</strong></span> <span class='ocrx_word' id='word_1_166' title='bbox 2796 815 3152 884; x_wconf 79' lang='lat' dir='ltr'><strong>Iuvit-tamque</strong></span> <span class='ocrx_word' id='word_1_167' title='bbox 3192 817 3528 873; x_wconf 72' lang='lat' dir='ltr'><strong>defensionem</strong></span> <span class='ocrx_word' id='word_1_168' title='bbox 3555 827 3668 880; x_wconf 68' lang='lat' dir='ltr'><strong>diti-</strong></span> 
     </span>
    </p>
   </div>
   <div class='ocr_carea' id='block_1_25' title="bbox 2145 906 3673 977">
    <p class='ocr_par' dir='ltr' id='par_1_25' title="bbox 2145 906 3673 977">
     <span class='ocr_line' id='line_1_25' title="bbox 2145 906 3673 977; baseline 0.007 -20"><span class='ocrx_word' id='word_1_169' title='bbox 2145 919 2290 971; x_wconf 85' lang='lat' dir='ltr'><strong>nam,</strong></span> <span class='ocrx_word' id='word_1_170' title='bbox 2317 920 2472 973; x_wconf 89' lang='lat' dir='ltr'><strong>quam</strong></span> <span class='ocrx_word' id='word_1_171' title='bbox 2514 920 2733 959; x_wconf 73' lang='lat' dir='ltr'><strong>necesse</strong></span> <span class='ocrx_word' id='word_1_172' title='bbox 2765 906 2860 959; x_wconf 87' lang='lat' dir='ltr'><strong>fttit</strong></span> <span class='ocrx_word' id='word_1_173' title='bbox 2888 908 3143 970; x_wconf 76' lang='lat' dir='ltr'><strong>amoveri,</strong></span> <span class='ocrx_word' id='word_1_174' title='bbox 3172 917 3224 960; x_wconf 89' lang='lat' dir='ltr'><strong>ut</strong></span> <span class='ocrx_word' id='word_1_175' title='bbox 3253 924 3378 977; x_wconf 66' lang='lat' dir='ltr'><strong>gens</strong></span> <span class='ocrx_word' id='word_1_176' title='bbox 3404 909 3673 969; x_wconf 75' lang='lat' dir='ltr'><strong>.ludtt&#39;uruttt</strong></span> 
     </span>
    </p>
   </div>
   <div class='ocr_carea' id='block_1_26' title="bbox 2143 996 3673 1064">
    <p class='ocr_par' dir='ltr' id='par_1_26' title="bbox 2143 996 3673 1064">
     <span class='ocr_line' id='line_1_26' title="bbox 2143 996 3673 1064; baseline 0.006 -14"><span class='ocrx_word' id='word_1_177' title='bbox 2143 996 2405 1064; x_wconf 85' lang='lat' dir='ltr'><strong>potuisset</strong></span> <span class='ocrx_word' id='word_1_178' title='bbox 2456 996 2687 1054; x_wconf 81' lang='lat' dir='ltr'><strong>hostium</strong></span> <span class='ocrx_word' id='word_1_179' title='bbox 2740 998 3048 1050; x_wconf 78' lang='lat' dir='ltr'><strong>incursione</strong></span> <span class='ocrx_word' id='word_1_180' title='bbox 3099 1000 3310 1052; x_wconf 79' lang='lat' dir='ltr'><strong>vastari.</strong></span> <span class='ocrx_word' id='word_1_181' title='bbox 3353 1001 3673 1059; x_wconf 62' lang='lat' dir='ltr'><strong>Pulcherrima</strong></span> 
     </span>
    </p>
   </div>
   <div class='ocr_carea' id='block_1_27' title="bbox 2144 1086 3676 1163">
    <p class='ocr_par' dir='ltr' id='par_1_27' title="bbox 2144 1086 3676 1163">
     <span class='ocr_line' id='line_1_27' title="bbox 2144 1086 3676 1163; baseline 0.007 -30"><span class='ocrx_word' id='word_1_182' title='bbox 2144 1099 2318 1140; x_wconf 69' lang='lat' dir='ltr'><strong>autem</strong></span> <span class='ocrx_word' id='word_1_183' title='bbox 2337 1086 2532 1140; x_wconf 89' lang='lat' dir='ltr'><strong>dictum</strong></span> <span class='ocrx_word' id='word_1_184' title='bbox 2560 1097 2661 1146; x_wconf 79' lang='lat' dir='ltr'><strong>est.</strong></span> <span class='ocrx_word' id='word_1_185' title='bbox 2679 1088 2980 1142; x_wconf 82' lang='lat' dir='ltr'><strong>munitiones</strong></span> <span class='ocrx_word' id='word_1_186' title='bbox 3005 1091 3344 1157; x_wconf 76' lang='lat' dir='ltr'><strong>cjusposutsti</strong></span> <span class='ocrx_word' id='word_1_187' title='bbox 3366 1091 3676 1163; x_wconf 71' lang='lat' dir='ltr'><strong>formidinem,</strong></span> 
     </span>
    </p>
   </div>
   <div class='ocr_carea' id='block_1_28' title="bbox 2146 1178 3677 1258">
    <p class='ocr_par' dir='ltr' id='par_1_28' title="bbox 2146 1178 3677 1258">
     <span class='ocr_line' id='line_1_28' title="bbox 2146 1178 3677 1258; baseline 0.011 -31"><span class='ocrx_word' id='word_1_188' title='bbox 2146 1187 2202 1229; x_wconf 86' lang='grc' dir='ltr'><strong>ιιι</strong></span> <span class='ocrx_word' id='word_1_189' title='bbox 2231 1178 2402 1247; x_wconf 89' lang='lat' dir='ltr'><strong>culpis</strong></span> <span class='ocrx_word' id='word_1_190' title='bbox 2433 1178 2749 1236; x_wconf 81' lang='lat' dir='ltr'><strong>facientibus</strong></span> <span class='ocrx_word' id='word_1_191' title='bbox 2797 1183 2966 1250; x_wconf 89' lang='lat' dir='ltr'><strong>ipsum</strong></span> <span class='ocrx_word' id='word_1_192' title='bbox 3017 1185 3295 1239; x_wconf 81' lang='lat' dir='ltr'><strong>Dominum</strong></span> <span class='ocrx_word' id='word_1_193' title='bbox 3347 1189 3677 1258; x_wconf 80' lang='lat' dir='ltr'><strong>formidarent,</strong></span> 
     </span>
    </p>
   </div>
   <div class='ocr_carea' id='block_1_29' title="bbox 2145 1271 3682 1349">
    <p class='ocr_par' dir='ltr' id='par_1_29' title="bbox 2145 1271 3682 1349">
     <span class='ocr_line' id='line_1_29' title="bbox 2145 1271 3682 1349; baseline 0.011 -27"><span class='ocrx_word' id='word_1_194' title='bbox 2145 1273 2298 1336; x_wconf 54' lang='lat' dir='ltr'><strong>cujus</strong></span> <span class='ocrx_word' id='word_1_195' title='bbox 2327 1271 2571 1326; x_wconf 76' lang='lat' dir='ltr'><strong>solebam</strong></span> <span class='ocrx_word' id='word_1_196' title='bbox 2609 1275 2902 1328; x_wconf 85' lang='lat' dir='ltr'><strong>munitione</strong></span> <span class='ocrx_word' id='word_1_197' title='bbox 2933 1277 3132 1330; x_wconf 85' lang='lat' dir='ltr'><strong>vallari.</strong></span> <span class='ocrx_word' id='word_1_198' title='bbox 3182 1279 3244 1334; x_wconf 79' lang='lat' dir='ltr'><strong>Et</strong></span> <span class='ocrx_word' id='word_1_199' title='bbox 3275 1288 3391 1332; x_wconf 82' lang='lat' dir='ltr'><strong>nota</strong></span> <span class='ocrx_word' id='word_1_200' title='bbox 3440 1282 3565 1349; x_wconf 81' lang='lat' dir='ltr'><strong>quod</strong></span> <span class='ocrx_word' id='word_1_201' title='bbox 3603 1299 3682 1349; x_wconf 79' lang='lat' dir='ltr'><strong>per</strong></span> 
     </span>
    </p>
   </div>
   <div class='ocr_carea' id='block_1_30' title="bbox 2148 1362 3680 1428">
    <p class='ocr_par' dir='ltr' id='par_1_30' title="bbox 2148 1362 3680 1428">
     <span class='ocr_line' id='line_1_30' title="bbox 2148 1362 3680 1428; baseline 0.01 -15"><span class='ocrx_word' id='word_1_202' title='bbox 2148 1362 2242 1414; x_wconf 75' lang='grc' dir='ltr'><strong>11ος</strong></span> <span class='ocrx_word' id='word_1_203' title='bbox 2275 1372 2382 1416; x_wconf 86' lang='lat' dir='ltr'><strong>tres</strong></span> <span class='ocrx_word' id='word_1_204' title='bbox 2411 1380 2600 1418; x_wconf 84' lang='lat' dir='ltr'><strong>versus</strong></span> <span class='ocrx_word' id='word_1_205' title='bbox 2621 1366 2673 1419; x_wconf 91' lang='lat' dir='ltr'><strong>in</strong></span> <span class='ocrx_word' id='word_1_206' title='bbox 2704 1367 2966 1421; x_wconf 86' lang='lat' dir='ltr'><strong>similibus</strong></span> <span class='ocrx_word' id='word_1_207' title='bbox 2994 1369 3144 1422; x_wconf 89' lang='lat' dir='ltr'><strong>sonis</strong></span> <span class='ocrx_word' id='word_1_208' title='bbox 3177 1371 3415 1424; x_wconf 73' lang='lat' dir='ltr'><strong>exierunt</strong></span> <span class='ocrx_word' id='word_1_209' title='bbox 3443 1374 3585 1426; x_wconf 81' lang='lat' dir='ltr'><strong>verba</strong></span> <span class='ocrx_word' id='word_1_210' title='bbox 3609 1375 3680 1428; x_wconf 88' lang='lat' dir='ltr'><strong>di-</strong></span> 
     </span>
    </p>
   </div>
   <div class='ocr_carea' id='block_1_31' title="bbox 2146 1457 3674 1532">
    <p class='ocr_par' dir='ltr' id='par_1_31' title="bbox 2146 1457 3674 1532">
     <span class='ocr_line' id='line_1_31' title="bbox 2146 1457 3674 1532; baseline 0.009 -27"><span class='ocrx_word' id='word_1_211' title='bbox 2146 1469 2343 1519; x_wconf 87' lang='lat' dir='ltr'><strong>versa;</strong></span> <span class='ocrx_word' id='word_1_212' title='bbox 2391 1457 2523 1509; x_wconf 77' lang='lat' dir='ltr'><strong>dixit</strong></span> <span class='ocrx_word' id='word_1_213' title='bbox 2563 1458 2708 1512; x_wconf 85' lang='lat' dir='ltr'><strong>enim</strong></span> <span class='ocrx_word' id='word_1_214' title='bbox 2755 1476 2767 1511; x_wconf 93' lang='lat'>:</span> <span class='ocrx_word' id='word_1_215' title='bbox 2824 1459 3093 1530; x_wconf 73' lang='lat' dir='ltr'><strong>Ilepulisti,</strong></span> <span class='ocrx_word' id='word_1_216' title='bbox 3147 1465 3398 1531; x_wconf 76' lang='lat' dir='ltr'><strong>sprevisti,</strong></span> <span class='ocrx_word' id='word_1_217' title='bbox 3437 1467 3674 1532; x_wconf 76' lang='lat' dir='ltr'><strong>dismlisti,</strong></span> 
     </span>
    </p>
   </div>
   <div class='ocr_carea' id='block_1_32' title="bbox 2146 1547 3690 1628">
    <p class='ocr_par' dir='ltr' id='par_1_32' title="bbox 2146 1547 3690 1628">
     <span class='ocr_line' id='line_1_32' title="bbox 2146 1547 3690 1628; baseline 0.01 -32"><span class='ocrx_word' id='word_1_218' title='bbox 2146 1547 2396 1606; x_wconf 72' lang='lat' dir='ltr'><strong>acetisti.</strong></span> <span class='ocrx_word' id='word_1_219' title='bbox 2428 1549 2738 1618; x_wconf 79' lang='lat' dir='ltr'><strong>profanasti,</strong></span> <span class='ocrx_word' id='word_1_220' title='bbox 2775 1552 3092 1615; x_wconf 73' lang='lat' dir='ltr'><strong>destruxisti.</strong></span> <span class='ocrx_word' id='word_1_221' title='bbox 3123 1558 3356 1623; x_wconf 79' lang='lat' dir='ltr'><strong>posuisti.</strong></span> <span class='ocrx_word' id='word_1_222' title='bbox 3399 1559 3520 1621; x_wconf 76' lang='lat' dir='ltr'><strong>Qua:</strong></span> <span class='ocrx_word' id='word_1_223' title='bbox 3551 1559 3690 1628; x_wconf 74' lang='lat' dir='ltr'><strong>figura</strong></span> 
     </span>
    </p>
   </div>
   <div class='ocr_carea' id='block_1_33' title="bbox 2147 1637 3694 1707">
    <p class='ocr_par' dir='ltr' id='par_1_33' title="bbox 2147 1637 3694 1707">
     <span class='ocr_line' id='line_1_33' title="bbox 2147 1637 3694 1707; baseline 0.01 -18"><span class='ocrx_word' id='word_1_224' title='bbox 2147 1637 2341 1692; x_wconf 88' lang='lat' dir='ltr'><strong>dicitur</strong></span> <span class='ocrx_word' id='word_1_225' title='bbox 2374 1640 2852 1707; x_wconf 80' lang='lat' dir='ltr'><strong>hmnteoteleuton,</strong></span> <span class='ocrx_word' id='word_1_226' title='bbox 2884 1659 3004 1698; x_wconf 90' lang='lat' dir='ltr'><strong>cum</strong></span> <span class='ocrx_word' id='word_1_227' title='bbox 3037 1647 3302 1702; x_wconf 80' lang='lat' dir='ltr'><strong>similibus</strong></span> <span class='ocrx_word' id='word_1_228' title='bbox 3327 1649 3508 1703; x_wconf 73' lang='lat' dir='ltr'><strong>litteris</strong></span> <span class='ocrx_word' id='word_1_229' title='bbox 3531 1652 3694 1705; x_wconf 67' lang='lat' dir='ltr'><strong>dictio~</strong></span> 
     </span>
    </p>
   </div>
   <div class='ocr_carea' id='block_1_34' title="bbox 456 1730 2923 1803">
    <p class='ocr_par' dir='ltr' id='par_1_34' title="bbox 456 1730 2923 1803">
     <span class='ocr_line' id='line_1_34' title="bbox 456 1730 2923 1803; baseline 0 -19"><span class='ocrx_word' id='word_1_230' title='bbox 456 1743 716 1787; x_wconf 84' lang='lat' dir='ltr'><strong>moratur.</strong></span> <span class='ocrx_word' id='word_1_231' title='bbox 758 1733 908 1800; x_wconf 88' lang='lat' dir='ltr'><strong>Quod</strong></span> <span class='ocrx_word' id='word_1_232' title='bbox 940 1733 1137 1800; x_wconf 77' lang='lat' dir='ltr'><strong>duplici</strong></span> <span class='ocrx_word' id='word_1_233' title='bbox 1182 1734 1340 1786; x_wconf 88' lang='lat' dir='ltr'><strong>modo</strong></span> <span class='ocrx_word' id='word_1_234' title='bbox 1387 1735 1784 1803; x_wconf 86' lang='lat' dir='ltr'><strong>intelligendum</strong></span> <span class='ocrx_word' id='word_1_235' title='bbox 1833 1745 1932 1798; x_wconf 89' lang='lat' dir='ltr'><strong>cst,</strong></span> <span class='ocrx_word' id='word_1_236' title='bbox 1985 1745 2040 1789; x_wconf 92' lang='lat' dir='ltr'><strong>ut</strong></span> <span class='ocrx_word' id='word_1_237' title='bbox 2074 1738 2118 1797; x_wconf 85' lang='grc' dir='ltr'><strong>Β</strong></span> <span class='ocrx_word' id='word_1_238' title='bbox 2149 1745 2241 1784; x_wconf 88' lang='lat' dir='ltr'><strong>nes</strong></span> <span class='ocrx_word' id='word_1_239' title='bbox 2273 1730 2516 1799; x_wconf 78' lang='lat' dir='ltr'><strong>plurimae</strong></span> <span class='ocrx_word' id='word_1_240' title='bbox 2547 1735 2923 1788; x_wconf 66' lang='lat' dir='ltr'><strong>terminantur.</strong></span> 
     </span>
    </p>
   </div>
   <div class='ocr_carea' id='block_1_35' title="bbox 454 1820 2036 1896">
    <p class='ocr_par' dir='ltr' id='par_1_35' title="bbox 454 1820 2036 1896">
     <span class='ocr_line' id='line_1_35' title="bbox 454 1820 2036 1896; baseline 0.004 -22"><span class='ocrx_word' id='word_1_241' title='bbox 454 1820 581 1875; x_wconf 90' lang='lat' dir='ltr'><strong>illud</strong></span> <span class='ocrx_word' id='word_1_242' title='bbox 604 1823 947 1877; x_wconf 72' lang='lat' dir='ltr'><strong>advertamns</strong></span> <span class='ocrx_word' id='word_1_243' title='bbox 971 1824 1032 1876; x_wconf 80' lang='lat' dir='ltr'><strong>ad</strong></span> <span class='ocrx_word' id='word_1_244' title='bbox 1063 1826 1470 1879; x_wconf 61' lang='lat' dir='ltr'><strong>resurrectionis</strong></span> <span class='ocrx_word' id='word_1_245' title='bbox 1487 1827 1708 1895; x_wconf 82' lang='lat' dir='ltr'><strong>gloriam</strong></span> <span class='ocrx_word' id='word_1_246' title='bbox 1734 1828 2036 1896; x_wconf 84' lang='lat' dir='ltr'><strong>pertinere:</strong></span> 
     </span>
    </p>
   </div>
   <div class='ocr_carea' id='block_1_36' title="bbox 453 1914 2040 1989">
    <p class='ocr_par' dir='ltr' id='par_1_36' title="bbox 453 1914 2040 1989">
     <span class='ocr_line' id='line_1_36' title="bbox 453 1914 2040 1989; baseline 0.004 -24"><span class='ocrx_word' id='word_1_247' title='bbox 453 1914 566 1968; x_wconf 74' lang='lat' dir='ltr'><strong>sive</strong></span> <span class='ocrx_word' id='word_1_248' title='bbox 600 1919 788 1982; x_wconf 83' lang='lat' dir='ltr'><strong>magis,</strong></span> <span class='ocrx_word' id='word_1_249' title='bbox 819 1916 957 1985; x_wconf 86' lang='lat' dir='ltr'><strong>quod</strong></span> <span class='ocrx_word' id='word_1_250' title='bbox 993 1916 1492 1986; x_wconf 74' lang='lat' dir='ltr'><strong>PaterAugustiuus</strong></span> <span class='ocrx_word' id='word_1_251' title='bbox 1520 1919 1739 1982; x_wconf 78' lang='lat' dir='ltr'><strong>invenit,</strong></span> <span class='ocrx_word' id='word_1_252' title='bbox 1765 1919 1890 1972; x_wconf 90' lang='lat' dir='ltr'><strong>illud</strong></span> <span class='ocrx_word' id='word_1_253' title='bbox 1921 1934 2040 1989; x_wconf 77' lang='lat' dir='ltr'><strong>pcr-</strong></span> 
     </span>
    </p>
   </div>
   <div class='ocr_carea' id='block_1_37' title="bbox 455 2006 2037 2077">
    <p class='ocr_par' dir='ltr' id='par_1_37' title="bbox 455 2006 2037 2077">
     <span class='ocr_line' id='line_1_37' title="bbox 455 2006 2037 2077; baseline 0.008 -21"><span class='ocrx_word' id='word_1_254' title='bbox 455 2006 628 2060; x_wconf 89' lang='lat' dir='ltr'><strong>tinere</strong></span> <span class='ocrx_word' id='word_1_255' title='bbox 655 2007 893 2060; x_wconf 90' lang='lat' dir='ltr'><strong>dicamus</strong></span> <span class='ocrx_word' id='word_1_256' title='bbox 919 2009 982 2061; x_wconf 91' lang='lat' dir='ltr'><strong>ad</strong></span> <span class='ocrx_word' id='word_1_257' title='bbox 1021 2009 1299 2062; x_wconf 60' lang='lat' dir='ltr'><strong>Drminum</strong></span> <span class='ocrx_word' id='word_1_258' title='bbox 1333 2011 1662 2065; x_wconf 68' lang='lat' dir='ltr'><strong>salvatorem</strong></span> <span class='ocrx_word' id='word_1_259' title='bbox 1689 2028 1702 2077; x_wconf 90' lang='lat'><strong>;</strong></span> <span class='ocrx_word' id='word_1_260' title='bbox 1737 2013 1834 2066; x_wconf 90' lang='lat' dir='ltr'><strong>hoc</strong></span> <span class='ocrx_word' id='word_1_261' title='bbox 1860 2022 2037 2068; x_wconf 87' lang='lat' dir='ltr'><strong>autem</strong></span> 
     </span>
    </p>
   </div>
   <div class='ocr_carea' id='block_1_38' title="bbox 452 2097 2041 2175">
    <p class='ocr_par' dir='ltr' id='par_1_38' title="bbox 452 2097 2041 2175">
     <span class='ocr_line' id='line_1_38' title="bbox 452 2097 2041 2175; baseline 0.004 -24"><span class='ocrx_word' id='word_1_262' title='bbox 452 2097 518 2152; x_wconf 87' lang='lat' dir='ltr'><strong>ad</strong></span> <span class='ocrx_word' id='word_1_263' title='bbox 547 2098 709 2153; x_wconf 81' lang='lat' dir='ltr'><strong>David</strong></span> <span class='ocrx_word' id='word_1_264' title='bbox 743 2115 954 2154; x_wconf 89' lang='lat' dir='ltr'><strong>servum</strong></span> <span class='ocrx_word' id='word_1_265' title='bbox 975 2100 1113 2169; x_wconf 84' lang='lat' dir='ltr'><strong>ejus,</strong></span> <span class='ocrx_word' id='word_1_266' title='bbox 1157 2103 1245 2172; x_wconf 86' lang='lat' dir='ltr'><strong>qui</strong></span> <span class='ocrx_word' id='word_1_267' title='bbox 1279 2102 1459 2156; x_wconf 89' lang='lat' dir='ltr'><strong>multis</strong></span> <span class='ocrx_word' id='word_1_268' title='bbox 1489 2105 1880 2159; x_wconf 71' lang='lat' dir='ltr'><strong>calamitatibus</strong></span> <span class='ocrx_word' id='word_1_269' title='bbox 1915 2122 2041 2175; x_wconf 84' lang='lat' dir='ltr'><strong>pro-</strong></span> 
     </span>
    </p>
   </div>
   <div class='ocr_carea' id='block_1_39' title="bbox 453 2188 2038 2264">
    <p class='ocr_par' dir='ltr' id='par_1_39' title="bbox 453 2188 2038 2264">
     <span class='ocr_line' id='line_1_39' title="bbox 453 2188 2038 2264; baseline 0.006 -22"><span class='ocrx_word' id='word_1_270' title='bbox 453 2188 609 2243; x_wconf 87' lang='lat' dir='ltr'><strong>batur</strong></span> <span class='ocrx_word' id='word_1_271' title='bbox 654 2191 905 2257; x_wconf 85' lang='lat' dir='ltr'><strong>afﬂictus,</strong></span> <span class='ocrx_word' id='word_1_272' title='bbox 960 2192 1170 2259; x_wconf 85' lang='lat' dir='ltr'><strong>quando</strong></span> <span class='ocrx_word' id='word_1_273' title='bbox 1201 2201 1255 2247; x_wconf 85' lang='lat' dir='ltr'><strong>et</strong></span> <span class='ocrx_word' id='word_1_274' title='bbox 1283 2191 1481 2247; x_wconf 80' lang='lat' dir='ltr'><strong>Christi</strong></span> <span class='ocrx_word' id='word_1_275' title='bbox 1516 2209 1730 2258; x_wconf 85' lang='lat' dir='ltr'><strong>nomen,</strong></span> <span class='ocrx_word' id='word_1_276' title='bbox 1787 2198 1926 2264; x_wconf 62' lang='lat' dir='ltr'><strong>truod</strong></span> <span class='ocrx_word' id='word_1_277' title='bbox 1971 2199 2038 2252; x_wconf 89' lang='lat' dir='ltr'><strong>ab</strong></span> 
     </span>
    </p>
   </div>
   <div class='ocr_carea' id='block_1_40' title="bbox 452 2279 2038 2350">
    <p class='ocr_par' dir='ltr' id='par_1_40' title="bbox 452 2279 2038 2350">
     <span class='ocr_line' id='line_1_40' title="bbox 452 2279 2038 2350; baseline 0.005 -16"><span class='ocrx_word' id='word_1_278' title='bbox 452 2279 703 2334; x_wconf 80' lang='lat' dir='ltr'><strong>unctione</strong></span> <span class='ocrx_word' id='word_1_279' title='bbox 729 2283 892 2347; x_wconf 81' lang='lat' dir='ltr'><strong>venit,</strong></span> <span class='ocrx_word' id='word_1_280' title='bbox 945 2282 1184 2350; x_wconf 86' lang='lat' dir='ltr'><strong>utrisque</strong></span> <span class='ocrx_word' id='word_1_281' title='bbox 1235 2295 1440 2338; x_wconf 90' lang='lat' dir='ltr'><strong>certum</strong></span> <span class='ocrx_word' id='word_1_282' title='bbox 1473 2294 1554 2339; x_wconf 89' lang='lat' dir='ltr'><strong>est</strong></span> <span class='ocrx_word' id='word_1_283' title='bbox 1597 2288 1902 2341; x_wconf 80' lang='lat' dir='ltr'><strong>convenire.</strong></span> <span class='ocrx_word' id='word_1_284' title='bbox 1940 2288 2038 2342; x_wconf 75' lang='lat' dir='ltr'><strong>lle-</strong></span> 
     </span>
    </p>
   </div>
   <div class='ocr_carea' id='block_1_41' title="bbox 451 2370 2035 2443">
    <p class='ocr_par' dir='ltr' id='par_1_41' title="bbox 451 2370 2035 2443">
     <span class='ocr_line' id='line_1_41' title="bbox 451 2370 2035 2443; baseline 0.006 -21"><span class='ocrx_word' id='word_1_285' title='bbox 451 2371 630 2439; x_wconf 83' lang='lat' dir='ltr'><strong>pulisti</strong></span> <span class='ocrx_word' id='word_1_286' title='bbox 655 2370 884 2440; x_wconf 86' lang='lat' dir='ltr'><strong>pertinet</strong></span> <span class='ocrx_word' id='word_1_287' title='bbox 914 2373 993 2438; x_wconf 92' lang='lat' dir='ltr'><strong>(ut</strong></span> <span class='ocrx_word' id='word_1_288' title='bbox 1029 2373 1157 2425; x_wconf 87' lang='lat' dir='ltr'><strong>mihi</strong></span> <span class='ocrx_word' id='word_1_289' title='bbox 1187 2372 1421 2443; x_wconf 86' lang='lat' dir='ltr'><strong>videtur)</strong></span> <span class='ocrx_word' id='word_1_290' title='bbox 1453 2375 1516 2426; x_wconf 88' lang='lat' dir='ltr'><strong>ad</strong></span> <span class='ocrx_word' id='word_1_291' title='bbox 1549 2374 1693 2428; x_wconf 84' lang='lat' dir='ltr'><strong>illam</strong></span> <span class='ocrx_word' id='word_1_292' title='bbox 1726 2377 2035 2443; x_wconf 86' lang='lat' dir='ltr'><strong>parabolam</strong></span> 
     </span>
    </p>
   </div>
   <div class='ocr_carea' id='block_1_42' title="bbox 451 2461 2035 2540">
    <p class='ocr_par' dir='ltr' id='par_1_42' title="bbox 451 2461 2035 2540">
     <span class='ocr_line' id='line_1_42' title="bbox 451 2461 2035 2540; baseline 0.007 -28"><span class='ocrx_word' id='word_1_293' title='bbox 451 2476 608 2530; x_wconf 88' lang='lat' dir='ltr'><strong>quam</strong></span> <span class='ocrx_word' id='word_1_294' title='bbox 652 2461 701 2516; x_wconf 92' lang='lat' dir='ltr'><strong>ei</strong></span> <span class='ocrx_word' id='word_1_295' title='bbox 745 2461 950 2516; x_wconf 82' lang='lat' dir='ltr'><strong>Nathan</strong></span> <span class='ocrx_word' id='word_1_296' title='bbox 997 2463 1251 2532; x_wconf 87' lang='lat' dir='ltr'><strong>prepheta</strong></span> <span class='ocrx_word' id='word_1_297' title='bbox 1297 2465 1453 2532; x_wconf 81' lang='lat' dir='ltr'><strong>dixit,</strong></span> <span class='ocrx_word' id='word_1_298' title='bbox 1507 2466 1558 2520; x_wconf 93' lang='lat' dir='ltr'><strong>in</strong></span> <span class='ocrx_word' id='word_1_299' title='bbox 1601 2482 1704 2536; x_wconf 90' lang='lat' dir='ltr'><strong>qua</strong></span> <span class='ocrx_word' id='word_1_300' title='bbox 1736 2469 1975 2540; x_wconf 82' lang='lat' dir='ltr'><strong>repulsus</strong></span> <span class='ocrx_word' id='word_1_301' title='bbox 2006 2483 2035 2524; x_wconf 86' lang='lat' dir='ltr'><strong>a</strong></span> 
     </span>
    </p>
   </div>
   <div class='ocr_carea' id='block_1_43' title="bbox 451 2553 2034 2634">
    <p class='ocr_par' dir='ltr' id='par_1_43' title="bbox 451 2553 2034 2634">
     <span class='ocr_line' id='line_1_43' title="bbox 451 2553 2034 2634; baseline 0.008 -28"><span class='ocrx_word' id='word_1_302' title='bbox 451 2553 713 2623; x_wconf 78' lang='lat' dir='ltr'><strong>dignitate</strong></span> <span class='ocrx_word' id='word_1_303' title='bbox 745 2556 886 2624; x_wconf 86' lang='lat' dir='ltr'><strong>regia</strong></span> <span class='ocrx_word' id='word_1_304' title='bbox 931 2557 1142 2611; x_wconf 84' lang='lat' dir='ltr'><strong>cuidam</strong></span> <span class='ocrx_word' id='word_1_305' title='bbox 1190 2559 1388 2626; x_wconf 89' lang='lat' dir='ltr'><strong>injusto</strong></span> <span class='ocrx_word' id='word_1_306' title='bbox 1417 2570 1756 2630; x_wconf 87' lang='lat' dir='ltr'><strong>comparatus</strong></span> <span class='ocrx_word' id='word_1_307' title='bbox 1786 2573 1892 2633; x_wconf 88' lang='lat' dir='ltr'><strong>est,</strong></span> <span class='ocrx_word' id='word_1_308' title='bbox 1946 2565 2034 2634; x_wconf 91' lang='lat' dir='ltr'><strong>qui</strong></span> 
     </span>
    </p>
   </div>
   <div class='ocr_carea' id='block_1_44' title="bbox 450 2646 2038 2724">
    <p class='ocr_par' dir='ltr' id='par_1_44' title="bbox 450 2646 2038 2724">
     <span class='ocr_line' id='line_1_44' title="bbox 450 2646 2038 2724; baseline 0.008 -26"><span class='ocrx_word' id='word_1_309' title='bbox 450 2659 603 2699; x_wconf 87' lang='lat' dir='ltr'><strong>ovem</strong></span> <span class='ocrx_word' id='word_1_310' title='bbox 635 2646 882 2715; x_wconf 86' lang='lat' dir='ltr'><strong>pauperis</strong></span> <span class='ocrx_word' id='word_1_311' title='bbox 911 2647 1204 2702; x_wconf 71' lang='lat' dir='ltr'><strong>devoravit.</strong></span> <span class='ocrx_word' id='word_1_312' title='bbox 1243 2649 1385 2705; x_wconf 86' lang='lat' dir='ltr'><strong>Bene</strong></span> <span class='ocrx_word' id='word_1_313' title='bbox 1415 2666 1543 2721; x_wconf 85' lang='lat' dir='ltr'><strong>ergo</strong></span> <span class='ocrx_word' id='word_1_314' title='bbox 1564 2651 1739 2708; x_wconf 81' lang='lat' dir='ltr'><strong>dictus</strong></span> <span class='ocrx_word' id='word_1_315' title='bbox 1761 2664 1840 2709; x_wconf 91' lang='lat' dir='ltr'><strong>est</strong></span> <span class='ocrx_word' id='word_1_316' title='bbox 1863 2655 2038 2724; x_wconf 83' lang='lat' dir='ltr'><strong>repul-</strong></span> 
     </span>
    </p>
   </div>
   <div class='ocr_carea' id='block_1_45' title="bbox 450 2735 2030 2809">
    <p class='ocr_par' dir='ltr' id='par_1_45' title="bbox 450 2735 2030 2809">
     <span class='ocr_line' id='line_1_45' title="bbox 450 2735 2030 2809; baseline 0.01 -21"><span class='ocrx_word' id='word_1_317' title='bbox 450 2751 556 2803; x_wconf 76' lang='lat' dir='ltr'><strong>sus,</strong></span> <span class='ocrx_word' id='word_1_318' title='bbox 586 2735 675 2805; x_wconf 88' lang='lat' dir='ltr'><strong>qui</strong></span> <span class='ocrx_word' id='word_1_319' title='bbox 705 2739 862 2791; x_wconf 56' lang='lat' dir='ltr'><strong>etiam</strong></span> <span class='ocrx_word' id='word_1_320' title='bbox 895 2740 1108 2808; x_wconf 88' lang='lat' dir='ltr'><strong>proprio</strong></span> <span class='ocrx_word' id='word_1_321' title='bbox 1133 2739 1334 2809; x_wconf 84' lang='lat' dir='ltr'><strong>judicio</strong></span> <span class='ocrx_word' id='word_1_322' title='bbox 1355 2751 1700 2800; x_wconf 88' lang='lat' dir='ltr'><strong>constatesse</strong></span> <span class='ocrx_word' id='word_1_323' title='bbox 1727 2747 2030 2804; x_wconf 88' lang='lat' dir='ltr'><strong>damnatus.</strong></span> 
     </span>
    </p>
   </div>
   <div class='ocr_carea' id='block_1_46' title="bbox 449 2824 2030 2901">
    <p class='ocr_par' dir='ltr' id='par_1_46' title="bbox 449 2824 2030 2901">
     <span class='ocr_line' id='line_1_46' title="bbox 449 2824 2030 2901; baseline 0.008 -21"><span class='ocrx_word' id='word_1_324' title='bbox 449 2824 698 2895; x_wconf 77' lang='lat' dir='ltr'><strong>Sprevisti</strong></span> <span class='ocrx_word' id='word_1_325' title='bbox 743 2837 919 2882; x_wconf 87' lang='lat' dir='ltr'><strong>autem</strong></span> <span class='ocrx_word' id='word_1_326' title='bbox 966 2830 1132 2895; x_wconf 76' lang='lat' dir='ltr'><strong>dixit,</strong></span> <span class='ocrx_word' id='word_1_327' title='bbox 1172 2834 1628 2900; x_wconf 85' lang='lat' dir='ltr'><strong>contemptibilem</strong></span> <span class='ocrx_word' id='word_1_328' title='bbox 1674 2852 1795 2891; x_wconf 68' lang='lat' dir='ltr'><strong>cs~e</strong></span> <span class='ocrx_word' id='word_1_329' title='bbox 1836 2837 2030 2901; x_wconf 87' lang='lat' dir='ltr'><strong>fecisti,</strong></span> 
     </span>
    </p>
   </div>
   <div class='ocr_carea' id='block_1_47' title="bbox 447 2919 2032 3004">
    <p class='ocr_par' dir='ltr' id='par_1_47' title="bbox 447 2919 2032 3004">
     <span class='ocr_line' id='line_1_47' title="bbox 447 2919 2032 3004; baseline 0.01 -33"><span class='ocrx_word' id='word_1_330' title='bbox 447 2919 658 2988; x_wconf 84' lang='lat' dir='ltr'><strong>quando</strong></span> <span class='ocrx_word' id='word_1_331' title='bbox 701 2921 767 2977; x_wconf 89' lang='lat' dir='ltr'><strong>de</strong></span> <span class='ocrx_word' id='word_1_332' title='bbox 815 2938 980 2994; x_wconf 84' lang='lat' dir='ltr'><strong>regno</strong></span> <span class='ocrx_word' id='word_1_333' title='bbox 1030 2924 1252 2994; x_wconf 88' lang='lat' dir='ltr'><strong>ejectus,</strong></span> <span class='ocrx_word' id='word_1_334' title='bbox 1309 2941 1338 2980; x_wconf 90' lang='lat' dir='ltr'><strong>a</strong></span> <span class='ocrx_word' id='word_1_335' title='bbox 1389 2928 1499 2983; x_wconf 87' lang='lat' dir='ltr'><strong>lilio</strong></span> <span class='ocrx_word' id='word_1_336' title='bbox 1529 2929 1779 2983; x_wconf 83' lang='lat' dir='ltr'><strong>Absalom</strong></span> <span class='ocrx_word' id='word_1_337' title='bbox 1826 2931 2032 3004; x_wconf 77' lang='lat' dir='ltr'><strong>fugiens</strong></span> 
     </span>
    </p>
   </div>
   <div class='ocr_carea' id='block_1_48' title="bbox 448 3011 2030 3085">
    <p class='ocr_par' dir='ltr' id='par_1_48' title="bbox 448 3011 2030 3085">
     <span class='ocr_line' id='line_1_48' title="bbox 448 3011 2030 3085; baseline 0.009 -22"><span class='ocrx_word' id='word_1_338' title='bbox 448 3011 601 3065; x_wconf 87' lang='lat' dir='ltr'><strong>nudis</strong></span> <span class='ocrx_word' id='word_1_339' title='bbox 631 3013 852 3082; x_wconf 76' lang='lat' dir='ltr'><strong>pedibus</strong></span> <span class='ocrx_word' id='word_1_340' title='bbox 881 3018 1191 3079; x_wconf 87' lang='lat' dir='ltr'><strong>ambulavit,</strong></span> <span class='ocrx_word' id='word_1_341' title='bbox 1225 3029 1278 3073; x_wconf 90' lang='lat' dir='ltr'><strong>et</strong></span> <span class='ocrx_word' id='word_1_342' title='bbox 1309 3018 1698 3085; x_wconf 77' lang='lat' dir='ltr'><strong>increpationes</strong></span> <span class='ocrx_word' id='word_1_343' title='bbox 1723 3021 1814 3075; x_wconf 83' lang='lat' dir='ltr'><strong>lilii</strong></span> <span class='ocrx_word' id='word_1_344' title='bbox 1835 3022 2030 3079; x_wconf 86' lang='lat' dir='ltr'><strong>Jemini</strong></span> 
     </span>
    </p>
   </div>
   <div class='ocr_carea' id='block_1_49' title="bbox 2225 1820 3696 1894">
    <p class='ocr_par' dir='ltr' id='par_1_49' title="bbox 2225 1820 3696 1894">
     <span class='ocr_line' id='line_1_49' title="bbox 2225 1820 3696 1894; baseline 0.01 -20"><span class='ocrx_word' id='word_1_345' title='bbox 2225 1820 2374 1876; x_wconf 87' lang='lat' dir='ltr'><strong>Vers.</strong></span> <span class='ocrx_word' id='word_1_346' title='bbox 2401 1825 2494 1877; x_wconf 76' lang='grc'><strong>41.</strong></span> <span class='ocrx_word' id='word_1_347' title='bbox 2524 1825 2853 1894; x_wconf 84' lang='lat' dir='ltr'><strong>Diripuerunt</strong></span> <span class='ocrx_word' id='word_1_348' title='bbox 2878 1845 2992 1881; x_wconf 88' lang='lat' dir='ltr'><strong>enm</strong></span> <span class='ocrx_word' id='word_1_349' title='bbox 3017 1845 3191 1883; x_wconf 71' lang='lat' dir='ltr'><strong>omnes</strong></span> <span class='ocrx_word' id='word_1_350' title='bbox 3218 1841 3524 1886; x_wconf 75' lang='lat' dir='ltr'><strong>transeuntes</strong></span> <span class='ocrx_word' id='word_1_351' title='bbox 3547 1838 3696 1888; x_wconf 83' lang='lat' dir='ltr'><strong>vitun:</strong></span> 
     </span>
    </p>
   </div>
   <div class='ocr_carea' id='block_1_50' title="bbox 2145 1914 3699 1996">
    <p class='ocr_par' dir='ltr' id='par_1_50' title="bbox 2145 1914 3699 1996">
     <span class='ocr_line' id='line_1_50' title="bbox 2145 1914 3699 1996; baseline 0.011 -31"><span class='ocrx_word' id='word_1_352' title='bbox 2145 1914 2310 1983; x_wconf 79' lang='lat' dir='ltr'><strong>factus</strong></span> <span class='ocrx_word' id='word_1_353' title='bbox 2336 1923 2409 1968; x_wconf 81' lang='lat' dir='ltr'><strong>est</strong></span> <span class='ocrx_word' id='word_1_354' title='bbox 2441 1916 2494 1968; x_wconf 86' lang='lat' dir='ltr'><strong>in</strong></span> <span class='ocrx_word' id='word_1_355' title='bbox 2517 1920 2850 1984; x_wconf 72' lang='lat' dir='ltr'><strong>approbrium</strong></span> <span class='ocrx_word' id='word_1_356' title='bbox 2879 1922 3055 1974; x_wconf 75' lang='lat' dir='ltr'><strong>vicinis</strong></span> <span class='ocrx_word' id='word_1_357' title='bbox 3086 1925 3216 1976; x_wconf 85' lang='lat' dir='ltr'><strong>suis.</strong></span> <span class='ocrx_word' id='word_1_358' title='bbox 3261 1926 3437 1978; x_wconf 85' lang='lat' dir='ltr'><strong>Status</strong></span> <span class='ocrx_word' id='word_1_359' title='bbox 3465 1928 3548 1981; x_wconf 88' lang='lat' dir='ltr'><strong>ille</strong></span> <span class='ocrx_word' id='word_1_360' title='bbox 3575 1929 3699 1996; x_wconf 82' lang='lat' dir='ltr'><strong>regni</strong></span> 
     </span>
    </p>
   </div>
   <div class='ocr_carea' id='block_1_51' title="bbox 2144 2003 3700 2085">
    <p class='ocr_par' dir='ltr' id='par_1_51' title="bbox 2144 2003 3700 2085">
     <span class='ocr_line' id='line_1_51' title="bbox 2144 2003 3700 2085; baseline 0.008 -27"><span class='ocrx_word' id='word_1_361' title='bbox 2144 2003 2349 2058; x_wconf 71' lang='lat' dir='ltr'><strong>Iudaici</strong></span> <span class='ocrx_word' id='word_1_362' title='bbox 2383 2013 2435 2058; x_wconf 91' lang='lat' dir='ltr'><strong>et</strong></span> <span class='ocrx_word' id='word_1_363' title='bbox 2467 2005 2569 2060; x_wconf 86' lang='lat' dir='ltr'><strong>fide</strong></span> <span class='ocrx_word' id='word_1_364' title='bbox 2603 2009 2846 2063; x_wconf 86' lang='lat' dir='ltr'><strong>noscitur</strong></span> <span class='ocrx_word' id='word_1_365' title='bbox 2875 2011 3116 2078; x_wconf 88' lang='lat' dir='ltr'><strong>direptus</strong></span> <span class='ocrx_word' id='word_1_366' title='bbox 3151 2023 3208 2069; x_wconf 91' lang='lat' dir='ltr'><strong>et</strong></span> <span class='ocrx_word' id='word_1_367' title='bbox 3232 2018 3441 2084; x_wconf 82' lang='lat' dir='ltr'><strong>Opibus.</strong></span> <span class='ocrx_word' id='word_1_368' title='bbox 3475 2018 3595 2071; x_wconf 81' lang='lat' dir='ltr'><strong>Nam</strong></span> <span class='ocrx_word' id='word_1_369' title='bbox 3621 2035 3700 2085; x_wconf 83' lang='lat' dir='ltr'><strong>per</strong></span> 
     </span>
    </p>
   </div>
   <div class='ocr_carea' id='block_1_52' title="bbox 2145 2103 3706 2179">
    <p class='ocr_par' dir='ltr' id='par_1_52' title="bbox 2145 2103 3706 2179">
     <span class='ocr_line' id='line_1_52' title="bbox 2145 2103 3706 2179; baseline 0.009 -30"><span class='ocrx_word' id='word_1_370' title='bbox 2145 2109 2267 2150; x_wconf 83' lang='lat' dir='ltr'><strong>eum</strong></span> <span class='ocrx_word' id='word_1_371' title='bbox 2305 2106 2624 2152; x_wconf 74' lang='lat' dir='ltr'><strong>transeuntes</strong></span> <span class='ocrx_word' id='word_1_372' title='bbox 2663 2103 2886 2156; x_wconf 84' lang='lat' dir='ltr'><strong>sublatis</strong></span> <span class='ocrx_word' id='word_1_373' title='bbox 2917 2105 3262 2161; x_wconf 85' lang='lat' dir='ltr'><strong>facultatibus</strong></span> <span class='ocrx_word' id='word_1_374' title='bbox 3293 2109 3410 2172; x_wconf 81' lang='lat' dir='ltr'><strong>eius</strong></span> <span class='ocrx_word' id='word_1_375' title='bbox 3455 2113 3706 2179; x_wconf 59' lang='lat' dir='ltr'><strong>religionis</strong></span> 
     </span>
    </p>
   </div>
   <div class='ocr_carea' id='block_1_53' title="bbox 2143 2186 3704 2272">
    <p class='ocr_par' dir='ltr' id='par_1_53' title="bbox 2143 2186 3704 2272">
     <span class='ocr_line' id='line_1_53' title="bbox 2143 2186 3704 2272; baseline 0.011 -32"><span class='ocrx_word' id='word_1_376' title='bbox 2143 2189 2324 2256; x_wconf 88' lang='lat' dir='ltr'><strong>copias</strong></span> <span class='ocrx_word' id='word_1_377' title='bbox 2346 2186 2417 2242; x_wconf 80' lang='lat' dir='ltr'><strong>ad</strong></span> <span class='ocrx_word' id='word_1_378' title='bbox 2452 2206 2510 2243; x_wconf 88' lang='lat' dir='ltr'><strong>se</strong></span> <span class='ocrx_word' id='word_1_379' title='bbox 2542 2193 2925 2250; x_wconf 76' lang='lat' dir='ltr'><strong>violentissime</strong></span> <span class='ocrx_word' id='word_1_380' title='bbox 2955 2202 3351 2256; x_wconf 82' lang='lat' dir='ltr'><strong>transtulerunt</strong></span> <span class='ocrx_word' id='word_1_381' title='bbox 3401 2220 3414 2256; x_wconf 91' lang='lat'><strong>:</strong></span> <span class='ocrx_word' id='word_1_382' title='bbox 3460 2205 3528 2256; x_wconf 89' lang='lat' dir='ltr'><strong>ill.</strong></span> <span class='ocrx_word' id='word_1_383' title='bbox 3556 2206 3704 2272; x_wconf 73' lang='lat' dir='ltr'><strong>magis</strong></span> 
     </span>
    </p>
   </div>
   <div class='ocr_carea' id='block_1_54' title="bbox 2141 2278 3716 2357">
    <p class='ocr_par' dir='ltr' id='par_1_54' title="bbox 2141 2278 3716 2357">
     <span class='ocr_line' id='line_1_54' title="bbox 2141 2278 3716 2357; baseline 0.011 -27"><span class='ocrx_word' id='word_1_384' title='bbox 2141 2278 2422 2333; x_wconf 83' lang='lat' dir='ltr'><strong>credentes</strong></span> <span class='ocrx_word' id='word_1_385' title='bbox 2449 2281 2512 2334; x_wconf 88' lang='lat' dir='ltr'><strong>ad</strong></span> <span class='ocrx_word' id='word_1_386' title='bbox 2546 2298 2678 2348; x_wconf 81' lang='lat' dir='ltr'><strong>quos</strong></span> <span class='ocrx_word' id='word_1_387' title='bbox 2711 2284 2962 2340; x_wconf 78' lang='lat' dir='ltr'><strong>Dominus</strong></span> <span class='ocrx_word' id='word_1_388' title='bbox 2988 2303 3123 2357; x_wconf 83' lang='lat' dir='ltr'><strong>corp</strong></span> <span class='ocrx_word' id='word_1_389' title='bbox 3151 2293 3353 2344; x_wconf 76' lang='lat' dir='ltr'><strong>raliter</strong></span> <span class='ocrx_word' id='word_1_390' title='bbox 3381 2310 3481 2345; x_wconf 83' lang='lat' dir='ltr'><strong>non</strong></span> <span class='ocrx_word' id='word_1_391' title='bbox 3515 2303 3716 2348; x_wconf 77' lang='lat' dir='ltr'><strong>venerat</strong></span> 
     </span>
    </p>
   </div>
   <div class='ocr_carea' id='block_1_55' title="bbox 2141 2371 3787 2452">
    <p class='ocr_par' dir='ltr' id='par_1_55' title="bbox 2141 2371 3787 2452">
     <span class='ocr_line' id='line_1_55' title="bbox 2141 2371 3787 2452; baseline 0.009 -30"><span class='ocrx_word' id='word_1_392' title='bbox 2141 2371 2562 2426; x_wconf 86' lang='lat' dir='ltr'><strong>commonendos</strong></span> <span class='ocrx_word' id='word_1_393' title='bbox 2586 2389 2600 2437; x_wconf 88' lang='lat'><strong>;</strong></span> <span class='ocrx_word' id='word_1_394' title='bbox 2651 2375 2790 2429; x_wconf 83' lang='lat' dir='ltr'><strong>sicut</strong></span> <span class='ocrx_word' id='word_1_395' title='bbox 2821 2376 2932 2444; x_wconf 87' lang='lat' dir='ltr'><strong>ipse</strong></span> <span class='ocrx_word' id='word_1_396' title='bbox 2961 2379 3094 2433; x_wconf 82' lang='lat' dir='ltr'><strong>dixit</strong></span> <span class='ocrx_word' id='word_1_397' title='bbox 3120 2398 3132 2432; x_wconf 90' lang='lat'>:</span> <span class='ocrx_word' id='word_1_398' title='bbox 3191 2380 3434 2449; x_wconf 81' lang='lat' dir='ltr'><strong>Populus.</strong></span> <span class='ocrx_word' id='word_1_399' title='bbox 3462 2400 3597 2452; x_wconf 70' lang='lat' dir='ltr'><strong>quam</strong></span> <span class='ocrx_word' id='word_1_400' title='bbox 3623 2401 3710 2436; x_wconf 74' lang='lat' dir='ltr'><strong>non</strong></span> <span class='ocrx_word' id='word_1_401' title='bbox 3781 2422 3787 2427; x_wconf 59' lang='grc' dir='ltr'><strong>η</strong></span> 
     </span>
    </p>
   </div>
   <div class='ocr_carea' id='block_1_56' title="bbox 2141 2461 3712 2530">
    <p class='ocr_par' dir='ltr' id='par_1_56' title="bbox 2141 2461 3712 2530">
     <span class='ocr_line' id='line_1_56' title="bbox 2141 2461 3712 2530; baseline 0.01 -19"><span class='ocrx_word' id='word_1_402' title='bbox 2141 2461 2350 2529; x_wconf 60' lang='lat' dir='ltr'><strong>(agnovi</strong></span> <span class='ocrx_word' id='word_1_403' title='bbox 2389 2464 2586 2516; x_wconf 73' lang='lat' dir='ltr'><strong>servit-it</strong></span> <span class='ocrx_word' id='word_1_404' title='bbox 2633 2466 2788 2519; x_wconf 79' lang='lat' dir='ltr'><strong>uti/Ii:</strong></span> <span class='ocrx_word' id='word_1_405' title='bbox 2836 2467 3082 2528; x_wconf 82' lang='lat' dir='ltr'><strong>obauditu</strong></span> <span class='ocrx_word' id='word_1_406' title='bbox 3116 2472 3264 2526; x_wconf 84' lang='lat' dir='ltr'><strong>auris</strong></span> <span class='ocrx_word' id='word_1_407' title='bbox 3308 2475 3564 2530; x_wconf 74' lang='lat' dir='ltr'><strong>obaudit-it</strong></span> <span class='ocrx_word' id='word_1_408' title='bbox 3605 2475 3712 2527; x_wconf 85' lang='lat' dir='ltr'><strong>mihi</strong></span> 
     </span>
    </p>
   </div>
   <div class='ocr_carea' id='block_1_57' title="bbox 2140 2548 3712 2632">
    <p class='ocr_par' dir='ltr' id='par_1_57' title="bbox 2140 2548 3712 2632">
     <span class='ocr_line' id='line_1_57' title="bbox 2140 2548 3712 2632; baseline 0.01 -30"><span class='ocrx_word' id='word_1_409' title='bbox 2140 2548 2309 2618; x_wconf 81' lang='lat' dir='ltr'><strong>(Psal.</strong></span> <span class='ocrx_word' id='word_1_410' title='bbox 2343 2566 2477 2618; x_wconf 79' lang='lat' dir='ltr'><strong>xvn,</strong></span> <span class='ocrx_word' id='word_1_411' title='bbox 2509 2554 2624 2624; x_wconf 82' lang='grc'><strong>45).</strong></span> <span class='ocrx_word' id='word_1_412' title='bbox 2664 2555 2851 2612; x_wconf 80' lang='lat' dir='ltr'><strong>Merito</strong></span> <span class='ocrx_word' id='word_1_413' title='bbox 2878 2573 3005 2628; x_wconf 89' lang='lat' dir='ltr'><strong>ergo</strong></span> <span class='ocrx_word' id='word_1_414' title='bbox 3044 2561 3222 2617; x_wconf 66' lang='lat' dir='ltr'><strong>Judaei</strong></span> <span class='ocrx_word' id='word_1_415' title='bbox 3253 2567 3380 2632; x_wconf 81' lang='lat' dir='ltr'><strong>facti</strong></span> <span class='ocrx_word' id='word_1_416' title='bbox 3415 2577 3527 2618; x_wconf 84' lang='lat' dir='ltr'><strong>sunt</strong></span> <span class='ocrx_word' id='word_1_417' title='bbox 3557 2565 3712 2617; x_wconf 66' lang='lat' dir='ltr'><strong>nisini;</strong></span> 
     </span>
    </p>
   </div>
   <div class='ocr_carea' id='block_1_58' title="bbox 2138 2642 3716 2722">
    <p class='ocr_par' dir='ltr' id='par_1_58' title="bbox 2138 2642 3716 2722">
     <span class='ocr_line' id='line_1_58' title="bbox 2138 2642 3716 2722; baseline 0.011 -28"><span class='ocrx_word' id='word_1_418' title='bbox 2138 2642 2500 2710; x_wconf 84' lang='lat' dir='ltr'><strong>opprobrium,</strong></span> <span class='ocrx_word' id='word_1_419' title='bbox 2535 2647 2625 2716; x_wconf 90' lang='lat' dir='ltr'><strong>qui</strong></span> <span class='ocrx_word' id='word_1_420' title='bbox 2657 2648 2707 2702; x_wconf 90' lang='lat' dir='ltr'><strong>in</strong></span> <span class='ocrx_word' id='word_1_421' title='bbox 2739 2648 3022 2708; x_wconf 90' lang='lat' dir='ltr'><strong>Dominqu</strong></span> <span class='ocrx_word' id='word_1_422' title='bbox 3050 2653 3246 2722; x_wconf 73' lang='lat' dir='ltr'><strong>gloria:</strong></span> <span class='ocrx_word' id='word_1_423' title='bbox 3277 2657 3503 2711; x_wconf 79' lang='lat' dir='ltr'><strong>credere</strong></span> <span class='ocrx_word' id='word_1_424' title='bbox 3549 2656 3716 2710; x_wconf 84' lang='lat' dir='ltr'><strong>nolue-</strong></span> 
     </span>
    </p>
   </div>
   <div class='ocr_carea' id='block_1_59' title="bbox 2137 2745 3020 2790">
    <p class='ocr_par' dir='ltr' id='par_1_59' title="bbox 2137 2745 3020 2790">
     <span class='ocr_line' id='line_1_59' title="bbox 2137 2745 3020 2790; baseline 0.005 -1"><span class='ocrx_word' id='word_1_425' title='bbox 2137 2745 2280 2790; x_wconf 85' lang='lat' dir='ltr'><strong>runt.</strong></span> <span class='ocrx_word' id='word_1_426' title='bbox 3006 2759 3020 2767; x_wconf 88' lang='grc'><strong>·</strong></span> 
     </span>
    </p>
   </div>
   <div class='ocr_carea' id='block_1_60' title="bbox 2212 2827 3716 2910">
    <p class='ocr_par' dir='ltr' id='par_1_60' title="bbox 2212 2827 3716 2910">
     <span class='ocr_line' id='line_1_60' title="bbox 2212 2827 3716 2910; baseline 0.009 -32"><span class='ocrx_word' id='word_1_427' title='bbox 2212 2827 2360 2882; x_wconf 82' lang='lat' dir='ltr'><strong>Vers.</strong></span> <span class='ocrx_word' id='word_1_428' title='bbox 2406 2829 2496 2884; x_wconf 69' lang='lat'><strong>42.</strong></span> <span class='ocrx_word' id='word_1_429' title='bbox 2555 2831 2810 2888; x_wconf 78' lang='lat' dir='ltr'><strong>Exoltasti</strong></span> <span class='ocrx_word' id='word_1_430' title='bbox 2861 2837 3126 2892; x_wconf 74' lang='lat' dir='ltr'><strong>dextermn</strong></span> <span class='ocrx_word' id='word_1_431' title='bbox 3184 2840 3522 2894; x_wconf 81' lang='lat' dir='ltr'><strong>inimicorum</strong></span> <span class='ocrx_word' id='word_1_432' title='bbox 3571 2843 3716 2910; x_wconf 79' lang='lat' dir='ltr'><strong>ejus:</strong></span> 
     </span>
    </p>
   </div>
   <div class='ocr_carea' id='block_1_61' title="bbox 2135 2919 3721 3001">
    <p class='ocr_par' dir='ltr' id='par_1_61' title="bbox 2135 2919 3721 3001">
     <span class='ocr_line' id='line_1_61' title="bbox 2135 2919 3721 3001; baseline 0.008 -29"><span class='ocrx_word' id='word_1_433' title='bbox 2135 2919 2414 2988; x_wconf 77' lang='lat' dir='ltr'><strong>lmtiﬁcasti</strong></span> <span class='ocrx_word' id='word_1_434' title='bbox 2441 2923 2604 2996; x_wconf 68' lang='grc'><strong>304</strong></span> <span class='ocrx_word' id='word_1_435' title='bbox 2632 2943 2805 2982; x_wconf 77' lang='lat' dir='ltr'><strong>omnes</strong></span> <span class='ocrx_word' id='word_1_436' title='bbox 2844 2929 3082 2984; x_wconf 86' lang='lat' dir='ltr'><strong>inimicos</strong></span> <span class='ocrx_word' id='word_1_437' title='bbox 3109 2936 3251 3001; x_wconf 81' lang='lat' dir='ltr'><strong>ejus.</strong></span> <span class='ocrx_word' id='word_1_438' title='bbox 3299 2933 3403 2988; x_wconf 83' lang='lat' dir='ltr'><strong>Ista</strong></span> <span class='ocrx_word' id='word_1_439' title='bbox 3435 2935 3550 2988; x_wconf 87' lang='lat' dir='ltr'><strong>sine</strong></span> <span class='ocrx_word' id='word_1_440' title='bbox 3574 2933 3721 2987; x_wconf 88' lang='lat' dir='ltr'><strong>dubio</strong></span> 
     </span>
    </p>
   </div>
   <div class='ocr_carea' id='block_1_62' title="bbox 2135 3013 3722 3087">
    <p class='ocr_par' dir='ltr' id='par_1_62' title="bbox 2135 3013 3722 3087">
     <span class='ocr_line' id='line_1_62' title="bbox 2135 3013 3722 3087; baseline 0.007 -23"><span class='ocrx_word' id='word_1_441' title='bbox 2135 3013 2493 3081; x_wconf 82' lang='lat' dir='ltr'><strong>contigerunt,</strong></span> <span class='ocrx_word' id='word_1_442' title='bbox 2526 3018 2742 3086; x_wconf 90' lang='lat' dir='ltr'><strong>quando</strong></span> <span class='ocrx_word' id='word_1_443' title='bbox 2782 3019 2952 3074; x_wconf 68' lang='lat' dir='ltr'><strong>Judtei</strong></span> <span class='ocrx_word' id='word_1_444' title='bbox 2987 3020 3243 3079; x_wconf 87' lang='lat' dir='ltr'><strong>hostibus</strong></span> <span class='ocrx_word' id='word_1_445' title='bbox 3276 3025 3393 3080; x_wconf 84' lang='lat' dir='ltr'><strong>suis</strong></span> <span class='ocrx_word' id='word_1_446' title='bbox 3427 3023 3625 3087; x_wconf 87' lang='lat' dir='ltr'><strong>traditi,</strong></span> <span class='ocrx_word' id='word_1_447' title='bbox 3651 3021 3722 3075; x_wconf 87' lang='lat' dir='ltr'><strong>di-</strong></span> 
     </span>
    </p>
   </div>
   <div class='ocr_carea' id='block_1_63' title="bbox 449 3103 2032 3179">
    <p class='ocr_par' dir='ltr' id='par_1_63' title="bbox 449 3103 2028 3178">
     <span class='ocr_line' id='line_1_63' title="bbox 449 3103 2028 3178; baseline 0.008 -20"><span class='ocrx_word' id='word_1_448' title='bbox 449 3103 548 3158; x_wconf 83' lang='lat' dir='ltr'><strong>sub</strong></span> <span class='ocrx_word' id='word_1_449' title='bbox 575 3105 876 3161; x_wconf 81' lang='lat' dir='ltr'><strong>durissimis</strong></span> <span class='ocrx_word' id='word_1_450' title='bbox 925 3109 1224 3178; x_wconf 73' lang='lat' dir='ltr'><strong>opprobriis</strong></span> <span class='ocrx_word' id='word_1_451' title='bbox 1271 3111 1593 3168; x_wconf 84' lang='lat' dir='ltr'><strong>sustinebat.</strong></span> <span class='ocrx_word' id='word_1_452' title='bbox 1637 3113 1893 3169; x_wconf 82' lang='lat' dir='ltr'><strong>D&#39;stulisti</strong></span> <span class='ocrx_word' id='word_1_453' title='bbox 1925 3133 2028 3172; x_wconf 89' lang='lat' dir='ltr'><strong>non</strong></span> 
     </span>
    </p>
   </div>
   <div class='ocr_carea' id='block_1_64' title="bbox 2145 3103 3726 3179">
    <p class='ocr_par' dir='ltr' id='par_1_64' title="bbox 2145 3105 3726 3179">
     <span class='ocr_line' id='line_1_64' title="bbox 2145 3105 3726 3179; baseline 0.007 -25"><span class='ocrx_word' id='word_1_454' title='bbox 2145 3105 2408 3171; x_wconf 86' lang='lat' dir='ltr'><strong>reptinnes</strong></span> <span class='ocrx_word' id='word_1_455' title='bbox 2454 3116 2505 3158; x_wconf 83' lang='lat' dir='ltr'><strong>ct</strong></span> <span class='ocrx_word' id='word_1_456' title='bbox 2561 3108 2736 3161; x_wconf 74' lang='lat' dir='ltr'><strong>ca-dcs</strong></span> <span class='ocrx_word' id='word_1_457' title='bbox 2787 3112 3123 3164; x_wconf 72' lang='lat' dir='ltr'><strong>vastissimas</strong></span> <span class='ocrx_word' id='word_1_458' title='bbox 3176 3115 3542 3179; x_wconf 70' lang='lat' dir='ltr'><strong>pertufcrnnt.</strong></span> <span class='ocrx_word' id='word_1_459' title='bbox 3590 3114 3726 3166; x_wconf 82' lang='lat' dir='ltr'><strong>Tune</strong></span> 
     </span>
    </p>
   </div>
   <div class='ocr_carea' id='block_1_65' title="bbox 447 3193 2020 3275">
    <p class='ocr_par' dir='ltr' id='par_1_65' title="bbox 447 3193 2020 3275">
     <span class='ocr_line' id='line_1_65' title="bbox 447 3193 2020 3275; baseline 0.008 -27"><span class='ocrx_word' id='word_1_460' title='bbox 447 3193 510 3248; x_wconf 82' lang='lat' dir='ltr'><strong>ad</strong></span> <span class='ocrx_word' id='word_1_461' title='bbox 541 3198 748 3251; x_wconf 79' lang='lat' dir='ltr'><strong>veniam</strong></span> <span class='ocrx_word' id='word_1_462' title='bbox 781 3198 1029 3266; x_wconf 89' lang='lat' dir='ltr'><strong>pertinet,</strong></span> <span class='ocrx_word' id='word_1_463' title='bbox 1071 3201 1154 3254; x_wconf 76' lang='lat' dir='ltr'><strong>cui</strong></span> <span class='ocrx_word' id='word_1_464' title='bbox 1202 3202 1378 3254; x_wconf 86' lang='lat' dir='ltr'><strong>statim</strong></span> <span class='ocrx_word' id='word_1_465' title='bbox 1418 3202 1674 3270; x_wconf 63' lang='lat' dir='ltr'><strong>propheta</strong></span> <span class='ocrx_word' id='word_1_466' title='bbox 1705 3208 2020 3275; x_wconf 33' lang='lat' dir='ltr'><strong>rerpondit:</strong></span> 
     </span>
    </p>
   </div>
   <div class='ocr_carea' id='block_1_66' title="bbox 448 3287 2024 3369">
    <p class='ocr_par' dir='ltr' id='par_1_66' title="bbox 448 3287 2024 3369">
     <span class='ocr_line' id='line_1_66' title="bbox 448 3287 2024 3369; baseline 0.009 -27"><span class='ocrx_word' id='word_1_467' title='bbox 448 3287 515 3342; x_wconf 82' lang='lat' dir='ltr'><strong>Et</strong></span> <span class='ocrx_word' id='word_1_468' title='bbox 543 3287 789 3343; x_wconf 83' lang='lat' dir='ltr'><strong>Dominus</strong></span> <span class='ocrx_word' id='word_1_469' title='bbox 815 3291 1022 3346; x_wconf 77' lang='lat' dir='ltr'><strong>abstulit</strong></span> <span class='ocrx_word' id='word_1_470' title='bbox 1051 3309 1112 3361; x_wconf 63' lang='lat' dir='ltr'><strong>ise</strong></span> <span class='ocrx_word' id='word_1_471' title='bbox 1133 3302 1309 3346; x_wconf 70' lang='lat' dir='ltr'><strong>&#39;catum</strong></span> <span class='ocrx_word' id='word_1_472' title='bbox 1329 3305 1469 3348; x_wconf 86' lang='lat' dir='ltr'><strong>tuum</strong></span> <span class='ocrx_word' id='word_1_473' title='bbox 1492 3294 1578 3353; x_wconf 81' lang='lat' dir='ltr'><strong>(ll</strong></span> <span class='ocrx_word' id='word_1_474' title='bbox 1606 3296 1734 3369; x_wconf 82' lang='lat' dir='ltr'><strong>Reg.</strong></span> <span class='ocrx_word' id='word_1_475' title='bbox 1761 3316 1852 3365; x_wconf 78' lang='lat' dir='ltr'><strong>xu,</strong></span> <span class='ocrx_word' id='word_1_476' title='bbox 1891 3303 1981 3367; x_wconf 77' lang='grc'><strong>15)</strong></span> <span class='ocrx_word' id='word_1_477' title='bbox 2013 3322 2024 3355; x_wconf 93' lang='lat'>:</span> 
     </span>
    </p>
   </div>
   <div class='ocr_carea' id='block_1_67' title="bbox 446 3381 2026 3460">
    <p class='ocr_par' dir='ltr' id='par_1_67' title="bbox 446 3381 2026 3460">
     <span class='ocr_line' id='line_1_67' title="bbox 446 3381 2026 3460; baseline 0.009 -24"><span class='ocrx_word' id='word_1_478' title='bbox 446 3381 540 3437; x_wconf 85' lang='lat' dir='ltr'><strong>sed</strong></span> <span class='ocrx_word' id='word_1_479' title='bbox 577 3383 772 3437; x_wconf 89' lang='lat' dir='ltr'><strong>dilatus</strong></span> <span class='ocrx_word' id='word_1_480' title='bbox 814 3393 896 3439; x_wconf 83' lang='lat' dir='ltr'><strong>est</strong></span> <span class='ocrx_word' id='word_1_481' title='bbox 947 3385 1000 3439; x_wconf 91' lang='lat' dir='ltr'><strong>in</strong></span> <span class='ocrx_word' id='word_1_482' title='bbox 1034 3385 1461 3443; x_wconf 85' lang='lat' dir='ltr'><strong>tribulationibus</strong></span> <span class='ocrx_word' id='word_1_483' title='bbox 1517 3391 1650 3452; x_wconf 88' lang='lat' dir='ltr'><strong>suis,</strong></span> <span class='ocrx_word' id='word_1_484' title='bbox 1681 3393 1909 3460; x_wconf 89' lang='lat' dir='ltr'><strong>quandiu</strong></span> <span class='ocrx_word' id='word_1_485' title='bbox 1940 3412 2026 3451; x_wconf 89' lang='lat' dir='ltr'><strong>re-</strong></span> 
     </span>
    </p>
   </div>
   <div class='ocr_carea' id='block_1_68' title="bbox 449 3479 2030 3556">
    <p class='ocr_par' dir='ltr' id='par_1_68' title="bbox 449 3479 2030 3556">
     <span class='ocr_line' id='line_1_68' title="bbox 449 3479 2030 3556; baseline 0.01 -28"><span class='ocrx_word' id='word_1_486' title='bbox 449 3491 608 3545; x_wconf 89' lang='lat' dir='ltr'><strong>gntun</strong></span> <span class='ocrx_word' id='word_1_487' title='bbox 639 3485 914 3546; x_wconf 89' lang='lat' dir='ltr'><strong>repararet</strong></span> <span class='ocrx_word' id='word_1_488' title='bbox 962 3481 1224 3534; x_wconf 85' lang='lat' dir='ltr'><strong>invasum.</strong></span> <span class='ocrx_word' id='word_1_489' title='bbox 1275 3479 1535 3535; x_wconf 77' lang='lat' dir='ltr'><strong>Christum</strong></span> <span class='ocrx_word' id='word_1_490' title='bbox 1566 3493 1733 3550; x_wconf 85' lang='lat' dir='ltr'><strong>tuum,</strong></span> <span class='ocrx_word' id='word_1_491' title='bbox 1771 3489 2030 3556; x_wconf 79' lang='lat' dir='ltr'><strong>signiﬁcat</strong></span> 
     </span>
    </p>
   </div>
   <div class='ocr_carea' id='block_1_69' title="bbox 449 3569 2021 3642">
    <p class='ocr_par' dir='ltr' id='par_1_69' title="bbox 449 3569 2021 3642">
     <span class='ocr_line' id='line_1_69' title="bbox 449 3569 2021 3642; baseline 0.01 -23"><span class='ocrx_word' id='word_1_492' title='bbox 449 3573 662 3619; x_wconf 89' lang='lat' dir='ltr'><strong>unctum</strong></span> <span class='ocrx_word' id='word_1_493' title='bbox 686 3585 698 3631; x_wconf 91' lang='lat'><strong>;</strong></span> <span class='ocrx_word' id='word_1_494' title='bbox 725 3569 974 3636; x_wconf 90' lang='lat' dir='ltr'><strong>quoniam</strong></span> <span class='ocrx_word' id='word_1_495' title='bbox 999 3569 1088 3623; x_wconf 92' lang='lat' dir='ltr'><strong>illo</strong></span> <span class='ocrx_word' id='word_1_496' title='bbox 1117 3580 1356 3640; x_wconf 87' lang='lat' dir='ltr'><strong>tempore</strong></span> <span class='ocrx_word' id='word_1_497' title='bbox 1380 3572 1649 3642; x_wconf 86' lang='lat' dir='ltr'><strong>principes</strong></span> <span class='ocrx_word' id='word_1_498' title='bbox 1673 3576 2021 3634; x_wconf 70' lang='lat' dir='ltr'><strong>llebrieorum</strong></span> 
     </span>
    </p>
   </div>
   <div class='ocr_carea' id='block_1_70' title="bbox 450 3650 1786 3730">
    <p class='ocr_par' dir='ltr' id='par_1_70' title="bbox 450 3650 1786 3730">
     <span class='ocr_line' id='line_1_70' title="bbox 450 3650 1786 3730; baseline 0.007 -20"><span class='ocrx_word' id='word_1_499' title='bbox 450 3657 778 3727; x_wconf 82' lang='lat' dir='ltr'><strong>angebantur</strong></span> <span class='ocrx_word' id='word_1_500' title='bbox 808 3659 858 3713; x_wconf 92' lang='lat' dir='ltr'><strong>in</strong></span> <span class='ocrx_word' id='word_1_501' title='bbox 891 3676 1093 3730; x_wconf 84' lang='lat' dir='ltr'><strong>regem.</strong></span> <span class='ocrx_word' id='word_1_502' title='bbox 1782 3650 1786 3653; x_wconf 47' lang='grc'><strong>’</strong></span> 
     </span>
    </p>
   </div>
   <div class='ocr_carea' id='block_1_71' title="bbox 516 3748 2022 3832">
    <p class='ocr_par' dir='ltr' id='par_1_71' title="bbox 516 3748 2022 3832">
     <span class='ocr_line' id='line_1_71' title="bbox 516 3748 2022 3832; baseline 0.009 -28"><span class='ocrx_word' id='word_1_503' title='bbox 516 3748 671 3805; x_wconf 81' lang='lat' dir='ltr'><strong>Vers.</strong></span> <span class='ocrx_word' id='word_1_504' title='bbox 699 3750 784 3806; x_wconf 84' lang='lat'><strong>&#39;59.</strong></span> <span class='ocrx_word' id='word_1_505' title='bbox 829 3754 1067 3806; x_wconf 86' lang='lat' dir='ltr'><strong>Avertisti</strong></span> <span class='ocrx_word' id='word_1_506' title='bbox 1115 3762 1468 3810; x_wconf 83' lang='lat' dir='ltr'><strong>testamentum</strong></span> <span class='ocrx_word' id='word_1_507' title='bbox 1517 3760 1646 3812; x_wconf 84' lang='lat' dir='ltr'><strong>servi</strong></span> <span class='ocrx_word' id='word_1_508' title='bbox 1693 3762 1806 3827; x_wconf 85' lang='lat' dir='ltr'><strong>tui;</strong></span> <span class='ocrx_word' id='word_1_509' title='bbox 1853 3763 2022 3832; x_wconf 77' lang='lat' dir='ltr'><strong>profa-</strong></span> 
     </span>
    </p>
   </div>
   <div class='ocr_carea' id='block_1_72' title="bbox 447 3843 2026 3922">
    <p class='ocr_par' dir='ltr' id='par_1_72' title="bbox 447 3843 2026 3922">
     <span class='ocr_line' id='line_1_72' title="bbox 447 3843 2026 3922; baseline 0.009 -26"><span class='ocrx_word' id='word_1_510' title='bbox 447 3843 582 3896; x_wconf 80' lang='lat' dir='ltr'><strong>uasti</strong></span> <span class='ocrx_word' id='word_1_511' title='bbox 604 3844 656 3898; x_wconf 89' lang='lat' dir='ltr'><strong>in</strong></span> <span class='ocrx_word' id='word_1_512' title='bbox 689 3853 825 3899; x_wconf 79' lang='lat' dir='ltr'><strong>terra</strong></span> <span class='ocrx_word' id='word_1_513' title='bbox 870 3848 1192 3899; x_wconf 77' lang='lat' dir='ltr'><strong>sanctitatem</strong></span> <span class='ocrx_word' id='word_1_514' title='bbox 1221 3850 1350 3916; x_wconf 82' lang='lat' dir='ltr'><strong>ejus.</strong></span> <span class='ocrx_word' id='word_1_515' title='bbox 1393 3849 1504 3904; x_wconf 89' lang='lat' dir='ltr'><strong>Hoc</strong></span> <span class='ocrx_word' id='word_1_516' title='bbox 1549 3851 1656 3918; x_wconf 85' lang='lat' dir='ltr'><strong>jam</strong></span> <span class='ocrx_word' id='word_1_517' title='bbox 1706 3853 1770 3906; x_wconf 89' lang='lat' dir='ltr'><strong>ad</strong></span> <span class='ocrx_word' id='word_1_518' title='bbox 1817 3865 2026 3922; x_wconf 77' lang='lat' dir='ltr'><strong>gentem</strong></span> 
     </span>
    </p>
   </div>
   <div class='ocr_carea' id='block_1_73' title="bbox 447 3936 2029 4009">
    <p class='ocr_par' dir='ltr' id='par_1_73' title="bbox 447 3936 2029 4009">
     <span class='ocr_line' id='line_1_73' title="bbox 447 3936 2029 4009; baseline 0.006 -21"><span class='ocrx_word' id='word_1_519' title='bbox 447 3936 681 4004; x_wconf 88' lang='lat' dir='ltr'><strong>pertinet</strong></span> <span class='ocrx_word' id='word_1_520' title='bbox 723 3936 1055 4001; x_wconf 68' lang='lat' dir='ltr'><strong>Juda‘orum,</strong></span> <span class='ocrx_word' id='word_1_521' title='bbox 1103 3938 1243 4008; x_wconf 93' lang='lat' dir='ltr'><strong>quod</strong></span> <span class='ocrx_word' id='word_1_522' title='bbox 1274 3954 1440 4009; x_wconf 89' lang='lat' dir='ltr'><strong>usque</strong></span> <span class='ocrx_word' id='word_1_523' title='bbox 1469 3941 1534 3994; x_wconf 88' lang='lat' dir='ltr'><strong>ad</strong></span> <span class='ocrx_word' id='word_1_524' title='bbox 1564 3943 1719 3996; x_wconf 88' lang='lat' dir='ltr'><strong>tinem</strong></span> <span class='ocrx_word' id='word_1_525' title='bbox 1747 3943 2029 3998; x_wconf 85' lang='lat' dir='ltr'><strong>divisionis</strong></span> 
     </span>
    </p>
   </div>
   <div class='ocr_carea' id='block_1_74' title="bbox 445 4028 2031 4097">
    <p class='ocr_par' dir='ltr' id='par_1_74' title="bbox 445 4028 2031 4097">
     <span class='ocr_line' id='line_1_74' title="bbox 445 4028 2031 4097; baseline 0.004 -14"><span class='ocrx_word' id='word_1_526' title='bbox 445 4029 772 4097; x_wconf 80' lang='lat' dir='ltr'><strong>exsequitur.</strong></span> <span class='ocrx_word' id='word_1_527' title='bbox 814 4028 1164 4083; x_wconf 77' lang='lat' dir='ltr'><strong>Humanitatis</strong></span> <span class='ocrx_word' id='word_1_528' title='bbox 1203 4035 1345 4085; x_wconf 84' lang='lat' dir='ltr'><strong>enim</strong></span> <span class='ocrx_word' id='word_1_529' title='bbox 1394 4047 1540 4086; x_wconf 91' lang='lat' dir='ltr'><strong>more</strong></span> <span class='ocrx_word' id='word_1_530' title='bbox 1566 4033 1801 4088; x_wconf 87' lang='lat' dir='ltr'><strong>dicitur:</strong></span> <span class='ocrx_word' id='word_1_531' title='bbox 1837 4035 2031 4089; x_wconf 81' lang='lat' dir='ltr'><strong>Averti-</strong></span> 
     </span>
    </p>
   </div>
   <div class='ocr_carea' id='block_1_75' title="bbox 444 4121 2030 4194">
    <p class='ocr_par' dir='ltr' id='par_1_75' title="bbox 444 4121 2030 4194">
     <span class='ocr_line' id='line_1_75' title="bbox 444 4121 2030 4194; baseline 0.004 -21"><span class='ocrx_word' id='word_1_532' title='bbox 444 4121 529 4182; x_wconf 85' lang='lat' dir='ltr'><strong>sti,</strong></span> <span class='ocrx_word' id='word_1_533' title='bbox 580 4121 628 4176; x_wconf 93' lang='lat' dir='ltr'><strong>id</strong></span> <span class='ocrx_word' id='word_1_534' title='bbox 654 4130 737 4176; x_wconf 90' lang='lat' dir='ltr'><strong>est</strong></span> <span class='ocrx_word' id='word_1_535' title='bbox 772 4121 823 4176; x_wconf 91' lang='lat' dir='ltr'><strong>in</strong></span> <span class='ocrx_word' id='word_1_536' title='bbox 852 4123 1010 4176; x_wconf 87' lang='lat' dir='ltr'><strong>aliam</strong></span> <span class='ocrx_word' id='word_1_537' title='bbox 1042 4133 1246 4192; x_wconf 84' lang='lat' dir='ltr'><strong>partem</strong></span> <span class='ocrx_word' id='word_1_538' title='bbox 1281 4124 1637 4189; x_wconf 86' lang='lat' dir='ltr'><strong>transtulisti;</strong></span> <span class='ocrx_word' id='word_1_539' title='bbox 1685 4135 1741 4179; x_wconf 90' lang='lat' dir='ltr'><strong>ut</strong></span> <span class='ocrx_word' id='word_1_540' title='bbox 1771 4126 1913 4194; x_wconf 88' lang='lat' dir='ltr'><strong>quod</strong></span> <span class='ocrx_word' id='word_1_541' title='bbox 1938 4125 2030 4182; x_wconf 79' lang='lat' dir='ltr'><strong>Ju-</strong></span> 
     </span>
    </p>
   </div>
   <div class='ocr_carea' id='block_1_76' title="bbox 371 4196 2030 4288">
    <p class='ocr_par' dir='ltr' id='par_1_76' title="bbox 371 4196 2030 4288">
     <span class='ocr_line' id='line_1_76' title="bbox 371 4196 2030 4288; baseline 0.005 -22"><span class='ocrx_word' id='word_1_542' title='bbox 371 4196 374 4200; x_wconf 52' lang='grc'><em>’</em></span> <span class='ocrx_word' id='word_1_543' title='bbox 444 4211 572 4268; x_wconf 68' lang='lat' dir='ltr'><strong>datis</strong></span> <span class='ocrx_word' id='word_1_544' title='bbox 603 4215 772 4268; x_wconf 87' lang='lat' dir='ltr'><strong>fuerat</strong></span> <span class='ocrx_word' id='word_1_545' title='bbox 804 4201 1145 4283; x_wconf 74' lang='lat' dir='ltr'><strong>promissum,</strong></span> <span class='ocrx_word' id='word_1_546' title='bbox 1181 4215 1245 4268; x_wconf 90' lang='lat' dir='ltr'><strong>ad</strong></span> <span class='ocrx_word' id='word_1_547' title='bbox 1275 4215 1557 4270; x_wconf 87' lang='lat' dir='ltr'><strong>utilitatem</strong></span> <span class='ocrx_word' id='word_1_548' title='bbox 1585 4219 1820 4285; x_wconf 68' lang='lat' dir='ltr'><strong>gentium</strong></span> <span class='ocrx_word' id='word_1_549' title='bbox 1846 4218 2030 4288; x_wconf 89' lang='lat' dir='ltr'><strong>utique</strong></span> 
     </span>
    </p>
   </div>
   <div class='ocr_carea' id='block_1_77' title="bbox 443 4304 2027 4372">
    <p class='ocr_par' dir='ltr' id='par_1_77' title="bbox 443 4304 2027 4372">
     <span class='ocr_line' id='line_1_77' title="bbox 443 4304 2027 4372; baseline 0.004 -16"><span class='ocrx_word' id='word_1_550' title='bbox 443 4305 765 4372; x_wconf 69' lang='lat' dir='ltr'><strong>perveniret.</strong></span> <span class='ocrx_word' id='word_1_551' title='bbox 813 4304 930 4358; x_wconf 89' lang='lat' dir='ltr'><strong>Non</strong></span> <span class='ocrx_word' id='word_1_552' title='bbox 973 4307 1114 4360; x_wconf 88' lang='lat' dir='ltr'><strong>enim</strong></span> <span class='ocrx_word' id='word_1_553' title='bbox 1171 4306 1251 4361; x_wconf 89' lang='lat' dir='ltr'><strong>eis</strong></span> <span class='ocrx_word' id='word_1_554' title='bbox 1305 4307 1561 4361; x_wconf 89' lang='lat' dir='ltr'><strong>remansit</strong></span> <span class='ocrx_word' id='word_1_555' title='bbox 1601 4309 1873 4371; x_wconf 77' lang='lat' dir='ltr'><strong>sacerdos,</strong></span> <span class='ocrx_word' id='word_1_556' title='bbox 1925 4323 2027 4363; x_wconf 92' lang='lat' dir='ltr'><strong>non</strong></span> 
     </span>
    </p>
   </div>
   <div class='ocr_carea' id='block_1_78' title="bbox 445 4395 2026 4468">
    <p class='ocr_par' dir='ltr' id='par_1_78' title="bbox 445 4395 2026 4468">
     <span class='ocr_line' id='line_1_78' title="bbox 445 4395 2026 4468; baseline 0.004 -20"><span class='ocrx_word' id='word_1_557' title='bbox 445 4395 699 4463; x_wconf 87' lang='lat' dir='ltr'><strong>templum</strong></span> <span class='ocrx_word' id='word_1_558' title='bbox 727 4396 866 4464; x_wconf 90' lang='lat' dir='ltr'><strong>quod</strong></span> <span class='ocrx_word' id='word_1_559' title='bbox 885 4406 1095 4451; x_wconf 89' lang='lat' dir='ltr'><strong>constat</strong></span> <span class='ocrx_word' id='word_1_560' title='bbox 1117 4413 1234 4452; x_wconf 90' lang='lat' dir='ltr'><strong>esse</strong></span> <span class='ocrx_word' id='word_1_561' title='bbox 1258 4398 1604 4464; x_wconf 88' lang='lat' dir='ltr'><strong>subversum;</strong></span> <span class='ocrx_word' id='word_1_562' title='bbox 1630 4401 1725 4468; x_wconf 82' lang='lat' dir='ltr'><strong>sed</strong></span> <span class='ocrx_word' id='word_1_563' title='bbox 1741 4401 2026 4455; x_wconf 85' lang='lat' dir='ltr'><strong>Christiani</strong></span> 
     </span>
    </p>
   </div>
   <div class='ocr_carea' id='block_1_79' title="bbox 2133 3197 3726 3276">
    <p class='ocr_par' dir='ltr' id='par_1_79' title="bbox 2133 3197 3726 3276">
     <span class='ocr_line' id='line_1_79' title="bbox 2133 3197 3726 3276; baseline 0.005 -26"><span class='ocrx_word' id='word_1_564' title='bbox 2133 3197 2276 3250; x_wconf 83' lang='lat' dir='ltr'><strong>enim</strong></span> <span class='ocrx_word' id='word_1_565' title='bbox 2304 3199 2460 3254; x_wconf 75' lang='lat' dir='ltr'><strong>laetus</strong></span> <span class='ocrx_word' id='word_1_566' title='bbox 2486 3199 2718 3254; x_wconf 82' lang='lat' dir='ltr'><strong>efficitur</strong></span> <span class='ocrx_word' id='word_1_567' title='bbox 2759 3201 3030 3266; x_wconf 79' lang='lat' dir='ltr'><strong>inimicus,</strong></span> <span class='ocrx_word' id='word_1_568' title='bbox 3085 3206 3316 3274; x_wconf 86' lang='lat' dir='ltr'><strong>quando</strong></span> <span class='ocrx_word' id='word_1_569' title='bbox 3349 3206 3471 3276; x_wconf 70' lang='lat' dir='ltr'><strong>eius</strong></span> <span class='ocrx_word' id='word_1_570' title='bbox 3501 3207 3726 3261; x_wconf 68' lang='lat' dir='ltr'><strong>volunta-</strong></span> 
     </span>
    </p>
   </div>
   <div class='ocr_carea' id='block_1_80' title="bbox 2137 3290 3003 3349">
    <p class='ocr_par' dir='ltr' id='par_1_80' title="bbox 2137 3290 3003 3349">
     <span class='ocr_line' id='line_1_80' title="bbox 2137 3290 3003 3349; baseline 0.009 -8"><span class='ocrx_word' id='word_1_571' title='bbox 2137 3291 2274 3346; x_wconf 85' lang='lat' dir='ltr'><strong>tibus</strong></span> <span class='ocrx_word' id='word_1_572' title='bbox 2305 3290 2615 3346; x_wconf 90' lang='lat' dir='ltr'><strong>humilialur</strong></span> <span class='ocrx_word' id='word_1_573' title='bbox 2642 3293 3003 3349; x_wconf 81' lang='lat' dir='ltr'><strong>adversarius.</strong></span> 
     </span>
    </p>
   </div>
   <div class='ocr_carea' id='block_1_81' title="bbox 2209 3381 3731 3458">
    <p class='ocr_par' dir='ltr' id='par_1_81' title="bbox 2209 3381 3731 3458">
     <span class='ocr_line' id='line_1_81' title="bbox 2209 3381 3731 3458; baseline 0.004 -24"><span class='ocrx_word' id='word_1_574' title='bbox 2209 3381 2359 3435; x_wconf 73' lang='lat' dir='ltr'><strong>Vers.</strong></span> <span class='ocrx_word' id='word_1_575' title='bbox 2399 3382 2488 3436; x_wconf 78' lang='grc'><strong>45.</strong></span> <span class='ocrx_word' id='word_1_576' title='bbox 2537 3385 2778 3436; x_wconf 78' lang='lat' dir='ltr'><strong>Avertisti</strong></span> <span class='ocrx_word' id='word_1_577' title='bbox 2817 3385 3141 3456; x_wconf 86' lang='lat' dir='ltr'><strong>adjutorium</strong></span> <span class='ocrx_word' id='word_1_578' title='bbox 3191 3388 3364 3458; x_wconf 81' lang='lat' dir='ltr'><strong>gladii</strong></span> <span class='ocrx_word' id='word_1_579' title='bbox 3394 3392 3526 3458; x_wconf 77' lang='lat' dir='ltr'><strong>ejus,</strong></span> <span class='ocrx_word' id='word_1_580' title='bbox 3569 3398 3612 3442; x_wconf 81' lang='lat' dir='ltr'><strong>et</strong></span> <span class='ocrx_word' id='word_1_581' title='bbox 3639 3402 3731 3441; x_wconf 70' lang='lat' dir='ltr'><strong>non</strong></span> 
     </span>
    </p>
   </div>
   <div class='ocr_carea' id='block_1_82' title="bbox 2133 3475 3734 3549">
    <p class='ocr_par' dir='ltr' id='par_1_82' title="bbox 2133 3475 3734 3549">
     <span class='ocr_line' id='line_1_82' title="bbox 2133 3475 3734 3549; baseline 0.004 -23"><span class='ocrx_word' id='word_1_582' title='bbox 2133 3488 2184 3526; x_wconf 87' lang='lat' dir='ltr'><strong>es</strong></span> <span class='ocrx_word' id='word_1_583' title='bbox 2214 3475 2490 3528; x_wconf 72' lang='lat' dir='ltr'><strong>auxiliatos</strong></span> <span class='ocrx_word' id='word_1_584' title='bbox 2517 3476 2564 3528; x_wconf 89' lang='lat' dir='ltr'><strong>ei</strong></span> <span class='ocrx_word' id='word_1_585' title='bbox 2604 3476 2656 3528; x_wconf 84' lang='lat' dir='ltr'><strong>in</strong></span> <span class='ocrx_word' id='word_1_586' title='bbox 2692 3477 2842 3530; x_wconf 82' lang='lat' dir='ltr'><strong>bello.</strong></span> <span class='ocrx_word' id='word_1_587' title='bbox 2885 3479 3074 3532; x_wconf 81' lang='lat' dir='ltr'><strong>Merito</strong></span> <span class='ocrx_word' id='word_1_588' title='bbox 3126 3481 3180 3534; x_wconf 86' lang='lat' dir='ltr'><strong>ei</strong></span> <span class='ocrx_word' id='word_1_589' title='bbox 3215 3483 3438 3549; x_wconf 79' lang='lat' dir='ltr'><strong>gladius</strong></span> <span class='ocrx_word' id='word_1_590' title='bbox 3489 3485 3576 3536; x_wconf 89' lang='lat' dir='ltr'><strong>ille</strong></span> <span class='ocrx_word' id='word_1_591' title='bbox 3597 3482 3734 3549; x_wconf 81' lang='lat' dir='ltr'><strong>adju-</strong></span> 
     </span>
    </p>
   </div>
   <div class='ocr_carea' id='block_1_83' title="bbox 2137 3565 3734 3638">
    <p class='ocr_par' dir='ltr' id='par_1_83' title="bbox 2137 3565 3734 3638">
     <span class='ocr_line' id='line_1_83' title="bbox 2137 3565 3734 3638; baseline 0.007 -23"><span class='ocrx_word' id='word_1_592' title='bbox 2137 3565 2328 3617; x_wconf 89' lang='lat' dir='ltr'><strong>torium</strong></span> <span class='ocrx_word' id='word_1_593' title='bbox 2383 3581 2486 3619; x_wconf 90' lang='lat' dir='ltr'><strong>non</strong></span> <span class='ocrx_word' id='word_1_594' title='bbox 2541 3567 2808 3634; x_wconf 72' lang='lat' dir='ltr'><strong>prtebuit,</strong></span> <span class='ocrx_word' id='word_1_595' title='bbox 2867 3570 2956 3638; x_wconf 88' lang='lat' dir='ltr'><strong>qui</strong></span> <span class='ocrx_word' id='word_1_596' title='bbox 3005 3569 3405 3630; x_wconf 85' lang='lat' dir='ltr'><strong>fortitudinem</strong></span> <span class='ocrx_word' id='word_1_597' title='bbox 3454 3570 3734 3626; x_wconf 84' lang='lat' dir='ltr'><strong>Divinitatis</strong></span> 
     </span>
    </p>
   </div>
   <div class='ocr_carea' id='block_1_84' title="bbox 2133 3647 3736 3718">
    <p class='ocr_par' dir='ltr' id='par_1_84' title="bbox 2133 3647 3736 3718">
     <span class='ocr_line' id='line_1_84' title="bbox 2133 3647 3736 3718; baseline 0.007 -13"><span class='ocrx_word' id='word_1_598' title='bbox 2133 3654 2331 3708; x_wconf 88' lang='lat' dir='ltr'><strong>amisit.</strong></span> <span class='ocrx_word' id='word_1_599' title='bbox 2375 3654 2505 3710; x_wconf 84' lang='lat' dir='ltr'><strong>Nam</strong></span> <span class='ocrx_word' id='word_1_600' title='bbox 2535 3655 2662 3711; x_wconf 91' lang='lat' dir='ltr'><strong>licet</strong></span> <span class='ocrx_word' id='word_1_601' title='bbox 2705 3657 2906 3712; x_wconf 87' lang='lat' dir='ltr'><strong>ferrum</strong></span> <span class='ocrx_word' id='word_1_602' title='bbox 2931 3658 3172 3716; x_wconf 86' lang='lat' dir='ltr'><strong>humana</strong></span> <span class='ocrx_word' id='word_1_603' title='bbox 3207 3664 3470 3717; x_wconf 76' lang='lat' dir='ltr'><strong>videatur</strong></span> <span class='ocrx_word' id='word_1_604' title='bbox 3499 3647 3736 3718; x_wconf 76' lang='lat' dir='ltr'><strong>esSe.de-</strong></span> 
     </span>
    </p>
   </div>
   <div class='ocr_carea' id='block_1_85' title="bbox 2132 3743 3735 3817">
    <p class='ocr_par' dir='ltr' id='par_1_85' title="bbox 2132 3743 3735 3817">
     <span class='ocr_line' id='line_1_85' title="bbox 2132 3743 3735 3817; baseline 0.006 -20"><span class='ocrx_word' id='word_1_605' title='bbox 2132 3743 2324 3812; x_wconf 58' lang='lat' dir='ltr'><strong>tensio,</strong></span> <span class='ocrx_word' id='word_1_606' title='bbox 2371 3754 2544 3802; x_wconf 84' lang='lat' dir='ltr'><strong>tamen</strong></span> <span class='ocrx_word' id='word_1_607' title='bbox 2590 3749 2721 3802; x_wconf 89' lang='lat' dir='ltr'><strong>nihil</strong></span> <span class='ocrx_word' id='word_1_608' title='bbox 2754 3749 3028 3817; x_wconf 61' lang='lat' dir='ltr'><strong>praevalet,</strong></span> <span class='ocrx_word' id='word_1_609' title='bbox 3083 3753 3196 3808; x_wconf 90' lang='lat' dir='ltr'><strong>nisi</strong></span> <span class='ocrx_word' id='word_1_610' title='bbox 3225 3770 3357 3808; x_wconf 90' lang='lat' dir='ltr'><strong>eum</strong></span> <span class='ocrx_word' id='word_1_611' title='bbox 3392 3753 3617 3808; x_wconf 78' lang='lat' dir='ltr'><strong>dextera</strong></span> <span class='ocrx_word' id='word_1_612' title='bbox 3653 3767 3735 3807; x_wconf 79' lang='lat' dir='ltr'><strong>su-</strong></span> 
     </span>
    </p>
   </div>
   <div class='ocr_carea' id='block_1_86' title="bbox 2134 3836 3740 3914">
    <p class='ocr_par' dir='ltr' id='par_1_86' title="bbox 2134 3836 3740 3914">
     <span class='ocr_line' id='line_1_86' title="bbox 2134 3836 3740 3914; baseline 0.006 -26"><span class='ocrx_word' id='word_1_613' title='bbox 2134 3849 2294 3902; x_wconf 88' lang='lat' dir='ltr'><strong>perna</strong></span> <span class='ocrx_word' id='word_1_614' title='bbox 2325 3836 2675 3902; x_wconf 89' lang='lat' dir='ltr'><strong>corroboret;</strong></span> <span class='ocrx_word' id='word_1_615' title='bbox 2711 3839 2851 3893; x_wconf 90' lang='lat' dir='ltr'><strong>sicut</strong></span> <span class='ocrx_word' id='word_1_616' title='bbox 2899 3840 2950 3893; x_wconf 91' lang='lat' dir='ltr'><strong>in</strong></span> <span class='ocrx_word' id='word_1_617' title='bbox 2980 3840 3088 3894; x_wconf 89' lang='lat' dir='ltr'><strong>alio</strong></span> <span class='ocrx_word' id='word_1_618' title='bbox 3122 3845 3353 3911; x_wconf 83' lang='lat' dir='ltr'><strong>psalmo</strong></span> <span class='ocrx_word' id='word_1_619' title='bbox 3398 3846 3515 3914; x_wconf 85' lang='lat' dir='ltr'><strong>jam</strong></span> <span class='ocrx_word' id='word_1_620' title='bbox 3556 3844 3740 3898; x_wconf 86' lang='lat' dir='ltr'><strong>dictum</strong></span> 
     </span>
    </p>
   </div>
   <div class='ocr_carea' id='block_1_87' title="bbox 2133 3923 3740 4004">
    <p class='ocr_par' dir='ltr' id='par_1_87' title="bbox 2133 3923 3740 4004">
     <span class='ocr_line' id='line_1_87' title="bbox 2133 3923 3740 4004; baseline 0.007 -26"><span class='ocrx_word' id='word_1_621' title='bbox 2133 3935 2251 3979; x_wconf 89' lang='lat' dir='ltr'><strong>est:</strong></span> <span class='ocrx_word' id='word_1_622' title='bbox 2287 3923 2408 3980; x_wconf 83' lang='lat' dir='ltr'><strong>Non</strong></span> <span class='ocrx_word' id='word_1_623' title='bbox 2453 3932 2584 3979; x_wconf 82' lang='lat' dir='ltr'><strong>enim</strong></span> <span class='ocrx_word' id='word_1_624' title='bbox 2616 3930 2667 3980; x_wconf 83' lang='lat' dir='ltr'><strong>in</strong></span> <span class='ocrx_word' id='word_1_625' title='bbox 2703 3945 2827 3982; x_wconf 87' lang='lat' dir='ltr'><strong>arcu</strong></span> <span class='ocrx_word' id='word_1_626' title='bbox 2854 3943 2965 3983; x_wconf 85' lang='lat' dir='ltr'><strong>meo</strong></span> <span class='ocrx_word' id='word_1_627' title='bbox 2994 3935 3248 4000; x_wconf 86' lang='lat' dir='ltr'><strong>sperabo,</strong></span> <span class='ocrx_word' id='word_1_628' title='bbox 3287 3945 3338 3988; x_wconf 85' lang='lat' dir='ltr'><strong>et</strong></span> <span class='ocrx_word' id='word_1_629' title='bbox 3370 3936 3578 4004; x_wconf 78' lang='lat' dir='ltr'><strong>gladius</strong></span> <span class='ocrx_word' id='word_1_630' title='bbox 3617 3949 3740 3990; x_wconf 68' lang='lat' dir='ltr'><strong>meus</strong></span> 
     </span>
    </p>
   </div>
   <div class='ocr_carea' id='block_1_88' title="bbox 2131 4017 3746 4095">
    <p class='ocr_par' dir='ltr' id='par_1_88' title="bbox 2131 4017 3746 4095">
     <span class='ocr_line' id='line_1_88' title="bbox 2131 4017 3746 4095; baseline 0.004 -26"><span class='ocrx_word' id='word_1_631' title='bbox 2131 4033 2234 4070; x_wconf 85' lang='lat' dir='ltr'><strong>non</strong></span> <span class='ocrx_word' id='word_1_632' title='bbox 2258 4018 2469 4070; x_wconf 80' lang='lat' dir='ltr'><strong>salvabit</strong></span> <span class='ocrx_word' id='word_1_633' title='bbox 2500 4034 2577 4072; x_wconf 90' lang='lat' dir='ltr'><strong>me</strong></span> <span class='ocrx_word' id='word_1_634' title='bbox 2603 4017 2774 4087; x_wconf 83' lang='lat' dir='ltr'><strong>(Psal.</strong></span> <span class='ocrx_word' id='word_1_635' title='bbox 2811 4037 2956 4086; x_wconf 74' lang='lat' dir='ltr'><strong>XLIII,</strong></span> <span class='ocrx_word' id='word_1_636' title='bbox 2987 4023 3065 4090; x_wconf 83' lang='lat'><strong>7).</strong></span> <span class='ocrx_word' id='word_1_637' title='bbox 3099 4024 3204 4078; x_wconf 85' lang='lat' dir='ltr'><strong>Sic</strong></span> <span class='ocrx_word' id='word_1_638' title='bbox 3236 4039 3381 4094; x_wconf 71' lang='lat' dir='ltr'><strong>ergo</strong></span> <span class='ocrx_word' id='word_1_639' title='bbox 3419 4026 3646 4095; x_wconf 86' lang='lat' dir='ltr'><strong>populus</strong></span> <span class='ocrx_word' id='word_1_640' title='bbox 3668 4023 3746 4076; x_wconf 84' lang='lat' dir='ltr'><strong>ille</strong></span> 
     </span>
    </p>
   </div>
   <div class='ocr_carea' id='block_1_89' title="bbox 2132 4107 3745 4183">
    <p class='ocr_par' dir='ltr' id='par_1_89' title="bbox 2132 4107 3745 4183">
     <span class='ocr_line' id='line_1_89' title="bbox 2132 4107 3745 4183; baseline 0.004 -25"><span class='ocrx_word' id='word_1_641' title='bbox 2132 4116 2392 4174; x_wconf 87' lang='lat' dir='ltr'><strong>armatus,</strong></span> <span class='ocrx_word' id='word_1_642' title='bbox 2422 4107 2641 4162; x_wconf 87' lang='lat' dir='ltr'><strong>inermis</strong></span> <span class='ocrx_word' id='word_1_643' title='bbox 2667 4109 2891 4164; x_wconf 75' lang='lat' dir='ltr'><strong>effectus</strong></span> <span class='ocrx_word' id='word_1_644' title='bbox 2923 4122 3041 4178; x_wconf 87' lang='lat' dir='ltr'><strong>est;</strong></span> <span class='ocrx_word' id='word_1_645' title='bbox 3099 4121 3164 4166; x_wconf 90' lang='lat' dir='ltr'><strong>ut</strong></span> <span class='ocrx_word' id='word_1_646' title='bbox 3211 4129 3346 4169; x_wconf 87' lang='lat' dir='ltr'><strong>cum</strong></span> <span class='ocrx_word' id='word_1_647' title='bbox 3383 4116 3539 4183; x_wconf 86' lang='lat' dir='ltr'><strong>pauci</strong></span> <span class='ocrx_word' id='word_1_648' title='bbox 3587 4115 3745 4182; x_wconf 78' lang='lat' dir='ltr'><strong>plures</strong></span> 
     </span>
    </p>
   </div>
   <div class='ocr_carea' id='block_1_90' title="bbox 2132 4203 3620 4273">
    <p class='ocr_par' dir='ltr' id='par_1_90' title="bbox 2132 4203 3620 4273">
     <span class='ocr_line' id='line_1_90' title="bbox 2132 4203 3620 4273; baseline 0.005 -18"><span class='ocrx_word' id='word_1_649' title='bbox 2132 4203 2392 4270; x_wconf 79' lang='lat' dir='ltr'><strong>vicerant,</strong></span> <span class='ocrx_word' id='word_1_650' title='bbox 2419 4219 2517 4258; x_wconf 90' lang='lat' dir='ltr'><strong>nec</strong></span> <span class='ocrx_word' id='word_1_651' title='bbox 2550 4203 2730 4271; x_wconf 90' lang='lat' dir='ltr'><strong>plures</strong></span> <span class='ocrx_word' id='word_1_652' title='bbox 2759 4206 2942 4273; x_wconf 87' lang='lat' dir='ltr'><strong>paucis</strong></span> <span class='ocrx_word' id='word_1_653' title='bbox 2974 4215 3250 4263; x_wconf 74' lang='lat' dir='ltr'><strong>resrstere</strong></span> <span class='ocrx_word' id='word_1_654' title='bbox 3289 4210 3620 4264; x_wconf 79' lang='lat' dir='ltr'><strong>valuissent.</strong></span> 
     </span>
    </p>
   </div>
   <div class='ocr_carea' id='block_1_91' title="bbox 2206 4294 3749 4364">
    <p class='ocr_par' dir='ltr' id='par_1_91' title="bbox 2206 4294 3749 4364">
     <span class='ocr_line' id='line_1_91' title="bbox 2206 4294 3749 4364; baseline -0.002 -15"><span class='ocrx_word' id='word_1_655' title='bbox 2206 4295 2361 4351; x_wconf 76' lang='lat' dir='ltr'><strong>Vera.</strong></span> <span class='ocrx_word' id='word_1_656' title='bbox 2393 4296 2483 4350; x_wconf 84' lang='grc'><strong>44.</strong></span> <span class='ocrx_word' id='word_1_657' title='bbox 2527 4294 2822 4352; x_wconf 78' lang='lat' dir='ltr'><strong>Dissolvisti</strong></span> <span class='ocrx_word' id='word_1_658' title='bbox 2851 4313 2962 4350; x_wconf 84' lang='lat' dir='ltr'><strong>cum</strong></span> <span class='ocrx_word' id='word_1_659' title='bbox 2991 4297 3052 4350; x_wconf 82' lang='lat' dir='ltr'><strong>ab</strong></span> <span class='ocrx_word' id='word_1_660' title='bbox 3075 4303 3504 4364; x_wconf 77' lang='lat' dir='ltr'><strong>emundutione,</strong></span> <span class='ocrx_word' id='word_1_661' title='bbox 3538 4297 3749 4350; x_wconf 70' lang='lat' dir='ltr'><strong>etsedrm</strong></span> 
     </span>
    </p>
   </div>
   <div class='ocr_carea' id='block_1_92' title="bbox 2132 4385 3754 4459">
    <p class='ocr_par' dir='ltr' id='par_1_92' title="bbox 2132 4385 3754 4459">
     <span class='ocr_line' id='line_1_92' title="bbox 2132 4385 3754 4459; baseline -0.001 -19"><span class='ocrx_word' id='word_1_662' title='bbox 2132 4390 2246 4459; x_wconf 84' lang='lat' dir='ltr'><strong>ejus</strong></span> <span class='ocrx_word' id='word_1_663' title='bbox 2278 4389 2329 4441; x_wconf 86' lang='lat' dir='ltr'><strong>in</strong></span> <span class='ocrx_word' id='word_1_664' title='bbox 2357 4396 2543 4440; x_wconf 85' lang='lat' dir='ltr'><strong>terram</strong></span> <span class='ocrx_word' id='word_1_665' title='bbox 2573 4387 2830 4442; x_wconf 67' lang='lat' dir='ltr'><strong>collisi’sti.</strong></span> <span class='ocrx_word' id='word_1_666' title='bbox 2878 4388 3228 4457; x_wconf 82' lang='lat' dir='ltr'><strong>Frequenter</strong></span> <span class='ocrx_word' id='word_1_667' title='bbox 3263 4391 3540 4446; x_wconf 84' lang='lat' dir='ltr'><strong>emundat</strong></span> <span class='ocrx_word' id='word_1_668' title='bbox 3571 4385 3754 4444; x_wconf 82' lang='lat' dir='ltr'><strong>Divini-</strong></span> 
     </span>
    </p>
   </div>
   <div class='ocr_carea' id='block_1_93' title="bbox 444 4479 2032 4560">
    <p class='ocr_par' dir='ltr' id='par_1_93' title="bbox 444 4487 2028 4560">
     <span class='ocr_line' id='line_1_93' title="bbox 444 4487 2028 4560; baseline 0.001 -18"><span class='ocrx_word' id='word_1_669' title='bbox 444 4487 622 4542; x_wconf 89' lang='lat' dir='ltr'><strong>omnia</strong></span> <span class='ocrx_word' id='word_1_670' title='bbox 656 4497 778 4541; x_wconf 90' lang='lat' dir='ltr'><strong>sunt</strong></span> <span class='ocrx_word' id='word_1_671' title='bbox 805 4489 1112 4557; x_wconf 87' lang='lat' dir='ltr'><strong>plenissime</strong></span> <span class='ocrx_word' id='word_1_672' title='bbox 1135 4491 1431 4545; x_wconf 89' lang='lat' dir='ltr'><strong>consecuti.</strong></span> <span class='ocrx_word' id='word_1_673' title='bbox 1462 4491 1650 4544; x_wconf 87' lang='lat' dir='ltr'><strong>Merito</strong></span> <span class='ocrx_word' id='word_1_674' title='bbox 1672 4506 1798 4560; x_wconf 89' lang='lat' dir='ltr'><strong>ergo</strong></span> <span class='ocrx_word' id='word_1_675' title='bbox 1828 4492 2028 4546; x_wconf 91' lang='lat' dir='ltr'><strong>dictum</strong></span> 
     </span>
    </p>
   </div>
   <div class='ocr_carea' id='block_1_94' title="bbox 2145 4479 3755 4560">
    <p class='ocr_par' dir='ltr' id='par_1_94' title="bbox 2145 4479 3755 4552">
     <span class='ocr_line' id='line_1_94' title="bbox 2145 4479 3755 4552; baseline -0.001 -20"><span class='ocrx_word' id='word_1_676' title='bbox 2145 4489 2217 4534; x_wconf 83' lang='lat' dir='ltr'><strong>Ias</strong></span> <span class='ocrx_word' id='word_1_677' title='bbox 2247 4495 2380 4548; x_wconf 92' lang='lat' dir='ltr'><strong>quos</strong></span> <span class='ocrx_word' id='word_1_678' title='bbox 2407 4479 2659 4548; x_wconf 79' lang='lat' dir='ltr'><strong>ﬂagellat,</strong></span> <span class='ocrx_word' id='word_1_679' title='bbox 2692 4491 2748 4534; x_wconf 90' lang='lat' dir='ltr'><strong>ut</strong></span> <span class='ocrx_word' id='word_1_680' title='bbox 2777 4490 3056 4550; x_wconf 77' lang='lat' dir='ltr'><strong>purgatura</strong></span> <span class='ocrx_word' id='word_1_681' title='bbox 3095 4482 3354 4551; x_wconf 85' lang='lat' dir='ltr'><strong>recipiat</strong></span> <span class='ocrx_word' id='word_1_682' title='bbox 3386 4500 3550 4552; x_wconf 84' lang='lat' dir='ltr'><strong>quem</strong></span> <span class='ocrx_word' id='word_1_683' title='bbox 3583 4492 3755 4549; x_wconf 85' lang='lat' dir='ltr'><strong>pecca-</strong></span> 
     </span>
    </p>
   </div>
   <div class='ocr_carea' id='block_1_95' title="bbox 444 4581 2030 4651">
    <p class='ocr_par' dir='ltr' id='par_1_95' title="bbox 444 4581 2030 4651">
     <span class='ocr_line' id='line_1_95' title="bbox 444 4581 2030 4651; baseline 0.001 -15"><span class='ocrx_word' id='word_1_684' title='bbox 444 4590 578 4636; x_wconf 88' lang='lat' dir='ltr'><strong>est:</strong></span> <span class='ocrx_word' id='word_1_685' title='bbox 623 4581 881 4646; x_wconf 83' lang='lat' dir='ltr'><strong>Avertisti,</strong></span> <span class='ocrx_word' id='word_1_686' title='bbox 933 4582 1144 4651; x_wconf 86' lang='lat' dir='ltr'><strong>quando</strong></span> <span class='ocrx_word' id='word_1_687' title='bbox 1193 4583 1413 4651; x_wconf 88' lang='lat' dir='ltr'><strong>perfidis</strong></span> <span class='ocrx_word' id='word_1_688' title='bbox 1463 4583 1726 4648; x_wconf 76' lang='lat' dir='ltr'><strong>ablatum,</strong></span> <span class='ocrx_word' id='word_1_689' title='bbox 1781 4582 2030 4638; x_wconf 84' lang='lat' dir='ltr'><strong>fidelibus</strong></span> 
     </span>
    </p>
   </div>
   <div class='ocr_carea' id='block_1_96' title="bbox 443 4671 2032 4743">
    <p class='ocr_par' dir='ltr' id='par_1_96' title="bbox 443 4671 2032 4743">
     <span class='ocr_line' id='line_1_96' title="bbox 443 4671 2032 4743; baseline -0.001 -15"><span class='ocrx_word' id='word_1_690' title='bbox 443 4671 696 4743; x_wconf 78' lang='lat' dir='ltr'><strong>probatur</strong></span> <span class='ocrx_word' id='word_1_691' title='bbox 733 4687 853 4728; x_wconf 90' lang='lat' dir='ltr'><strong>esse</strong></span> <span class='ocrx_word' id='word_1_692' title='bbox 884 4689 1218 4728; x_wconf 89' lang='lat' dir='ltr'><strong>concessum.</strong></span> <span class='ocrx_word' id='word_1_693' title='bbox 1263 4674 1662 4734; x_wconf 69' lang='lat' dir='ltr'><strong>Testamentum,</strong></span> <span class='ocrx_word' id='word_1_694' title='bbox 1701 4674 1855 4736; x_wconf 76' lang='lat' dir='ltr'><strong>dixit,</strong></span> <span class='ocrx_word' id='word_1_695' title='bbox 1901 4676 2032 4728; x_wconf 76' lang='lat' dir='ltr'><strong>servi</strong></span> 
     </span>
    </p>
   </div>
   <div class='ocr_carea' id='block_1_97' title="bbox 442 4764 2032 4834">
    <p class='ocr_par' dir='ltr' id='par_1_97' title="bbox 442 4764 2032 4834">
     <span class='ocr_line' id='line_1_97' title="bbox 442 4764 2032 4834; baseline 0.001 -15"><span class='ocrx_word' id='word_1_696' title='bbox 442 4765 536 4831; x_wconf 82' lang='lat' dir='ltr'><strong>tui,</strong></span> <span class='ocrx_word' id='word_1_697' title='bbox 568 4764 821 4834; x_wconf 88' lang='lat' dir='ltr'><strong>nonquia</strong></span> <span class='ocrx_word' id='word_1_698' title='bbox 855 4764 1021 4818; x_wconf 85' lang='lat' dir='ltr'><strong>David</strong></span> <span class='ocrx_word' id='word_1_699' title='bbox 1055 4774 1278 4818; x_wconf 88' lang='lat' dir='ltr'><strong>testatus</strong></span> <span class='ocrx_word' id='word_1_700' title='bbox 1305 4773 1426 4830; x_wconf 88' lang='lat' dir='ltr'><strong>est;</strong></span> <span class='ocrx_word' id='word_1_701' title='bbox 1475 4766 1565 4820; x_wconf 85' lang='lat' dir='ltr'><strong>sed</strong></span> <span class='ocrx_word' id='word_1_702' title='bbox 1595 4764 1683 4819; x_wconf 89' lang='lat' dir='ltr'><strong>cui</strong></span> <span class='ocrx_word' id='word_1_703' title='bbox 1736 4765 1910 4820; x_wconf 88' lang='lat' dir='ltr'><strong>fuerat</strong></span> <span class='ocrx_word' id='word_1_704' title='bbox 1937 4780 2032 4834; x_wconf 86' lang='lat' dir='ltr'><strong>per</strong></span> 
     </span>
    </p>
   </div>
   <div class='ocr_carea' id='block_1_98' title="bbox 445 4857 2028 4928">
    <p class='ocr_par' dir='ltr' id='par_1_98' title="bbox 445 4857 2028 4928">
     <span class='ocr_line' id='line_1_98' title="bbox 445 4857 2028 4928; baseline -0.001 -17"><span class='ocrx_word' id='word_1_705' title='bbox 445 4866 824 4912; x_wconf 87' lang='lat' dir='ltr'><strong>testamentum</strong></span> <span class='ocrx_word' id='word_1_706' title='bbox 855 4857 1144 4912; x_wconf 75' lang='lat' dir='ltr'><strong>nativitatis</strong></span> <span class='ocrx_word' id='word_1_707' title='bbox 1175 4857 1383 4913; x_wconf 90' lang='lat' dir='ltr'><strong>Domini</strong></span> <span class='ocrx_word' id='word_1_708' title='bbox 1412 4857 1644 4928; x_wconf 83' lang='lat' dir='ltr'><strong>dignitas</strong></span> <span class='ocrx_word' id='word_1_709' title='bbox 1672 4859 2028 4926; x_wconf 81' lang='lat' dir='ltr'><strong>compromis-</strong></span> 
     </span>
    </p>
   </div>
   <div class='ocr_carea' id='block_1_99' title="bbox 443 4949 2030 5022">
    <p class='ocr_par' dir='ltr' id='par_1_99' title="bbox 443 4949 2030 5022">
     <span class='ocr_line' id='line_1_99' title="bbox 443 4949 2030 5022; baseline 0.002 -18"><span class='ocrx_word' id='word_1_710' title='bbox 443 4963 524 5004; x_wconf 82' lang='lat' dir='ltr'><strong>sa.</strong></span> <span class='ocrx_word' id='word_1_711' title='bbox 575 4949 859 5019; x_wconf 85' lang='lat' dir='ltr'><strong>Sequitur,</strong></span> <span class='ocrx_word' id='word_1_712' title='bbox 913 4952 1200 5022; x_wconf 80' lang='lat' dir='ltr'><strong>profanasti</strong></span> <span class='ocrx_word' id='word_1_713' title='bbox 1245 4952 1298 5004; x_wconf 82' lang='lat' dir='ltr'><strong>in</strong></span> <span class='ocrx_word' id='word_1_714' title='bbox 1342 4962 1477 5005; x_wconf 82' lang='lat' dir='ltr'><strong>terra</strong></span> <span class='ocrx_word' id='word_1_715' title='bbox 1518 4952 1841 5005; x_wconf 81' lang='lat' dir='ltr'><strong>sanctitatem</strong></span> <span class='ocrx_word' id='word_1_716' title='bbox 1897 4953 2030 5020; x_wconf 76' lang='lat' dir='ltr'><strong>ejus.</strong></span> 
     </span>
    </p>
   </div>
   <div class='ocr_carea' id='block_1_100' title="bbox 445 5041 2028 5114">
    <p class='ocr_par' dir='ltr' id='par_1_100' title="bbox 445 5041 2028 5114">
     <span class='ocr_line' id='line_1_100' title="bbox 445 5041 2028 5114; baseline 0 -17"><span class='ocrx_word' id='word_1_717' title='bbox 445 5041 737 5097; x_wconf 81' lang='lat' dir='ltr'><strong>Profanum</strong></span> <span class='ocrx_word' id='word_1_718' title='bbox 769 5042 970 5095; x_wconf 91' lang='lat' dir='ltr'><strong>dictum</strong></span> <span class='ocrx_word' id='word_1_719' title='bbox 1003 5053 1085 5097; x_wconf 87' lang='lat' dir='ltr'><strong>est</strong></span> <span class='ocrx_word' id='word_1_720' title='bbox 1111 5041 1493 5114; x_wconf 77' lang='lat' dir='ltr'><strong>irreligiosum,</strong></span> <span class='ocrx_word' id='word_1_721' title='bbox 1526 5044 1860 5111; x_wconf 87' lang='lat' dir='ltr'><strong>quodporro</strong></span> <span class='ocrx_word' id='word_1_722' title='bbox 1890 5057 1919 5095; x_wconf 91' lang='lat' dir='ltr'><strong>a</strong></span> <span class='ocrx_word' id='word_1_723' title='bbox 1950 5044 2028 5097; x_wconf 88' lang='lat' dir='ltr'><strong>fa-</strong></span> 
     </span>
    </p>
   </div>
   <div class='ocr_carea' id='block_1_101' title="bbox 446 5134 2030 5204">
    <p class='ocr_par' dir='ltr' id='par_1_101' title="bbox 446 5134 2030 5204">
     <span class='ocr_line' id='line_1_101' title="bbox 446 5134 2030 5204; baseline 0.001 -15"><span class='ocrx_word' id='word_1_724' title='bbox 446 5149 537 5200; x_wconf 88' lang='lat' dir='ltr'><strong>no,</strong></span> <span class='ocrx_word' id='word_1_725' title='bbox 576 5134 626 5187; x_wconf 92' lang='lat' dir='ltr'><strong>id</strong></span> <span class='ocrx_word' id='word_1_726' title='bbox 653 5140 783 5188; x_wconf 90' lang='lat' dir='ltr'><strong>esta</strong></span> <span class='ocrx_word' id='word_1_727' title='bbox 811 5134 992 5202; x_wconf 88' lang='lat' dir='ltr'><strong>templi</strong></span> <span class='ocrx_word' id='word_1_728' title='bbox 1023 5135 1320 5189; x_wconf 80' lang='lat' dir='ltr'><strong>reverentia</strong></span> <span class='ocrx_word' id='word_1_729' title='bbox 1355 5135 1678 5204; x_wconf 86' lang='lat' dir='ltr'><strong>pellebatur.</strong></span> <span class='ocrx_word' id='word_1_730' title='bbox 1733 5135 2030 5190; x_wconf 83' lang='lat' dir='ltr'><strong>lnimolatio</strong></span> 
     </span>
    </p>
   </div>
   <div class='ocr_carea' id='block_1_102' title="bbox 443 5227 2031 5296">
    <p class='ocr_par' dir='ltr' id='par_1_102' title="bbox 443 5227 2031 5296">
     <span class='ocr_line' id='line_1_102' title="bbox 443 5227 2031 5296; baseline 0.002 -15"><span class='ocrx_word' id='word_1_731' title='bbox 443 5227 706 5294; x_wconf 72' lang='lat' dir='ltr'><strong>siquidem</strong></span> <span class='ocrx_word' id='word_1_732' title='bbox 752 5227 1012 5295; x_wconf 88' lang='lat' dir='ltr'><strong>pecudum</strong></span> <span class='ocrx_word' id='word_1_733' title='bbox 1055 5237 1107 5282; x_wconf 89' lang='lat' dir='ltr'><strong>et</strong></span> <span class='ocrx_word' id='word_1_734' title='bbox 1137 5229 1478 5283; x_wconf 84' lang='lat' dir='ltr'><strong>observantia</strong></span> <span class='ocrx_word' id='word_1_735' title='bbox 1517 5228 1882 5296; x_wconf 84' lang='lat' dir='ltr'><strong>sabbatorum,</strong></span> <span class='ocrx_word' id='word_1_736' title='bbox 1914 5244 2031 5296; x_wconf 67' lang='lat' dir='ltr'><strong>quae</strong></span> 
     </span>
    </p>
   </div>
   <div class='ocr_carea' id='block_1_103' title="bbox 445 5317 2031 5386">
    <p class='ocr_par' dir='ltr' id='par_1_103' title="bbox 445 5317 2031 5386">
     <span class='ocr_line' id='line_1_103' title="bbox 445 5317 2031 5386; baseline 0.004 -20"><span class='ocrx_word' id='word_1_737' title='bbox 445 5318 594 5386; x_wconf 80' lang='lat' dir='ltr'><strong>prius</strong></span> <span class='ocrx_word' id='word_1_738' title='bbox 610 5317 1233 5386; x_wconf 75' lang='lat' dir='ltr'><strong>figuraliteragebantur,</strong></span> <span class='ocrx_word' id='word_1_739' title='bbox 1263 5320 1512 5373; x_wconf 85' lang='lat' dir='ltr'><strong>veniente</strong></span> <span class='ocrx_word' id='word_1_740' title='bbox 1532 5319 1756 5372; x_wconf 86' lang='lat' dir='ltr'><strong>veritate</strong></span> <span class='ocrx_word' id='word_1_741' title='bbox 1782 5319 2031 5373; x_wconf 84' lang='lat' dir='ltr'><strong>submota</strong></span> 
     </span>
    </p>
   </div>
   <div class='ocr_carea' id='block_1_104' title="bbox 445 5407 2031 5480">
    <p class='ocr_par' dir='ltr' id='par_1_104' title="bbox 445 5407 2031 5480">
     <span class='ocr_line' id='line_1_104' title="bbox 445 5407 2031 5480; baseline 0.001 -18"><span class='ocrx_word' id='word_1_742' title='bbox 445 5418 590 5464; x_wconf 75' lang='lat' dir='ltr'><strong>sunt.</strong></span> <span class='ocrx_word' id='word_1_743' title='bbox 631 5407 697 5462; x_wconf 87' lang='lat' dir='ltr'><strong>In</strong></span> <span class='ocrx_word' id='word_1_744' title='bbox 728 5417 859 5463; x_wconf 87' lang='lat' dir='ltr'><strong>terra</strong></span> <span class='ocrx_word' id='word_1_745' title='bbox 887 5413 1026 5465; x_wconf 85' lang='lat' dir='ltr'><strong>enim</strong></span> <span class='ocrx_word' id='word_1_746' title='bbox 1065 5412 1204 5479; x_wconf 90' lang='lat' dir='ltr'><strong>quod</strong></span> <span class='ocrx_word' id='word_1_747' title='bbox 1238 5411 1392 5475; x_wconf 80' lang='lat' dir='ltr'><strong>dixit,</strong></span> <span class='ocrx_word' id='word_1_748' title='bbox 1434 5410 1730 5480; x_wconf 83' lang='lat' dir='ltr'><strong>intelligere</strong></span> <span class='ocrx_word' id='word_1_749' title='bbox 1773 5410 2031 5465; x_wconf 90' lang='lat' dir='ltr'><strong>debemus</strong></span> 
     </span>
    </p>
   </div>
   <div class='ocr_carea' id='block_1_105' title="bbox 449 5500 2032 5572">
    <p class='ocr_par' dir='ltr' id='par_1_105' title="bbox 449 5500 2032 5572">
     <span class='ocr_line' id='line_1_105' title="bbox 449 5500 2032 5572; baseline 0.003 -19"><span class='ocrx_word' id='word_1_750' title='bbox 449 5500 504 5554; x_wconf 89' lang='lat' dir='ltr'><strong>in</strong></span> <span class='ocrx_word' id='word_1_751' title='bbox 559 5510 670 5556; x_wconf 89' lang='lat' dir='ltr'><strong>toto</strong></span> <span class='ocrx_word' id='word_1_752' title='bbox 716 5503 846 5558; x_wconf 87' lang='lat' dir='ltr'><strong>orbe</strong></span> <span class='ocrx_word' id='word_1_753' title='bbox 897 5510 1180 5572; x_wconf 89' lang='lat' dir='ltr'><strong>terrarum,</strong></span> <span class='ocrx_word' id='word_1_754' title='bbox 1231 5502 1318 5557; x_wconf 90' lang='lat' dir='ltr'><strong>ubi</strong></span> <span class='ocrx_word' id='word_1_755' title='bbox 1359 5513 1441 5558; x_wconf 88' lang='lat' dir='ltr'><strong>est</strong></span> <span class='ocrx_word' id='word_1_756' title='bbox 1487 5502 1723 5558; x_wconf 86' lang='lat' dir='ltr'><strong>Ecclesia</strong></span> <span class='ocrx_word' id='word_1_757' title='bbox 1767 5503 2032 5558; x_wconf 86' lang='lat' dir='ltr'><strong>catholica</strong></span> 
     </span>
    </p>
   </div>
   <div class='ocr_carea' id='block_1_106' title="bbox 449 5594 760 5652">
    <p class='ocr_par' dir='ltr' id='par_1_106' title="bbox 449 5594 760 5652">
     <span class='ocr_line' id='line_1_106' title="bbox 449 5594 760 5652; baseline 0.019 -6"><span class='ocrx_word' id='word_1_758' title='bbox 449 5594 760 5652; x_wconf 83' lang='lat' dir='ltr'><strong>constituta.</strong></span> 
     </span>
    </p>
   </div>
   <div class='ocr_carea' id='block_1_107' title="bbox 527 5684 2032 5756">
    <p class='ocr_par' dir='ltr' id='par_1_107' title="bbox 527 5684 2032 5756">
     <span class='ocr_line' id='line_1_107' title="bbox 527 5684 2032 5756; baseline 0.001 -16"><span class='ocrx_word' id='word_1_759' title='bbox 527 5686 680 5740; x_wconf 68' lang='lat' dir='ltr'><strong>Vera.</strong></span> <span class='ocrx_word' id='word_1_760' title='bbox 713 5686 801 5740; x_wconf 81' lang='grc'><strong>40.</strong></span> <span class='ocrx_word' id='word_1_761' title='bbox 845 5684 1168 5748; x_wconf 77' lang='lat' dir='ltr'><strong>Destruxisti</strong></span> <span class='ocrx_word' id='word_1_762' title='bbox 1185 5703 1357 5743; x_wconf 79' lang='lat' dir='ltr'><strong>omnes</strong></span> <span class='ocrx_word' id='word_1_763' title='bbox 1385 5687 1635 5743; x_wconf 85' lang='lat' dir='ltr'><strong>macerias</strong></span> <span class='ocrx_word' id='word_1_764' title='bbox 1666 5690 1786 5756; x_wconf 84' lang='lat' dir='ltr'><strong>ejus</strong></span> <span class='ocrx_word' id='word_1_765' title='bbox 1812 5705 1828 5742; x_wconf 93' lang='lat'><em>:</em></span> <span class='ocrx_word' id='word_1_766' title='bbox 1854 5687 2032 5756; x_wconf 81' lang='lat' dir='ltr'><strong>posui-</strong></span> 
     </span>
    </p>
   </div>
   <div class='ocr_carea' id='block_1_108' title="bbox 2139 4574 3757 4646">
    <p class='ocr_par' dir='ltr' id='par_1_108' title="bbox 2139 4574 3757 4646">
     <span class='ocr_line' id='line_1_108' title="bbox 2139 4574 3757 4646; baseline -0.002 -19"><span class='ocrx_word' id='word_1_767' title='bbox 2139 4576 2203 4629; x_wconf 87' lang='lat' dir='ltr'><strong>tis</strong></span> <span class='ocrx_word' id='word_1_768' title='bbox 2233 4574 2509 4628; x_wconf 84' lang='lat' dir='ltr'><strong>sordidum</strong></span> <span class='ocrx_word' id='word_1_769' title='bbox 2559 4575 2843 4641; x_wconf 52' lang='lat' dir='ltr'><strong>resiluebat</strong></span> <span class='ocrx_word' id='word_1_770' title='bbox 2873 4591 2886 4628; x_wconf 94' lang='lat'>:</span> <span class='ocrx_word' id='word_1_771' title='bbox 2920 4591 3052 4644; x_wconf 70' lang='lat' dir='ltr'><strong>(plus</strong></span> <span class='ocrx_word' id='word_1_772' title='bbox 3098 4591 3248 4630; x_wconf 85' lang='lat' dir='ltr'><strong>vero</strong></span> <span class='ocrx_word' id='word_1_773' title='bbox 3282 4580 3354 4630; x_wconf 79' lang='lat' dir='ltr'><strong>ab</strong></span> <span class='ocrx_word' id='word_1_774' title='bbox 3405 4577 3757 4646; x_wconf 76' lang='lat' dir='ltr'><strong>enuuzdations</strong></span> 
     </span>
    </p>
   </div>
   <div class='ocr_carea' id='block_1_109' title="bbox 2135 4665 3757 4732">
    <p class='ocr_par' dir='ltr' id='par_1_109' title="bbox 2135 4665 3757 4732">
     <span class='ocr_line' id='line_1_109' title="bbox 2135 4665 3757 4732; baseline -0.001 -14"><span class='ocrx_word' id='word_1_775' title='bbox 2135 4666 2385 4730; x_wconf 64' lang='lat' dir='ltr'><strong>dissolvit,</strong></span> <span class='ocrx_word' id='word_1_776' title='bbox 2418 4666 2469 4718; x_wconf 91' lang='lat' dir='ltr'><strong>id</strong></span> <span class='ocrx_word' id='word_1_777' title='bbox 2497 4675 2580 4718; x_wconf 81' lang='lat' dir='ltr'><strong>est</strong></span> <span class='ocrx_word' id='word_1_778' title='bbox 2616 4666 2858 4727; x_wconf 84' lang='lat' dir='ltr'><strong>removit.</strong></span> <span class='ocrx_word' id='word_1_779' title='bbox 2905 4665 3002 4718; x_wconf 89' lang='lat' dir='ltr'><strong>hos</strong></span> <span class='ocrx_word' id='word_1_780' title='bbox 3029 4667 3148 4732; x_wconf 80' lang='lat' dir='ltr'><strong>jam</strong></span> <span class='ocrx_word' id='word_1_781' title='bbox 3185 4678 3246 4721; x_wconf 84' lang='lat' dir='ltr'><strong>et</strong></span> <span class='ocrx_word' id='word_1_782' title='bbox 3285 4670 3560 4722; x_wconf 86' lang='lat' dir='ltr'><strong>damnare</strong></span> <span class='ocrx_word' id='word_1_783' title='bbox 3587 4667 3757 4721; x_wconf 57' lang='lat' dir='ltr'><strong>decre</strong></span> 
     </span>
    </p>
   </div>
   <div class='ocr_carea' id='block_1_110' title="bbox 2141 4759 3760 4831">
    <p class='ocr_par' dir='ltr' id='par_1_110' title="bbox 2141 4759 3760 4831">
     <span class='ocr_line' id='line_1_110' title="bbox 2141 4759 3760 4831; baseline 0.001 -20"><span class='ocrx_word' id='word_1_784' title='bbox 2141 4759 2234 4812; x_wconf 90' lang='lat' dir='ltr'><strong>vit.</strong></span> <span class='ocrx_word' id='word_1_785' title='bbox 2279 4759 2615 4828; x_wconf 53' lang='lat' dir='ltr'><strong>Quaproiatvr</strong></span> <span class='ocrx_word' id='word_1_786' title='bbox 2649 4762 2766 4812; x_wconf 84' lang='lat' dir='ltr'><strong>illos</strong></span> <span class='ocrx_word' id='word_1_787' title='bbox 2816 4759 2901 4812; x_wconf 84' lang='lat' dir='ltr'><strong>hic</strong></span> <span class='ocrx_word' id='word_1_788' title='bbox 2931 4760 3218 4828; x_wconf 78' lang='lat' dir='ltr'><strong>Signiﬁcat</strong></span> <span class='ocrx_word' id='word_1_789' title='bbox 3256 4762 3513 4828; x_wconf 68' lang='lat' dir='ltr'><strong>inda-os,</strong></span> <span class='ocrx_word' id='word_1_790' title='bbox 3560 4761 3645 4831; x_wconf 83' lang='lat' dir='ltr'><strong>qui</strong></span> <span class='ocrx_word' id='word_1_791' title='bbox 3672 4760 3760 4814; x_wconf 85' lang='lat' dir='ltr'><strong>0b-</strong></span> 
     </span>
    </p>
   </div>
   <div class='ocr_carea' id='block_1_111' title="bbox 2137 4850 3759 4919">
    <p class='ocr_par' dir='ltr' id='par_1_111' title="bbox 2137 4850 3759 4919">
     <span class='ocr_line' id='line_1_111' title="bbox 2137 4850 3759 4919; baseline -0.002 -15"><span class='ocrx_word' id='word_1_792' title='bbox 2137 4851 2430 4904; x_wconf 82' lang='lat' dir='ltr'><strong>Stinatione</strong></span> <span class='ocrx_word' id='word_1_793' title='bbox 2491 4853 2684 4910; x_wconf 77' lang='lat' dir='ltr'><strong>mentis</strong></span> <span class='ocrx_word' id='word_1_794' title='bbox 2745 4850 3014 4904; x_wconf 76' lang='lat' dir='ltr'><strong>Christum</strong></span> <span class='ocrx_word' id='word_1_795' title='bbox 3082 4868 3383 4919; x_wconf 80' lang='lat' dir='ltr'><strong>spernere</strong></span> <span class='ocrx_word' id='word_1_796' title='bbox 3445 4855 3759 4907; x_wconf 83' lang='lat' dir='ltr'><strong>maluerunt.</strong></span> 
     </span>
    </p>
   </div>
   <div class='ocr_carea' id='block_1_112' title="bbox 2135 4942 3764 5016">
    <p class='ocr_par' dir='ltr' id='par_1_112' title="bbox 2135 4942 3764 5016">
     <span class='ocr_line' id='line_1_112' title="bbox 2135 4942 3764 5016; baseline 0.001 -20"><span class='ocrx_word' id='word_1_797' title='bbox 2135 4942 2298 4998; x_wconf 85' lang='lat' dir='ltr'><strong>Sedes</strong></span> <span class='ocrx_word' id='word_1_798' title='bbox 2341 4959 2552 5013; x_wconf 90' lang='lat' dir='ltr'><strong>quoque</strong></span> <span class='ocrx_word' id='word_1_799' title='bbox 2595 4960 2767 4996; x_wconf 83' lang='lat' dir='ltr'><strong>eorum</strong></span> <span class='ocrx_word' id='word_1_800' title='bbox 2810 4946 2861 4997; x_wconf 85' lang='lat' dir='ltr'><strong>in</strong></span> <span class='ocrx_word' id='word_1_801' title='bbox 2895 4957 3027 4996; x_wconf 78' lang='lat' dir='ltr'><strong>terra</strong></span> <span class='ocrx_word' id='word_1_802' title='bbox 3057 4947 3266 5000; x_wconf 80' lang='lat' dir='ltr'><strong>collisa</strong></span> <span class='ocrx_word' id='word_1_803' title='bbox 3299 4957 3407 5014; x_wconf 86' lang='lat' dir='ltr'><strong>est,</strong></span> <span class='ocrx_word' id='word_1_804' title='bbox 3457 4945 3764 5016; x_wconf 84' lang='lat' dir='ltr'><strong>quandore-</strong></span> 
     </span>
    </p>
   </div>
   <div class='ocr_carea' id='block_1_113' title="bbox 2141 5038 3762 5108">
    <p class='ocr_par' dir='ltr' id='par_1_113' title="bbox 2141 5038 3762 5108">
     <span class='ocr_line' id='line_1_113' title="bbox 2141 5038 3762 5108; baseline -0.002 -18"><span class='ocrx_word' id='word_1_805' title='bbox 2141 5048 2394 5104; x_wconf 78' lang='lat' dir='ltr'><strong>Spuentes</strong></span> <span class='ocrx_word' id='word_1_806' title='bbox 2423 5039 2620 5105; x_wconf 80' lang='lat' dir='ltr'><strong>Regem</strong></span> <span class='ocrx_word' id='word_1_807' title='bbox 2667 5038 3374 5104; x_wconf 68' lang='lat' dir='ltr'><strong>DominumSa’vatorem,</strong></span> <span class='ocrx_word' id='word_1_808' title='bbox 3435 5048 3762 5108; x_wconf 82' lang='lat' dir='ltr'><strong>nequaquam</strong></span> 
     </span>
    </p>
   </div>
   <div class='ocr_carea' id='block_1_114' title="bbox 2137 5128 3762 5197">
    <p class='ocr_par' dir='ltr' id='par_1_114' title="bbox 2137 5128 3762 5197">
     <span class='ocr_line' id='line_1_114' title="bbox 2137 5128 3762 5197; baseline -0.003 -16"><span class='ocrx_word' id='word_1_809' title='bbox 2137 5128 2202 5181; x_wconf 92' lang='lat' dir='ltr'><strong>de</strong></span> <span class='ocrx_word' id='word_1_810' title='bbox 2230 5142 2387 5196; x_wconf 80' lang='lat' dir='ltr'><strong>gcn&#39;e</strong></span> <span class='ocrx_word' id='word_1_811' title='bbox 2419 5143 2512 5181; x_wconf 90' lang='lat' dir='ltr'><strong>sua</strong></span> <span class='ocrx_word' id='word_1_812' title='bbox 2546 5129 2839 5197; x_wconf 83' lang='lat' dir='ltr'><strong>principem</strong></span> <span class='ocrx_word' id='word_1_813' title='bbox 2892 5128 3124 5182; x_wconf 85' lang='lat' dir='ltr'><strong>ulterius</strong></span> <span class='ocrx_word' id='word_1_814' title='bbox 3163 5130 3392 5186; x_wconf 85' lang='lat' dir='ltr'><strong>habere</strong></span> <span class='ocrx_word' id='word_1_815' title='bbox 3438 5134 3762 5185; x_wconf 82' lang='lat' dir='ltr'><strong>meruerunt.</strong></span> 
     </span>
    </p>
   </div>
   <div class='ocr_carea' id='block_1_115' title="bbox 2140 5219 3767 5291">
    <p class='ocr_par' dir='ltr' id='par_1_115' title="bbox 2140 5219 3767 5291">
     <span class='ocr_line' id='line_1_115' title="bbox 2140 5219 3767 5291; baseline -0.003 -17"><span class='ocrx_word' id='word_1_816' title='bbox 2140 5219 2300 5274; x_wconf 71' lang='lat' dir='ltr'><strong>Sedes</strong></span> <span class='ocrx_word' id='word_1_817' title='bbox 2329 5221 2468 5274; x_wconf 90' lang='lat' dir='ltr'><strong>enim</strong></span> <span class='ocrx_word' id='word_1_818' title='bbox 2505 5237 2599 5286; x_wconf 86' lang='lat' dir='ltr'><strong>pro</strong></span> <span class='ocrx_word' id='word_1_819' title='bbox 2629 5233 2793 5290; x_wconf 78' lang='lat' dir='ltr'><strong>regno</strong></span> <span class='ocrx_word' id='word_1_820' title='bbox 2821 5221 2988 5291; x_wconf 88' lang='lat' dir='ltr'><strong>posita</strong></span> <span class='ocrx_word' id='word_1_821' title='bbox 3030 5230 3148 5280; x_wconf 84' lang='lat' dir='ltr'><strong>est.</strong></span> <span class='ocrx_word' id='word_1_822' title='bbox 3186 5238 3324 5291; x_wconf 86' lang='lat' dir='ltr'><strong>quae</strong></span> <span class='ocrx_word' id='word_1_823' title='bbox 3356 5225 3562 5291; x_wconf 83' lang='lat' dir='ltr'><strong>merito</strong></span> <span class='ocrx_word' id='word_1_824' title='bbox 3587 5219 3767 5277; x_wconf 80' lang='lat' dir='ltr'><strong>dicitur</strong></span> 
     </span>
    </p>
   </div>
   <div class='ocr_carea' id='block_1_116' title="bbox 2137 5311 3768 5382">
    <p class='ocr_par' dir='ltr' id='par_1_116' title="bbox 2137 5311 3768 5382">
     <span class='ocr_line' id='line_1_116' title="bbox 2137 5311 3768 5382; baseline 0.002 -19"><span class='ocrx_word' id='word_1_825' title='bbox 2137 5312 2187 5364; x_wconf 88' lang='lat' dir='ltr'><strong>in</strong></span> <span class='ocrx_word' id='word_1_826' title='bbox 2215 5322 2346 5365; x_wconf 84' lang='lat' dir='ltr'><strong>terra</strong></span> <span class='ocrx_word' id='word_1_827' title='bbox 2373 5313 2574 5377; x_wconf 84' lang='lat' dir='ltr'><strong>colliso,</strong></span> <span class='ocrx_word' id='word_1_828' title='bbox 2619 5311 2832 5379; x_wconf 90' lang='lat' dir='ltr'><strong>quando</strong></span> <span class='ocrx_word' id='word_1_829' title='bbox 2879 5311 3088 5364; x_wconf 87' lang='lat' dir='ltr'><strong>divisus</strong></span> <span class='ocrx_word' id='word_1_830' title='bbox 3144 5315 3411 5382; x_wconf 83' lang='lat' dir='ltr'><strong>populus</strong></span> <span class='ocrx_word' id='word_1_831' title='bbox 3458 5323 3622 5370; x_wconf 81' lang='lat' dir='ltr'><strong>atoue</strong></span> <span class='ocrx_word' id='word_1_832' title='bbox 3650 5322 3768 5366; x_wconf 86' lang='lat' dir='ltr'><strong>con-</strong></span> 
     </span>
    </p>
   </div>
   <div class='ocr_carea' id='block_1_117' title="bbox 2138 5402 3512 5473">
    <p class='ocr_par' dir='ltr' id='par_1_117' title="bbox 2138 5402 3512 5473">
     <span class='ocr_line' id='line_1_117' title="bbox 2138 5402 3512 5473; baseline -0.001 -15"><span class='ocrx_word' id='word_1_833' title='bbox 2138 5408 2333 5459; x_wconf 89' lang='lat' dir='ltr'><strong>fractus</strong></span> <span class='ocrx_word' id='word_1_834' title='bbox 2363 5405 2722 5473; x_wconf 87' lang='lat' dir='ltr'><strong>particulatim</strong></span> <span class='ocrx_word' id='word_1_835' title='bbox 2755 5413 2862 5457; x_wconf 89' lang='lat' dir='ltr'><strong>toto</strong></span> <span class='ocrx_word' id='word_1_836' title='bbox 2889 5405 3018 5457; x_wconf 87' lang='lat' dir='ltr'><strong>orbe</strong></span> <span class='ocrx_word' id='word_1_837' title='bbox 3043 5402 3371 5469; x_wconf 70' lang='lat' dir='ltr'><strong>disnersus</strong></span> <span class='ocrx_word' id='word_1_838' title='bbox 3403 5415 3512 5461; x_wconf 86' lang='lat' dir='ltr'><strong>est.</strong></span> 
     </span>
    </p>
   </div>
   <div class='ocr_carea' id='block_1_118' title="bbox 2211 5489 3769 5571">
    <p class='ocr_par' dir='ltr' id='par_1_118' title="bbox 2211 5489 3769 5571">
     <span class='ocr_line' id='line_1_118' title="bbox 2211 5489 3769 5571; baseline -0.005 -21"><span class='ocrx_word' id='word_1_839' title='bbox 2211 5496 2364 5551; x_wconf 79' lang='lat' dir='ltr'><strong>\‘ers.</strong></span> <span class='ocrx_word' id='word_1_840' title='bbox 2396 5497 2484 5552; x_wconf 74' lang='grc'><strong>45.</strong></span> <span class='ocrx_word' id='word_1_841' title='bbox 2532 5496 2802 5550; x_wconf 84' lang='lat' dir='ltr'><strong>Minorasti</strong></span> <span class='ocrx_word' id='word_1_842' title='bbox 2827 5495 2932 5548; x_wconf 76' lang='lat' dir='ltr'><strong>dies</strong></span> <span class='ocrx_word' id='word_1_843' title='bbox 2965 5504 3282 5564; x_wconf 83' lang='lat' dir='ltr'><strong>temporum</strong></span> <span class='ocrx_word' id='word_1_844' title='bbox 3325 5500 3473 5571; x_wconf 82' lang='lat' dir='ltr'><strong>ejus,</strong></span> <span class='ocrx_word' id='word_1_845' title='bbox 3509 5489 3769 5567; x_wconf 72' lang='lat' dir='ltr'><strong>perfudisti</strong></span> 
     </span>
    </p>
   </div>
   <div class='ocr_carea' id='block_1_119' title="bbox 2115 5587 3770 5661">
    <p class='ocr_par' dir='ltr' id='par_1_119' title="bbox 2115 5587 3770 5661">
     <span class='ocr_line' id='line_1_119' title="bbox 2115 5587 3770 5661; baseline -0.004 -17"><span class='ocrx_word' id='word_1_846' title='bbox 2115 5602 2254 5644; x_wconf 79' lang='lat' dir='ltr'><strong>&#39;eum</strong></span> <span class='ocrx_word' id='word_1_847' title='bbox 2279 5591 2596 5661; x_wconf 81' lang='lat' dir='ltr'><strong>confusione.</strong></span> <span class='ocrx_word' id='word_1_848' title='bbox 2638 5591 2818 5643; x_wconf 87' lang='lat' dir='ltr'><strong>Status</strong></span> <span class='ocrx_word' id='word_1_849' title='bbox 2865 5589 2953 5642; x_wconf 89' lang='lat' dir='ltr'><strong>ille</strong></span> <span class='ocrx_word' id='word_1_850' title='bbox 2994 5603 3173 5655; x_wconf 86' lang='lat' dir='ltr'><strong>quem</strong></span> <span class='ocrx_word' id='word_1_851' title='bbox 3213 5592 3474 5647; x_wconf 78' lang='lat' dir='ltr'><strong>diximus</strong></span> <span class='ocrx_word' id='word_1_852' title='bbox 3507 5592 3654 5659; x_wconf 75' lang='lat' dir='ltr'><strong>regni</strong></span> <span class='ocrx_word' id='word_1_853' title='bbox 3683 5587 3770 5640; x_wconf 79' lang='lat' dir='ltr'><strong>Ju-</strong></span> 
     </span>
    </p>
   </div>
   <div class='ocr_carea' id='block_1_120' title="bbox 2143 5680 3849 5754">
    <p class='ocr_par' dir='ltr' id='par_1_120' title="bbox 2143 5680 3849 5754">
     <span class='ocr_line' id='line_1_120' title="bbox 2143 5680 3849 5754; baseline -0.004 -16"><span class='ocrx_word' id='word_1_854' title='bbox 2143 5684 2302 5750; x_wconf 88' lang='lat' dir='ltr'><strong>daici,</strong></span> <span class='ocrx_word' id='word_1_855' title='bbox 2331 5684 2414 5738; x_wconf 86' lang='lat' dir='ltr'><strong>cui</strong></span> <span class='ocrx_word' id='word_1_856' title='bbox 2448 5684 2708 5753; x_wconf 82' lang='lat' dir='ltr'><strong>promissa</strong></span> <span class='ocrx_word' id='word_1_857' title='bbox 2741 5682 2914 5737; x_wconf 85' lang='lat' dir='ltr'><strong>fuerat</strong></span> <span class='ocrx_word' id='word_1_858' title='bbox 2946 5682 3008 5752; x_wconf 84' lang='lat' dir='ltr'><strong>(si</strong></span> <span class='ocrx_word' id='word_1_859' title='bbox 3040 5680 3314 5741; x_wconf 83' lang='lat' dir='ltr'><strong>Domino</strong></span> <span class='ocrx_word' id='word_1_860' title='bbox 3340 5684 3602 5754; x_wconf 78' lang='lat' dir='ltr'><strong>serviret)</strong></span> <span class='ocrx_word' id='word_1_861' title='bbox 3625 5688 3768 5736; x_wconf 61' lang='lat' dir='ltr'><strong>ater-</strong></span> <span class='ocrx_word' id='word_1_862' title='bbox 3844 5715 3849 5718; x_wconf 85' lang='lat'>-</span> 
     </span>
    </p>
   </div>
  </div>
