3952 6162
261 295 343 345 σει
1112 277 1468 348 Εχῑιοειτιῡ
1509 287 1572 340 lN
1625 285 1824 341 rsm

1945 284 2080 337 Eliil.
2121 283 2309 338 PS.\l..
2357 283 2690 337 LXXXVIII.

1711 400 1829 468 quia
1864 404 1907 458 Α
1941 410 2092 448 cesso
2125 407 2202 446 cst
2239 409 2290 447 ttt
2329 396 2424 463 ipsi
2459 397 2662 448 animas
2715 411 2836 448 suas
2886 383 2952 450 de
2999 396 3191 452 inferni
3253 408 3517 468 potestate

258 412 404 466 nitas,
460 418 745 458 mmora’us
795 416 865 456 Pal
920 405 1099 472 utique
1151 404 1339 457 dieb-is
1379 403 1656 465 angustis;

259 499 690 568 pellicitationem
751 498 978 549 Abrahae
1047 497 1362 564 prottiissiui
1423 497 1491 547 ob
1521 497 1664 545 inore
1727 509 1830 544 non

255 593 462 642 mei-nit.
515 591 579 640 lit
624 589 813 642 nterim
857 589 907 640 in
961 588 1271 641 brevitatem
1323 588 1566 638 redactus
1608 594 1707 650 νει,
1744 585 1831 651 qui

251 682 343 735 sibi
380 681 532 733 irrito
563 681 591 733 l-
619 696 773 747 ngam
808 679 1002 731 seriem
1041 678 1380 746 promittebat
1411 691 1694 728 annorum.
1740 674 1834 724 \d-

253 774 370 826 didi;
411 775 599 835 etiam,
651 771 919 840 γει-[καὶδιί
960 787 1070 821 eum
1101 769 1420 833 ίοηςιιδξοιιε,
1474 766 1593 832 quia
1649 764 1833 816 sordes

253 867 362 919 illas
413 865 805 918 incredulitatis
839 879 947 914 sua:
987 863 1039 915 in
1091 863 1222 914 facie
1265 861 1514 924 sustinet,
1572 858 1832 927 hodieque

249 959 366 1010 dum
403 958 543 1008 inter
579 963 766 1021 gentes
791 969 975 1006 omne.
1001 951 1345 1006 abominabili
1397 951 1621 1003 horrore
1649 951 1834 1002 confu-

250 1063 354 1111 sus,
414 1047 465 1099 in
515 1046 659 1098 \‘tilttt
693 1062 791 1098 suo
821 1056 992 1113 ge~tat
1042 1044 1408 1112 opprobrium.
1456 1043 1576 1094 llaec
1616 1041 1829 1108 quidem

248 1139 416 1191 Iit/tan
448 1139 537 1190 ille
568 1138 974 1190 robustissimus
1020 1136 1245 1188 mirabili
1280 1138 1530 1188 varietate
1561 1134 1786 1185 narravit
1815 1147 1829 1196 ;

248 1234 330 1286 scd
385 1233 437 1286 in
495 1233 576 1286 his
627 1232 877 1284 omnilms
923 1247 1026 1282 non
1069 1230 1287 1292 agnoxit
1336 1229 1614 1279 Dotttintttn
1670 1226 1832 1279 fuisse

246 1328 547 1379 mentitum.
594 1324 686 1379 Ille
728 1325 867 1378 enim
917 1322 1058 1392 qttod
1109 1324 1350 1392 promisit
1384 1321 1570 1384 David,
1627 1320 1675 1372 id
1722 1331 1825 1386 c-t,

243 1419 454 1472 Christo
481 1431 601 1480 Suo,
634 1417 884 1469 omnibus
914 1416 1228 1468 Christianis
1266 1413 1530 1466 exhibuit.
1589 1412 1699 1464 Nec
1726 1412 1827 1463 ha-

244 1512 365 1565 bent
399 1509 574 1564 Judtei
605 1525 722 1577 quze
747 1509 887 1577 juste
921 1517 1276 1568 murmurant,
1309 1508 1395 1574 qtti
1444 1522 1499 1558 se
1527 1505 1831 1560 maluerunt

242 1621 266 1657 a
295 1603 660 1672 promissione
707 1604 983 1656 vcris~ima
1042 1604 1049 1670 ξ
1082 1619 1173 1654 ms.
1211 1602 1296 1662 21.,
1329 1595 1606 1667 veritatis]
1650 1612 1830 1664 segre-

238 1713 384 1765 gare.

3417 286 3520 342 642

1940 503 2042 537 non
2075 491 2175 537 aul't
2200 499 2335 552 rant,
2374 488 2474 540 nisi
2509 504 2601 555 per
2633 488 2776 539 iiluut
2813 488 2897 557 qui
2934 504 3030 542 nos
3061 490 3125 542 de
3147 490 3516 547 dominatione

1940 578 2137 630 diabod
2168 578 2383 642 eripuit,
2413 589 2463 629 tfl
2493 587 2715 630 mortem
2750 579 3028 632 tu-rieudo
3063 586 3351 648 prostravit

2011 672 2160 725 Vers.
2196 674 2285 725 49.
2340 673 2436 725 (ibi
2477 684 2594 725 sunt
2626 673 2981 726 misericordia,
3009 685 3104 727 tum
3133 678 3376 743 antiquae,
3411 676 3517 731 Do-

1937 770 2090 832 mine,
2125 771 2252 820 sirut
2289 770 2485 842 jurasti
2539 768 2701 820 David
2747 769 2796 820 in
2848 758 3404 826 veritate-tua?Vcnit
3452 773 3518 826 ad

1937 872 2140 916 sextam
2177 878 2268 929 par
2295 879 2400 923 cui,
2437 861 2522 913 ubi
2558 860 2838 914 Dominum
2889 862 3226 930 deprecatur,
3276 873 3332 916 ut
3372 864 3518 932 genti

1936 955 2146 1008 afflictat
2175 955 2478 1006 etiamnum
2513 955 2814 1007 «auditione
2849 954 2985 1024 [τηε.
3017 955 3104 1019 Α.,
3141 952 3235 1020 F.,
3271 955 3518 1009 humana:

1934 1046 2220 1098 couditiom
2252 1044 2266 1114 j
2303 1045 2658 1114 l‘ragilissimte
2683 1046 2867 1099 debeat
2893 1047 3200 1115 subvenire,
3226 1059 3277 1101 et.
3300 1049 3520 1116 impleat

1937 1139 2320 1205 promissinncs
2379 1153 2515 1206 quas
2558 1153 2616 1191 se
2665 1138 2825 1192 David
2882 1138 3069 1193 fecisse
3113 1140 3385 1194 noscebat.
3422 1139 3519 1195 Ubi

1936 1243 2075 1297 sunt,
2111 1249 2214 1285 non
2245 1232 2344 1285 sub
2373 1233 2420 1284 di
2448 1233 2556 1284 lure
2585 1233 2800 1297 dicitur,
2837 1233 2930 1284 sed
2975 1236 3122 1301 quasi
3157 1233 3372 1286 tardans
3416 1235 3518 1288 Do-

1941 1322 2116 1379 minus
2146 1322 2464 1388 postulatur.
2509 1321 2640 1374 Nam
2669 1322 3116 1390 quemadmodum
3147 1323 3213 1377 de
3241 1323 3338 1376 illo
3362 1324 3518 1377 dubi-

1934 1421 2087 1475 taret,
2117 1412 2200 1465 cui
2227 1412 2440 1474 dicitur,
2473 1413 2522 1463 in
2554 1412 2765 1464 veritate
2788 1423 2873 1462 tua
2900 1429 2917 1475 ,-
2950 1412 3154 1466 scilicet
3183 1423 3239 1464 ut
3259 1414 3369 1465 cito
3394 1427 3521 1480 prte-

1933 1511 2031 1554 stct
2063 1503 2203 1568 quod
2237 1518 2356 1555 eum
2390 1513 2608 1555 noverat
2631 1518 2748 1554 esse
2780 1507 3057 1556 iacturum.
3094 1504 3342 1570 Antiquos
3373 1504 3514 1559 enim

1923 1596 2312 1666 otism-{oordias
2361 1596 2477 1648 illas
2531 1594 2688 1657 dicit,
2739 1609 2870 1662 quas
2922 1596 3148 1649 Abrahr
3197 1597 3514 1664 patriarcha:

1934 1691 2121 1745 fet-isse
2152 1692 2456 1753 retinebat;
2507 1692 2743 1756 antiquas
2792 1691 2933 1744 enim
2987 1705 3091 1744 non
3137 1692 3363 1756 diceret,
3411 1691 3514 1746 nisi

306 1789 468 1842 \‘crs.
523 1787 612 1842 46.
659 1786 952 1856 Usquequo,
1004 1781 1236 1845 Domine,
1286 1782 1468 1834 avertis
1517 1781 1570 1834 in
1630 1781 1824 1846 ﬁnem:
1860 1779 1898 1837 Β
1931 1799 2054 1838 antu
2087 1786 2331 1838 Davidica
2367 1796 2602 1851 tempora
2635 1785 2800 1837 factas
2826 1798 2946 1838 esse
2976 1793 3345 1852 cognosceret.

237 1881 534 1934 exardeseet
557 1882 688 1933 sicut
708 1879 840 1949 ignis
867 1879 944 1930 ira
966 1885 1052 1928 tua
1078 1877 1100 1928 ?
1130 1875 1300 1928 Ethan
1328 1876 1470 1928 venit
1495 1875 1555 1927 ad
1587 1875 1821 1943 quintam

235 1983 467 2042 partem,
523 1974 609 2026 ubi
663 1973 943 2025 Dominum
998 1967 1233 2022 breviter
1283 1976 1453 2037 rogat.
1507 1980 1556 2019 ut
1601 1965 1824 2020 Juduico

233 2068 433 2133 populo
491 2066 778 2117 miseratus
829 2061 1144 2128 indulgeat;
1212 2058 1332 2126 quia
1391 2057 1566 2110 nulltts
1609 2067 1688 2109 est
1737 2057 1825 2124 qui

231 2156 470 2209 animum
526 2155 691 2222 possit
743 2153 813 2206 ab
855 2151 1065 2206 inferno
1114 2150 1361 2203 liberare.
1406 2149 1472 2201 In
1517 2149 1666 2217 ﬁnem
1715 2148 1820 2216 hic,

234 2249 420 2300 smeuli
454 2247 745 2300 terminum
780 2245 1036 2298 debemus
1068 2242 1374 2304 advertere,
1416 2241 1630 2309 quando
1661 2241 1826 2309 (sicut

228 2351 372 2404 saepe
424 2335 632 2390 drctum
677 2333 780 2404 est)
833 2332 1497 2399 exspectatur-innumera
1545 2330 1826 2383 conversio

229 2428 569 2492 Iudaeorum,
606 2436 824 2495 propter
867 2423 996 2477 illttd
1026 2421 1166 2492 quod
1213 2422 1287 2473 ait
1320 2420 1647 2489 Apostolus:
1690 2420 1824 2485 Quia

229 2521 435 2572 recitas
467 2535 532 2571 ex
562 2526 704 2586 parte
734 2515 903 2570 Israel
944 2515 1178 2581 contigit,
1228 2511 1388 2564 donec
1418 2511 1680 2578 plenitudo
1706 2526 1822 2579 gen-

227 2612 346 2661 tium
381 2611 626 2672 intraret,
679 2617 726 2660 et
767 2607 838 2659 sic
870 2605 1046 2658 omnis
1076 2602 1242 2655 Israel
1271 2601 1438 2654 salvus
1476 2601 1616 2669 ﬁeret
1645 2599 1821 2668 (Rom.

226 2716 295 2766 si,
329 2699 454 2768 25').
505 2675 680 2769 Rogat
716 2712 866 2765 ergo,
908 2711 975 2750 ne
1027 2696 1079 2747 in
1107 2695 1258 2762 ﬁnem
1290 2698 1563 2753 avertatur,
1608 2691 1825 2761 quando

224 2801 585 2858 exspectatur
618 2789 788 2843 fidelis
813 2787 1011 2856 agnitio
1032 2785 1364 2839 Judzeorum.
1405 2774 1642 2846 Addidit,
1674 2798 1824 2836 exar-

223 2881 395 2934 descet
445 2884 579 2933 sicut
635 2879 764 2950 ignis
810 2879 887 2930 ira
944 2886 1053 2931 tua.
1117 2875 1400 2928 Irascimur
1451 2873 1815 2938 mediocriter,

223 2972 442 3041 quando
485 2973 720 3038 aliquem
772 2982 1016 3022 sermone
1044 2966 1397 3033 corripimus:
1446 2964 1823 3016 extrttescimus

223 3071 404 3117 autem
438 3064 550 3126 ira,
577 3077 699 3114 cum
723 3060 992 3114 vindicare
1013 3056 1365 3125 disponimus.
1399 3054 1610 3124 Adiecit
1633 3055 1816 3120 etiam,

219 3157 367 3214 Sicut
405 3157 566 3227 ignis,
600 3157 687 3224 qui
720 3153 929 3221 objecta
956 3150 1241 3206 consumit.
1655 3217 1658 3220 ί

290 3252 462 3306 Vels.
498 3250 587 3302 47.
635 3246 941 3308 Memorare,
975 3244 1211 3309 Domine,
1245 3257 1359 3311 qua:
1393 3257 1504 3292 mea
1532 3239 1823 3293 substantia

217 3342 354 3414 [θύη
400 3343 556 3411 justit
581 3339 637 3410 α]
664 3359 676 3392 :
709 3356 808 3393 non
836 3339 968 3392 enim
1001 3351 1127 3390 vane
1156 3333 1465 3388 constituisti
1497 3334 1632 3401 ﬁlios
1663 3334 1825 3385 homi-

219 3456 364 3492 num.
425 3438 526 3491 ille
577 3435 745 3488 Ethan
791 3432 986 3487 mentis
1035 3428 1286 3482 [trinitate
1335 3427 1617 3480 roboratus
1671 3435 1822 3494 rogat

219 3534 548 3594 Dominum,
600 3538 660 3582 ut
691 3528 844 3580 istam
890 3538 1104 3578 carnem
1140 3520 1373 3590 peccatis
1415 3519 1698 3571 obnoxiam
1730 3517 1822 3572 ad-

217 3636 418 3678 ventus
440 3623 528 3676 sui
550 3619 721 3690 gloria
755 3617 982 3670 liberare
1011 3615 1258 3683 dignetur
1283 3627 1296 3676 ;
1342 3610 1462 3678 quia
1492 3624 1596 3662 non
1646 3619 1726 3663 est
1755 3607 1819 3661 ad

217 3718 318 3770 hoc
353 3731 456 3770 cre
498 3724 571 3776 ta,
601 3720 658 3763 ut
698 3725 816 3763 eam
849 3705 1183 3776 permitteret
1213 3700 1364 3770 quasi
1393 3716 1582 3754 vanum
1616 3699 1817 3767 aliquid

216 3811 474 3863 interire.
521 3805 651 3858 Nam
703 3817 821 3856 cum
865 3813 1068 3853 memor
1114 3796 1211 3849 fuit
1251 3793 1568 3847 substantia:
1601 3800 1818 3855 nostrsr,

213 3914 262 3955 et
297 3917 327 3952 a
366 3907 554 3952 morte
587 3894 726 3948 filios
748 3890 1022 3944 hominum
1065 3885 1281 3954 eripuit,
1313 3891 1366 3937 et
1403 3882 1453 3936 in
1486 3897 1582 3951 spe
1615 3897 1820 3950 magnae

213 3989 587 4047 beatitudinis
614 3982 914 4037 collocavit.

293 4081 459 4132 \i’ers.
497 4077 589 4130 48.
634 4074 757 4140 Quis
798 4081 870 4125 est
911 4069 1060 4121 homo
1111 4068 1197 4135 qui
1226 4064 1359 4126 vivit,
1415 4071 1460 4115 et
1502 4078 1600 4113 non
1632 4060 1819 4112 videbit

211 4184 442 4226 mortem
468 4172 494 4224 ξ)
520 4177 606 4220 aut
635 4167 746 4234 quis
774 4173 914 4216 eruet
946 4163 963 4231 [
987 4161 1098 4221 ed.,
1127 4159 1256 4212 eruit
1280 4155 1298 4228 ]
1330 4155 1552 4208 animant
1589 4168 1736 4206 suam
1761 4152 1823 4204 de

2005 1878 2153 1930 Vers.
2185 1879 2271 1932 50.
2316 1877 2510 1930 Memor
2542 1885 2646 1929 esto
2690 1877 2949 1945 opprobrii
2993 1893 3249 1930 seruorum
3281 1887 3508 1941 tuorum,

1929 1972 2064 2038 quod
2092 1973 2312 2022 continu"
2343 1971 2391 2021 in
2417 1970 2529 2021 sinu
2575 1985 2706 2032 meo,
2749 1968 3031 2021 ntultq'um
3078 1970 3324 2038 gentium.
3364 1967 3511 2022 Ordo

1929 2063 2210 2114 vet-horum
2246 2061 2366 2113 tilis
2393 2069 2496 2120 est,
2527 2059 2726 2112 Memor
2766 2066 2882 2111 esto
2922 2057 3196 2126 opprotirii
3225 2072 3508 2112 servorum

1931 2160 2164 2216 tuorum,
2199 2152 2247 2204 id
2281 2164 2360 2206 ρει
2389 2153 2676 2204 multarum
2707 2153 2966 2220 gentium,
3011 2150 3152 2220 quod
3185 2151 3420 2205 continui
3459 2151 3511 2206 in

1929 2247 2046 2297 siuu
2082 2259 2221 2298 meo.
2266 2244 2341 2297 illi
2373 2244 2604 2297 dicitur:
2643 2243 2838 2297 Memor
2859 2252 2986 2308 esto,
3017 2243 3099 2296 cui
3126 2253 3393 2298 transacta
3427 2243 3510 2298 vel

1931 2337 2103 2388 futura
2153 2336 2432 2404 praesentit
2483 2343 2626 2387 sunt.
2667 2334 2772 2388 Sed
2818 2349 2967 2388 more
3013 2335 3358 2387 ltumanitat's
3405 2333 3508 2388 hoc

1929 2426 2142 2488 dicitur,
2173 2427 2292 2495 quia
2318 2426 2600 2490 Dominus,
2643 2426 2768 2479 dum
2801 2435 3057 2494 prmstare
3083 2425 3278 2491 diﬂ‘ert,
3312 2426 3513 2481 oblitus

1929 2519 2093 2573 fuisse
2145 2521 2436 2587 iudicatur.
2500 2521 2849 2586 Opprobrittnt
2901 2535 3028 2573 vero
3071 2519 3295 2589 contigit
3343 2519 3514 2573 servis

1931 2611 2044 2674 Dei,
2076 2611 2292 2680 quando
2321 2611 2566 2680 genibus
2598 2611 2858 2666 idolorttm
2883 2625 3066 2664 amore
3089 2609 3333 2678 raptatis,
3362 2616 3514 2665 erant

1928 2717 2026 2772 pro
2054 2703 2279 2756 crimine
2309 2702 2629 2767 Christiani,
2663 2713 2716 2758 et
2746 2703 3078 2757 insecutione
3103 2702 3297 2772 dignos
3318 2702 3514 2770 judica-

1929 2795 2076 2860 bant,
2107 2811 2238 2864 quos
2265 2811 2414 2848 nova:
2445 2797 2667 2848 cultura:
2689 2795 2958 2848 studiosos
2981 2809 3102 2848 esse
3131 2801 3511 2859 cognoverant.

1929 2887 2039 2943 Hoc
2081 2899 2194 2944 erat
2241 2891 2293 2941 in
2339 2890 2453 2942 sinu
2495 2887 2942 2950 Christianorum,
2984 2888 3041 2941 id
3082 2895 3166 2941 est
3210 2888 3260 2940 in
3287 2893 3500 2940 secreto

1927 2983 2121 3032 mentis
2169 2979 2402 3044 affectu,
2452 2981 2574 3046 quia
2628 2979 2800 3047 palam
2848 2977 3107 3030 timebant.
3155 2975 3321 3046 loqui,
3365 2976 3508 3032 unde

1927 3068 2291 3136 probabantur
2314 3069 2603 3134 exstingui.

1845 3158 1890 3220 C
1994 3155 2147 3209 Vers.
2290 3156 2438 3220 Quod
2461 3157 2892 3226 exprobrauerunt
2911 3158 3109 3212 inimici
3129 3161 3228 3222 tui,
3248 3159 3472 3213 Domine
3491 3172 3512 3212 :

1927 3249 2062 3315 quod
2087 3248 2518 3313 exprobrauerunt
2552 3251 2996 3301 commutationem
3025 3249 3214 3304 Christi
3259 3251 3354 3302 tui.
3405 3249 3514 3303 Ex-

1927 3338 2077 3407 ponit
2128 3339 2266 3406 quod
2317 3342 2561 3406 superius
2611 3339 2744 3392 dixit
2789 3357 2801 3393 :
2853 3343 3186 3410 opprobrium
3237 3343 3514 3394 multarunt

1925 3429 2172 3498 gentium.
2203 3428 2650 3497 Exprobrareruut
2675 3431 2815 3484 enim
2839 3433 2937 3484 sub
2965 3432 3312 3499 imputatione
3339 3432 3516 3502 legen—

1925 3521 2050 3573 dum
2083 3531 2182 3584 est,
2239 3522 2286 3573 id
2336 3530 2418 3574 est
2451 3523 2872 3590 inmutaverunt,
2904 3524 3044 3590 quod
3079 3524 3249 3591 magis
3291 3522 3514 3577 credere

1927 3626 1989 3664 ac
2018 3610 2314 3679 prmdicarc
2344 3612 2671 3667 debuissent.
2713 3612 2815 3667 Sed
2850 3628 2916 3667 ne
2945 3613 3170 3668 haberes
3197 3612 3510 3682 ambiguum

1925 3715 1952 3752 a
1984 3700 2173 3768 quibus
2205 3702 2299 3752 ista
2328 3701 2652 3766 dicerentur,
2681 3702 2906 3765 addidit,
2927 3704 3119 3755 inimici
3147 3705 3243 3765 tui,
3277 3702 3510 3769 Domine,

1927 3790 1978 3842 id
2018 3799 2098 3844 e.-.t
2147 3791 2409 3844 idolorum
2457 3795 2712 3855 cultores,
2757 3795 2844 3862 qui
2878 3796 3353 3862 prmdicationibus
3384 3811 3510 3850 san-

1927 3883 2026 3936 ctis
2061 3883 2345 3936 adversum
2380 3884 2455 3937 ire
2489 3887 2659 3938 modis
2707 3873 2955 3941 omnibus
3000 3888 3351 3946 festinabant.
3402 3890 3510 3944 Re-

1926 3979 2057 4043 petit
2080 3991 2306 4042 quoque,
2335 3978 2470 4040 «mod
2491 3976 2934 4045 exprobrauerunt,
2961 3978 3024 4030 ad
3049 3980 3512 4046 exaggerationem

1926 4068 2145 4120 sceleris
2185 4067 2344 4138 305
2378 4083 2560 4119 eorum
2588 4085 2600 4131 ;
2648 4077 2703 4120 ut
2749 4069 3193 4120 commutationem
3223 4067 3422 4122 Christi
3455 4068 3512 4124 ﬂ-

1928 4158 2133 4210 delibus
2162 4159 2502 4223 imputarent,
2535 4174 2692 4225 quam
2718 4173 2924 4211 summa
2960 4159 3137 4212 colere
3162 4160 3510 4215 veneratione

1928 4247 2257 4301 debuissent.
2301 4247 2639 4301 Commutatio
2689 4264 2813 4302 vero
2842 4249 3031 4301 Christi
3059 4258 3160 4312 cst,
3208 4249 3328 4316 quia
3361 4258 3511 4304 vete-

206 4281 378 4318 ruarsu
416 4260 619 4328 inferi?
652 4256 779 4321 Quis
818 4254 937 4307 est?
982 4249 1360 4320 interrogative
1404 4243 1683 4308 legendum
1718 4252 1821 4298 est.

206 4354 347 4419 Qua
383 4353 560 4420 figura
590 4347 784 4401 dicitur
815 4354 1076 4405 erotema,
1121 4341 1170 4394 id
1197 4351 1276 4393 est
1309 4337 1656 4406 interrogatio
1685 4353 1697 4387 :
1736 4335 1824 4387 ubi
1933 4354 2043 4392 rem
2073 4337 2340 4390 hominem
2373 4339 2422 4390 in
2454 4354 2650 4392 novam
2679 4339 2900 4408 gratiam
2937 4340 3352 4409 regenerationis
3387 4355 3511 4393 evo-

204 4438 666 4498 subaudieudum
719 4445 830 4496 est,
883 4433 1078 4486 nullus.
1139 4429 1338 4484 Omnes
1389 4427 1529 4481 enim
1578 4427 1823 4480 homines
1929 4428 2090 4491 cavit,
2133 4436 2190 4480 et
2236 4428 2303 4481 de
2357 4427 2590 4480 tenebris
2640 4440 2975 4497 peccatorum
3006 4429 3070 4482 ad
3101 4445 3242 4484 vera:
3277 4428 3397 4483 fidei
3429 4428 3511 4484 lu-

206 4537 331 4590 sive
377 4529 546 4600 justi,
595 4529 707 4580 sive
754 4536 1082 4594 peccatores,
1111 4531 1336 4573 mortem
1387 4517 1658 4582 vidvbzmt,
1708 4532 1824 4585 quae
1861 4536 1904 4594 ι)
1931 4534 2050 4571 men
2083 4535 2252 4587 usque
2285 4519 2566 4586 perduxit:
2601 4521 2720 4588 quia
2757 4522 2965 4572 mortali
3013 4521 3214 4574 homini
3261 4522 3513 4588 perennis

205 4628 404 4700 primo
448 4621 650 4677 homini
686 4618 882 4672 inflicta
904 4625 985 4670 est
1019 4615 1132 4681 lege
1164 4612 1365 4679 peccati
1394 4627 1407 4674 ;
1439 4611 1576 4663 sient
1600 4609 1824 4676 Aposto—
1934 4609 2051 4659 vine
2077 4608 2264 4675 gaudia
2299 4608 2615 4677 prtepar..vit
2639 4625 2652 4672 ;
2679 4618 2731 4662 et
2766 4611 2843 4661 his
2867 4609 3080 4673 similia,
3107 4625 3225 4678 qua;
3255 4611 3514 4666 υοηιεηηε

202 4697 293 4773 ius
321 4718 517 4770 dicat:
559 4711 840 4780 Propterea
868 4707 994 4759 sicut
1028 4721 1116 4774 per
1138 4720 1293 4756 unum
1326 4701 1582 4752 hominem
1616 4701 1668 4752 in
1690 4699 1824 4751 hunc
1936 4707 2114 4752 noster
2157 4697 2400 4751 Christus
2452 4701 2825 4768 peccatur-ibus
2875 4701 3080 4754 donare
3109 4699 3360 4770 dignatus
3403 4712 3508 4758 est.

198 4809 487 4862 mundum
515 4812 778 4874 peccatum
810 4799 1036 4880 iptravit,
1066 4806 1110 4847 ct
1137 4812 1224 4862 per
1257 4803 1516 4862 peccatum
1547 4808 1702 4856 mors,
1750 4793 1822 4845 ita
1932 4788 2046 4858 Ipsa
2068 4799 2149 4843 est
2177 4791 2503 4842 commutatio
2530 4789 2743 4856 Christi,
2773 4805 2890 4859 qua:
2917 4792 3212 4845 obStinatos
3243 4792 3509 4860 deseruit,

195 4903 252 4953 iss
282 4913 494 4953 omnes
515 4894 740 4947 homines
774 4879 905 4942 mors
937 4887 1251 4958 pertransiit,
1287 4887 1338 4938 in
1367 4901 1468 4953 quo
1497 4899 1670 4935 omnes
1705 4899 1821 4950 pec-
1930 4891 1982 4932 et
2012 4879 2191 4932 fideles
2228 4880 2370 4933 dono
2399 4895 2507 4934 sua:
2541 4881 2748 4948 pie!:.lis
2776 4881 2979 4934 35cm“,

195 4973 482 5044 caverunt
514 4985 690 5053 (Rom.
726 5000 777 5044 ν,
820 4980 926 5048 1‘2).
949 4980 1078 5045 Qum
1107 4993 1245 5030 nunc
1273 4975 1392 5029 idco
1415 4985 1819 5040 commemorat,
2007 4970 2160 5023 Vers.
2188 4970 2276 5023 5:2.
2322 4969 2626 5024 Benedictus
2675 4971 2927 5024 Dominus
2968 4973 3022 5023 in
3063 4980 3352 5027 aternum:
3394 4973 3508 5042 ﬁat,

193 5093 256 5136 ut
287 5074 716 5135 calamitatibus
743 5072 855 5126 suis
887 5067 1305 5123 miscricordiam
1327 5066 1595 5119 Creatoris
1615 5081 1820 5119 merea-
1935 5060 2048 5128 ﬁat.
2092 5059 2216 5112 Post
2245 5061 2387 5113 illam
2410 5061 2767 5115 felicissimam
2807 5061 2939 5133 [ηπ.
2971 5061 3060 5129 6.,
3105 5063 3512 5138 fidelissimam]

190 5186 292 5226 tur
329 5170 592 5222 humana
622 5163 878 5217 conditio.
925 5160 1074 5216 Unde
1112 5159 1199 5228 qui
1233 5157 1498 5226 originale
1547 5166 1821 5223 precatum
1933 5153 2431 5222 sanctissimamque
2480 5155 2955 5208 commutationem
2984 5196 2998 5216 ,
3043 5154 3256 5225 dignum
3310 5155 3403 5210 fuit
3452 5167 3512 5211 ut

191 5265 355 5321 mala
417 5257 845 5329 presumptione
874 5253 1102 5308 credere
1137 5250 1346 5311 nolunt,
1377 5255 1575 5313 quanto
1607 5263 1664 5301 se
1695 5246 1826 5300 lilie-
1936 5242 2051 5295 laus
2087 5243 2292 5296 Domini
2327 5245 2664 5308 subderetur,
2690 5249 2775 5312 qui
2807 5261 2924 5300 eam
2956 5247 3239 5302 iuuneritis
3267 5250 3513 5316 agnosci-

191 5369 295 5408 res
317 5351 410 5406 ab
464 5345 563 5401 hac
587 5343 891 5401 conditione
928 5342 1133 5403 dicunt,
1171 5347 1316 5393 tanto
1348 5338 1574 5403 amplius
1607 5337 1826 5390 inisera-
1936 5343 2019 5387 tur
2079 5336 2372 5389 contulisse
2438 5338 2767 5391 mortalibus.
2820 5337 3050 5393 Pulchre
3097 5349 3274 5393 autem
3322 5350 3510 5395 contra

188 5444 295 5502 bili
345 5446 524 5496 sorte
567 5436 1018 5503 coostringuntur.
1107 5429 1372 5498 Sequitur,
1405 5436 1493 5478 aut
1534 5427 1644 5493 quis
1689 5435 1828 5478 eruet
1932 5426 2332 5480 maledictiones
2385 5429 2660 5496 gentilium
2728 5430 3054 5497 temporales
3105 5429 3335 5497 positum
3399 5422 3510 5495 est,

182 5535 474 5589 animum
501 5542 642 5580 suam
663 5525 724 5579 de
758 5540 911 5577 manu
942 5521 1138 5590 inferi?
1169 5520 1233 5572 Et
1276 5518 1360 5571 hic
1390 5531 1596 5585 quoque
1632 5516 1828 5568 suban-
1931 5514 2231 5569 Benedictus
2273 5515 2525 5572 Dominus
2558 5521 2610 5572 in
2640 5530 2886 5573 (uernum
2913 5535 2932 5572 :
2968 5521 3221 5588 quoniam
3265 5535 3384 5589 quae
3426 5521 3508 5576 di-

189 5621 505 5683 dit-udum
533 5626 636 5682 est,
687 5615 883 5682 nullus.
929 5613 1004 5667 De
1035 5627 1210 5672 manu,
1262 5609 1310 5662 id
1343 5619 1424 5663 est
1456 5607 1525 5661 de
1567 5616 1828 5675 potestate
1929 5615 2056 5659 eunt
2098 5605 2171 5659 illi
2212 5607 2409 5661 caduca
2455 5621 2620 5674 sunt;
2669 5611 2783 5664 laus
2814 5611 2955 5664 enim
2987 5609 3200 5665 Domini
3233 5621 3508 5680 permanet

183 5713 403 5772 interi.
453 5705 586 5762 Nam
610 5721 729 5762 cum
755 5719 942 5760 omnes
975 5701 1219 5757 homines
1244 5699 1374 5753 mori
1403 5697 1698 5765 contingat,
1732 5711 1826 5751 ne-
1931 5696 1982 5751 in
2015 5705 2294 5766 :cternum,
2328 5698 2450 5767 quia
2483 5702 2605 5754 talia
2639 5702 2834 5757 donare
2865 5702 3032 5772 novit,
3073 5717 3188 5771 qmc
3221 5703 3367 5759 nullo
3402 5704 3506 5762 ftne
