3952 6162
489 189 594 246 645

1709 183 1776 234 lii.
1821 181 2098 234 AbliELll
2137 175 2536 232 CASSIODORI

3609 191 3692 245 Gil

491 305 824 364 dauduntur.
865 302 1134 371 Sequitur,
1171 299 1282 367 fiat,
1311 297 1428 366 ﬁat,
1459 304 1517 349 ut
1552 295 1620 349 de
1647 295 1804 348 tantis
1837 294 2071 362 promis-
2101 315 2150 371 Α
2179 291 2342 347 fuisse
2373 293 2700 347 Testamcnti
2755 292 2978 356 Veteris,
3029 301 3082 347 et
3124 291 3428 361 prophetam
3457 297 3592 354 Novi.
3631 303 3698 360 ne

489 397 726 452 sionibns
779 409 935 448 nemo
980 392 1280 454 dubitaret,
1345 387 1436 442 ubi
1494 387 1831 442 conlirmatio
1879 385 2070 438 iterata

491 490 826 550 succederet,
876 498 926 538 et
977 494 1227 552 tanquam
1275 480 1598 550 subscriptio
1643 478 1764 532 boni
1812 477 2070 548 principis

491 581 660 634 sacris
687 577 1024 649 jussiouibus
1051 576 1360 630 adderetur.
1390 575 1496 630 Sed
1527 573 1628 626 hoc
1653 571 1820 641 magis
1845 569 1908 622 ad
1941 571 2072 638 psal-

491 685 700 724 morum
746 671 952 724 laudem
987 669 1244 722 debemus
1274 669 1538 738 accipere,
1597 681 1701 720 non
1751 664 1913 736 (sicut
1955 661 2074 732 qui—

490 763 713 818 busdam
739 764 912 818 visum
945 761 1048 832 θμι)
1079 765 1144 817 ad
1173 763 1324 816 liberi
1351 764 1581 832 aliquam
1613 762 1927 816 sectionem.

1022 877 1294 932 Conclusio
1326 877 1534 946 psalmi.

557 992 602 1044 Ο
625 1007 748 1045 vere
777 992 1052 1045 robustum
1081 991 1229 1044 illum
1279 990 1452 1042 Ethan
1484 1004 1586 1042 non
1617 987 1854 1056 corporis
1887 987 2073 1038 valitu-

487 1083 631 1148 dine,
661 1083 754 1138 sed
787 1083 978 1136 animae
1005 1081 1150 1155 [ed.,
1200 1078 1404 1150 animi]
1439 1080 1688 1132 firmitate
1712 1087 2068 1138 constantem,

487 1175 580 1244 qui
607 1188 928 1244 prmceptum
953 1175 1107 1228 nobis
1138 1177 1258 1228 vita:
1283 1173 1640 1241 subscriptum
1671 1171 1736 1224 de
1765 1170 1872 1224 illis
1902 1168 2070 1223 sacris

487 1267 741 1321 altaiibus
795 1277 1042 1332 tanquam
1087 1265 1433 1320 lidelissimus
1465 1263 1678 1316 humani
1709 1262 1919 1330 generis
1953 1276 2070 1325 pro-

487 1368 702 1410 ctratnr
743 1357 1021 1426 explicuit.
1079 1355 1227 1409 Nunc
1273 1369 1487 1408 oremus
1538 1362 1613 1418 ut,
1657 1353 1798 1419 quod
1847 1351 2067 1404 auribus

485 1447 830 1515 percipimus,
864 1455 1042 1501 mente
1065 1445 1376 1500 condamus.
1419 1443 1507 1498 Sic
1539 1445 1680 1498 enim
1713 1441 1938 1496 victoria
1967 1457 2070 1494 no—

487 1551 594 1594 stra
657 1545 943 1612 peragitur,
1001 1543 1043 1594 si
1103 1549 1222 1610 post
1279 1539 1404 1592 talia
1456 1551 1608 1592 sacra
1645 1553 1750 1590 non
1781 1536 2066 1590 adversum

487 1639 792 1696 extraneos,
821 1633 914 1686 sed
946 1639 1132 1684 contra
1161 1638 1340 1683 nostra
1389 1629 1518 1682 vitia
1558 1627 1868 1696 litigamus;
1899 1635 1954 1680 et
1984 1640 2070 1679 re-

485 1735 740 1793 spuentes
778 1740 896 1792 qua:
949 1732 1074 1777 sunt
1123 1732 1356 1784 terrena,
1417 1735 1719 1790 quaeramus
1749 1719 1864 1770 sine
1893 1716 2068 1788 aliqua

483 1813 825 1866 cunctatione
860 1813 1120 1866 coelestia.
1160 1811 1531 1877 luterpretatio
1575 1809 1716 1862 enim
1769 1807 1921 1860 istius
1967 1822 2066 1859 no-

483 1905 646 1958 minis
679 1906 864 1959 lideles
889 1913 944 1958 et
972 1906 1241 1973 patientes
1270 1910 1577 1956 commonet
1617 1898 1975 1962 Christianos,
2009 1903 2068 1951 ut

483 2001 632 2054 nulla
682 2001 1002 2070 adversitatc
1049 1999 1394 2066 frangantur,
1443 1995 1576 2048 sicut
1635 1992 1924 2062 Apostolus
1971 1992 2063 2058 ait,

483 2091 642 2162 hujus
665 2093 952 2144 maximum
977 2091 1186 2144 virtutis
1209 2089 1510 2155 exemplum
1534 2103 1547 2151 ;
1574 2087 1640 2140 de
1661 2101 1720 2140 se
1745 2086 1887 2139 enim
1904 2083 2065 2138 dicit:

483 2183 549 2238 In
579 2185 840 2238 laboribus
869 2183 1126 2251 plurimis,
1175 2183 1226 2232 in
1265 2181 1550 2233 carceribus
1599 2177 1965 2239 abundantius,
2015 2175 2067 2227 in

483 2277 646 2347 plagis
671 2293 829 2346 supra
867 2276 1100 2338 modum,
1141 2274 1194 2325 in
1238 2273 1484 2326 mortibus
1530 2271 1864 2340 frequentius.
1899 2271 1942 2320 Α
1965 2267 2067 2322 Ju-

482 2369 606 2422 dwis
647 2368 914 2437 quinquies
959 2365 1308 2434 quadragenas
1355 2379 1458 2416 una
1501 2363 1672 2414 minus
1721 2361 1916 2430 accepi.
1969 2359 2066 2413 Ter

481 2460 634 2530 uirgis
661 2475 823 2512 caesus
849 2474 980 2522 sunt,
1009 2457 1162 2511 semel
1186 2456 1445 2524 lapidatus
1476 2471 1611 2519 sum,
1643 2463 1718 2506 ter
1737 2452 2063 2522 naufragium

481 2551 599 2616 feci,
629 2560 776 2604 nocte
819 2559 866 2604 et
907 2551 989 2602 die
1017 2549 1071 2602 in
1109 2547 1364 2616 profundo
1391 2547 1552 2599 maris
1585 2546 1663 2616 fui
1713 2543 1796 2614 (ll
1830 2540 1950 2597 Cor.
1985 2557 2061 2610 xt,

481 2643 569 2710 23,
607 2643 723 2710 24).
769 2642 1074 2710 Sequuntur
1121 2640 1284 2694 etiam
1328 2649 1541 2694 catzteras
1583 2639 1897 2707 passiones,
1943 2651 2062 2702 quze

479 2737 638 2789 istum
670 2733 842 2787 Ethan
882 2747 1044 2800 opere
1097 2732 1263 2801 magis
1312 2745 1469 2800 quam
1507 2732 1724 2784 nomine
1752 2729 2060 2794 compleve-

477 2832 620 2879 runt.
671 2825 770 2888 En,
803 2824 980 2878 'beate
1019 2823 1282 2892 apostole,
1337 2821 1556 2875 honoris
1609 2821 1698 2874 tibi
1745 2817 2059 2878 vicissitudo

479 2915 672 2968 tributa
720 2923 844 2981 est;
898 2924 952 2968 ut
1001 2915 1138 2967 sicut
1167 2923 1408 2968 sanctam
1440 2914 1874 2980 praedicationem
1919 2921 2061 2964 tuam

479 3008 803 3072 psalmorum
847 3009 1188 3060 attestatione
1244 3005 1494 3070 ﬁrmasti,
1537 3008 1606 3058 ita
1663 3015 1715 3058 et
1765 3005 1953 3072 psalmi
1995 3003 2062 3055 de

475 3099 580 3156 suis
611 3101 864 3169 operibus
893 3109 1255 3168 exponentur.

694 3211 1060 3269 EXI‘OSI'HO
1091 3212 1156 3266 IN
1187 3209 1510 3280 PSALMUM
1551 3209 1840 3264 LXXXIX.

873 3325 1052 3378 Oratio
1087 3323 1253 3394 Moysi
1279 3323 1498 3376 hominis
1523 3321 1635 3375 Dei.

549 3417 664 3472 Non
693 3424 777 3471 est
798 3416 1020 3470 dubium
1048 3415 1206 3484 (sicut
1229 3429 1370 3483 smpe
1395 3412 1656 3482 diximus)
1685 3412 1806 3465 talia
1839 3411 2053 3467 nomina

474 3508 643 3562 titulis
674 3507 936 3570 adhiberi,
985 3521 1104 3576 qua:
1143 3513 1343 3559 textum
1377 3507 1702 3572 psalmorum
1743 3503 2056 3572 interpreta-

473 3600 618 3654 tione
648 3613 741 3652 sua
774 3599 1054 3650 videantur
1078 3595 1308 3664 aperire.
1353 3596 1404 3649 ln
1437 3597 1623 3663 primis
1665 3596 1826 3647 oratio
1874 3595 2043 3663 posita

469 3695 570 3753 est,
607 3704 700 3758 per
729 3675 884 3756 quam
915 3687 988 3738 ira
1025 3685 1234 3738 Domini
1266 3686 1630 3753 suspenditur,
1667 3686 1819 3740 venia
1853 3701 2046 3754 procu-

469 3787 640 3844 ratur,
676 3794 827 3848 poena
863 3777 1138 3845 relugitur,
1181 3785 1236 3830 et
1265 3780 1609 3844 praemiorum
1640 3775 1853 3844 largitas
1882 3775 2052 3842 impe-

468 3881 657 3933 tratur,
690 3885 810 3925 cum
841 3869 1072 3923 Domino
1099 3867 1356 3937 loquitur,
1385 3884 1503 3922 cum
1537 3867 1724 3922 Jtulice
1757 3867 2048 3930 fabulatur,

466 3971 784 4034 praesentem
814 3961 912 4014 sibi
961 3959 1086 4014 facit
1119 3973 1276 4029 quem
1310 3959 1494 4014 videre
1525 3975 1630 4012 non
1684 3959 1955 4027 praevalet,
1997 3966 2052 4011 et

465 4053 608 4108 illum
636 4069 728 4122 per
752 4066 869 4107 eam
901 4053 1099 4120 placat,
1131 4067 1288 4120 quem
1333 4051 1444 4105 suis
1466 4051 1672 4105 actibus
1699 4049 2049 4104 vehementer

461 4153 748 4216 exaggerat
777 4143 906 4217 [etl.,
935 4139 1262 4212 exacerbat].
1307 4141 1432 4195 Haec
1464 4141 1670 4194 Domini
1697 4141 2048 4210 quodammo-

467 4241 537 4295 do
567 4249 786 4309 prtestat
814 4246 1100 4304 secretum,
1135 4236 1338 4306 praebet
1381 4235 1811 4305 suggestionibus
1845 4235 2042 4303 locum,

461 4339 525 4392 td
555 4336 848 4408 penetralia
874 4335 1077 4390 iudicis
1107 4344 1359 4404 peccator
1387 4335 1724 4400 admittitur;
1769 4342 1825 4388 et
1868 4336 2045 4389 nullus

2175 387 2292 456 ipso
2318 389 2459 442 enim
2493 388 2544 440 in
2580 385 2862 456 Evangelia
2884 385 3116 439 dicit:Si
3137 385 3400 442 crederetis
3427 389 3590 461 Moysi,
3607 411 3699 448 στρ.

2173 480 2358 532 deretis
2385 487 2430 530 et
2461 477 2604 540 mihi,
2629 477 2692 529 de
2717 493 2796 530 me
2821 476 2953 529 enim
3001 477 3090 530 ille
3113 477 3314 546 scripsit
3340 477 3503 547 (Joau.
3529 499 3576 542 v.
3601 487 3700 556 ωδ.

2175 573 2241 625 Et
2265 572 2387 640 quia
2420 583 2642 640 utraque
2691 571 2928 640 psalmus
2958 571 3058 626 iste
3103 573 3396 641 conjunxit,
3441 579 3612 632 merito
3637 583 3703 636 illi

2173 667 2277 718 tale
2307 679 2498 718 nomen
2532 666 2829 732 appositum
2857 671 2960 730 est,
3005 663 3150 733 quod
3181 664 3285 717 duo
3311 679 3614 724 sacramenta
3653 678 3716 728 vi-

2175 755 2257 810 soi
2285 754 2516 808 nominis
2555 753 2834 808 indicaret.
2886 753 3090 823 Moyses
3133 756 3330 823 quippe
3369 757 3710 826 interpretatur

2173 855 2499 915 assumptus,
2530 863 2593 900 eo
2622 847 2761 914 quod
2801 847 2865 899 de
2891 847 3044 916 aquis
3068 859 3096 899 a
3131 846 3239 900 lilia
3274 848 3546 904 Pharaonis
3575 853 3708 910 luerit

2174 941 2448 1005 elevatus;
2481 939 2621 1008 quod
2653 949 2868 1008 propter
2899 927 3044 992 mare
3077 939 3314 993 Rubrum
3361 941 3612 998 Israelitas
3650 947 3714 1000 si-

2173 1031 2417 1100 gniﬁcat:
2464 1039 2684 1100 propter
2728 1030 2954 1100 gratiam
2988 1045 3115 1084 vero
3163 1029 3489 1098 baptismatis
3517 1037 3713 1104 pertinet

2172 1123 2236 1176 ad
2269 1125 2522 1193 populum
2555 1123 2942 1178 Christianum.
2985 1123 3236 1177 Additum
3269 1133 3352 1178 est
3377 1135 3551 1190 et:am,
3583 1133 3720 1184 nauti-

2173 1218 2252 1269 nis
2287 1215 2396 1279 Dei,
2433 1233 2498 1268 ne
2520 1215 2744 1269 alterum
2791 1215 3018 1270 fortasse
3049 1217 3348 1285 cogitares,
3393 1219 3490 1272 nisi
3517 1225 3742 1290 etunqui,

2171 1307 2367 1361 divinis
2387 1308 2666 1376 colloquiis
2697 1308 3012 1372 honoratus,
3051 1310 3246 1362 meruit
3273 1325 3394 1366 esse
3429 1313 3722 1384 primarius;

2173 1409 2233 1453 ut
2256 1398 2363 1466 jam
2389 1414 2492 1451 non
2515 1415 2719 1460 servus,
2754 1401 2846 1452 sed
2889 1400 3042 1453 homo
3073 1399 3242 1469 ipsius
3293 1417 3414 1458 esse
3454 1405 3716 1462 diceretur.

2174 1493 2287 1546 Hoc
2326 1493 2467 1544 enim
2499 1507 2602 1546 non
2635 1492 2701 1547 de
2731 1493 2962 1558 l‘arnulis,
3013 1495 3106 1548 sed
3139 1495 3206 1549 de
3235 1495 3424 1550 liberis
3451 1497 3510 1550 di
3536 1501 3661 1554 imus
3687 1511 3732 1556 et

2173 1584 2382 1647 amicis,
2430 1585 2568 1636 sicut
2609 1583 2658 1636 in
2705 1583 2890 1638 Exodo
2943 1586 3175 1654 legitur:
3227 1587 3552 1656 Loqnebatur
3587 1605 3730 1647 autem

2107 1694 2149 1754 Β
2183 1677 2428 1752 Dominus
2459 1677 2526 1729 ad
2556 1675 2768 1746 Moysen
2795 1679 2930 1747 facie
2955 1681 3020 1730 ad
3052 1681 3267 1749 faciem,
3303 1682 3432 1734 sicut
3466 1682 3598 1755 loqui
3627 1687 3732 1740 solet

2171 1770 2321 1823 homo
2347 1770 2414 1822 ad
2444 1772 2665 1823 anticum
2693 1787 2840 1823 suum
2871 1770 3064 1838 (Exod.
3102 1789 3298 1841 χχχιιι,
3335 1773 3444 1845 il).

2741 1881 2931 1937 Divisio
2961 1885 3167 1954 psalmi.

2250 1997 2457 2066 Moyses
2507 1999 2589 2051 vir
2627 1997 3024 2060 sanctissimus,
3073 2006 3128 2052 et
3171 2000 3440 2067 operibus
3489 2002 3740 2064 mirabilLs,

2167 2098 2224 2144 et
2271 2090 2541 2158 colloquio
2583 2089 2766 2144 divino
2807 2091 3166 2157 reverendus,
3215 2093 3273 2145 in
3327 2095 3498 2160 prima
3531 2097 3746 2148 sectione

2169 2180 2387 2236 inchoat
2419 2195 2451 2233 a
2475 2181 2631 2254 laude
2657 2180 2882 2246 Judicis,
2935 2181 3196 2237 beneﬁcia
3256 2185 3378 2254 ejus
3409 2186 3636 2242 breviter
3663 2205 3744 2257 po-

2169 2281 2526 2338 testatemque
2573 2288 3026 2329 commemorans.
3067 2275 3285 2330 Deinde
3331 2278 3623 2334 inﬁrmitati
3666 2295 3750 2334 no-

2157 2373 2312 2436 stra},
2361 2380 2518 2436 quam
2557 2373 2612 2420 et
2655 2365 2771 2433 ipse
2799 2365 2983 2420 multis
3019 2365 3196 2420 modis
3237 2371 3510 2434 ostendit,
3541 2371 3748 2438 postulat

2165 2457 2462 2512 subveniri.
2506 2455 2688 2514 Tertio
2714 2465 2904 2512 exorat
2941 2457 3245 2514 adventum
3291 2461 3510 2516 Domini
3535 2464 3751 2518 Salvato-

2167 2547 2243 2603 ris
2266 2547 2492 2602 celerius
2515 2547 2872 2616 innotescere,
2901 2563 3060 2618 quem
3083 2549 3310 2605 sciebat
3337 2551 3574 2606 humano
3593 2555 3752 2623 generi

2167 2636 2444 2709 profutura
2474 2645 2754 2707 praestare.

2643 2823 2648 2828 ,
2706 2747 2972 2819 Expositio
3011 2749 3232 2818 psalmi.

2241 2864 2395 2919 Vers.
2430 2865 2482 2918 l.
2527 2863 2762 2928 Domine,
2826 2867 3086 2935 refugium
3117 2867 3170 2935 fa
3193 2878 3311 2923 rtus
3347 2887 3404 2925 es
3437 2871 3601 2938 nobis,
3633 2889 3660 2920 η
3689 2887 3760 2942 ge-

2166 2959 2428 3012 neratione
2450 2967 2497 3010 et
2524 2958 2783 3028 progenie.
2827 2957 3035 3028 Moyses
3065 2959 3158 3014 ille
3201 2964 3544 3018 venerabilis
3573 2966 3621 3018 in
3651 2973 3759 3033 typo

2087 3069 2134 3130 ρ
2165 3061 2365 3104 sanctae
2399 3051 2674 3114 Ecclesia),
2709 3065 2865 3119 quam
2899 3049 3360 3120 praeﬁguratione
3388 3055 3652 3124 gestabat.
3685 3053 3765 3107 Do-

2165 3148 2312 3196 mino
2343 3143 2454 3196 fusa
2487 3143 2728 3195 or-tione
2774 3141 2971 3210 gratias
2996 3141 3122 3212 agit,
3188 3146 3344 3214 quod
3383 3147 3436 3199 in
3476 3145 3576 3200 hoc
3603 3145 3764 3199 εει-ευΙί

2161 3236 2274 3290 salo
2300 3237 2465 3304 factus
2493 3235 2643 3304 fuerit
2671 3233 2786 3302 ejus
2811 3233 3015 3304 insigne
3033 3235 3344 3308 refugium.
3382 3238 3622 3293 Primum
3645 3235 3769 3307 quod

2161 3327 2301 3381 inter
2330 3327 2673 3380 Hebraeorum
2709 3327 2846 3380 ﬁl.os
2875 3337 2986 3392 est,
3018 3335 3074 3380 ut
3109 3339 3468 3394 moreretur,
3502 3329 3764 3399 abjectus;

2159 3418 2356 3473 deinde
2412 3417 2553 3488 quod
2609 3419 2750 3488 regis
2811 3417 3195 3487 Egyptiorum
3259 3423 3502 3489 pertulit
3555 3419 3766 3476 nelanala

2159 3511 2495 3573 certamina;
2545 3509 2702 3563 tertio
2741 3513 2906 3562 maris
2939 3509 3103 3563 Rubri
3159 3512 3428 3567 inaudita
3481 3513 3764 3574 mirarula;

2159 3609 2492 3668 postremum
2527 3603 2905 3654 murmurantis
2935 3601 3118 3669 populi
3149 3609 3577 3658 contumaciam
3611 3605 3769 3660 farmi-

2157 3691 2383 3746 dandam
2411 3708 2424 3744 :
2452 3691 2546 3746 sed
2577 3693 2628 3745 in
2663 3693 2744 3746 bis
2767 3691 3014 3745 omnibus
3047 3693 3232 3762 fartus
3267 3707 3346 3749 est
3385 3697 3466 3750 illi
3503 3697 3764 3764 refujum,

2156 3799 2276 3837 cum
2305 3783 2372 3836 ab
2397 3783 2667 3838 universis
2695 3783 3098 3838 discriminibus
3127 3789 3400 3841 noscitur
3435 3803 3564 3843 esse
3593 3788 3771 3841 lib-ira-

2156 3885 2261 3930 tus.
2307 3876 2493 3930 Merito
2539 3891 2668 3946 ergo
2713 3876 3076 3946 periculorum
3131 3895 3384 3935 suorum
3441 3883 3768 3940 recordatus,

2156 3969 2263 4024 tale
2308 3971 2650 4038 cognoscitur
2701 3970 2892 4024 fecisse
2937 3971 3308 4040 principium.
3363 3977 3574 4031 Verum
3603 3985 3661 4030 ut
3687 3977 3776 4027 hoc

2153 4077 2258 4115 non
2293 4071 2495 4114 tantum
2527 4061 2594 4115 de
2619 4076 2723 4116 uno
2749 4061 2911 4131 306
2941 4061 3190 4128 homine,
3231 4066 3340 4120 sed
3397 4069 3471 4121 de
3501 4065 3776 4122 universali

2153 4153 2392 4208 Ecclesia
2440 4153 2813 4207 debuissemus
2845 4153 3154 4220 advertere,
3213 4158 3379 4212 nobis
3435 4159 3641 4228 posuit,
3687 4171 3778 4207 non

2153 4245 2281 4298 mihi
2311 4266 2322 4298 :
2351 4246 2599 4314 quoniam
2631 4255 2836 4298 cuncta:
2877 4245 3166 4310 Ecclesize,
3211 4265 3350 4317 qum
3385 4253 3444 4305 in
3481 4251 3584 4305 hac
3613 4246 3782 4303 sa‘ciili

2151 4344 2469 4402 tempestate
2519 4347 2792 4397 versatur,
2845 4335 3188 4389 tutissimum
3249 4341 3538 4412 refugium
3583 4351 3812 4412 Srmrer‘

460 4427 584 4484 inde
641 4427 933 4497 respuitur,
989 4426 1094 4480 nisi
1149 4426 1238 4496 qui
1287 4425 1338 4479 in
1393 4441 1454 4480 ea
1495 4425 1704 4495 tepidus
1741 4426 2035 4482 invenitur.
2067 4440 2118 4500 ι)
2149 4437 2231 4483 est
2259 4429 2526 4481 Dominus.
2569 4427 2698 4481 Nam
2732 4427 2851 4480 vide
2881 4427 3005 4495 quid
3045 4431 3350 4498 sequitur,
3389 4435 3436 4486 Α
3464 4435 3788 4502 generatione

461 4519 612 4587 Quod
643 4522 841 4574 mavult
884 4517 1038 4588 petit,
1081 4532 1242 4586 supra
1291 4533 1446 4586 quam
1497 4527 1733 4572 meretur
1771 4519 2034 4588 acquir.t;

459 4611 626 4666 tristis
647 4609 712 4664 ad
745 4626 862 4666 eam
891 4611 1060 4674 venit,
1085 4608 1178 4664 sed
1205 4609 1356 4663 ltetus
1385 4608 1645 4662 abscedit.
1677 4607 1858 4662 Oratio
1885 4610 2041 4679 quip-

458 4717 524 4772 pe
551 4711 737 4758 sancta
767 4701 844 4756 sic
872 4701 1096 4755 devotos
1125 4700 1316 4764 salvat,
1365 4709 1421 4752 ut
1453 4699 1636 4754 beatos
1663 4699 1870 4765 reddat,
1908 4701 2034 4754 dum

456 4795 772 4851 criminosas
815 4791 1060 4856 accipiat.
1103 4789 1385 4845 lnnumera
1415 4800 1538 4844 sunt
1581 4791 1740 4861 hujus
1787 4791 2040 4846 bonitatis

455 4886 742 4954 exempla;
785 4886 880 4940 sed
927 4885 1056 4939 illud
1085 4883 1334 4948 sufﬁciat,
1364 4883 1502 4952 quod
1535 4885 1650 4952 ipse
1692 4899 1903 4954 quoque
1933 4883 2041 4937 Do-

456 4987 652 5050 minus,
682 4981 923 5051 exempla
955 4980 1109 5036 nobis
1151 4981 1336 5034 vitalia
1365 4981 1625 5046 tribuens,
1651 4995 1806 5033 orare
1838 4980 2029 5049 digna-

453 5090 536 5132 tus
559 5087 661 5133 est.
709 5075 860 5131 Unde
889 5075 1080 5128 merito
1109 5073 1204 5128 tali
1228 5089 1291 5130 ac
1320 5083 1467 5128 tanto
1503 5075 1617 5126 viro
1648 5073 1919 5141 prmmissa
1947 5083 2029 5124 est

450 5173 635 5237 oratio,
660 5170 749 5238 qui
773 5168 1076 5239 frequenter
1103 5169 1462 5238 indignantem
1495 5167 1776 5218 Dominum
1805 5165 2036 5219 mirabili

449 5263 856 5336 supplicationis
889 5260 1112 5329 placavit
1152 5259 1414 5325 exemplo.
1461 5257 1611 5310 llunc
1657 5265 1834 5308 autem
1883 5255 2024 5322 psal-

439 5377 586 5414 mnm
639 5355 850 5408 tertium
895 5351 1200 5406 noverimus
1231 5363 1350 5402 esse
1381 5363 1566 5402 eorum
1614 5347 1704 5415 qui
1739 5345 2024 5398 orationem

447 5450 501 5502 ln
543 5447 698 5502 titulo
741 5459 840 5500 suo
884 5445 1162 5498 continere
1204 5449 1588 5494 monstrantur.
1639 5437 1852 5508 Moysen
1882 5437 2022 5490 enim

447 5539 594 5595 illum
617 5537 1028 5592 celeberrimum
1059 5534 1230 5588 virum
1263 5547 1532 5600 peronem
1569 5531 1824 5584 Dominus
1853 5530 2023 5597 legem

445 5631 736 5684 Israelitico
760 5631 955 5701 populo
984 5625 1148 5686 dedit,
1201 5625 1538 5680 tiiauifestutii
1587 5633 1668 5678 est
1719 5623 2020 5676 ministrum

2147 4531 2194 4573 et
2217 4520 2477 4590 progenie.
2511 4520 2550 4572 Α
2583 4518 2926 4591 generatione,
2965 4519 3256 4587 signiﬁcat
3291 4539 3368 4576 ex
3423 4539 3537 4592 quo
3568 4537 3784 4592 genera-

2147 4612 2192 4666 ri
2222 4619 2454 4680 emplum
2485 4621 2566 4666 est
2594 4625 2760 4680 genus
2779 4609 3092 4665 humanum.
3134 4609 3490 4684 Prageniem
3517 4632 3648 4670 vero
3669 4613 3792 4667 duit

2150 4721 2317 4774 usque
2347 4705 2411 4757 ad
2446 4705 2602 4758 linem
2645 4701 2852 4768 saeculi,
2886 4706 3004 4756 cum
3050 4709 3385 4774 progenies
3435 4708 3546 4761 sibi
3581 4703 3788 4760 humani

2147 4797 2360 4866 generis
2391 4811 2485 4865 per
2505 4804 2690 4848 armes
2721 4793 2957 4862 singulas
2989 4807 3270 4861 reparata
3309 4801 3613 4855 Succedit:
3665 4811 3724 4850 ac
3749 4795 3786 4848 si

2147 4891 2374 4952 diceret,
2399 4903 2632 4954 semper.

2219 4981 2369 5036 Vers.
2404 4981 2459 5035 ‘3.
2503 4979 2810 5048 Priusquam
2853 4978 3028 5046 fierent
3070 4989 3334 5048 montes,
3391 4995 3444 5037 et
3487 4985 3794 5054 formantur

2143 5076 2278 5128 orbis
2307 5085 2476 5142 terrm,
2529 5089 2561 5124 a
2587 5071 2773 5126 steculo
2802 5078 2850 5123 et
2883 5086 3038 5141 usque
3061 5069 3127 5122 in
3165 5075 3452 5128 sarculum
3479 5087 3536 5128 tu
3562 5091 3634 5128 es.
3666 5071 3788 5136 Quia

2140 5166 2194 5220 in
2245 5165 2416 5234 primo
2465 5179 2620 5218 versu
2669 5164 2926 5216 dixerat:
2983 5161 3302 5234 Refugium
3339 5169 3526 5236 factus
3558 5163 3789 5226 esuobis,

2131 5277 2197 5313 ne
2245 5259 2596 5326 temporalem
2644 5257 2956 5310 adverteres
2987 5269 3116 5308 esse
3153 5257 3487 5324 Deitatem,
3543 5273 3684 5312 nunc
3727 5255 3791 5308 de

2129 5353 2244 5416 ejus
2272 5353 2572 5404 mternitate
2603 5347 2878 5400 disseruit.
2923 5345 3026 5398 Sed
3061 5355 3132 5398 ut
3187 5349 3352 5406 hanc.
3387 5353 3786 5421 perennitatem

2129 5439 2471 5510 apertissime
2503 5438 2774 5507 possimus
2804 5441 3119 5501 advertere,
3161 5455 3388 5498 montes
3433 5446 3526 5499 hic
3558 5461 3668 5498 non
3697 5441 3788 5493 aii-

2129 5533 2254 5599 quid
2301 5541 2606 5594 terrenum,
2661 5531 2754 5584 sed
2804 5532 3064 5584 crciorum
3129 5545 3473 5600 potestates
3540 5517 3786 5596 eiimlas,

2130 5623 2379 5689 quoniam
2412 5623 2476 5676 de
2509 5623 2753 5674 universa
2805 5633 2944 5674 terra
2993 5625 3439 5693 subsequitur;
3499 5637 3558 5680 ut
3607 5639 3786 5680 revera
