3952 6162
323 293 368 344 55
1137 295 1494 352 liXl’OSlTlO
1536 296 1598 351 IN
1640 295 2098 351 PSALTERIL‘M.
2142 296 2332 351 PSAL.
2379 297 2664 355 LXXXlX.

3431 301 3536 356 646

288 413 467 463 dicatur
501 411 724 462 Ι).ιιιιίιξυ
757 421 1136 477 cutigrttenlcr,
1172 421 1226 463 tu
1258 429 1330 472 es,
1365 421 1647 479 antequam
1680 409 1843 461 rule-
1879 411 1928 468 Α
1954 423 2359 477 conipuaniur.
2404 414 2644 464 Custodit:
2692 413 2830 465 enim
2876 424 3151 476 llOt'llll‘na,
3205 430 3323 484 qua!
3354 415 3538 471 huma-

286 500 361 551 ςιὶι
392 509 714 569 terrenaque
745 501 1020 554 forniares.
1059 503 1200 555 Istud
1230 505 1370 557 enim
1395 505 1536 573 prius
1561 519 1664 556 non
1689 503 1847 556 habet

286 591 610 659 principium,
638 592 728 646 sed
756 593 1074 646 immensum
1105 604 1264 663 atque
1300 595 1846 662 incomprelu-nsibile

282 699 381 736 esse
425 684 753 746 declaratur,
805 685 1018 751 quando
1063 685 1128 738 ab
1157 686 1286 750 ipsis
1323 702 1536 755 quoque
1571 688 1847 755 principiis

283 776 409 836 prius
433 790 553 827 esse
586 775 940 841 dignoscitur.
993 777 1267 840 Sequitur,
1305 794 1334 829 ιι
1373 777 1560 830 smculo
1605 789 1650 830 et
1695 794 1849 845 usque

279 885 321 920 ιιι
341 869 579 920 εατηίιιιιι
610 877 662 919 tu
693 885 786 931 es;
834 869 984 936 quasi
1020 879 1108 922 ant
1137 879 1258 922 ante
1291 871 1572 936 smcnltnn,
1609 880 1702 922 aut
1729 886 1758 938 p
1798 879 1848 923 st

279 959 517 1011 srrcnlntn
552 975 656 1011 non
708 969 786 1020 est
829 960 988 1013 Deus.
1029 962 1134 1015 Sed
1168 961 1271 1024 hic,
1325 979 1356 1014 a
1385 965 1571 1016 821‘“th
1615 973 1661 1014 et
1693 979 1850 1031 usque

278 1053 620 1110 insectatum,
671 1053 1022 1104 mtcrnitatein
1052 1051 1308 1105 debemus
1357 1053 1657 1107 advertere.
1701 1051 1848 1105 Grai-

277 1144 315 1193 ci
359 1144 495 1194 ιηιὶιιι
547 1142 760 1192 codices
810 1143 1159 1195 :rtern'tatem
1220 1142 1449 1205 habent,
1485 1142 1623 1210 quod
1673 1151 1847 1207 patres

279 1234 428 1284 ηοω-ι
456 1250 488 1284 ιι
525 1234 717 1285 εωειιιυ
760 1241 803 1284 et
846 1247 1001 1299 usque
1049 1232 1099 1282 in
1148 1230 1391 1284 sa’culum
1437 1233 1843 1284 transtulerunt.

281 1325 343 1377 Tu
368 1342 416 1377 is
443 1333 814 1389 conq-etenter
841 1322 1034 1376 dicitur
1060 1323 1188 1388 Deo,
1223 1322 1341 1389 quia
1373 1337 1472 1375 non
1517 1324 1674 1376 habet
1709 1338 1846 1389 pra:-

281 1419 472 1469 teriturn
508 1430 609 1468 nec
641 1415 876 1468 futurum
905 1430 918 1478 ;
951 1415 1026 1468 εἰς
1055 1415 1197 1467 enim
1243 1424 1293 1466 et
1322 1415 1415 1481 ipsi
1450 1414 1611 1482 Moysi
1642 1414 1844 1466 dictum

283 1526 375 1564 est:
412 1508 559 1562 Dices
585 1510 706 1576 ﬁiis
737 1507 902 1561 Israel
931 1524 947 1561 :
973 1507 1085 1579 Ego
1115 1525 1225 1562 sum
1258 1509 1344 1574 qui
1366 1525 1476 1560 sum
1503 1523 1518 1558 :
1551 1519 1596 1560 et
1641 1508 1726 1574 qui
1752 1516 1848 1571 est,

283 1604 395 1654 misit
446 1619 527 1654 me
573 1602 640 1653 ad
684 1619 769 1654 vos
816 1601 1008 1671 (ἢτοι,
1060 1617 1138 1663 ιιι,
1191 1601 1300 1669 l-i).
1349 1601 1500 1654 (Inde
1530 1603 1721 1654 metito
1767 1602 1848 1655 vir

284 1702 476 1746 sanctus
509 1692 708 1760 posuit,
735 1704 787 1743 tu
817 1709 888 1752 es,
918 1692 1057 1760 quod
1090 1693 1155 1746 ab
1186 1692 1302 1760 ipso
1334 1708 1390 1745 sc
1415 1692 1627 1746 audisse
1659 1694 1837 1744 memi.

1955 516 2049 552 nas
2079 505 2275 555 assidet
2303 519 2557 556 eserrsere
2591 505 2818 571 vigilias,
2846 505 3014 558 ternis
3046 505 3190 559 horis
3219 503 3538 560 exettbanti-

1952 593 2050 646 bus
2078 593 2381 661 deputatur,
2418 595 2504 647 ubi
2551 595 2651 648 sibi
2697 597 3107 651 succedentibus
3159 597 3349 649 turmis
3395 596 3529 650 nihil

1952 684 2299 754 longinquum
2353 687 2527 756 agitur
2583 703 2681 742 nec
2727 705 3018 741 morosum.
3076 689 3298 743 Pulchre
3352 701 3529 744 autem

1955 773 2237 828 humanam
2275 776 2433 829 vitam
2468 779 2739 842 nocturnis
2768 783 3092 844 C(llllp'tl‘ilVll
3141 783 3400 843 excubiis,
3445 783 3532 836 nbi

1952 873 2118 918 (omni
2150 866 2246 917 sub
2267 868 2587 922 obscuritate
2611 879 2662 922 et
2685 871 3038 937 trepidatione
3064 877 3285 939 geritur,
3311 875 3524 943 quando

1952 971 2102 1010 mens
2132 957 2401 1010 hominum
2430 959 2565 1010 vitiis
2587 959 2886 1014 carnabbns
2918 964 3239 1017 «ircuindata
3273 966 3528 1032 pulsatur.

1961 1048 2091 1102 Huic
2122 1058 2298 1102 autem
2352 1053 2527 1104 versui
2575 1052 3045 1107 subdistinctiones
3098 1059 3356 1124 ponendte
3383 1069 3528 1124 sunt,

1953 1139 2204 1206 quoniam
2234 1139 2581 1208 subsequitur
2611 1142 2882 1207 plenitudo
2909 1148 3209 1198 sententin'.

2029 1229 2185 1284 Vt-rs.
2211 1232 2261 1284 5.
2293 1232 2418 1296 Qua’
2438 1249 2530 1302 pro
2553 1233 2712 1287 nihilo
2733 1235 3001 1297 habentur,
3023 1239 3144 1290 anni
3165 1249 3310 1291 erunt
3332 1255 3500 1292 eorum
3515 1255 3535 1294 :

1951 1338 2098 1373 mane
2143 1323 2275 1374 sicut
2322 1324 2473 1377 herba
2529 1336 2771 1379 transeat.
2825 1328 2932 1381 lloc
2972 1339 3089 1383 erat
3117 1333 3254 1398 quod
3284 1333 3350 1386 de
3380 1349 3529 1388 versu

1952 1413 2212 1480 superiori
2246 1416 2509 1481 pendebat
2539 1434 2550 1467 :
2585 1434 2832 1485 quonam
2865 1421 3000 1473 sicut
3028 1424 3132 1475 dno
3176 1423 3262 1475 illa
3294 1440 3412 1492 qum
3442 1441 3535 1479 su-

1954 1506 2133 1572 peritis
2155 1505 2305 1566 dixit,
2357 1507 2455 1557 hoc
2484 1517 2582 1570 est,
2629 1509 2761 1560 diem
2789 1513 3124 1580 prwteritum,
3176 1523 3223 1564 et
3252 1515 3534 1569 custodiant

1951 1605 2272 1664 nocturnam,
2316 1613 2429 1665 quae
2471 1615 2562 1665 pro
2609 1599 2770 1652 nihilo
2814 1601 3082 1667 habentur,
3130 1603 3348 1656 intulit:
3398 1606 3535 1659 Anni

1955 1698 2098 1741 erunt
2127 1704 2320 1741 eorum.
2367 1689 2431 1741 Et
2482 1691 2602 1743 ideo
2631 1692 2768 1743 sicut
2798 1696 2952 1758 paulo
2999 1704 3122 1747 ante
3150 1695 3283 1749 dixit
3328 1699 3536 1766 suppli-

286 1795 437 1836 ncral.
481 1782 587 1838 Sed
621 1783 720 1836 hoc
762 1782 826 1835 ad
879 1781 1112 1844 Patrem,
1166 1783 1264 1836 hoc
1309 1784 1372 1834 ad
1409 1783 1618 1846 Filium,
1655 1781 1756 1835 hoc
1781 1781 1846 1835 ad
1883 1776 1926 1834 Β
1953 1781 2179 1833 eaudum
2212 1791 2312 1845 cst,
2347 1781 2428 1834 Ne
2453 1793 2646 1835 avertas
2674 1782 2924 1835 hominem
2959 1786 3008 1836 in
3039 1784 3400 1852 humilitatem,
3442 1789 3534 1842 ad-

284 1876 518 1943 Spiritum
541 1888 784 1929 sanctum
817 1876 1082 1942 pertinere
1129 1891 1232 1927 non
1266 1874 1480 1928 dubium
1510 1883 1608 1927 est.
1654 1874 1848 1928 Essen-

287 1969 347 2018 tia
386 1970 526 2020 enim
561 1966 852 2019 individua:
880 1966 984 2018 Tria
1013 1966 1175 2029 italis,
1208 1980 1326 2034 qua:
1368 1967 1433 2019 ab
1475 1981 1537 2020 co
1574 1965 1713 2034 quod
1746 1977 1846 2029 est,

287 2075 390 2114 esse
435 2060 696 2114 veraciter
725 2067 778 2112 et
820 2059 1030 2127 proprie
1060 2059 1282 2120 dicitur,
1323 2059 1607 2126 prmsentia
1639 2073 1850 2126 semper

289 2151 448 2213 habet,
497 2166 617 2218 qua!
667 2150 804 2203 inter
833 2164 928 2203 nos
957 2159 1045 2202 aut
1078 2153 1342 2218 prmterita
1381 2149 1605 2202 dicimus
1637 2160 1720 2202 aut
1769 2149 1850 2203 fu-

289 2254 408 2295 tura.
577 2307 579 2310 ι
1361 2309 1368 2314 ,

355 2333 493 2387 Vera.
519 2333 574 2386 5.
618 2332 700 2385 Ne
719 2342 913 2386 arei-tas
935 2332 1188 2384 hominem
1212 2334 1262 2384 in
1288 2331 1620 2383 humilitatem
1647 2349 1660 2394 ;
1691 2342 1736 2383 et
1768 2333 1849 2383 di-

290 2427 426 2479 ststi;
460 2426 840 2489 Convertimini,
865 2427 960 2492 ﬁlii
986 2426 1265 2477 hominum.
1300 2424 1446 2477 \‘enit
1473 2427 1534 2476 ad
1562 2425 1849 2477 secundam

295 2509 496 2580 partem,
531 2517 583 2568 in
615 2532 712 2583 qua
748 2517 834 2568 ille
879 2532 956 2568 vir
986 2525 1204 2568 sanctus
1255 2532 1282 2567 a
1319 2515 1544 2568 Domino
1579 2517 1698 2582 peti:
1734 2530 1852 2580 qttze

293 2605 419 2659 ilum
467 2612 785 2674 prrceep‘ssc
823 2609 1090 2676 cognovit.
1140 2607 1271 2660 Dicit
1312 2607 1452 2661 enim
1485 2622 1499 2659 :
1535 2605 1612 2658 Ne
1654 2614 1852 2657 a'ertas

292 2698 523 2750 hominem
567 2699 620 2750 in
667 2698 1031 2761 humilitatem,
1067 2699 1116 2750 id
1147 2708 1250 2764 est,
1304 2714 1370 2750 ne
1401 2697 1453 2750 in
1487 2696 1671 2749 mundi
1703 2698 1852 2749 istius

291 2792 758 2861 concupiscentiam
809 2791 1261 2860 ambitionemque
1315 2789 1583 2859 projieias.
1630 2783 1851 2842 Humili-

290 2890 428 2934 tatem
453 2882 646 2952 quippe
676 2881 759 2935 hic
788 2892 1053 2934 terrenam
1085 2879 1571 2949 concupiscentiam
1595 2877 1853 2932 debemus

287 2971 575 3042 advertere,
600 2987 719 3042 qua:
747 2971 887 3039 apud
922 2971 1086 3025 Deum
1115 2971 1323 3040 alajecta
1351 2980 1508 3038 atque
1535 2969 1853 3038 contempti-

284 3065 395 3118 bilis
436 3077 538 3129 est,
589 3082 692 3118 non
744 3065 886 3117 illam
933 3064 1224 3134 gloriosam
1271 3079 1370 3131 qua
1423 3072 1640 3133 peccata
1671 3073 1850 3119 nostra

1951 1871 2105 1936 didit,
2139 1889 2288 1926 mone
2315 1873 2446 1925 sicut
2480 1872 2635 1926 herba
2683 1885 2928 1928 transeat.
2983 1875 3168 1929 Adhuc
3199 1876 3284 1929 illa
3317 1877 3532 1945 fugitiva

1951 1973 2003 2019 et
2029 1965 2335 2018 transitoria
2368 1967 2486 2018 vita:
2519 1966 2788 2020 hominum
2825 1977 3220 2036 comparantur.
3262 1969 3534 2038 Frequen-

1955 2069 2034 2112 ter
2073 2059 2213 2113 enim
2267 2060 2432 2114 herba
2478 2060 2612 2113 intra
2646 2071 2972 2114 momentum
3008 2073 3099 2116 aut
3144 2074 3295 2132 pastu
3343 2064 3542 2118 anima-

1953 2149 2102 2206 lium.
2154 2161 2244 2202 aut
2272 2152 2446 2219 aliqua
2494 2152 2677 2206 tritura
2727 2165 3098 2208 consumitur:
3149 2157 3226 2210 sic
3256 2166 3380 2210 sunt
3407 2158 3531 2211 anni

1954 2243 2227 2296 hominum
2254 2247 2340 2312 qui
2376 2260 2470 2311 pro
2504 2244 2677 2307 nihilo.
2695 2247 2977 2301 habentur.
3031 2248 3201 2312 Mane,
3255 2249 3303 2303 id
3347 2262 3427 2303 est
3478 2252 3529 2304 in

1954 2337 2064 2402 ipsa
2100 2336 2200 2387 vita
2236 2352 2337 2402 qua
2373 2336 2639 2403 fruuntur,
2673 2346 2951 2392 transeunt
2981 2348 3138 2408 atque
3169 2355 3531 2408 peragun'ur;

1955 2443 2051 2480 nec
2081 2427 2144 2479 de
2170 2429 2556 2497 longinquitate
2586 2444 2769 2483 eorum
2806 2441 2979 2497 potest
3011 2445 3130 2484 esse
3155 2432 3392 2498 satietas,
3443 2432 3530 2487 ubi

1956 2519 2209 2572 terminus
2242 2519 2427 2572 festina
2455 2520 2730 2574 celeritate
2761 2522 3064 2586 snscipitur.

2028 2609 2176 2662 νει-δ.
2202 2608 2253 2661 6.
2300 2607 2456 2661 Mane
2494 2610 2674 2677 ﬂoreat
2725 2620 2773 2662 et
2802 2621 3110 2679 prwtereat;
3161 2627 3365 2676 vespere
3392 2612 3539 2666 oeci—

1954 2697 2060 2760 dat,
2113 2697 2314 2749 induret
2339 2707 2383 2749 et
2408 2713 2624 2751 arescat.
2669 2699 2810 2754 Bene
2841 2702 3018 2754 carnis
3050 2702 3330 2756 infirmitas
3361 2701 3536 2772 fngiti-

1954 2787 2033 2838 vis
2083 2785 2364 2840 herbarum
2397 2788 2644 2841 aetatibus
2685 2803 3043 2856 comparatur.
3089 2791 3244 2844 Mune
3274 2793 3536 2857 signitiat

1956 2885 2118 2929 totam
2167 2875 2398 2929 hominis
2445 2878 2630 2943 vitam,
2684 2881 2733 2930 in
2782 2893 2883 2948 qua
2916 2890 2966 2933 et
2997 2882 3181 2948 ﬂorere
3210 2893 3253 2934 et
3281 2886 3536 2952 prazterire

1954 2972 2302 3042 dignoscitur.
2359 2973 2570 3041 Vespere
2600 2985 2777 3028 autem
2809 2977 2950 3042 quod
2996 2977 3194 3031 indicat
3225 2978 3356 3032 lucis
3380 2994 3536 3034 ocea-

1954 3080 2093 3131 snm,
2129 3077 2337 3133 tempus
2364 3066 2492 3120 dicit
2519 3080 2624 3134 quo
2654 3067 2845 3120 transit
2872 3067 3030 3121 homo
3056 3067 3122 3122 de
3141 3069 3340 3124 sreculo
3364 3086 3378 3135 ;
3410 3086 3534 3124 mox

280 3155 495 3209 Domino
517 3157 854 3210 conﬁtemur.
900 3155 1010 3208 lloc
1041 3170 1168 3226 ergo
1216 3157 1296 3208 vir
1342 3163 1562 3210 sanctus
1591 3155 1848 3226 depreca-
1877 3155 1922 3216 C
1956 3162 2095 3212 cnim
2131 3169 2187 3213 ut
2217 3160 2266 3211 in
2300 3167 2524 3213 mortem
2555 3159 2835 3227 deciderit,
2871 3168 2990 3229 post
3019 3160 3257 3215 durescit
3300 3163 3349 3214 in
3377 3164 3536 3215 cada-

272 3259 356 3302 tur
378 3249 518 3319 quod
555 3247 814 3302 Diviniias
851 3248 1043 3317 jubet,
1093 3265 1161 3302 ne
1202 3250 1446 3303 voluntas
1502 3250 1774 3303 hominum
1821 3266 1850 3304 a

265 3340 473 3394 caelesti
502 3339 830 3394 sublimitate
871 3339 1100 3408 deiecta,
1153 3354 1334 3393 amare
1364 3339 1546 3394 mundi
1578 3343 1853 3409 permitia-

259 3443 349 3486 tur
370 3432 695 3498 humillima,
729 3430 946 3485 humilia
981 3431 1163 3498 utique
1186 3447 1304 3500 quae
1347 3447 1440 3484 sua
1483 3433 1683 3486 vilitate
1720 3430 1850 3504 [ed.,

259 3522 592 3594 humilitate]
633 3524 964 3578 sordescunt.
1007 3523 1279 3592 Sequiur,
1311 3534 1359 3578 et
1387 3525 1561 3578 dia-isti
1585 3541 1603 3580 ε
1633 3524 1857 3580 Conver-

251 3617 454 3682 timini,
483 3613 582 3682 ﬁlii
612 3615 893 3667 hominum.
921 3614 1016 3669 llic
1054 3624 1100 3668 et
1145 3630 1240 3684 pro
1263 3616 1383 3685 quia
1409 3616 1636 3686 positum
1667 3626 1766 3682 est,
1799 3630 1854 3672 ut

250 3724 428 3763 unum
467 3706 622 3760 nobis
649 3720 864 3760 sensum
891 3708 1096 3774 aperiat
1125 3707 1352 3760 adunata
1376 3706 1655 3761 sententia.
1692 3707 1853 3764 Vides

248 3815 422 3869 quam
458 3796 529 3850 sit
570 3798 858 3864 probabilis
890 3798 1134 3866 superior
1173 3796 1260 3851 illa
1287 3798 1509 3866 petitio:
1556 3799 1678 3868 quia
1727 3815 1850 3853 eum

253 3891 533 3947 Dominus
582 3890 892 3958 pra-ceperit
945 3890 1081 3958 filios
1133 3891 1391 3943 hominum
1437 3892 1680 3957 converti,
1739 3893 1852 3960 ipso

250 3983 501 4036 debeant
527 3982 818 4034 miserante
847 3981 1064 4035 salvari.
1096 3982 1226 4048 Quis
1270 3982 1410 4034 enim
1460 3982 1597 4034 alter
1619 3991 1795 4050 potest
1822 3999 1850 4037 a

253 4075 449 4127 mundi
479 4074 680 4126 ambitu
715 4074 962 4134 liberare,
997 4074 1098 4126 nisi
1131 4073 1174 4126 is
1203 4074 1288 4142 qui
1317 4073 1497 4127 docuit
1529 4073 1712 4127 fideles
1741 4089 1852 4130 cce-

253 4165 438 4240 lorum
477 4181 637 4234 regna
669 4165 1022 4233 perquirere?
1071 4165 1256 4219 Merito
1287 4180 1413 4233 ergo
1449 4165 1578 4234 petit
1608 4182 1673 4219 ne
1699 4166 1852 4220 ἀνευ-

253 4273 453 4312 ranzur
503 4257 747 4310 homines
796 4256 848 4309 in
881 4257 1100 4310 lubricis
1128 4257 1386 4326 lapsibus,
1430 4255 1621 4326 quibus
1649 4256 1848 4312 dictum

249 4360 339 4404 est
365 4368 378 4401 :
419 4348 807 4403 Conrertimini.

335 4441 499 4495 \‘ers.
529 4440 583 4493 4.
631 4439 885 4512 Quoniam
912 4439 1049 4493 mille
1075 4439 1197 4492 anni
1225 4446 1343 4492 ante
1368 4439 1541 4492 oculos
1565 4448 1700 4504 turis,
1734 4449 1850 4493 tan-

1958 3263 2069 3311 ver,
2118 3264 2178 3300 ac
2217 3247 2410 3301 deinde
2455 3250 2649 3302 arescit
2701 3246 2830 3320 [ed.,
2885 3249 3098 3318 crescit]
3156 3249 3207 3302 in
3243 3249 3531 3316 pulverem,

1957 3340 2098 3407 quod
2141 3352 2191 3393 et
2226 3339 2402 3392 herbis
2428 3349 2482 3392 et
2511 3339 2832 3407 corporibus
2860 3339 3109 3392 humanis
3141 3341 3379 3394 noscitur
3416 3355 3536 3395 esse

1956 3444 1986 3484 c
2013 3445 2260 3485 mnium.
2303 3427 2405 3483 Sed
2438 3429 2521 3482 hic
2552 3446 2698 3482 mane
2726 3439 2777 3484 et
2809 3445 3012 3499 vespere
3041 3433 3122 3497 (ut
3151 3432 3278 3484 mihi
3302 3431 3533 3502 videtur)

1959 3537 2063 3575 non
2104 3535 2264 3574 unum
2312 3519 2453 3575 diem
2508 3521 2762 3575 debemus
2805 3521 3126 3587 advertere;
3168 3531 3346 3590 partes
3393 3524 3536 3576 enim

1958 3612 2073 3666 ista:
2102 3628 2206 3665 non
2239 3623 2361 3665 sunt
2395 3610 2705 3681 iungendae,
2735 3613 2857 3684 quia
2889 3612 3111 3681 singulm
3140 3628 3236 3681 pro
3262 3614 3537 3667 brevitatis

1957 3706 2227 3760 intellectu
2255 3713 2382 3757 sunt
2406 3704 2616 3772 positze.
2659 3703 2782 3758 llcc
2832 3688 3012 3758 autem
3056 3705 3175 3758 ideo
3226 3703 3537 3773 diligentius

1958 3794 2291 3857 excoluntur,
2327 3806 2394 3846 ne
2421 3792 2542 3862 quis
2567 3792 2668 3846 sibi
2704 3793 2974 3846 hominum
3008 3793 3073 3847 de
3097 3795 3195 3847 vita
3230 3795 3532 3864 longissima

1958 3886 2276 3939 blandiatur.

2031 3974 2182 4028 Vers.
2228 3976 2280 4027 7.
2325 3973 2578 4040 Quoniam
2627 3973 2908 4044 defecimus
2955 3976 3007 4027 in
3039 3976 3116 4027 ira
3148 3983 3255 4041 tua,
3288 3987 3338 4028 et
3369 3978 3419 4029 in
3450 3977 3535 4045 [u-

1956 4085 2069 4123 rore
2095 4079 2182 4122 tuo
2209 4068 2498 4121 eonturbati
2520 4084 2714 4120 sumus.
2743 4067 2834 4120 Vir
2855 4078 3072 4122 sanctus
3095 4083 3300 4123 memor
3321 4080 3535 4125 actuum

1959 4163 2191 4230 priorum
2222 4161 2367 4214 illum
2400 4160 2630 4213 furorem
2665 4160 2752 4212 Dei
2782 4159 3113 4224 recordatur,
3143 4176 3299 4229 quem
3327 4177 3420 4230 pro
3441 4162 3536 4216 Ju-

1956 4253 2104 4307 daiea
2151 4251 2569 4306 murmuratione
2617 4251 2888 4317 sus:inuit',
2935 4251 3148 4321 quando
3195 4252 3247 4306 ei
3279 4254 3536 4307 Dominus

1955 4345 2090 4399 disit
2128 4363 2141 4397 :
2193 4343 2358 4398 Cerno
2385 4344 2521 4414 quod
2557 4343 2774 4413 populus
2817 4343 2911 4396 iste
2938 4343 3068 4395 dura
3100 4345 3291 4397 cervice
3320 4345 3421 4397 sit:
3453 4346 3538 4396 di-

1955 4440 2096 4491 mitte
2123 4455 2200 4491 me
2224 4447 2277 4491 ut
2300 4437 2551 4489 irascatur
2572 4435 2716 4504 furor
2743 4451 2879 4488 meus
2909 4445 3084 4488 contra
3108 4453 3238 4500 eum,
3265 4446 3311 4488 et
3341 4437 3538 4492 deleam

255 4548 410 4598 quam
444 4533 556 4586 dies
587 4533 841 4596 hesterna,
874 4546 988 4599 qua:
1019 4531 1275 4597 praeteriit,
1311 4541 1359 4585 et
1389 4532 1518 4583 sicut
1545 4531 1773 4584 custodia
1796 4531 1849 4584 in
1883 4531 1930 4590 Ι)
1954 4544 2058 4594 eos,
2089 4529 2375 4598 faciantque
2400 4537 2445 4579 te
2483 4527 2531 4578 in
2559 4536 2758 4593 gentem
2795 4541 3029 4595 magnam
3060 4524 3256 4595 (Exod.
3285 4542 3451 4595 xxx",
3480 4531 3535 4593 ‘J,

268 4637 427 4681 nocte.
473 4625 646 4679 Causa
685 4623 926 4678 redditur
965 4639 1131 4694 quare
1168 4625 1347 4679 sasculi
1397 4625 1616 4678 ambitio
1659 4626 1851 4681 debeat

264 4715 525 4772 declinari
555 4733 567 4766 :
599 4715 851 4779 Quoniam
884 4714 1022 4768 mille
1048 4717 1168 4767 anni
1214 4731 1317 4768 non
1346 4717 1517 4769 solum
1550 4720 1701 4786 pauci
1742 4720 1849 4772 sint

261 4819 364 4863 ante
404 4807 596 4860 oculos
642 4805 757 4870 Dei,
801 4805 896 4859 sed
935 4814 1175 4871 tanquam
1208 4806 1440 4859 hesterna
1471 4808 1579 4862 dies
1613 4808 1847 4862 habean-

259 4908 330 4958 lur
358 4903 604 4957 oumino
637 4899 913 4966 praeteriti.
957 4902 1085 4966 Quae
1113 4899 1278 4970 figura
1323 4901 1520 4954 dicitur
1568 4901 1845 4969 tapinosis,

251 4987 294 5048 id
321 5008 420 5052 est
461 4991 786 5058 humiliatio,
838 4991 1050 5060 quando
1080 4991 1368 5058 cujuslibet
1419 4992 1494 5045 rei
1542 4992 1852 5060 magnitudo

247 5085 526 5142 minuitur
556 5085 606 5136 in
635 5084 880 5152 exiguam
913 5083 1249 5150 parvitatem.
1303 5081 1417 5135 Non
1447 5082 1591 5135 enim
1629 5083 1708 5137 vel
1748 5082 1849 5150 ipsi

239 5182 335 5235 uni
369 5177 494 5233 diei
521 5176 792 5246 pmsedi,
817 5174 908 5228 sed
939 5175 1211 5244 praeterito
1231 5183 1575 5242 comparatur
1600 5181 1704 5227 tam
1729 5175 1852 5228 Ion-

227 5273 520 5334 cissimus
562 5269 694 5323 ordo
741 5268 1082 5323 sxecnlorum.
1125 5266 1272 5320 Mille
1316 5269 1457 5320 enim
1507 5266 1712 5320 finitum
1754 5281 1852 5336 pro

219 5355 478 5421 inﬁnito
519 5361 716 5430 posuit,
763 5369 976 5413 aitatem
1007 5367 1247 5413 veterum
1276 5356 1503 5411 ferta~se
1539 5358 1844 5426 designans,

207 5460 334 5518 qui
361 5467 576 5525 magna
599 5452 935 5524 longmvitate
961 5451 1150 5520 repleti
1173 5459 1315 5504 sunt.
1349 5451 1621 5519 Sequitur,
1648 5460 1694 5503 et
1718 5450 1848 5504 sicut

199 5547 504 5604 custodia
531 5546 584 5596 in
610 5554 773 5598 nocte.
797 5541 867 5599 Ut
891 5543 1010 5596 illos
1044 5542 1192 5597 mille
1221 5556 1386 5595 annos
1419 5543 1575 5610 (quos
1605 5540 1849 5611 superius

190 5627 418 5706 dixit)
456 5634 740 5690 annulatos
766 5648 886 5689 esse
907 5646 1282 5702 cognosceres.
1333 5647 1434 5684 non
1464 5631 1574 5701 jam
1621 5632 1711 5684 uni
1744 5631 1773 5683 d
1798 5629 1848 5684 ei

183 5729 570 5794 Praeterito,
616 5726 708 5783 sed
751 5727 910 5783 etiam
952 5736 1211 5782 nocturno
1259 5724 1480 5796 tempori
1527 5724 1848 5780 brevissimo

1961 4623 2070 4692 10).
2124 4623 2458 4691 Quapropter
2503 4619 2824 4675 formidabili
2875 4619 3248 4674 recordatione
3294 4621 3536 4674 turbatus

1956 4722 2059 4774 est,
2083 4714 2174 4782 qui
2211 4729 2305 4782 pro
2330 4713 2414 4766 tali
2451 4713 2644 4780 poginlo
2681 4709 3030 4779 supplimbat.
3075 4707 3364 4778 Defecimus
3392 4712 3532 4763 enim

1955 4805 2152 4860 dictum
2180 4817 2283 4868 est,
2337 4805 2561 4857 humana
2592 4802 2898 4856 infirmitate
2929 4799 3128 4866 fatigati
3174 4814 3188 4853 :
3239 4799 3537 4854 Conturbati

1954 4916 2129 4953 sumus
2177 4899 2364 4953 mortis
2406 4899 2633 4966 Cogitata
2680 4894 2984 4959 formidine,
3028 4908 3184 4963 quam
3229 4894 3538 4948 metuebant

1959 5001 2176 5060 propter
2198 4985 2402 5042 debitas
2434 4988 2676 5042 ultiones.

2031 5081 2179 5136 Vers.
2210 5082 2261 5134 8.
2308 5079 2533 5133 Posuisti
2579 5081 2870 5150 iniquitates
2919 5089 3119 5134 nostras
3166 5079 3219 5132 in
3265 5087 3537 5146 conspectu

1953 5182 2079 5239 tuo;
2111 5173 2357 5227 sicca/unt
2398 5180 2626 5226 nostrum
2653 5173 2706 5225 in
2738 5173 3114 5225 illuminatione
3146 5171 3310 5224 vultus
3338 5171 3429 5224 tui.
3462 5169 3537 5224 lle

1955 5267 2152 5321 saeulo
2197 5268 2447 5320 transacti
2504 5268 2762 5334 temporis
2808 5264 2968 5327 dicit,
3017 5263 3229 5332 quando
3279 5261 3536 5316 Judaicus

1958 5361 2182 5429 populus
2228 5370 2282 5412 et
2333 5359 2602 5413 miraculis
2649 5357 2966 5411 visitabitur
3010 5365 3063 5410 et
3117 5355 3278 5425 307
3336 5354 3529 5422 poenis.

1955 5450 2071 5506 Non
2120 5449 2388 5504 credendo
2433 5449 2574 5502 enim
2624 5464 2742 5518 qua:
2787 5448 3063 5510 videbant,
3114 5447 3302 5501 ultoris
3332 5444 3538 5500 Judicis

1956 5543 2291 5613 patiebantur
2320 5547 2614 5609 aSpectum.
2659 5539 2789 5593 Nam
2818 5541 2868 5593 in
2895 5539 2998 5593 alio
3026 5537 3143 5592 loco
3175 5537 3300 5593 dicit
3324 5553 3338 5590 :
3386 5534 3535 5589 Beati

1955 5646 2166 5698 quorum
2188 5629 2410 5683 remissa'
2433 5637 2548 5680 sunt
2569 5628 2882 5698 iniquitates,
2945 5636 2992 5679 et
3013 5641 3230 5697 quorum
3264 5637 3393 5680 tecm
3419 5635 3536 5678 sunt

1958 5733 2160 5795 peccata
2188 5719 2360 5794 (I’sal.
2389 5735 2533 5787 xxxi,
2568 5721 2644 5791 t).
2672 5719 2761 5774 llla
2784 5718 2926 5774 enim
2956 5717 3298 5788 tegebantur.
3329 5730 3449 5786 qua:
3470 5715 3537 5771 ad
