3952 6162
511 245 610 298 647

1707 237 1775 292 Μ.
1820 235 2092 292 AUREI.“

2199 233 2538 292 lSSlODORI
3629 252 3708 310 σω

513 359 718 412 veniam
775 355 1195 426 pervenit-bant:
1239 353 1351 405 hsce
1400 360 1576 405 autem
1626 349 2093 411 illuminabantur,
2125 353 2170 407 A
2202 347 2409 417 dicens,
2441 365 2545 404 non
2587 349 2786 406 debere
2831 350 2962 420 legis
2993 360 3254 421 praecepta
3295 357 3710 429 transcemlizquia

510 469 627 522 qua:
652 451 932 504 vindictam
968 449 1202 515 protinus
1233 445 1588 498 sustinebant.

585 543 734 596 Vers.
768 546 816 594 υ.
857 540 1107 602 Quoniam
1145 553 1313 590 omnes
1359 537 1464 589 dies
1501 535 1660 588 nostri
1691 534 1982 600 defecerunt
2006 547 2024 584 :
2054 541 2100 584 et

509 636 562 690 in
592 635 671 687 ira
701 644 786 686 tua
805 631 1082 699 defecimus
1110 645 1128 684 :
1156 631 1277 682 anni
1306 627 1465 681 nostri
1505 627 1635 680 sicut
1656 639 1845 677 aranea
1884 623 2100 676 medita-

509 729 715 780 bantur.
751 726 1070 780 Brevitatcm
1100 723 1222 776 vita:
1253 721 1497 774 hnrnanm
1523 718 1654 771 dicit
1683 733 1778 784 per
1819 717 1950 770 iram
1991 715 2097 767 Do-

510 818 637 871 mini
689 812 1320 884 provenissezqnoniam
1379 809 1630 879 longioris
1674 811 1796 861 vine
1843 822 2098 875 pra'snm-

510 907 692 975 ptione
739 905 1047 974 peccabant.
1081 903 1160 956 Ad
1203 917 1360 970 quam
1391 903 1533 956 enim
1567 899 1877 953 brevitatem
1911 913 2100 965 perve-

512 999 689 1052 rterint
732 1005 848 1065 post
879 996 1020 1048 illam
1055 996 1488 1046 numerositatem
1520 993 1710 1058 prioris
1749 989 1930 1045 seaculi
1963 990 2096 1043 infra

510 1089 749 1142 dicturus
797 1099 898 1141 est.
957 1086 1087 1139 Nam
1135 1085 1274 1153 quod
1327 1085 1500 1136 dicit:
1539 1084 1724 1136 Omnes
1785 1084 1890 1135 dics
1940 1086 2101 1136 nostri

511 1181 831 1249 defecerunt,
859 1179 922 1232 ad
955 1194 1124 1234 annos
1173 1177 1401 1245 pertinet
1432 1177 1756 1229 inuniuntos.
1792 1173 1940 1240 Quod
1972 1188 2100 1228 vero

511 1273 788 1342 sequitur,
817 1281 862 1324 et
908 1271 958 1323 in
1002 1271 1080 1322 ira
1136 1278 1222 1322 tua
1271 1271 1572 1336 defecimus,
1617 1267 1682 1319 ad
1731 1265 2099 1319 tribulationis

512 1380 888 1434 acrumnasquc
929 1364 1176 1433 respicit,
1210 1378 1340 1432 quas
1373 1364 1424 1416 in
1474 1364 1582 1430 ipsa
1631 1363 1737 1413 vita
1789 1361 2098 1428 parvissima

512 1459 840 1512 sustinemus
867 1474 879 1510 :
905 1457 1154 1525 qumiiam
1181 1455 1461 1508 insolentia
1491 1463 1670 1505 nostra
1694 1453 1848 1506 aliter
1871 1469 1975 1505 non
2009 1468 2101 1520 po-

510 1558 650 1604 terat
694 1550 916 1616 corrigi,
961 1547 1062 1600 ni~i
1113 1562 1204 1614 per
1237 1546 1438 1613 flagella
1493 1545 1696 1598 Domini
1753 1549 2100 1613 probaremur

510 1639 691 1708 affligi.
725 1640 978 1706 Sequitur
1009 1639 1164 1690 nimis
1211 1653 1258 1702 at
1282 1645 1331 1689 ta
1361 1637 1690 1703 comparatio
1717 1654 1730 1690 :
1759 1636 1896 1689 Auni
1938 1638 2099 1689 nostri

2206 444 2586 510 superveniens
2609 443 2764 498 .lesus
2795 442 3057 505 Christus.
3083 444 3172 513 qui
3197 452 3281 498 est
3306 456 3587 503 monstretur/0
3610 468 3702 518 per-

2206 534 2266 587 fe.
2292 547 2359 599 ta,
2397 551 2492 589 nos
2524 535 2742 603 corripit
2788 544 2841 589 et
2887 534 3167 599 emendat,
3205 535 3249 588 si
3287 534 3584 594 Testamenta
3609 540 3704 611 eius

2205 627 2598 681 contumaciter
2622 629 2970 695 negligamus.
3000 627 3065 680 Et
3085 624 3324 694 quoniam
3355 630 3491 695 dixit,
3513 632 3712 702 corripia

2204 737 2337 781 ntur,
2373 719 2629 788 praemisit
2661 717 3156 781 mansuetudinem,
3191 725 3246 770 ut
3273 719 3594 790 intelligamus
3626 744 3717 782 om.

2205 827 2300 865 nes
2321 811 2722 866 emendatiOues
2750 811 2958 864 Domini
2985 809 3231 864 fidelibus
3255 809 3449 877 pietatis
3475 813 3716 874 intentione

2204 903 2504 974 provenire.
2536 904 2808 972 Sequitur,
2843 903 2968 968 Quis
3016 902 3150 954 novit
3179 912 3463 969 potestatem
3499 906 3578 958 ine
3613 917 3719 972 tua,

2203 1007 2292 1049 uut
2343 1012 2448 1066 pra:
2490 997 2668 1049 timore
2721 997 2850 1048 iram
2892 1007 3030 1048 tuam
3081 996 3430 1049 dinumerare?
3457 996 3616 1051 Merito
3653 1001 3722 1056 ille

2204 1086 2432 1155 Moyses,
2458 1085 2548 1154 qui
2572 1102 2632 1138 ex
2643 1093 2820 1153 pertus
2844 1083 3015 1137 fuerat
3039 1092 3235 1152 quanta
3264 1081 3505 1138 Dominus
3527 1089 3722 1154 peccanti

2211 1178 2405 1245 pOpnlo
2432 1176 2774 1240 reddidissr-t,
2803 1175 2926 1228 dum
2958 1190 3078 1228 enm
3103 1173 3306 1229 crebris
3350 1179 3726 1233 murinnratioui-

2204 1269 2300 1322 bus
2336 1269 2637 1333 incitasset,
2670 1267 2938 1321 exclamat
2973 1266 3168 1320 nullius
3211 1266 3654 1322 considerationem
3677 1271 3730 1324 ad

2203 1361 2453 1414 vindicta:
2483 1360 2601 1430 ejus
2650 1359 2936 1428 pervenire
2961 1373 3290 1427 mensuram,
3321 1373 3414 1413 nec
3453 1359 3731 1416 dinumerari

2204 1469 2363 1522 posse
2407 1463 2602 1522 quanta
2637 1452 2726 1506 ille
2776 1451 3034 1518 przevalet
3082 1449 3250 1504 iratus
3288 1450 3514 1505 efficere.
3553 1453 3609 1504 Et
3633 1464 3732 1506 nota

2203 1543 2342 1612 quod
2378 1545 2427 1595 in
2461 1552 2686 1611 utraque
2738 1552 2885 1610 parte
2913 1540 3234 1608 prrcdicatnr
3277 1541 3477 1594 virtutis
3506 1542 3733 1597 immensi-

2205 1649 2304 1691 tas.
2333 1637 2460 1690 Nam
2513 1640 2650 1691 sicut
2680 1639 2894 1706 praemia
2931 1638 3134 1691 Domini
3189 1637 3487 1707 plenissime
3513 1649 3737 1706 nequeunt

511 1733 642 1786 sicut
671 1747 858 1783 aranea
883 1730 1277 1782 meditabantur.
1326 1728 1703 1796 Mullgtlllalt‘lll
1737 1730 1862 1781 vitae
1903 1737 2098 1782 nostra:
2135 1726 2177 1784 Β
2205 1730 2445 1800 intelligi,
2484 1730 2551 1783 ita
2589 1745 2686 1784 nec
2719 1730 2965 1785 vindictae
3012 1746 3266 1784 mensura
3321 1732 3561 1799 prrevalet
3586 1747 3739 1799 appre-

512 1825 681 1892 posita
727 1821 1016 1874 similitudo
1065 1819 1318 1873 declarat.
1355 1820 1555 1870 Aranea
1586 1821 1724 1870 enim
1773 1827 1855 1872 est
1900 1819 2096 1872 animal

510 1915 687 1970 debile
727 1929 787 1967 ac
836 1914 1245 1974 tenuissimum,
1276 1912 1414 1979 quod
1469 1912 1862 1965 transeuntibus
1904 1913 2098 1966 muscis

509 2007 574 2060 ad
628 2021 805 2061 escam
853 2005 952 2057 sibi
1005 2003 1389 2071 procurandam
1439 2003 1680 2070 qurudatn
1735 2005 1865 2056 retia
1913 2003 2098 2058 dolose

509 2101 783 2154 Contexit:
818 2099 894 2150 sic
921 2097 1046 2149 anni
1075 2111 1258 2149 eorum
1301 2095 1386 2163 qui
1417 2094 1689 2147 seelcratis
1723 2093 1980 2162 Operibus
2005 2094 2094 2148 de-

510 2190 603 2244 diti
635 2200 776 2251 Slllll,
814 2188 1060 2242 inanibus
1085 2199 1137 2240 et
1168 2186 1405 2237 subdolis
1439 2183 1917 2238 machinatimiibus
1941 2199 2097 2238 occu-

513 2291 724 2350 pantur.
757 2282 957 2331 Aranea
985 2277 1127 2330 enim
1160 2276 1298 2328 dicta
1331 2286 1432 2339 est,
1468 2275 1606 2341 quod
1637 2276 1705 2327 sit
1741 2275 1887 2327 arida
1914 2275 2097 2330 nimis-

511 2388 614 2440 que
641 2369 870 2423 subtilis.
902 2369 966 2420 Et
987 2368 1104 2421 vide
1133 2366 1580 2434 quemadmodum
1606 2373 1756 2418 actus
1802 2365 1943 2432 ipsos
1965 2363 2094 2435 [ed.,

512 2456 701 2529 ipsius]
734 2459 960 2528 positum
989 2459 1204 2510 verbum
1230 2455 1484 2509 declaret.
1517 2454 1914 2517 Meditabantur,
1938 2455 2091 2523 dixit,

511 2568 616 2606 non
660 2550 1056 2617 operabantur;
1093 2558 1148 2601 nt
1176 2548 1486 2602 ostenderet
1513 2562 1606 2601 eos
1634 2549 1751 2602 sine
1794 2548 1970 2616 aliqua
1996 2549 2097 2602 nti-

513 2646 661 2698 litate
691 2643 986 2704 transiis‘e,
1021 2640 1111 2710 qui
1157 2640 1254 2694 sub
1287 2640 1432 2692 nullo
1461 2639 1637 2693 fructu
1685 2639 1968 2708 bonorum,
2001 2637 2093 2694 sed

513 2737 617 2792 sub
642 2735 858 2803 ancipiti
891 2733 1237 2786 m-ditntione
1269 2733 1535 2786 vixerunt.

589 2826 740 2881 Vers.
774 2826 859 2878 10.
891 2825 1010 2877 Dies
1037 2840 1285 2876 annorum
1317 2832 1606 2876 nostrorum
1644 2825 1698 2877 in
1737 2823 1861 2895 ipsis
1887 2833 2092 2892 septua-

513 2924 656 2994 ginta
686 2924 846 2985 anni;
877 2922 922 2974 si
951 2929 1120 2974 autem
1147 2921 1198 2973 in
1230 2920 1566 2989 potentatibus
1592 2918 1845 2988 octoginta
1869 2918 2013 2983 anni,
2048 2926 2094 2971 et

512 3015 787 3085 plurimum
823 3030 995 3066 eorum
1021 3012 1169 3065 labor
1188 3021 1235 3065 et
1261 3013 1429 3065 dolor.
1462 3011 1517 3066 Si
1565 3026 1731 3065 annos
1763 3010 1884 3064 illos
1913 3011 1978 3064 ad
2011 3009 2095 3063 lit-

2205 1820 2386 1875 hendi.
2417 1821 2560 1875 Bene
2577 1829 2752 1876 autem
2777 1819 3013 1884 addidit,
3046 1837 3153 1890 prce
3176 1823 3392 1888 timore,
3423 1821 3547 1875 sicut
3568 1822 3738 1876 etalius

2206 1911 2456 1979 propheta
2490 1912 2616 1965 dicit
2648 1928 2662 1964 :
2696 1911 3024 1966 Consideraci
3053 1928 3209 1980 opera
3235 1919 3348 1977 tua,
3379 1923 3423 1966 et
3446 1915 3608 1981 exponi
3635 1911 3742 1982 (lla-

2202 2004 2313 2056 bac.
2352 2018 2429 2070 Ill,
2462 2003 2544 2070 ἓ).

2278 2093 2423 2147 Vers.
2468 2095 2550 2148 12.
2583 2095 2859 2148 Dexteram
2897 2103 3068 2160 tuam,
3097 2093 3354 2157 Domine,
3393 2105 3553 2148 notam
3575 2095 3648 2162 [ac
3669 2111 3744 2146 no-

2201 2186 2296 2250 bis,
2323 2198 2368 2240 et
2391 2189 2615 2242 eruditos
2635 2190 2788 2266 corde
2805 2191 2854 2241 in
2887 2188 3154 2258 sapientia.
3187 2188 3279 2241 ‘ir
3306 2188 3396 2242 ille
3424 2187 3742 2241 saneLssitnus

2203 2289 2258 2333 et
2285 2282 2560 2348 utriusque
2591 2281 2923 2336 Testamenti
2955 2280 3262 2334 intellector
3289 2279 3528 2349 egregius
3551 2279 3676 2332 venit
3695 2278 3745 2329 ad

2205 2371 2411 2423 tertiam
2445 2383 2669 2437 partem,
2699 2371 2750 2423 in
2779 2386 2880 2440 qua
2915 2370 3240 2438 deprecatur
3284 2371 3509 2432 Patrem,
3544 2381 3594 2422 ut
3621 2369 3744 2423 lesus

2198 2461 2445 2516 Christus
2467 2462 2692 2516 Judaico
2716 2461 2910 2530 populo
2931 2471 2985 2515 et
3011 2463 3269 2530 gentibus
3295 2462 3591 2514 salutariter
3616 2473 3746 2527 appa-

2199 2563 2362 2605 reret.
2414 2551 2544 2606 Nam
2589 2559 2649 2606 ut
2701 2561 2985 2621 utrumque
3032 2552 3292 2620 populum
3323 2552 3744 2620 complecteretur,

2200 2643 2385 2712 plurali
2418 2657 2644 2699 numero
2677 2644 2872 2711 posuit,
2901 2645 3068 2709 nobis,
3097 2643 3245 2698 sicut
3274 2652 3334 2699 et
3352 2644 3406 2698 in
3435 2646 3599 2714 primo
3620 2657 3748 2696 versu

2200 2737 2386 2805 psalmi
2427 2737 2536 2806 jam
2586 2736 2782 2792 factum
2812 2747 2912 2791 est.
2955 2736 3234 2791 Dextera»:
3264 2740 3408 2792 enim
3440 2735 3566 2789 dicit
3607 2739 3746 2803 ipsum

2202 2825 2486 2881 Dominum
2533 2828 2894 2891 Salvatorem,
2927 2828 2994 2882 de
3041 2842 3150 2898 quo
3200 2827 3333 2882 alibi
3382 2826 3625 2894 scriptum
3651 2832 3748 2878 est:

2196 2915 2421 2971 Dextera
2439 2934 2616 2971 manus
2640 2929 2759 2982 tuu’,
2783 2918 3022 2982 Domine,
3046 2919 3304 2989 confregit
3336 2919 3560 2971 inimicos
3585 2915 3748 2986 (Exod.

2170 3052 2174 3056 .
2197 3022 2287 3074 xv,
2315 3011 2409 3076 ‘6);
2435 3017 2619 3076 petens
2647 3018 2703 3061 ut
2731 3009 2842 3074 ipse
2868 3008 2975 3061 illis
3003 3017 3164 3062 notus
3189 3009 3481 3072 efficiatur,
3507 3021 3595 3076 per
3622 3020 3750 3072 quem

513 3115 680 3159 teram
713 3105 939 3159 velimus
969 3105 1268 3164 advertere,
1302 3105 1497 3156 multos
1528 3103 1799 3155 hominum
1839 3113 1892 3156 et
1921 3116 2092 3155 nona-
2121 3099 2169 3167 (ξ,
2200 3100 2378 3154 omnia
2415 3097 2687 3167 profutura
2721 3099 3015 3154 discuntur.
3056 3097 3116 3151 Et
3150 3100 3391 3153 eruditos
3437 3098 3584 3152 corde
3617 3098 3751 3148 insa-

511 3197 760 3265 genarios
805 3197 938 3250 bene
970 3197 1208 3263 vigentes
1239 3195 1477 3250 invenies
1499 3235 1513 3258 ,
1550 3206 1603 3248 et
1651 3195 1840 3250 iterum
1869 3194 2092 3248 necdum

511 3297 946 3358 septuagenarim
979 3291 1253 3345 debilitate
1283 3290 1586 3353 confectos;
1621 3301 1676 3343 ut
1716 3292 1853 3356 quod
1898 3291 1984 3344 hic
2009 3292 2090 3344 di-

511 3379 670 3442 citur,
697 3392 942 3436 constare
970 3382 1185 3434 minimc
1208 3397 1363 3448 posse
1392 3381 1646 3434 videatur.
1685 3381 1786 3435 Sed
1814 3397 2089 3435 numerum

509 3473 967 3540 septuagenariuin
1013 3472 1111 3540 legi
1159 3472 1329 3540 potius
1367 3472 1616 3526 decenter
1667 3485 1942 3540 aptamus,
1973 3492 2092 3542 quae

511 3562 786 3615 Sabbatum
821 3564 961 3614 diem
993 3563 1278 3630 septimum
1321 3565 1706 3617 observandum
1741 3581 1859 3618 esse
1890 3581 2090 3635 prame-

514 3653 610 3720 pit.
643 3654 1053 3722 Octogcnarinm
1087 3669 1214 3706 vero
1260 3654 1454 3723 populo
1483 3654 1785 3707 Christiano
1821 3657 2092 3724 aptissime

511 3743 846 3810 deputamus,
880 3746 968 3809 qui
998 3754 1241 3798 octavum
1281 3746 1422 3798 diem
1465 3745 1892 3800 ReSnrrectionis
1919 3748 2092 3801 domi-

512 3833 644 3886 nicie
667 3851 846 3888 Sancta
878 3837 1164 3890 festivitate
1195 3847 1480 3891 veneratur
1507 3858 1518 3892 :
1547 3849 1598 3890 ut
1623 3839 1726 3891 duo
1751 3838 2090 3894 Testamenta

510 3926 669 3992 (sicut
698 3929 746 3977 in
781 3927 1173 3993 septuagesimo
1207 3927 1532 3995 psalmoiam
1564 3929 1816 3993 diximus,
1849 3931 1933 3982 ubi
1956 3945 2090 3995 Opus

513 4013 652 4068 istud
681 4016 979 4086 divisimus)
1014 4033 1106 4084 per
1153 4016 1293 4070 hunc
1341 4033 1618 4071 numerum
1650 4019 1981 4087 signiﬁcasse
2013 4022 2090 4073 vi-

507 4107 715 4162 deatur.
745 4110 863 4178 lpsa
909 4120 1032 4164 sunt
1080 4110 1222 4164 enim
1268 4120 1557 4179 praecepta,
1591 4111 1642 4164 in
1672 4114 1862 4181 quibus
1905 4113 2087 4168 ﬁdeles

507 4199 697 4251 anima:
755 4199 1368 4255 saluberrima-mentis
1431 4202 1737 4256 valetudine
1809 4215 2084 4271 reguntur.

506 4290 859 4358 Octogenario
905 4305 1032 4343 vero
1083 4306 1305 4345 numero
1356 4292 1560 4346 addidit
1608 4294 1660 4346 in
1714 4295 2084 4364 potentatibus,

507 4380 626 4445 quia
656 4391 783 4431 tunc
806 4394 992 4433 revera
1024 4384 1284 4449 cmpimus
1317 4381 1512 4436 habere.
1543 4384 1852 4452 potentiam,
1875 4387 2087 4454 quando

2202 3192 2416 3258 pientia.
2463 3190 2736 3244 Desiderio
2765 3191 2930 3259 ipsius
2979 3205 3084 3244 non
3115 3193 3324 3244 suflieit
3352 3190 3627 3244 adventum
3666 3185 3751 3239 Do-

2200 3281 2327 3335 mini
2361 3281 2652 3350 postulare,
2690 3282 2811 3349 quia
2865 3283 3012 3335 multi
3056 3297 3183 3334 eum
3229 3281 3579 3350 corporaliter
3606 3278 3756 3330 viden-

2199 3384 2319 3439 tes,
2355 3375 2518 3426 Deum
2568 3376 2786 3428 minime
2843 3375 3230 3438 crediderunt,
3281 3373 3512 3442 ideoque
3557 3369 3752 3430 addidit,

2198 3466 2444 3519 Eruditos
2475 3467 2625 3517 corde
2647 3469 2697 3516 in
2729 3465 3090 3532 sapientia;id
3116 3474 3206 3520 est
3227 3465 3562 3520 intellectum
3589 3461 3757 3514 habere

2198 3567 2276 3611 tes
2319 3557 2371 3610 in
2428 3557 2710 3610 Dominum
2755 3557 3045 3611 Christum.
3097 3555 3369 3610 Eruditus
3416 3557 3553 3609 enim
3597 3554 3757 3607 dicitur

2195 3648 2345 3718 quasi
2387 3663 2450 3701 ex
2485 3649 2628 3701 οιιιιιὶ
2655 3650 2784 3702 rude
2812 3649 3038 3704 elicitus.
3085 3649 3208 3718 Ipse
3237 3659 3326 3704 est
3367 3652 3511 3704 enim
3547 3648 3699 3700 virtus
3719 3649 3760 3696 ct

2193 3739 2451 3805 sapientia
2491 3739 2686 3802 Patris,
2723 3754 2882 3808 quem
2934 3739 3017 3794 hic
3072 3741 3320 3808 postulat
3375 3756 3479 3792 non
3521 3735 3759 3804 corporeis

2193 3829 2388 3893 oculis,
2420 3827 2513 3881 sed
2541 3829 2753 3883 erudito
2780 3830 2942 3883 Corde
2979 3845 3323 3897 cognoscere
3351 3847 3366 3882 :
3401 3831 3522 3898 quia
3549 3827 3643 3880 hoc
3665 3839 3763 3892 pro-

2197 3921 2290 3973 luit
2325 3935 2509 3974 revera
2544 3921 2688 3973 illum
2721 3921 2921 3987 vidi-re,
2966 3921 3056 3989 qui
3083 3937 3213 3976 eum
3249 3931 3569 3977 meruerunt
3597 3916 3762 3972 illumi-

2192 4023 2314 4068 nata
2341 4025 2517 4069 mente
2541 4017 2869 4084 conspiiere.

2265 4104 2418 4167 νεεδ.
2472 4105 2557 4158 l5.
2604 4103 2931 4171 Convertere,
2981 4105 3238 4172 Domine,
3293 4105 3691 4177 aliquantulum,
3725 4109 3762 4152 rt

2190 4197 2520 4266 deprecabilis
2564 4209 2666 4250 esto
2713 4214 2864 4266 super
2909 4214 3076 4252 servos
3135 4207 3284 4252 tuos.
3340 4197 3766 4253 Consuetudinem

2190 4305 2338 4342 suam
2367 4291 2447 4342 vir
2471 4303 2683 4344 sanctus
2713 4302 2982 4358 operatur,
3015 4294 3102 4360 qui
3147 4293 3292 4346 dicit
3321 4296 3375 4346 in
3421 4293 3631 4346 Exodo:
3661 4286 3766 4340 Esto

2192 4379 2453 4446 placabilis
2497 4397 2647 4446 super
2678 4382 2954 4449 nequitiam
3001 4385 3180 4451 populi
3224 4385 3304 4436 tui
3351 4383 3570 4454 (Exod.
3615 4392 3766 4439 χχιιι,

507 4470 657 4522 nobis
683 4470 938 4524 Dominus
977 4473 1222 4527 SaIVator
1247 4476 1515 4541 apparuit.
1557 4476 1645 4528 lsti
1674 4485 1798 4529 sunt
1823 4492 1949 4546 ergo
1979 4479 2084 4530 dies
2113 4477 2166 4537 D
2199 4469 2306 4536 19-)-
2341 4469 2460 4536 IPSO
2510 4469 2729 4532 alTCClu.
2761 4471 2871 4538 ipsa
2927 4473 3098 4540 gratia
3152 4484 3320 4542 rogat
3376 4473 3689 4531 Dominum.
3722 4473 3767 4518 0‘

505 4579 750 4615 annorum
780 4577 1090 4632 nostrorum,
1125 4568 1210 4635 qui
1241 4568 1392 4621 nobis
1435 4569 1723 4634 probabilis
1752 4572 1871 4623 vitm
1901 4570 2084 4625 confe-

507 4666 630 4709 runt
667 4654 996 4719 claritatem;
1033 4667 1088 4710 ut
1119 4658 1306 4710 merito
1353 4658 1460 4710 dies
1509 4658 1776 4724 dicantur,
1825 4673 1921 4726 per
1951 4676 2083 4726 quos

508 4743 784 4798 Dmninnm
819 4744 868 4797 in
899 4749 1074 4800 verbis
1102 4747 1212 4800 suis
1257 4748 1548 4800 illuminata
1595 4759 1772 4802 mente
1818 4752 2085 4819 conspici-
2125 4787 2144 4798 κ

504 4847 641 4886 Inus.
677 4833 742 4888 Et
787 4835 1000 4889 interula
1031 4837 1154 4904 quid
1200 4836 1474 4904 Sequitur:
1505 4836 1568 4889 Et
1599 4839 1871 4903 plurimum
1909 4834 2083 4894 eorum

504 4922 647 4975 labor
677 4934 724 4976 et
747 4925 928 4988 dolor;
961 4927 1012 4980 id
1041 4938 1140 4988 est,
1167 4930 1252 4995 qui
1287 4928 1398 4980 haec
1427 4929 1530 4981 duo
1552 4931 1888 4984 Testamenta
1913 4941 2086 4987 trans—

503 5016 764 5080 cenderit,
808 5019 1079 5073 laboribus
1110 5021 1354 5074 maximis
1379 5031 1434 5076 et
1463 5024 1731 5076 doloribus
1761 5023 2080 5091 implicatur.

503 5106 614 5160 Non
642 5109 783 5161 enim
813 5113 916 5164 illic
939 5120 1021 5165 est
1051 5097 1248 5180 aliquid
1273 5113 1424 5182 (sient
1457 5114 1689 5168 ha-rctiei
1719 5116 1939 5184 iaciunt)
1967 5117 2082 5185 plus

502 5197 742 5249 minusve
789 5199 1014 5265 sentire,
1049 5200 1134 5252 ubi
1180 5203 1452 5254 ('(nlesteut
1486 5204 1714 5270 regulam
1760 5213 1937 5257 servat
1967 5223 2081 5260 mo-

501 5285 679 5338 derata
714 5288 1007 5344 distinctio.
1433 5301 1436 5306 ’

579 5376 723 5429 \‘ers.
759 5379 840 5433 Η.
873 5381 1126 5444 Quoniam
1165 5383 1480 5450 superreniet
1529 5401 1681 5448 super
1711 5403 1800 5437 nos
1839 5403 2076 5441 mansue-

501 5466 656 5530 tudo,
688 5477 734 5519 ct
765 5471 1117 5538 corripiemur.
1153 5471 1278 5537 Quis
1321 5475 1453 5525 novit
1496 5485 1785 5540 potestatem
1827 5481 1916 5532 ira?
1943 5491 2074 5544 tute,

500 5565 587 5604 aut
619 5571 723 5620 ρνίυ
753 5560 929 5612 timore
952 5562 1077 5613 iram
1107 5572 1246 5614 tuam
1271 5563 1594 5618 dinumerare
1617 5569 1640 5620 ζ)
1671 5570 1798 5632 Quia
1832 5571 2034 5624 dixerat
2060 5589 2072 5624 :

502 5641 791 5702 Plurimum
816 5669 987 5706 eorum
1017 5655 1160 5708 labor
1207 5667 1251 5708 et
1293 5656 1460 5725 dolor,
1495 5675 1630 5713 nunc
1665 5661 1833 5727 ipsum
1882 5664 2076 5717 excolit

2189 4562 2449 4629 jUSIitiam
2494 4577 2644 4616 suam
2675 4563 2851 4631 aliqua
2883 4563 3100 4617 lenitate
3132 4569 3769 4634 retemperetmuatemﬁ

2188 4653 2402 4706 exorari
2436 4652 2600 4720 possit
2633 4669 2660 4704 a
2692 4655 3078 4719 peccatoribus,
3119 4656 3336 4724 quibus
3363 4658 3510 4726 thSle
3537 4651 3770 4708 nosceba-

2190 4756 2274 4798 tur
2304 4746 2488 4798 iratus.
2535 4745 2849 4800 Intuendum
2875 4757 2960 4801 est
3005 4762 3190 4802 autem
3248 4751 3402 4820 quod
3434 4765 3539 4804 non
3567 4746 3772 4802 divites

2190 4846 2302 4890 toto
2351 4848 2652 4902 convertere,
2701 4839 2794 4894 sed
2844 4840 3237 4908 aliquantulum
3266 4857 3288 4897 :
3317 4845 3450 4913 quia
3485 4845 3582 4895 hoc
3627 4837 3771 4903 magis

2188 4929 2340 4981 nobis
2376 4929 2588 4995 expedit
2611 4971 2625 4994 ,
2655 4930 2866 4997 quando
2903 4946 3001 4984 nos
3041 4932 3249 5000 aliquis
3281 4934 3542 5014 stimulps
3574 4928 3771 4986 tribula-

2188 5015 2346 5069 tionis
2371 5018 2594 5087 al'lligit;
2637 5029 2693 5071 ut
2717 5035 2858 5087 sa'pe
2887 5023 3208 5076 commoniti
3258 5024 3617 5077 saluberrima
3663 5032 3772 5072 con-

2189 5110 2438 5163 versione
2467 5111 2739 5164 valeamus
2771 5123 3102 5178 peccatorum
3132 5117 3363 5169 veniam
3401 5111 3709 5185 promereri.

2261 5203 2412 5256 V'ers.
2470 5205 2553 5257 Η.
2615 5203 2808 5273 Iirplrti
2838 5223 3012 5259 smnus
3063 5225 3220 5261 "tunc
3265 5211 3625 5262 misericordia
3666 5214 3770 5262 tua;

2182 5295 2540 5354 exsultav'imus
2574 5306 2619 5348 ct
2647 5298 2878 5358 drfeetati
2906 5317 3081 5352 sttrnus
3111 5302 3168 5353 in
3205 5305 3452 5355 curribus
3494 5304 3661 5353 diebus
3687 5311 3770 5347 n0-

2181 5399 2317 5441 str.s.
2352 5389 2756 5442 illisrrirordiaut
2786 5392 2888 5445 dici
2914 5392 3203 5447 Dominum
3241 5397 3582 5450 Salvatorem
3616 5392 3772 5446 nullus

2181 5477 2409 5546 ignorat,
2431 5482 2517 5546 qui
2553 5483 2758 5534 miseris
2787 5482 2940 5535 datus
2969 5496 3070 5545 cst,
3097 5496 3155 5535 ut
3190 5501 3290 5554 per
3320 5488 3497 5555 ipsum
3526 5486 3766 5544 viverent,

2181 5572 2269 5638 qni
2323 5588 2413 5637 per
2467 5588 2524 5626 se
2582 5577 3042 5642 cogn«scebantur
3093 5582 3445 5632 orlinimodis
3506 5574 3768 5628 interiisse.

2184 5662 2448 5730 llepletum
2477 5680 2534 5718 se
2563 5681 2690 5733 ergo
2720 5667 2843 5720 dicit
2879 5667 2975 5722 bac
3014 5670 3389 5724 κύδει-ἰεηισιέἱα
3434 5685 3598 5727 mone.
3630 5665 3677 5719 id
3696 5667 3769 5717 ⁸⁵⁸
