4046 6174
373 242 470 294 640

1301 257 1656 316 ΕΧΡΟΞΙΪΙΟ
1696 264 1758 317 IN
1802 267 2244 328 PSALTERSUM.
2288 278 2473 334 PSAL.
2522 283 2607 336 XC

3521 309 3627 360 630

375 350 541 404 lucida
591 354 1059 421 contemplatione,
1110 362 1358 427 quoniam
1388 367 1468 419 vir
1495 380 1711 424 sanctus
1740 373 1934 428 Christi
1965 381 2012 438 Α
2042 377 2270 448 hensus;
2300 389 2439 455 quod
2471 404 2654 446 omnes
2687 394 2848 452 libros
2877 400 3084 459 ἀίνίυοδ
3118 422 3371 466 numerus
3396 429 3621 475 arcanus

379 440 578 475 “nn-uini
629 445 950 475 ιηηηιιῖΛιιιιηι
1000 447 1284 475 η,-1..,..ιι.....
1364 455 1421 475 η.
1477 474 1480 475 ,
1525 474 1560 475 η
1747 465 1768 475 -.
1802 464 1812 474 .
2049 473 2056 475 .

379 440 578 494 Domini
629 445 953 510 praevidebat
998 447 1310 507 adventum.
1363 455 1427 508 Et
1475 474 1694 515 necesse
1746 464 1837 516 t'nit
1887 475 1971 518 ut.

341 533 528 602 '303
577 535 692 602 ejus
739 551 831 590 cer
872 541 1150 595 exsultaret
1201 545 1251 598 in
1304 547 1476 613 laude,
1521 551 1853 610 delectaretur
1890 559 1940 611 in

370 624 812 692 contemplatione
855 631 1084 685 omnibus
1134 633 1308 689 diebus
1339 639 1457 693 vita:
1487 657 1618 708 suae,
1651 647 1802 715 cujus
1829 650 1944 702 atti-

368 727 447 762 ma
503 714 594 766 tali
649 729 872 771 munere
901 721 1127 788 repleta,
1167 725 1374 782 caelesti
1425 714 1774 789 exsultatione
1814 752 1943 804 gau-

366 801 543 858 debat.
577 806 707 870 Quze
751 808 912 876 ﬁgura
959 811 1153 867 dicitur
1193 817 1341 886 idea,
1374 834 1494 874 cum
1546 839 1656 878 rem
1710 801 1939 883 futuram

365 899 508 950 velut
535 898 704 952 oculis
733 900 1046 970 oﬂerentes,
1081 915 1281 962 motum
1317 911 1482 966 animi
1525 913 1781 970 vivaciter
1811 920 1942 974 inci-

366 998 560 1043 tamus.

439 1077 592 1133 Vers.
629 1080 712 1134 15.
744 1082 987 1137 Delectati
1007 1105 1180 1143 sumus
1212 1108 1300 1153 pro
1327 1095 1500 1147 diebus
1526 1099 1704 1163 quibus
1729 1117 1819 1154 nos
1848 1103 1939 1156 Int-

363 1170 609 1233 miliasti,
637 1174 787 1225 annis
815 1175 866 1226 in
888 1177 1068 1243 quibus
1108 1180 1323 1234 vidimus
1361 1186 1512 1237 mala.
1543 1186 1938 1246 Tribulationes

361 1273 492 1326 quas
521 1259 825 1316 hominibus
861 1267 1190 1331 providentia
1243 1271 1422 1325 divina
1469 1279 1734 1340 concedit,
1778 1296 1935 1348 quam

362 1351 540 1404 veraci
566 1354 920 1411 :cstimatione
952 1362 1325 1427 perpenderat,
1359 1376 1416 1418 ut
1454 1368 1770 1422 delectatum
1797 1386 1854 1425 se
1881 1373 1932 1426 in

359 1443 439 1494 eis
468 1441 713 1510 diceret,
747 1461 839 1514 per
864 1464 996 1517 quas
1038 1451 1424 1510 humiliandum
1460 1460 1707 1525 pepulnm
1735 1463 1932 1516 saluta-

361 1531 490 1584 riter
542 1534 822 1589 sentiebat.
854 1535 1067 1591 Sciebat
1098 1542 1239 1594 enim
1279 1542 1518 1600 ﬁdelibus
1548 1548 1674 1601 viris
1722 1551 1931 1604 noxiam

357 1636 480 1676 esse
522 1625 865 1693 superbiam;
898 1640 949 1682 cl
995 1631 1117 1686 inde
1157 1635 1379 1689 Domino
1406 1640 1601 1708 gratias
1631 1643 1758 1712 agit,
1792 1646 1932 1698 unde

356 1714 640 1769 credentes
692 1717 983 1786 profecisse
1025 1729 1292 1792 cognovit.
1345 1728 1676 1798 Quapropter
1726 1735 1777 1787 in
1827 1737 1930 1791 illis
1961 1748 2008 1805 Β

356 1803 508 1855 annis
539 1817 595 1858 se
624 1806 926 1860 delectatum
951 1824 1072 1865 esse
1100 1815 1400 1881 conﬁtetur,
1426 1819 1479 1871 in
1522 1821 1698 1888 quibus
1737 1825 1928 1879 uiderat

354 1891 531 1956 mala;
556 1893 692 1946 mala
725 1897 928 1951 scilicet
972 1915 1090 1966 qua:
1123 1905 1304 1970 gravia
1357 1909 1592 1975 putabat,
1625 1909 1747 1964 dum
1779 1922 1926 1981 pate-

355 1992 503 2036 retur
543 1982 862 2042 humanitas.
911 1990 1041 2045 Nam
1093 1994 1208 2048 viro
1255 2005 1439 2051 sancto
1469 2007 1522 2054 et
1550 2005 1925 2070 contemplanti

352 2072 634 2128 veritatem
669 2091 773 2130 non
821 2080 992 2133 solum
1021 2084 1204 2150 gravia
1254 2101 1358 2140 non
1391 2087 1623 2158 fuerunt,
1652 2094 1744 2148 sed
1767 2096 1923 2150 etiam

348 2161 533 2216 suavia
565 2164 665 2218 sibi
699 2169 965 2224 exsutissc
997 2171 1269 2239 professus
1299 2186 1402 2231 est.

428 2254 578 2307 Vers.
613 2255 698 2309 l6.
733 2258 943 2326 Respice
963 2263 1014 2314 in
1037 2280 1204 2319 servos
1227 2274 1336 2321 tuos
1358 2279 1404 2322 et
1433 2271 1485 2324 in
1513 2289 1664 2343 opera
1682 2262 1801 2340 tua,
1819 2277 1926 2331 Do-

346 2343 518 2407 mine;
546 2356 591 2398 et
623 2348 784 2417 dirige
808 2351 945 2419 ﬁlios
989 2369 1182 2408 eorum.
1216 2357 1408 2414 Sancta
1447 2365 1771 2420 conscientia
1819 2383 1920 2423 non

345 2433 551 2488 desinit
575 2435 748 2491 facere
775 2441 826 2492 in
857 2456 1016 2509 opere
1041 2445 1213 2500 alieno
1240 2450 1379 2515 quod
1421 2457 1704 2510 exercebat
1727 2457 1780 2510 in
1803 2474 1924 2526 pro-

343 2527 487 2590 prio.
529 2526 732 2592 Quibus
761 2531 902 2584 enim
936 2535 1271 2592 orationibus
1313 2555 1410 2609 pro
1439 2543 1691 2602 Israelitis
1720 2553 1923 2621 suppli-

345 2616 552 2670 caverit
580 2617 826 2685 Domino,
862 2625 1081 2678 omnino
1123 2630 1458 2685 netissimum
1487 2639 1586 2690 est.
1639 2637 1787 2693 Nunc
1834 2657 1922 2695 ea-

343 2705 469 2759 dem
523 2708 684 2762 simili
731 2709 834 2766 ﬁne
888 2715 1189 2784 concludit,
1239 2730 1293 2774 ut
1333 2727 1673 2791 peccantibus
1723 2730 1921 2788 Judteis

344 2807 553 2866 parcat,
579 2810 634 2855 et
665 2801 801 2857 ﬁlios
828 2819 1012 2860 eorum
1043 2819 1225 2865 sancta
1257 2815 1572 2873 credulitate
1597 2826 1915 2894 recorrigat;

342 2899 609 2958 quatenus
632 2895 674 2948 si
703 2895 778 2950 illi
801 2898 1107 2968 (iniquitate
1131 2920 1224 2958 sua
1252 2906 1498 2980 faciente)
1521 2911 1746 2980 dispersi
1771 2928 1914 2986 sunt,

340 2983 532 3036 saltem
560 2999 741 3039 eorum
768 2989 979 3045 soboles
1005 2991 1055 3046 in
1081 2993 1184 3049 ﬁne
1213 2999 1394 3052 saeculi
1436 3015 1713 3073 conversa,
1738 3009 1802 3059 ad
1827 3024 1918 3063 ve-

339 3071 486 3124 niam
538 3079 820 3141 pervenire
869 3091 1156 3136 ntereatur.
1191 3085 1339 3152 Quod
1389 3071 1912 3166 prophetiae’spiritu

340 3161 520 3229 (sicut
568 3179 710 3232 sa-pe
740 3166 1008 3242 diximus)
1045 3186 1265 3230 noverat
1312 3192 1430 3234 esse
1481 3161 1799 3240 iaciendum.
1851 3188 1916 3242 Et

337 3251 620 3306 considera
649 3256 841 3324 quibus
866 3262 1042 3315 verbis
1077 3267 1329 3332 pietatem
1369 3270 1495 3324 boni
1548 3272 1751 3330 Judicis
1781 3279 1916 3332 invi-

338 3342 500 3406 tavit,
531 3350 591 3395 ut
637 3345 804 3412 primo
833 3347 1069 3415 diceret,
1097 3355 1149 3406 in
1190 3371 1359 3411 servos
1397 3369 1542 3424 tuos;
1584 3363 1811 3432 deinde,
1861 3370 1912 3423 in

333 3447 493 3501 opera
521 3441 644 3499 tua;
671 3447 933 3504 quatenus
962 3443 1064 3496 etsi
1109 3445 1262 3501 factis
1299 3449 1408 3504 suis
1437 3453 1644 3507 veniam
1671 3473 1772 3510 non
1804 3474 1912 3512 me-

334 3533 586 3578 rerentur
609 3528 854 3595 accipere
874 3571 888 3595 ,
916 3546 1033 3585 eam
1062 3533 1334 3591 Creatoris
1363 3554 1523 3607 opera
1553 3545 1704 3597 valde
1732 3547 1912 3601 lauda-

331 3613 458 3666 bilis
507 3615 837 3684 impetraret.
868 3621 1019 3685 Quod
1070 3637 1440 3695 argumentum
1472 3634 1620 3700 apud‘
1667 3635 1909 3692 rhetores

330 3706 534 3760 dicitur
560 3722 588 3761 a
621 3709 773 3763 laude
799 3712 1015 3779 judicis.

404 3796 563 3853 Vers.
601 3802 681 3855 l7.
721 3801 784 3856 Et
822 3805 884 3857 sit
923 3792 1161 3874 splendor
1192 3807 1403 3865 Domini
1432 3811 1531 3867 Dei
1570 3818 1730 3870 nostri
1758 3835 1908 3886 super

325 3903 465 3952 nos;
495 3899 544 3941 et
587 3906 740 3956 Opera
792 3908 1034 3947 manuum
1075 3909 1361 3953 nostrarum
1405 3902 1569 3974 dirige
1613 3923 1764 3971 super
1791 3925 1904 3964 nos.

328 3980 592 4047 Splendor
619 3981 827 4038 Domini
855 4003 1008 4055 super
1033 4005 1125 4042 nos
1175 4001 1276 4056 est,
1311 3995 1522 4060 quando
1569 3999 1744 4053 crucis
1792 4001 1906 4069 ejus

326 4071 686 4138 impressione
714 4075 1053 4146 decorarnur,
1081 4089 1135 4134 et
1166 4084 1416 4137 vexillum
1451 4087 1705 4157 triumphi
1737 4091 1903 4159 ipsius

327 4161 383 4213 in
437 4160 611 4218 fronte
662 4175 972 4234 portamus;
1028 4171 1163 4225 sicut
1219 4172 1510 4243 Apostolus
1545 4179 1672 4234 dicit
1716 4199 1730 4235 :
1773 4182 1904 4238 Mihi

323 4260 497 4304 autem
525 4253 654 4308 absit
681 4258 914 4325 gloriari,
949 4261 1050 4312 nisi
1077 4263 1129 4313 in
1167 4280 1318 4318 cruce
1362 4266 1566 4321 Domini
1594 4273 1754 4324 nostri
1781 4272 1904 4326 Jesu

322 4340 547 4406 Christi,
587 4360 676 4410 per
703 4361 849 4412 quem
891 4348 1015 4402 mihi
1040 4358 1259 4406 mundus
1301 4358 1576 4425 cruciﬁxus
1616 4371 1709 4427 est,
1735 4372 1782 4416 et
1810 4380 1902 4434 ego

2045 473 2298 543 includit;
2334 482 2470 548 quod
2519 493 2572 538 et
2598 487 2698 540 alia
2729 489 2860 560 legis
2890 493 3080 548 divina:
3109 505 3357 568 mysteria
3389 509 3619 562 multifa-

2046 566 2126 618 rio
2155 569 2358 622 calculo
2405 577 2763 633 continentur.
2810 587 3039 640 Arenam
3092 592 3286 658 matis,
3319 598 3614 664 pluviarum

2043 665 2234 722 guttas,
2271 659 2540 719 hominum
2565 671 2782 739 capillos
2827 674 3048 744 legimus
3075 695 3192 734 esse
3222 685 3320 737 sub
3371 705 3610 746 numero.

2046 745 2109 798 Et
2139 757 2192 799 ut
2226 747 2369 804 brevi
2398 759 2717 823 compendio
2744 762 3039 832 disciplinac
3070 770 3235 837 ipsius
3266 774 3472 830 laudem
3504 783 3616 834 vir-

2046 844 2318 906 tutemque
2351 858 2653 913 noscamus,
2688 851 2938 908 Salomon
2973 859 3082 924 ait,
3118 861 3299 917 Omnia
3331 869 3381 920 in
3413 887 3615 926 mensu~

2043 942 2124 990 ra,
2147 937 2193 978 et
2221 945 2451 997 numero,
2482 944 2528 986 ct
2565 940 2784 1002 pondere
2807 942 2970 996 Deum
2992 949 3167 1014 fecisse
3197 953 3349 1021 (Sap.
3375 974 3448 1024 XI,
3479 961 3568 1031 2|)
3598 981 3610 1024 ;

2044 1029 2102 1069 ut
2128 1021 2336 1074 cunctis
2366 1023 2729 1082 indubitanter
2757 1047 3008 1100 appareat
3047 1040 3430 1100 arithmeticam
3456 1053 3614 1108 disci-

2041 1107 2236 1175 plinam
2273 1114 2463 1184 ubique
2495 1135 2613 1173 esse
2637 1121 2904 1180 diffusam.
2937 1130 3080 1185 llanc
3104 1146 3348 1192 auctores
3386 1147 3610 1200 saecula-

2040 1196 2175 1252 rium
2211 1201 2504 1260 litterarum
2558 1211 2860 1280 diligentius
2906 1235 3295 1286 perscrutantes
3339 1233 3387 1284 in
3435 1238 3624 1292 multis

2041 1288 2277 1354 partibus
2332 1296 2664 1366 diviserunt,
2713 1305 2762 1357 id
2810 1317 2890 1361 est
2934 1311 2981 1363 in
3040 1315 3151 1381 pari
3201 1328 3254 1372 ct
3305 1321 3523 1391 impari,
3556 1330 3606 1383 in

2041 1375 2271 1442 perfecto
2299 1391 2350 1433 et
2393 1383 2725 1455 imperfecto,
2761 1394 2812 1447 in
2844 1401 3112 1466 superﬂuo
3143 1414 3195 1458 et
3232 1408 3530 1478 imminuto,
3556 1430 3610 1472 et

2037 1470 2240 1523 cneteris
2272 1489 2390 1542 qum
2418 1475 2470 1528 in
2527 1481 2652 1547 ipsis
2681 1490 2980 1543 anetoribus
3009 1496 3403 1558 evidentissimc
3440 1510 3609 1561 conti-

2038 1566 2257 1625 nentur;
2287 1579 2417 1630 quas
2441 1570 2690 1624 studiosis
2720 1575 2892 1642 legere
2919 1591 2970 1634 et
2998 1597 3125 1637 sana
3173 1602 3351 1645 mente
3381 1604 3606 1654 tractare

2037 1652 2200 1704 nostri
2248 1671 2458 1723 quoque
2489 1665 2777 1728 permisere
2823 1672 3070 1741 majores.
3125 1681 3287 1738 Deum
3331 1696 3501 1745 tamen
3552 1695 3604 1748 in

2035 1742 2278 1798 omnibus
2313 1763 2558 1816 rogemus
2591 1764 2646 1808 ut
2690 1773 2878 1815 sensus
2925 1779 3136 1824 nostros
3183 1779 3406 1844 aperiat,
3439 1791 3492 1837 et
3537 1790 3600 1841 ad

2033 1845 2214 1885 veram
2267 1837 2577 1904 sapientiam
2625 1861 2717 1899 sua
2758 1865 2855 1903 nos
2900 1853 3281 1918 illuminatione
3328 1872 3597 1935 perducat.

2031 1918 2292 1988 Quidquid
2341 1927 2480 1982 enim
2516 1931 2739 2002 legeris,
2783 1942 3035 2012 quidquid
3079 1918 3494 2026 excogitaveris,
3527 1963 3596 2018 ita

2029 2010 2336 2073 dulccseere
2387 2027 2578 2090 poterit
2621 2029 2747 2097 tibi,
2793 2033 2838 2087 si
2885 2050 3076 2106 sapore
3116 2051 3328 2115 superni
3362 2060 3598 2112 muneris

2027 2107 2310 2164 condiaris.

2323 2243 2674 2307 EXPOSITIO
2715 2255 2776 2309 IN
2816 2258 3139 2319 PSALMUM
3184 2268 3287 2325 XC.

2528 2363 2659 2419 Laus
2687 2372 2871 2426 cantici
2903 2373 3089 2432 David.

2092 2462 2316 2528 Quando
2345 2473 2457 2525 laus
2480 2478 2662 2530 cantici
2687 2480 2879 2536 dicitur
2901 2527 2914 2547 ,
2945 2502 3049 2541 non
3091 2507 3369 2551 commune
3397 2500 3592 2570 aliquid

2022 2554 2299 2610 sentiatur.
2333 2558 2475 2615 Laus
2513 2565 2729 2638 intelligi
2763 2584 2931 2636 potest
2964 2587 3017 2630 et
3061 2581 3288 2638 humana
3338 2554 3594 2656 prtedica-

2024 2641 2131 2706 tio;
2179 2646 2272 2700 sed
2324 2649 2436 2705 laus
2482 2659 2664 2710 cantici
2705 2665 3053 2722 animadverti
3105 2688 3208 2726 non
3265 2689 3437 2743 potest
3487 2685 3587 2739 nisi

1972 2782 1981 2792 _
2021 2731 2194 2786 divina
2226 2736 2478 2797 laudatio.
2513 2744 2676 2800 David
2723 2763 2897 2808 autem
2933 2758 3037 2824 hic,
3073 2763 3241 2830 ipsum
3265 2731 3586 2838 propheta;

2019 2821 2273 2880 debemus
2295 2831 2590 2899 advertere,
2623 2841 2710 2907 qui
2731 2844 2950 2910 primam
2977 2865 3182 2917 partem
3213 2857 3368 2926 hujus
3399 2865 3584 2929 psalmi

2017 2914 2167 2969 suavi
2214 2919 2469 2977 relatione
2499 2926 2735 2985 dicturus
2783 2945 2882 2988 est.
2916 2914 3173 3000 Amoenus
3217 2914 3496 3010 admodum
3531 2969 3588 3013 et

2024 3001 2253 3068 ipsarum
2284 3015 2694 3078 promissionum
2733 3027 2986 3085 varietate
3031 3034 3404 3096 dulcissimus:
3431 3047 3584 3117 cujus

2024 3096 2256 3117 ....Ι..ξγΔ
2442 3113 2450 3117 .
2513 3107 2527 3117 ε
2624 3109 2636 3117 .
2711 3115 2718 3117 .

1945 3121 1988 3183 C
2021 3096 2356 3155 undecimum
2405 3113 2456 3158 et
2496 3107 2868 3171 duodecimum
2926 3135 3136 3177 versum
3191 3129 3432 3189 diabolus
3485 3096 3584 3206 i‘psi

2025 3184 2236 3206 ,κη-,η
2282 3190 2370 3206 η,
2451 3199 2542 3206 κ.

3324 3184 3428 3189 ____
3485 3184 3583 3206 Ὗ-.

2025 3184 2249 3244 Domino
2282 3190 2561 3260 Salvatori,
2594 3217 2712 3255 cum
2743 3222 2860 3259 cum
2888 3221 3161 3282 tentasset,
3191 3220 3404 3289 objecit.
3436 3226 3586 3284 Hunc

2020 3272 2271 3344 hymnum
2303 3280 2630 3342 dmmmiibus
2665 3293 2749 3357 pia
2779 3299 3098 3356 conﬁdentia
3120 3321 3331 3376 semper
3357 3321 3580 3382 opponi-

2017 3381 2163 3436 mus,
2197 3380 2252 3423 ut
2281 3387 2310 3424 a
2339 3377 2492 3431 nobis
2521 3383 2692 3445 potius
2721 3386 2841 3440 inde
2883 3391 3180 3463 vincantur,
3229 3402 3368 3458 unde
3396 3420 3580 3462 contra

2015 3456 2315 3516 Creatorem
2348 3482 2497 3520 suum
2529 3471 2712 3526 dolose.
2745 3478 2915 3546 aliqua
2941 3482 3120 3541 dicere
3151 3499 3503 3553 tentaverunt.

2581 3582 2770 3639 Divisio
2811 3593 3011 3655 psalmi.

2082 3674 2136 3730 In
2185 3680 2353 3746 prima
2395 3699 2541 3754 parte
2573 3691 2795 3750 Psalmis
2823 3716 2846 3750 a
2881 3705 3159 3769 proﬁtetur
3198 3710 3406 3770 omnem
3448 3719 3578 3776 ﬁde-

2011 3763 2266 3822 lissimum
2294 3773 2468 3828 divina
2500 3785 2828 3845 proiectione
2862 3795 3062 3850 vallari.
3093 3799 3336 3860 Secunda
3367 3808 3575 3867 laudem

2011 3854 2253 3911 dt-cantat
2286 3861 2512 3919 Domino
2534 3869 2821 3932 Salvatori.
2853 3880 3028 3936 Tertia
3062 3891 3218 3944 verba
3249 3906 3373 3949 sunt
3409 3899 3578 3958 Patris

2009 3944 2072 3997 ad
2097 3961 2307 4003 omnem
2348 3954 2556 4010 ﬁdelem
2578 4000 2590 4020 ,
2621 3979 2775 4029 quem
2808 3969 2858 4020 in
2889 3985 2946 4024 se
2973 3974 3320 4038 devotissime
3360 4001 3578 4056 sperare

2008 4041 2300 4106 cognoscit,
2349 4052 2403 4097 et
2432 4045 2482 4098 in
2513 4054 2708 4105 mundo
2751 4055 2852 4110 isto
2879 4061 3270 4136 defensionem,
3307 4083 3359 4128 et
3389 4041 3456 4131 “in
3489 4079 3574 4132 l'u-

2010 4137 2126 4186 ιυιό
2152 4135 2222 4188 illi
2255 4138 2383 4208 [ed.,
2417 4142 2524 4212 ille]
2563 4149 2775 4211 praemia
2804 4135 3266 4221 eomprOInittens.

2537 4256 2800 4328 Expositio
2847 4269 3050 4334 psalmi.

2080 4360 2230 4447 Vers,
2262 4365 2311 4418 l.
2347 4365 2447 4431 Qui
2471 4368 2664 4424 habitat
2692 4375 2743 4428 in
2779 4379 3038 4446 adjutorio
3075 4385 3349 4458 Altissimi,
3381 4395 3433 4448 in
3454 4415 3574 4467 pro-

1842 4433 1852 4434 ,
2837 4433 2857 4446 Ι
3017 4433 3027 4436 '
3075 4433 3349 4458 '_""""",
3381 4433 3433 4448 111
3454 4433 3503 4467 II,
3516 4433 3574 4453 U-

321 4435 520 4484 mundo
551 4433 744 4502 (Galat.
772 4453 843 4500 v1,
874 4438 984 4504 14).
1014 4441 1145 4496 llinc
1169 4454 1220 4496 et
1241 4444 1292 4498 in
1326 4446 1430 4501 alio
1458 4450 1662 4516 psalmo
1693 4453 1894 4508 dictum
1931 4473 1978 4532 υ
2006 4443 2216 4506 lectione
2239 4453 2330 4507 Dei
2357 4459 2467 4511 caeli
2490 4467 2904 4522 commorabitur.
2932 4471 3028 4526 Hic
3052 4475 3225 4531 denuo
3246 4491 3575 4554 categoricus

321 4530 402 4554 ne!
426 4537 438 4549 ο
480 4522 745 4554 Cinna“...-
776 4539 844 4554 Α-.
870 4545 1018 4554 -..μμ-
1049 4549 1134 4554 μ--
1311 4553 1315 4554 ,
1368 4553 1373 4554 ,
1438 4541 1468 4554 ι.
1567 4552 1573 4554 Α
1623 4545 1632 4554 .
1693 4544 1722 4554 ..
1822 4549 1832 4554 -
2071 4544 2103 4554 ..
2181 4547 2190 4554 .
2401 4551 2408 4554 .

319 4530 440 4576 est:
474 4522 746 4592 Signatum
772 4539 844 4580 est
866 4545 1018 4596 super
1047 4549 1135 4585 nos
1167 4533 1336 4590 lumen
1363 4541 1533 4594 vultus
1557 4545 1654 4605 tui,
1684 4544 1897 4601 Domine

320 4610 495 4683 (Psal.
523 4629 595 4679 tv,
626 4616 704 4685 7).
736 4617 1017 4688 Sequitur,
1072 4633 1117 4675 et
1149 4641 1304 4692 opera
1345 4645 1584 4684 manarunt
1610 4646 1899 4691 nostrarum

316 4705 484 4773 dirige
526 4723 680 4773 super
727 4725 836 4762 nos.
883 4710 1059 4780 Opera
1106 4727 1288 4772 nostra
1333 4718 1514 4790 dirigit
1559 4740 1721 4795 super
1762 4744 1897 4797 nos,

315 4796 531 4859 quando
559 4797 715 4851 nobis
739 4799 1015 4854 donaverit
1045 4806 1252 4859 veniam
1286 4822 1622 4876 peccatorum
1650 4858 1664 4882 ,
1697 4829 1753 4872 ut
1776 4833 1896 4874 cum

317 4886 579 4941 fuerimus
627 4892 912 4959 perversi,
943 4895 1243 4951 efﬁciamur
1283 4898 1401 4969 ejus
1447 4908 1784 4964 correctione
1815 4926 1902 4965 re-

313 4987 565 5034 CIISSImi.

848 5116 1117 5175 Conclusio
1157 5124 1363 5194 psalmi.

385 5247 814 5319 Consideremus,
843 5255 938 5308 viri
981 5257 1397 5329 prudentissimi,
1421 5280 1578 5334 quam
1606 5270 1766 5325 multa
1791 5289 1888 5328 no-

312 5341 399 5396 bis
425 5343 556 5412 legis
583 5344 777 5398 divinae
803 5349 1053 5415 mysteria
1082 5365 1176 5419 per
1203 5353 1438 5411 diversos
1463 5374 1717 5416 numeros
1755 5367 1890 5420 indi-

309 5443 538 5500 centur,
567 5435 707 5502 quod
754 5435 839 5489 hic
894 5438 1028 5491 vitas
1079 5441 1350 5497 hominum
1403 5455 1791 5520 septuagenarii
1836 5467 1889 5510 et

309 5529 638 5596 octogenarii
691 5531 895 5585 numeri
949 5537 1323 5602 supputatione
1379 5544 1698 5613 recolligat;
1745 5551 1885 5617 quod

309 5629 530 5672 cunctus
553 5618 686 5672 ordo
715 5619 1041 5675 Psalmorum
1067 5627 1292 5694 mystico
1315 5630 1382 5684 sit
1411 5634 1612 5690 calculo
1638 5651 1886 5708 compre-

751 5714 1021 5812 i’nltot..
1069 5716 1264 5780 LXX.

2005 4544 2342 4612 syllogismus
2398 4551 2468 4603 ita
2518 4555 2760 4626 sublevat
2799 4573 2957 4628 caput
2991 4581 3003 4616 :
3042 4566 3223 4623 Justus
3273 4544 3475 4633 habitat
3522 4544 3575 4640 in

2007 4633 2269 4698 adjutorio
2321 4638 2592 4695 Altis~imi.
2639 4646 2824 4702 Omnis
2868 4654 2954 4720 qui
2989 4655 3190 4712 habitat
3229 4662 3278 4714 in
3311 4633 3574 4734 adjutorio

2008 4721 2300 4790 Altissimi,
2352 4727 2402 4780 in
2455 4735 2780 4796 protectione
2827 4740 2918 4793 Dei
2976 4745 3095 4798 coeli
3143 4721 3572 4814 commorabitur?

2005 4809 2189 4866 Justus
2215 4814 2371 4879 igitur
2400 4819 2450 4871 in
2491 4827 2819 4888 protectione
2848 4829 2940 4884 Dei
2986 4837 3107 4889 coeli
3137 4845 3571 4903 commorabitur.

2002 4902 2151 4956 Nunc
2181 4909 2338 4960 verba
2364 4912 2552 4976 psalmi
2583 4923 2888 4975 tracteu'ius.
2915 4923 3091 4979 Posito
3116 4940 3300 4984 sancto
3333 4936 3492 4989 David
3521 4940 3570 4995 in

2000 4998 2448 5064 contemplatione
2473 5005 2699 5072 cmlesti,
2726 5011 2844 5063 talis
2867 5014 3043 5068 subito
3061 5033 3283 5082 persona
3308 5037 3572 5082 monstra.

2003 5095 2053 5136 ta
2080 5095 2182 5153 est,
2226 5102 2346 5156 quae
2381 5101 2488 5146 tota
2519 5101 2710 5152 mentis
2762 5106 2988 5168 puritate
3016 5111 3204 5163 devota
3235 5128 3462 5182 superna
3486 5121 3573 5187 ju-

1999 5178 2135 5244 giter
2163 5183 2491 5245 protectione
2520 5190 2771 5255 gauderet
2800 5211 2812 5246 :
2843 5198 2924 5247 cui
2959 5201 3118 5253 multa
3153 5204 3406 5260 benelicia
3435 5212 3572 5264 divi-

1998 5269 2139 5322 nitus
2188 5275 2381 5326 asserit
2411 5291 2532 5331 esse
2563 5281 2773 5347 collata,
2803 5298 2852 5336 ιιι
2887 5287 2956 5339 ad
2982 5289 3315 5348 devotionem
3361 5297 3569 5356 Domini

1997 5376 2146 5415 mens
2197 5379 2376 5420 nostra
2422 5371 2696 5427 ardentius
2751 5377 3021 5444 incitetur,
3069 5387 3280 5451 quando
3327 5391 3566 5451 ﬁdelibus

1992 5466 2115 5518 spes
2145 5470 2328 5521 magna
2373 5460 2713 5523 promittitur.
2743 5465 2870 5530 Qua:
2913 5468 3075 5538 ﬁgura
3106 5473 3300 5530 dicitur
3327 5480 3570 5553 diatypon

1991 5545 2085 5605 sis,
2121 5547 2170 5598 id
2217 5557 2299 5601 est
2325 5554 2598 5616 expressio
2639 5557 2870 5624 habitus,
2906 5563 2992 5615 ubi
3049 5567 3206 5621 rebus
3259 5577 3566 5638 personisve

1992 5639 2244 5708 subjectis
2274 5651 2325 5696 et
2359 5641 2556 5699 formas
2588 5647 2729 5716 ipsas
2753 5661 2803 5706 et
2833 5654 3040 5708 habitus
3066 5663 3436 5726 exprimimus.
3465 5667 3562 5732 Qui

3049 5747 3118 5807 21
