3952 6162
475 270 586 322 ἰἰῖὲι
1712 261 1776 314 Μ.

1829 260 2106 316 ίιωιΕιΛι
2143 261 2544 320 (ΞΑΞΞΙΟΟΟΠΙ

3597 287 3681 343 ὗὲιῦ.

491 393 702 454 habitat,
748 385 1110 442 conﬁrmativa
1141 379 1589 452 pronuntiamlum
1622 389 1698 434 est
1724 420 1738 432 .
1769 379 1819 431 id
1851 389 1932 433 est
1976 379 2063 447 qui
2095 377 2146 438 Α
2175 381 2442 451 indagare,
2471 383 2510 438 si
2541 399 2715 438 tamen
2745 383 2933 455 (ipsius
2961 387 3131 454 gratia
3159 387 3480 458 suﬂ‘ragantel
3502 399 3679 470 dignum

489 487 685 558 jngiter
713 489 1096 534 commoratur.
1135 474 1374 526 "ululare
1416 473 1554 526 enim
1583 471 1942 539 permanentis
1965 478 2064 536 est,

481 591 601 628 lt:0lt
621 573 780 642 3-39
802 567 1122 622 discrdentis
1145 582 1159 630 ;
1185 564 1276 618 sed
1305 565 1390 632 qui
1419 573 1579 615 totam
1610 577 1757 629 spem
1788 577 1934 614 suam
1963 577 2065 612 non

492 669 548 720 in
582 664 809 732 propriis
853 659 1048 712 viribus
1091 655 1261 724 ponit,
1292 654 1384 709 sed
1418 655 1468 706 in
1514 653 1766 706 Alti~simi
1797 655 2068 706 voluntate

500 755 800 818 constituit,
840 748 1339 818 sequitur-absoluta
1386 745 1687 814 promissio,
1720 746 1965 812 quoniam
1995 755 2071 796 ta-

500 852 565 906 lis
597 851 675 904 vir
702 847 871 902 modis
901 844 1146 897 omnibus
1175 850 1474 910 proteSatur
1497 855 1526 892 a
1553 838 1795 890 Domino.
1827 839 1886 890 lit
1911 838 2073 904 ittSpi-

502 945 744 998 ciendum
773 950 850 995 est
881 938 1017 1006 quod
1051 935 1196 998 dicit,
1229 933 1281 985 in
1319 933 1600 1000 adjutorio,
1635 941 1690 982 ut
1719 931 1957 998 dosigucl
1987 929 2068 982 itt-

503 1037 792 1093 tentionem
853 1027 1117 1084 verissimi
1173 1025 1462 1080 Christiani
1519 1023 1783 1076 laboriosa
1851 1022 2072 1074 Domino

505 1127 848 1184 contentione
891 1121 1114 1176 servire.
1145 1119 1210 1172 Et
1255 1118 1460 1170 intuere
1491 1112 1932 1182 quemadmodum
1963 1111 2072 1164 sin-

505 1221 643 1292 gulis
665 1217 840 1272 verbis
873 1229 958 1268 res
987 1227 1187 1278 magme
1217 1207 1498 1276 resignatas
1537 1213 1675 1257 sont.
1715 1204 1848 1256 Dicit
1890 1203 2029 1254 cnim
2059 1219 2070 1254 :

508 1316 606 1378 Qui
635 1312 720 1364 hic
746 1307 961 1367 habitat,
984 1303 1088 1356 illic
1117 1300 1541 1360 commorabitur;
1572 1296 1620 1348 id
1645 1305 1744 1354 est,
1769 1294 1857 1362 qui
1891 1296 1940 1346 in
1973 1294 2076 1347 isto

507 1422 530 1460 s
553 1433 559 1450 ;
582 1403 700 1456 culo
732 1399 795 1452 ab
825 1399 938 1465 ipso
971 1409 1072 1446 non
1105 1389 1356 1454 discedit,
1388 1389 1438 1440 in
1472 1389 1558 1440 illa
1592 1401 1803 1454 semper
1830 1383 2075 1454 peremti-

505 1505 613 1550 tute
644 1503 918 1544 mansm'us
951 1493 1050 1538 est.

585 1584 733 1638 Vers.
765 1581 821 1632 '2.
857 1575 996 1628 Dicet
1030 1571 1246 1625 Domino
1269 1586 1287 1624 :
1313 1569 1591 1636 Suscrpfor
1625 1585 1762 1620 incus
1799 1585 1878 1626 es,
1912 1577 1958 1619 et
1997 1583 2077 1619 re-

508 1677 706 1746 fugium
754 1685 916 1722 meum
963 1664 1098 1717 Deus
1147 1678 1308 1726 meus,
1358 1671 1405 1713 ct
1455 1659 1662 1730 sperabo
1695 1661 1744 1711 in
1782 1675 1914 1710 eum.
1965 1657 2075 1711 Hoc

2117 467 2126 474 ’
2175 477 2439 542 poss'nnis
2469 477 2665 543 aliquid
2691 478 2946 532 invenire.
2974 479 3213 548 Scapula:
3241 482 3430 539 Domini
3456 467 3680 562 ειιιιίοιιιπ.

2175 565 2412 617 rationes
2446 567 2790 632 mirabilitnn,
2841 585 2931 636 per
2961 585 3091 638 quas
3119 573 3260 626 velut
3298 576 3578 638 quibusdam
3607 584 3685 637 ha-

2176 655 2336 706 tneris
2367 657 2538 708 virtus
2587 655 2760 708 diiina
2793 669 3136 712 monstratur.
3175 657 3352 714 Penno:
3376 675 3488 718 sunt
3521 673 3687 725 inmitia

2179 748 2580 830 prpphctarnm,
2611 764 2728 814 tina:
2755 751 2796 802 si
2829 765 2956 818 pura
2989 761 3164 805 mente
3187 753 3510 822 recipiantur,
3541 761 3694 816 ﬁdeles

2176 839 2381 890 animas
2412 839 2474 890 ad
2508 839 2674 893 malos
2706 855 2870 909 usque
2907 842 3219 908 perducunt.
3267 843 3470 910 Qua-res
3503 849 3692 906 forsitan

2174 931 2298 996 quid
2345 931 2442 984 ista
2484 933 2754 1000 praistahit
2784 933 3135 997 clum-.bratio,
3164 946 3221 988 ut
3251 953 3342 1002 per
3370 939 3500 993 diem
3522 943 3591 997 sol
3616 959 3702 998 non

2177 1031 2293 1073 urat
2325 1031 2405 1086 te,
2457 1037 2627 1090 neque
2672 1023 2794 1076 luna
2841 1039 2934 1092 per
2969 1041 3051 1077 um
3073 1035 3174 1080 tem
3199 1028 3218 1078 ?
3241 1029 3366 1082 Item
3401 1032 3516 1100 quid
3547 1051 3702 1101 penum

2176 1111 2466 1165 Dominica:
2501 1111 2828 1166 conferant?
2863 1115 3049 1180 Utique
3090 1119 3468 1183 protectionem
3498 1123 3706 1190 Domini,

2176 1218 2334 1272 quam
2366 1204 2509 1258 velut
2535 1215 2830 1257 inaternam
2861 1205 3108 1272 pietatem
3139 1208 3278 1260 inter
3308 1213 3479 1264 mimdi
3509 1216 3706 1280 pericula

2179 1307 2229 1350 te
2281 1295 2479 1350 liahcre
2511 1311 2833 1365 cognoscas,
2879 1300 3016 1351 sicut
3058 1310 3110 1353 et
3157 1300 3282 1354 alibi
3331 1305 3570 1370 scriptum
3610 1319 3712 1360 cst:

2175 1386 2495 1450 J.rusr;lem,
2524 1387 2829 1452 Jerusalem,
2860 1391 3054 1460 quoties
3093 1392 3233 1445 volui
3271 1411 3568 1468 congregare
3604 1401 3715 1465 [ilius

2181 1489 2290 1532 tuos
2317 1481 2446 1532 sicut
2491 1483 2682 1548 gallina
2709 1482 2876 1550 pullos
2901 1499 3019 1536 suos
3049 1487 3139 1535 sub
3168 1482 3270 1536 alis
3301 1487 3432 1554 suis,
3463 1498 3506 1539 et
3541 1491 3721 1544 noluisti

2179 1571 2390 1642 (Matth.
2430 1588 2578 1640 xxttt,
2613 1575 2703 1640 57)
2734 1574 2744 1625 !
2775 1573 2933 1627 Scuto
2962 1575 3308 1629 circumdabit
3333 1588 3377 1630 te
3405 1581 3578 1633 reritas
3615 1601 3719 1652 qus.

2180 1663 2395 1718 Scutum
2429 1664 2566 1716 istud
2599 1667 2883 1718 humanum
2912 1665 3054 1718 illam
3088 1676 3296 1734 partem
3331 1677 3530 1724 tantum
3559 1687 3616 1724 ex
3641 1691 3722 1741 qua

508 1745 634 1820 dicit
659 1763 744 1816 ille
772 1759 858 1828 qui
883 1757 950 1810 de
980 1755 1156 1809 animo
1179 1769 1276 1807 suo
1307 1753 1492 1804 noxias
1525 1749 1962 1818 prtcsumptiones
1983 1747 2075 1801 ab-
2107 1745 2151 1804 Β
2179 1758 2484 1826 opponitur,
2519 1757 2649 1826 tegit
2675 1774 2686 1810 :
2719 1757 2938 1828 clypeus
2967 1773 3094 1812 vero
3135 1759 3358 1814 divinus
3403 1762 3622 1828 undique
3649 1781 3676 1816 ιι
3708 1781 3724 1814 ι

505 1859 717 1928 jiciens,
747 1853 914 1906 solum
939 1849 1040 1902 sibi
1073 1847 1242 1900 credit
1283 1845 1433 1906 utile,
1469 1844 1604 1913 quod
1638 1842 1880 1912 dignatur
1910 1841 2075 1908 pietas

507 1964 734 2019 superna
759 1955 1032 2016 praestare.
1065 1942 1190 1995 Nam
1221 1941 1306 2008 qui
1339 1939 1500 1992 dicit:
1533 1938 1808 2004 Susceptor
1832 1951 1970 1986 meus
2001 1949 2072 1998 es,

509 2052 680 2097 totum
711 2055 768 2094 se
792 2039 1066 2092 conﬁrmat
1091 2036 1142 2087 in
1172 2031 1285 2100 ejus
1309 2029 1561 2084 benelicia
1588 2027 1895 2096 proiecisse,
1926 2033 1982 2077 ut
2010 2025 2075 2078 de

507 2134 650 2188 felici
682 2130 908 2200 quadam
941 2125 1292 2180 familiaritate
1313 2123 1589 2191 glorietur.
1623 2121 1752 2174 Item
1785 2120 1872 2184 qui
1903 2117 2027 2170 dicit
2059 2134 2070 2170 :

505 2236 552 2279 et
591 2223 844 2292 refugiant:
869 2233 1030 2273 meum
1061 2217 1194 2268 Deus
1223 2231 1382 2274 meus,
1413 2213 1612 2265 nullum
1643 2213 1738 2265 sibi
1785 2210 1924 2263 aliud
1955 2225 2080 2264 esse

507 2313 786 2384 proﬁtetur
819 2309 1106 2363 auxilium:
1139 2305 1232 2358 sed
1279 2303 1488 2372 quando
1519 2303 1672 2370 hujus
1722 2302 1900 2354 surculi
1933 2309 2073 2353 tem-

511 2404 800 2470 pestatibus
829 2399 1080 2470 quatitur,
1114 2397 1178 2450 ad
1210 2407 1416 2464 portum
1465 2395 1659 2448 divina:
1689 2394 2070 2449 misericordias

507 2515 564 2554 se
591 2494 879 2563 confugere
909 2491 1043 2546 velle
1069 2498 1314 2544 testatur.
1363 2487 1424 2542 Et
1453 2503 1520 2542 ne
1541 2488 1786 2540 crederes
1817 2496 1934 2554 post
1956 2503 2074 2541 sus-

504 2589 800 2658 ceptionem
839 2585 1047 2639 beatam
1103 2589 1157 2636 et
1204 2577 1462 2648 refugium
1519 2579 1750 2632 salutare
1796 2593 1902 2630 non
1952 2591 2071 2632 esse

501 2686 606 2754 jam
633 2678 826 2750 aliquid
851 2675 1229 2744 exiictendum,
1260 2672 1518 2740 sequitur,
1543 2679 1588 2722 et
1612 2671 1823 2739 sperabo
1847 2671 1898 2722 in
1919 2685 2032 2722 eunt
2051 2684 2070 2723 :

503 2793 570 2831 ne
599 2774 714 2844 quis
761 2771 810 2825 in
837 2785 894 2824 se
926 2766 1266 2836 lragilissimo
1313 2763 1503 2818 debeat
1550 2761 1834 2828 aliquando
1865 2777 2066 2828 pracsu-

438 2873 440 2875 ’
507 2881 684 2930 ntere,
712 2863 802 2918 sed
843 2860 894 2914 in
927 2859 1021 2912 illo
1050 2871 1259 2925 semper
1293 2855 1380 2924 qui
1427 2855 1676 2922 probatur
1719 2854 1896 2906 omnia
1950 2869 2072 2906 con-

503 2957 693 3012 tinere.
723 2954 834 3008 lloc
856 2953 896 3004 si
923 2950 1093 3004 Adam
1125 2947 1308 3002 fuisset
1333 2959 1568 3009 secutus,
1595 2960 1691 3000 nec
1719 2946 1816 2998 sibi
1848 2946 2068 3012 conqui-

499 3051 677 3102 siisset
745 3055 989 3112 reatum,
1048 3055 1147 3095 nec
1212 3038 1324 3094 suis
1391 3039 1618 3108 posteris
1682 3039 2066 3092 transmisisset

499 3138 784 3194 interitum.

569 3228 722 3282 Vers.
755 3227 806 3280 5.
838 3224 1087 3289 Quoniam
1108 3222 1215 3290 ipse
1241 3221 1464 3275 liberavit
1487 3235 1565 3272 me
1585 3221 1647 3274 de
1676 3222 1850 3288 laqueo
1873 3236 2064 3274 venan-

497 3322 645 3382 tium,
675 3330 721 3373 ct
742 3335 772 3372 α
803 3317 946 3370 verbo
974 3331 1174 3382 aspero.
1209 3313 1431 3367 Causam
1461 3313 1588 3366 ditit
1613 3311 1774 3364 divini
1805 3315 2060 3375 muneris,

497 3411 620 3476 quia
671 3409 783 3477 ipse
814 3421 911 3460 nos
946 3406 1011 3457 ab
1052 3403 1388 3457 inimicorum
1418 3404 1528 3456 sive
1555 3402 1905 3470 spiritualium
1951 3403 2064 3456 sive

496 3504 782 3556 carnalium
831 3506 1004 3566 potest
1051 3497 1276 3551 liberare
1328 3495 1611 3561 versutiis,
1667 3494 2064 3562 comparatione

499 3596 630 3646 laeta
663 3592 990 3652 venantium,
1039 3589 1124 3654 qui
1153 3586 1217 3640 ad
1248 3585 1534 3652 capiendas
1581 3585 1720 3638 feras
1764 3585 1953 3638 retium
1986 3586 2063 3638 la-

494 3667 656 3750 queos
687 3691 922 3751 ponunt,
955 3689 1009 3732 ut
1042 3680 1344 3747 ignorantes
1377 3677 1577 3744 possint
1606 3676 1808 3730 dolosis
1859 3677 2063 3730 insidiis

493 3773 724 3828 irrctire.
758 3770 1002 3838 Sequitur
1027 3812 1039 3834 ,
1071 3777 1118 3821 et
1156 3783 1186 3820 a
1214 3767 1358 3821 verbo
1397 3783 1594 3833 aspero.
1642 3766 1870 3820 Verbum
1904 3781 2058 3834 aspc-

495 3879 610 3917 rum
639 3869 722 3916 est
762 3875 919 3913 omne
959 3859 1154 3912 dietum
1185 3857 1324 3926 quod
1356 3865 1539 3909 contra
1593 3857 1800 3924 regulas
1851 3856 2060 3909 divinas

493 3963 740 4021 tanquam
793 3949 1092 4005 lethilerum
1131 3947 1373 4012 poculum
1409 3947 1737 4014 propitiatur.
1785 3945 1915 3999 Nam
1961 3951 2060 3999 etsi

493 4060 588 4114 per
617 4041 834 4111 injurias
863 4049 949 4092 aut
983 4039 1254 4093 irrisiones
1281 4053 1308 4090 a
1343 4039 1480 4091 bono
1513 4039 1786 4106 pt‘OpOSilt)
1833 4039 2060 4091 diveita-

492 4149 629 4196 mur,
660 4131 860 4185 uerbum
886 4139 966 4182 est
1015 4130 1195 4197 utique
1240 4143 1498 4194 asperum,
1527 4143 1729 4195 suaque
1774 4129 1945 4180 acerbi
1975 4137 2060 4182 ate

489 4223 850 4276 durissimum.
910 4219 973 4271 Et
1016 4220 1202 4272 iterum
1235 4217 1278 4270 si
1324 4219 1569 4271 audiatur
1617 4233 1794 4270 sermo
1839 4217 2059 4271 blandus

488 4314 652 4367 i‘cllito
685 4313 840 4366 melle
869 4312 1133 4374 conditus,
1165 4313 1358 4366 acerbe
1405 4311 1534 4364 illud
1583 4309 1837 4364 debemus
1885 4311 2056 4364 susci-

487 4421 633 4472 pere,
665 4403 787 4471 quia
817 4403 1006 4456 divinis
1030 4403 1280 4468 probatur
1305 4401 1634 4470 jussiouibus
1655 4402 1890 4455 obviare.
1926 4402 2054 4455 Nam

2179 1849 2325 1918 quasi
2375 1847 2568 1903 murali
2618 1848 2914 1903 munitione
2959 1849 3263 1904 circumdat
3307 1859 3468 1920 atque
3501 1852 3725 1906 defendit.

2187 1939 2386 1993 Veritas
2406 1948 2582 1994 autem
2616 1938 2910 1994 incarnatio
2935 1939 3132 1994 Christi
3175 1940 3398 1996 Domini
3441 1942 3730 1996 advertentla

2177 2041 2292 2100 est,
2323 2033 2462 2086 sicut
2505 2032 2737 2100 legitur:
2781 2029 2975 2086 Veritas
3023 2031 3085 2084 de
3132 2041 3279 2085 terra
3321 2045 3434 2086 orta
3479 2045 3547 2086 est
3579 2031 3727 2104 (Pici.

2178 2137 2404 2185 txxxrv,
2435 2119 2551 2188 l2);
2585 2135 2701 2188 qua:
2745 2135 2841 2173 nos
2871 2131 2924 2174 ct
2969 2123 3200 2190 scopulis
3250 2123 3550 2186 obumbrat,
3580 2136 3620 2176 et
3661 2133 3734 2176 sui

2177 2215 2354 2282 pennis
2406 2213 2512 2266 suis
2553 2229 2758 2284 sperare
2805 2213 2958 2290 facit,
3002 2221 3056 2268 et
3101 2218 3250 2268 scuti
3301 2218 3624 2284 protectione
3659 2233 3731 2267 cu-

2175 2303 2357 2358 stodit.

2251 2393 2403 2446 Vers.
2431 2393 2481 2446 5.
2519 2389 2640 2446 Non
2663 2391 2860 2445 timebis
2889 2409 2920 2446 α
2949 2393 3128 2446 timore
3155 2403 3444 2450 nocturno.

2247 2483 2400 2538 Yers.
2432 2481 2484 2537 6.
2517 2484 2558 2536 Α
2601 2493 2786 2552 sagitta
2817 2483 3012 2537 volante
3041 2501 3130 2550 per
3157 2487 3342 2549 diem,
3373 2503 3404 2538 a
3431 2489 3624 2554 negotio
3649 2501 3738 2554 ρετ·

2174 2577 2468 2632 ambulante
2493 2575 2546 2628 in
2580 2574 2814 2638 tenebris,
2847 2591 2878 2626 (ι
2905 2591 3055 2627 ηιήα
3085 2585 3133 2626 et
3157 2577 3430 2630 daemonio
3469 2577 3736 2628 meridiano.

2173 2665 2321 2720 Sicut
2345 2663 2476 2718 dixit
2500 2664 2743 2732 superius
2764 2679 2958 2734 gerere
3003 2666 3420 2728 defensionum,
3453 2669 3524 2722 ita
3553 2667 3740 2720 nuncin

2177 2755 2258 2810 bis
2287 2755 2492 2810 duobus
2539 2755 2778 2808 versibu~
2811 2755 3086 2810 denuntiat
3129 2759 3508 2826 periculorum
3541 2759 3740 2812 modos:

2173 2847 2292 2913 quia
2325 2845 2492 2898 multo
2513 2845 2717 2914 gratior
2746 2845 2886 2898 salus
2930 2847 3006 2910 ﬁt,
3033 2861 3162 2900 cum
3193 2850 3406 2903 evitata
3437 2847 3742 2918 cognoscitur

2175 2939 2535 2992 discriminum
2578 2940 2882 2994 multitudo.
2927 2940 3102 2995 Timor
3133 2943 3335 3012 itaque
3375 2957 3646 2998 nocturnus
3679 2953 3744 2998 e-t

2173 3029 2540 3084 hareticorum
2591 3031 2871 3085 tenebrosa
2921 3032 3120 3086 suasio.
3197 3035 3418 3106 Sagitta
3465 3035 3636 3090 υοῑαιις
3675 3051 3744 3102 per

2099 3120 2143 3177 C
2174 3124 2304 3175 diem
2334 3123 2614 3178 manifesta
2645 3124 2942 3190 persecutio
2983 3135 3378 3194 tyrannorum.
3411 3127 3674 3196 Negotfmu
3707 3127 3748 3174 in

2171 3212 2406 3276 tenebris,
2437 3227 2556 3266 cum
2599 3227 2761 3280 pravo
2807 3213 2983 3266 studio
3029 3215 3410 3283 perquiritur,
3455 3215 3593 3270 unde
3637 3213 3750 3266 bene

2169 3302 2497 3356 credentium
2521 3302 2700 3358 cordis
2727 3304 2912 3357 oculus
2944 3303 3288 3360 obearcatur.
3331 3305 3644 3361 Damonium
3669 3322 3752 3358 mc-

2169 3395 2422 3450 ridianum
2447 3402 2530 3449 est
2553 3395 2785 3448 immane
2815 3393 3104 3462 periculum
3139 3397 3370 3452 fervore
3393 3397 3753 3466 persecutionis

2167 3500 2487 3541 accensum:
2521 3486 2608 3540 ubi
2655 3486 2808 3540 ruina
2857 3487 3183 3555 plerumque
3233 3495 3538 3552 metuitur,
3571 3489 3756 3560 (pratulo

2167 3577 2449 3630 inﬁrmitas
2480 3577 2709 3630 humana
2737 3583 3038 3645 superatur.
3067 3576 3266 3632 Ruina
3307 3579 3463 3634 enim
3489 3580 3628 3634 dicta
3653 3585 3754 3636 est.

2166 3667 2316 3734 quasi
2366 3673 2616 3734 repetens
2661 3665 2785 3720 ima.
2819 3666 2922 3721 Sed
2955 3681 3048 3736 per
3091 3667 3207 3723 has
3239 3687 3446 3726 omnes
3490 3671 3761 3726 allusiones

2165 3757 2608 3818 dctinitioncsque
2661 3774 2840 3812 rerum
2897 3759 3028 3814 illud
3078 3763 3388 3818 evidenter
3435 3764 3752 3824 ostenditur,

2165 3853 2284 3920 quia
2315 3851 2442 3904 nihil
2475 3855 2662 3903 horum
2695 3859 2936 3905 metuere
2983 3867 3316 3923 possumus,
3351 3857 3576 3924 quando
3603 3853 3758 3908 Dolui-

2165 3961 2234 3998 no
2258 3953 2562 4014 protegente
2589 3944 2875 3998 salvantur.

2239 4037 2388 4090 Vers.
2423 4038 2476 4090 7.
2503 4034 2698 4090 Cadent
2721 4053 2752 4088 α
2779 4037 2936 4090 latere
2955 4047 3045 4090 tuo
3075 4039 3235 4094 mille
3269 4051 3322 4096 et
3356 4053 3538 4096 decem
3565 4039 3714 4092 millia
3739 4054 3762 4088 α

2163 4129 2355 4182 ἅρπη-ὅσ
2383 4132 2481 4181 tuis
2504 4145 2523 4181 :
2552 4129 2620 4181 ad
2646 4138 2692 4182 te
2713 4139 2882 4182 autem
2907 4146 3006 4182 non
3038 4135 3536 4202 appropinquabit.
3565 4131 3688 4187 Cum
3709 4130 3762 4182 de

2163 4221 2278 4274 viro
2310 4219 2620 4274 ﬁdelissimo
2649 4220 2701 4273 in
2734 4222 2900 4288 prima
2927 4230 3079 4288 parte
3109 4224 3484 4293 loqueretur,
3537 4224 3765 4296 quoniam

2165 4313 2403 4365 iuetnbra
2447 4312 2604 4378 capiti
2645 4327 2742 4366 suo
2775 4327 3011 4366 connexa
3041 4323 3208 4380 sunt,
3245 4316 3306 4370 in
3341 4318 3586 4372 secunda
3633 4321 3766 4382 parte

2163 4405 2308 4458 venit
2335 4404 2398 4456 ad
2433 4403 2711 4457 Dominum
2741 4403 3029 4468 Christum,
3055 4415 3120 4460 ut
3151 4409 3293 4464 illos
3322 4426 3470 4478 quos
3493 4410 3588 4463 Dei
3621 4405 3772 4461 [animo

487 4497 785 4562 tri-quenter
815 4493 900 4546 illa
950 4492 1065 4558 plus
1102 4491 1374 4558 decipiunt
1404 4507 1520 4559 qutc
1567 4491 1894 4544 mollissimis
1941 4507 2054 4546 ser-

2170 4499 2222 4551 iis
2255 4497 2528 4552 insidiatos
2553 4511 2675 4550 esse
2703 4497 2936 4560 dixerat,
2971 4509 3354 4565 peccaturum
3387 4517 3612 4556 sitorum
3639 4496 3772 4552 tetri.

486 4586 729 4652 monibus
765 4583 1090 4636 intimantnr.
1131 4581 1214 4635 Ab
1246 4585 1342 4635 hac
1371 4597 1497 4650 ergo
1525 4583 1811 4649 asperitate
1848 4586 2054 4652 gravis-

477 4678 614 4728 sima
680 4685 736 4728 et
787 4689 962 4726 amara
1019 4674 1300 4728 dulcedine
1355 4673 1540 4728 liberat
1598 4673 1854 4728 Dominus
1923 4692 2050 4738 nos,

483 4767 693 4836 «plaudo
723 4767 774 4819 in
806 4767 884 4818 via
910 4765 1072 4834 ipsius
1113 4765 1401 4834 gradimur,
1438 4779 1534 4818 nec
1565 4765 1784 4819 dextera
1815 4765 2052 4836 ltevaque

478 4861 818 4921 divertiinus,
852 4858 938 4912 ubi
981 4873 1008 4910 a
1040 4858 1254 4910 diabolo
1287 4856 1492 4924 positos
1535 4857 1752 4924 laqueos
1797 4873 1916 4912 esse
1958 4874 2048 4910 co-

475 4953 800 5020 gnoscimus.
837 4951 889 5002 lu
922 4949 1002 5002 via
1041 4949 1206 5011 enim,
1237 4949 1288 5002 id
1320 4956 1400 5002 i-st
1430 4949 1480 5001 in
1509 4949 1622 5013 ipso
1646 4948 1858 5000 Christo
1887 4965 2044 5001 ausus

482 5059 583 5094 non
611 5053 690 5095 est
725 5057 949 5106 ponere,
979 5041 1066 5094 ubi
1125 5041 1308 5093 ﬁdeles
1357 5055 1460 5092 non
1501 5039 1753 5108 pra-valet
1783 5055 1890 5092 san.
1913 5040 2043 5092 iare.

545 5131 696 5184 Vers.
721 5129 774 5185 4.
801 5130 1040 5204 Scapulis
1065 5131 1167 5181 suis
1191 5129 1504 5181 obnmbrabit
1536 5129 1646 5194 tibi,
1675 5138 1721 5181 et
1749 5131 1837 5180 sub
1869 5129 2046 5194 pennis

471 5227 581 5292 ejus
621 5223 878 5286 sperabis;
918 5232 1060 5274 scuto
1088 5223 1418 5274 circumdabit
1447 5231 1492 5273 te
1523 5223 1700 5273 raritas
1751 5225 1880 5291 ejus.
1943 5219 2045 5274 Pi-r

473 5315 612 5366 hunc
641 5327 848 5366 versum
877 5320 932 5364 et
975 5312 1109 5364 duos
1155 5311 1288 5363 alios
1335 5311 1423 5378 qui
1453 5319 1768 5376 sequuntur,
1801 5325 2042 5378 persona!

471 5405 540 5458 illi
572 5402 920 5458 sanctissima:
965 5417 1120 5470 quam
1173 5403 1424 5469 propheta
1455 5403 1696 5468 superius
1727 5402 2037 5466 introduxit,

467 5513 624 5564 quam
681 5494 1051 5564 pulrliermnis
1100 5494 1448 5547 allusionibus
1507 5495 1710 5546 lioii‘tini
1781 5494 2038 5548 beneﬁcia

465 5585 878 5652 compromittit!
913 5593 968 5637 ut
991 5583 1140 5652 cujus
1171 5585 1320 5650 prius
1361 5598 1537 5637 mores
1563 5583 1896 5651 probaverat,
1922 5585 2036 5652 ejus

471 5671 681 5740 praemia
707 5671 860 5740 digna
893 5681 1130 5726 oarrazet
1157 5687 1170 5737 ;
1203 5685 1334 5739 qute-
1363 5681 1542 5725 nostra
1565 5671 1722 5726 debet
1749 5673 2034 5726 curiositas

2163 4591 2432 4642 butioncm
2464 4589 2733 4642 subituros
2761 4603 2880 4642 csse
2911 4597 3288 4648 monstraret.
3343 4595 3458 4650 Sed
3491 4593 3632 4648 hunc
3669 4605 3775 4644 ver-

2159 4697 2275 4735 sum
2301 4681 2456 4750 paulo
2492 4679 2771 4733 sollicitius
2811 4681 3178 4744 inquiramus.
3219 4687 3350 4739 Non
3385 4688 3540 4741 enim
3573 4689 3776 4752 possunt

2155 4789 2186 4823 α
2209 4771 2368 4826 latere
2395 4771 2624 4832 Domini,
2661 4771 2739 4824 vel
2769 4790 2798 4824 α
2836 4773 3032 4825 dextris
3059 4773 3200 4842 ejus
3227 4779 3462 4846 cadere,
3491 4779 3580 4848 qui
3607 4777 3712 4847 jam
3733 4775 3774 4826 in

2160 4861 2436 4914 beatorum
2483 4877 2706 4916 numero
2733 4863 3094 4928 praedestinati
3135 4881 3282 4922 esse
3321 4863 3776 4924 noscuntur:sed

2158 4953 2256 5005 hoc
2298 4951 2364 5004 de
2415 4952 2890 5018 prtesumptorihus
2936 4952 3070 5005 bene
3133 4955 3400 5020 dicitur,
3431 4959 3530 5028 qui
3563 4956 3688 5012 illud
3729 4967 3780 5008 se

2156 5042 2408 5110 [οιιενιιιιὶ
2437 5042 2681 5104 crodunt,
2705 5042 2842 5109 quod
2871 5043 3086 5094 mininr-
3125 5061 3572 5106 promi-rentur.
3603 5049 3782 5102 Cadent

2151 5133 2320 5192 divit,
2349 5133 2496 5200 quasi
2541 5133 2605 5184 de
2633 5133 2739 5184 alta
2771 5133 3102 5187 beatitudine
3140 5149 3456 5206 corruerit,
3491 5155 3654 5210 quam
3691 5135 3780 5192 sibi

2155 5225 2470 5286 temeraria,
2501 5241 2605 5276 non
2637 5225 2804 5278 ﬁdelis
2835 5225 3008 5280 anima
3041 5232 3469 5290 promittebat.
3519 5233 3678 5288 Latus
3701 5245 3784 5282 au-

2155 5324 2260 5368 tem
2284 5325 2369 5370 est
2395 5316 2596 5368 Domini
2621 5316 2910 5370 Salvatoris
2933 5333 3140 5372 corona
3175 5322 3498 5392 iustorum,
3527 5341 3650 5394 quae
3671 5334 3782 5376 cum

2147 5407 2263 5474 ipso
2293 5408 2456 5475 (sicut
2499 5407 2742 5474 promisit
2771 5407 3053 5478 apttsltilié)
3095 5411 3154 5460 in
3187 5427 3630 5470 resurrectoue
3653 5412 3784 5480 judi-

2143 5496 2306 5548 cabit.
2341 5495 2482 5571 Nam
2507 5495 2768 5564 hodieque
2794 5497 3275 5564 qumulojudices
3313 5508 3564 5572 petiturus
3589 5505 3658 5559 ab
3695 5501 3782 5554 int-

2142 5595 2386 5652 peratorc
2415 5587 2492 5638 vel
2541 5601 2680 5654 rege,
2717 5588 2796 5641 sic
2843 5587 2922 5640 eis
2965 5589 3220 5646 dicimus
3253 5611 3268 5646 :
3303 5595 3516 5650 Mittite
3558 5611 3592 5648 ει
3631 5599 3784 5646 latrre

2141 5683 2337 5740 Vestro,
2371 5675 2418 5726 id
2451 5683 2533 5727 est
2583 5678 2669 5743 qui
2713 5676 2982 5730 vobiscum
3014 5678 3204 5733 habet
3243 5683 3589 5738 ﬁdelissima
3627 5683 3782 5738 deto-
