3952 6162
299 275 390 326 ὕ55

1252 273 1606 329 EXPOSITIO
1648 273 1710 325 IN
1754 266 2207 323 l‘SAl.’llilliU.\l.
2252 266 2439 320 l’SAL.
2489 267 2595 321 XC.

3447 263 3547 317 (554

308 389 423 437 ιοηε
453 385 759 438 consilium.
803 385 954 438 Latus
978 388 1119 440 enim
1149 386 1346 441 dictum
1375 395 1477 448 est,
1502 399 1567 439 eo
1596 382 1734 451 quod
1762 381 1858 433 sub
1894 384 1938 437 Α
1967 394 2050 430 me
2081 376 2277 431 dicitur
2302 392 2407 431 non
2438 377 2671 442 venisse,
2702 376 2788 445 qui
2814 393 2871 429 se
2897 381 3148 441 probatus
3172 385 3257 431 est
3288 376 3545 431 immacu-

290 475 502 529 brachio
530 476 715 528 lateat.
769 475 835 528 Et
863 478 983 544 quia
1013 491 1136 543 spes
1171 476 1442 529 hominum
1491 475 1720 527 inanitir
1761 471 1859 525 sibi

292 566 553 632 promittit
581 567 813 628 excelsa,
844 582 909 621 ex
943 566 1028 619 illa
1073 566 1239 633 gloria
1264 582 1358 620 eos
1401 565 1528 618 dicit
1557 578 1676 619 esse
1702 578 1861 618 casu-

291 669 395 717 ros,
428 656 517 723 qui
546 656 646 709 sibi
677 672 839 725 supra
889 659 1075 710 merita
1125 673 1217 711 sua
1261 658 1383 711 talia
1432 656 1768 724 pollicentur.
1802 655 1867 706 Et

289 749 538 814 quoniam
564 747 650 801 isti
681 749 784 800 rari
816 762 939 801 sunt
966 748 1053 816 qui
1082 758 1281 802 tantam
1312 762 1373 802 ac
1404 748 1561 801 talem
1594 761 1739 813 Spem
1774 747 1867 796 ha-

290 839 410 891 bere
443 846 753 903 noscuntur,
792 838 929 891 mille
960 856 989 890 a
1016 840 1173 892 latere
1204 840 1321 907 ejus
1360 841 1551 893 asserit
1577 854 1695 891 esse
1720 856 1867 889 casu-

270 945 388 995 ‘ros,
416 929 486 981 ab
517 929 607 981 il'a
647 929 857 982 scilicet
884 931 1191 983 summitate
1212 929 1576 998 judicationis.
1613 931 1653 981 A
1676 929 1867 983 dextris

290 1029 491 1082 autem,
515 1019 637 1086 quia
656 1019 803 1073 multi
834 1029 1017 1086 putant
1038 1035 1098 1075 se
1119 1020 1183 1073 ad
1206 1020 1481 1074 dexteram
1505 1020 1865 1081 collocandos,

289 1112 464 1164 decem
492 1110 657 1163 millia
692 1118 920 1163 testatur
963 1110 1085 1163 inde
1130 1110 1383 1173 ruituros,
1414 1110 1663 1179 quoniam
1689 1118 1744 1164 et
1769 1109 1869 1176 ipsi

288 1200 418 1253 falsa
452 1201 709 1267 opinione
753 1208 1143 1267 conceperant,
1175 1199 1315 1268 quod
1346 1201 1397 1253 in
1427 1200 1541 1253 suis
1572 1200 1733 1268 310
1763 1215 1871 1253 me-

289 1292 403 1344 ritis
448 1306 555 1343 non
594 1290 879 1344 habebant.
918 1291 1042 1344 llazc
1082 1299 1259 1344 autem
1301 1292 1566 1344 sententia
1617 1292 1734 1344 illos
1755 1307 1873 1354 sne-

288 1381 501 1435 cialiter
532 1382 781 1434 verberat
810 1381 896 1447 qui
920 1382 1100 1449 aliquo
1124 1383 1262 1435 bono
1293 1384 1658 1449 prosperitatis
1686 1382 1873 1435 inflau-

289 1478 394 1535 tur,
419 1477 479 1523 et
508 1478 725 1523 sanctos
757 1484 814 1523 se
845 1480 1032 1536 putant
1083 1485 1230 1532 esse,
1262 1485 1383 1523 cum
1433 1486 1535 1524 non
1569 1472 1694 1525 sint.
1731 1471 1875 1524 Mille

288 1569 468 1614 autem
493 1570 543 1613 et
573 1562 743 1613 decem
775 1561 935 1613 millia
966 1561 1170 1614 ﬁnitum
1205 1577 1299 1629 pro
1346 1563 1551 1617 inﬁnito
1593 1578 1873 1617 numerum

290 1652 459 1721 ponit.
486 1652 769 1720 Sequitur,
800 1654 877 1704 Ad
899 1660 946 1705 te
970 1664 1139 1705 autem
1160 1669 1259 1705 non
1283 1653 1749 1722 appmpinquabit;
1775 1656 1874 1708 hoc

1967 471 2070 523 lata
2096 468 2506 524 conversatione
2549 477 2799 522 tractare.
2832 468 2925 521 llic
2968 470 3109 519 enim
3152 465 3416 537 ﬂagellum
3460 485 3533 537 po

1968 563 2126 616 situm
2152 571 2254 624 est,
2283 562 2422 629 quod
2448 561 2644 636 delicta
2665 562 2915 629 castigat,
2944 560 3081 625 quod
3110 561 3379 627 improbos
3401 571 3551 617 actis

1968 654 2275 718 ulciscitur;
2307 664 2360 708 et
2388 654 2506 707 ideo
2534 662 2781 721 negatum
2810 663 2892 707 est
2925 667 3017 718 per
3040 651 3303 721 ﬂagellum
3332 653 3550 706 Christo

1976 745 2199 796 Domino
2224 744 2553 811 proximasse
2577 753 2874 811 peccatum.
2900 742 3049 807 Quod
3071 758 3239 811 genus
3264 742 3549 796 locutionis

1971 835 2183 887 schema
2234 835 2427 887 dicitur
2470 833 2778 903 hypallage,
2820 849 2937 901 QIIiB
2981 842 3035 885 et
3084 834 3136 885 in
3189 833 3539 888 smcularilus

1971 926 2275 992 frequenter
2314 924 2581 977 invenitur
2611 924 2970 977 voluminibus
2999 931 3053 975 et
3080 922 3293 975 divinis.

2047 1017 2197 1069 Vers.
2227 1017 2311 1069 Η.
2348 1016 2602 1080 Quoniam
2632 1014 2824 1082 angelis
2855 1014 2959 1065 suis
2991 1015 3246 1065 mandauit
3275 1015 3335 1065 de
3372 1022 3451 1076 te,
3492 1024 3546 1066 ut

1974 1111 2256 1161 custodiuit:
2286 1116 2332 1158 te
2353 1107 2405 1158 in
2432 1106 2661 1159 omnibus
2684 1107 2775 1157 viis
2807 1105 2927 1157 tuis.

1968 1254 1977 1257 ,
2046 1199 2197 1252 Vers.
2233 1197 2310 1249 l2.
2346 1196 2411 1248 In
2448 1197 2681 1249 manibus
2706 1197 2975 1265 portabunt
3019 1202 3087 1260 le,
3119 1211 3182 1248 ne
3211 1211 3435 1262 unquam
3462 1197 3547 1266 of-

1975 1288 2151 1357 fendas
2173 1286 2238 1337 ad
2264 1285 2485 1354 lapidem
2508 1286 2684 1354 pedem
2707 1294 2869 1337 tuum.
2894 1284 2949 1335 ln
2982 1283 3062 1336 his
3080 1282 3288 1336 duobus
3312 1285 3554 1340 versibus

1977 1379 2136 1433 verba
2186 1384 2311 1429 sunt
2356 1391 2475 1443 quae
2520 1374 2745 1428 Domino
2776 1372 2991 1427 Christo
3017 1373 3285 1438 diabolus,
3331 1373 3398 1427 de
3437 1373 3553 1442 ejus

1976 1467 2256 1522 divinitate
2281 1465 2548 1527 dubitans,
2575 1481 2695 1519 cum
2716 1480 2837 1518 eum
2866 1472 3072 1519 tentare
3097 1467 3546 1533 prmsumpsisset.

1977 1560 2193 1628 objecit.
2218 1557 2323 1613 Sed
2352 1557 2438 1611 ubi
2463 1558 2551 1611 ille
2576 1557 2790 1621 cecidit,
2823 1572 2918 1610 nos
2946 1556 3177 1611 sollicite
3202 1558 3512 1625 gradiamur
3537 1578 3550 1612 :

1979 1652 2230 1720 quoniam
2287 1648 2493 1703 cautela
2545 1648 2821 1714 sequentis
2868 1656 2954 1702 est
3011 1651 3319 1717 praecedens
3375 1651 3555 1720 lapsus

287 1755 364 1799 est
386 1743 622 1814 quilibet
668 1759 733 1798 ex
765 1743 892 1799 iisis
940 1745 1029 1807 qui
1075 1744 1175 1797 sibi
1221 1759 1444 1813 regnum
1490 1744 1581 1798 Dei
1615 1744 1876 1799 fallaciter
1908 1749 1951 1806 Β
1979 1744 2207 1796 alienus.
2260 1741 2416 1808 Srcpe
2459 1740 2691 1792 diximus
2729 1740 2780 1791 in
2819 1740 3043 1793 Domino
3093 1741 3372 1795 Salvatore
3420 1743 3553 1796 duas

288 1836 619 1905 pollicentur
643 1853 655 1890 :
682 1836 770 1904 qui
812 1851 995 1890 revera
1024 1836 1181 1904 longe
1206 1843 1423 1899 erunta
1456 1834 1711 1898 Domino,
1744 1850 1876 1904 quo-

290 1927 435 1980 niam
464 1928 592 1981 dum
635 1942 781 1992 spem
817 1927 1011 1980 habent
1058 1926 1111 1979 in
1158 1926 1364 1981 meritis
1391 1927 1499 1981 suis
1521 1968 1535 1989 ,
1565 1927 1631 1981 ad
1656 1925 1874 1980 satisfa-

288 2018 491 2071 ctionis
526 2018 763 2071 remedia
798 2032 900 2070 non
932 2025 1235 2071 recurrunt.

352 2109 522 2163 V’ers.
568 2110 621 2163 8.
676 2108 1037 2162 Verumtamen
1089 2109 1248 2162 oculis
1281 2110 1379 2161 luis
1428 2109 1791 2175 considerabis,
1829 2119 1875 2162 et

286 2202 680 2253 retributionem
733 2211 1054 2268 peccatorum
1099 2201 1308 2254 uidebis.
1362 2200 1536 2255 Oculis
1573 2202 1702 2264 tuis,
1745 2202 1877 2255 dixit

286 2288 538 2343 divinum
592 2290 737 2343 illum
796 2291 1027 2344 lucidum
1080 2290 1592 2360 perspicabilemque
1644 2306 1872 2360 conspe-

286 2390 462 2442 ctum.
492 2398 603 2451 quo
632 2382 901 2436 hominum
931 2384 1116 2437 merita
1139 2374 1462 2451 iudicantur.
1495 2383 1703 2438 Justitia
1733 2387 1873 2445 enim

286 2471 473 2524 divina
506 2472 916 2527 considerantur
947 2474 1211 2538 homines,
1245 2473 1335 2543 qui
1359 2482 1482 2528 Sunt
1508 2475 1574 2527 ad
1600 2476 1874 2531 sinistram

282 2563 362 2613 vel
386 2561 459 2614 ad
487 2561 762 2615 dexteram
787 2561 1391 2632 collocandi.Sequitur,
1412 2562 1478 2615 Et
1498 2564 1876 2619 retributionem

285 2662 626 2716 peccatorum
678 2655 1037 2719 videbis;lioc
1086 2664 1170 2709 est.
1215 2657 1355 2724 quod
1404 2656 1651 2724 superius
1696 2658 1873 2713 dixit:

285 2746 475 2799 Oculis
506 2747 607 2800 tuis
637 2747 996 2801 considerabis.
1050 2746 1141 2801 Illa
1191 2748 1334 2801 enim
1380 2749 1737 2804 consideratio
1776 2752 1877 2805 erit

279 2839 559 2892 retributio
601 2841 933 2894 meritorum.
973 2840 1206 2905 Videbis,
1239 2840 1288 2893 id
1332 2849 1444 2904 est,
1474 2842 1638 2895 videri
1670 2842 1830 2897 facies
1857 2860 1872 2908 ;

279 2932 427 2984 sicut
461 2939 549 2983 est
575 2930 701 2983 illud
727 2945 740 2983 :
770 2930 1015 2984 Dominus
1042 2932 1103 2984 de
1132 2932 1254 2983 caelo
1276 2934 1533 2999 prospexit
1564 2950 1715 3003 super
1740 2935 1875 3000 ﬁlios

280 3022 598 3090 hominum,
627 3031 682 3079 ut
722 3023 888 3078 uideat
934 3026 978 3081 si
1024 3034 1093 3079 est
1150 3022 1436 3099 intelligens
1482 3034 1566 3080 aut
1615 3027 1873 3098 requirens

281 3116 465 3170 Deum
498 3116 676 3185 (Prol.
703 3134 791 3181 ut,
825 3120 903 3185 5).

360 3208 525 3261 Vers.
555 3209 610 3260 9.
633 3207 883 3273 Quoniam
914 3217 968 3261 tu
1001 3226 1073 3271 es,
1112 3208 1346 3276 Domine,
1371 3227 1487 3277 spes
1513 3227 1655 3276 mea;
1681 3213 1871 3265 altissi-

276 3317 419 3352 mum
466 3301 687 3365 posuisti
716 3300 965 3369 refugium
992 3310 1154 3353 tuum.
1187 3299 1319 3355 Cum
1344 3318 1501 3369 supra
1533 3305 1597 3357 de
1627 3316 1873 3372 peccato-

276 3406 398 3443 rum
437 3390 799 3443 retributione
830 3391 1155 3457 loqueretur,
1178 3392 1357 3445 subito
1380 3393 1590 3458 intulit,
1622 3396 1871 3459 Quoniam

270 3492 328 3534 tu
367 3500 462 3544 es,
501 3481 747 3543 Domine,
781 3499 890 3549 spes
922 3498 1063 3544 nica,
1106 3483 1245 3551 quod
1277 3498 1469 3537 sensus
1492 3488 1736 3552 superior
1766 3504 1867 3542 non

274 3574 547 3625 habebat.
582 3573 710 3637 Quae
740 3572 903 3640 ﬁgura
937 3572 1131 3627 dicitur
1163 3575 1487 3640 paradoxon,
1520 3578 1731 3644 quando
1758 3580 1871 3633 exi-

274 3673 363 3718 tus
398 3666 724 3732 inopinatus
758 3666 839 3717 vel
879 3680 982 3718 non
1016 3675 1357 3732 exspectatus
1384 3669 1662 3739 ingeritur.
1690 3672 1869 3725 loten-

273 3758 492 3809 darnus
521 3764 703 3809 autem
728 3756 1006 3810 sollicitius
1026 3759 1150 3825 quid
1174 3758 1243 3811 sit
1264 3760 1404 3826 quod
1433 3760 1561 3814 dicit
1589 3762 1867 3830 protiheta,

270 3847 554 3911 Quoniam
605 3856 657 3898 tu
694 3863 766 3909 es,
812 3846 1046 3914 Domine,
1078 3865 1193 3917 spes
1233 3865 1343 3902 mea
1365 3866 1385 3903 :
1413 3856 1533 3920 quia
1564 3863 1869 3920 resurgente

265 3941 520 3993 Domino
547 3953 695 4007 spem
726 3941 1139 3994 resurrectionis
1170 3943 1408 3995 membra
1455 3943 1655 4012 reliqua
1686 3960 1868 4012 perce-

264 4039 507 4099 perunt,
535 4046 654 4113 quas
680 4039 830 4083 erant
860 4033 1026 4097 posita
1057 4033 1105 4083 in
1139 4041 1311 4086 morte
1337 4035 1557 4101 peccati.
1590 4035 1870 4092 Prmcessit

1981 1842 2222 1895 naturas,
2252 1831 2304 1885 id
2330 1840 2413 1885 est
2437 1832 2529 1885 Dei
2555 1839 2608 1884 et
2637 1831 2865 1885 hominis
2897 1833 3075 1886 unitas
3103 1841 3263 1901 atque
3293 1833 3553 1901 perfectas

1978 1925 2036 1977 in
2085 1938 2186 1975 una
2235 1923 2529 1990 eademque
2576 1936 2888 1990 permanere
2932 1938 3183 1991 persona,
3216 1924 3287 1979 ita
3332 1935 3389 1980 ut
3417 1943 3553 1983 unus

1977 2029 2099 2069 esse
2131 2013 2222 2069 Dei
2251 2015 2416 2069 Filius
2439 2023 2492 2068 et
2514 2014 2832 2082 praedicetur
2852 2017 2918 2067 ab
2940 2016 3186 2070 omnibus
3211 2027 3265 2071 et
3280 2020 3549 2084 credatur,

1976 2108 2118 2161 sicut
2147 2115 2200 2160 et
2241 2107 2426 2160 Patres
2474 2106 2640 2160 no-tri
2690 2108 2931 2159 veritatis
2967 2108 3132 2174 ipsius
3164 2110 3553 2167 illuminatione

1976 2199 2308 2264 docuerunt,
2341 2197 2580 2252 dicentes
2607 2217 2618 2249 :
2651 2198 2810 2252 Solus
2838 2213 2901 2253 ex
2936 2198 3198 2255 Trinitate
3229 2201 3395 2261 Filius
3444 2204 3553 2259 for-

1979 2306 2117 2344 mam
2147 2290 2288 2344 servi
2318 2291 2545 2357 accepit,
2571 2305 2689 2363 qua:
2736 2291 2902 2344 forma
2942 2292 3017 2346 illi
3046 2292 3110 2345 ad
3144 2294 3398 2349 unitatem
3430 2311 3551 2365 per-

1976 2396 2124 2437 sona:
2170 2390 2412 2451 coaptata
2459 2391 2568 2445 est;
2618 2383 2667 2436 id
2719 2392 2823 2449 est,
2852 2391 2910 2437 ut
2956 2384 3125 2440 Filius
3159 2386 3250 2441 Dei
3300 2395 3354 2442 et
3387 2387 3552 2443 Filius

1977 2474 2207 2528 hominis
2237 2488 2372 2527 unus
2396 2475 2465 2527 sit
2487 2476 2824 2541 omnipotens
2845 2474 3003 2529 Jesus
3024 2474 3273 2531 Christus
3303 2495 3315 2530 :
3346 2495 3414 2534 ne
3444 2497 3549 2533 non

1978 2565 2230 2629 Trinitas,
2274 2565 2368 2619 sed
2410 2565 2569 2634 (quod
2611 2566 2773 2634 absit)
2818 2569 3175 2635 quaternitas,
3206 2569 3547 2637 praedicetur.

1978 2656 2111 2711 llinc
2137 2664 2221 2709 est
2246 2656 2385 2722 quod
2413 2656 2624 2723 quando
2655 2658 2870 2710 humilia
2905 2657 2972 2711 de
2998 2659 3114 2726 ipso
3137 2661 3408 2729 dicuntur,
3450 2664 3551 2716 hu-

1978 2747 2217 2801 manitati
2243 2758 2369 2803 sunt
2394 2749 2510 2803 sine
2540 2747 2705 2802 dubio
2727 2749 3035 2816 deputanda
3063 2769 3079 2806 :
3109 2755 3329 2822 quando
3356 2756 3552 2826 aliquid

1979 2846 2247 2909 potentius
2275 2849 2443 2906 tonat,
2466 2841 2661 2896 divinis
2687 2844 2972 2898 virtutibus
2994 2846 3245 2901 convenit
3265 2849 3551 2915 applicari;

1976 2919 2114 3004 quod
2165 2935 2253 2988 hic
2288 2942 2344 2989 et
2374 2934 2596 2989 inferius
2652 2943 2936 3005 utrumque
2963 2947 3231 2992 servatum
3278 2948 3377 2994 est.
3422 2941 3551 2996 Nam

1975 3025 2117 3093 quod
2167 3023 2396 3092 legitur,
2428 3024 2622 3094 angelis
2677 3028 3004 3090 mandatum,
3055 3035 3112 3081 ut
3154 3042 3276 3081 eum
3322 3030 3551 3099 debeant

1900 3103 1947 3170 C
1978 3118 2251 3186 custodire,
2276 3116 2598 3174 inﬁrmitatis
2622 3116 2865 3176 humanae
2888 3127 2989 3186 est,
3034 3120 3173 3178 sicut
3205 3120 3548 3191 Evangelium

1974 3228 2185 3282 quoque
2217 3220 2439 3265 testatur
2463 3230 2475 3265 :
2506 3214 2755 3281 Apparuit
2782 3224 2952 3267 autem
2980 3214 3058 3267 illi
3086 3215 3302 3286 angelus
3332 3218 3396 3269 de
3424 3219 3549 3271 creto

1973 3304 2264 3371 confortans
2304 3319 2418 3357 eum
2447 3304 2600 3371 (Luc.
2634 3320 2763 3369 χιιι,
2794 3306 2907 3373 45).
2939 3306 3001 3359 Ει
3031 3314 3089 3359 ut
3118 3307 3287 3375 ipsam
3322 3309 3552 3363 hominis

1974 3401 2217 3446 naturam
2248 3392 2638 3461 perfectissime
2683 3394 3000 3461 declararet,
3036 3396 3269 3466 adjecit,
3298 3416 3362 3453 ne
3389 3400 3552 3467 σθ’ρὴ-

1971 3484 2066 3537 das
2090 3485 2157 3538 ad
2188 3485 2410 3551 lapidem
2432 3484 2611 3554 pedem
2641 3495 2817 3548 tuum;
2845 3486 2894 3537 id
2924 3497 3030 3551 est,
3061 3502 3126 3540 ne
3157 3488 3208 3541 in
3238 3488 3407 3558 legem
3432 3507 3551 3558 quae

1972 3574 2024 3627 in
2052 3575 2276 3641 lapideis
2302 3575 2498 3627 tabulis
2524 3576 2723 3641 scripta
2747 3575 3027 3631 videbatur
3050 3579 3365 3646 incurreret,
3390 3596 3549 3650 quam

1979 3674 2203 3719 venerat
2230 3673 2419 3734 gentes
2448 3666 2696 3731 edocere,
2731 3664 2956 3736 ejusque
2999 3670 3378 3737 plenitudinem
3409 3674 3552 3727 salu-

1973 3755 2071 3807 tari
2099 3754 2402 3822 integritate
2432 3754 2665 3809 ﬁrmare.

2043 3844 2195 3897 Yers.
2231 3845 2319 3899 15.
2352 3844 2525 3908 Super
2554 3845 2785 3915 aspidem
2813 3857 2857 3900 et
2906 3847 3199 3905 basiliscum
3226 3830 3544 3914 ambulabis,

1969 3941 2018 3987 et
2052 3932 2369 3986 conculcabis
2408 3935 2599 3986 leonem
2627 3942 2677 3987 et
2724 3936 3015 3990 draconem.
3056 3939 3153 3993 llic
3196 3940 3305 4007 jam
3357 3943 3545 3997 divina

1969 4024 2138 4077 virtus
2167 4025 2503 4092 exprimitur,
2530 4041 2650 4092 qua:
2681 4028 2842 4080 tantis
2884 4028 3044 4081 rebus
3072 4031 3413 4085 servientibus
3446 4034 3548 4087 im-

1969 4117 2192 4183 peravit.
2221 4115 2351 4169 Nam
2384 4115 2561 4167 omnia
2596 4117 2692 4169 ista
2740 4119 2952 4171 nomina
2990 4119 3209 4173 diabolo
3239 4136 3546 4192 congruen-

1970 4216 2049 4261 ter
2072 4216 2323 4276 aptantur
2349 4224 2360 4257 :
2392 4207 2533 4275 aspis
2560 4218 2663 4275 est,
2694 4208 2819 4261 dum
2846 4210 3053 4264 occulte
3084 4215 3308 4280 percutit
3334 4230 3348 4278 ;
3375 4216 3547 4269 basili-

255 4124 417 4175 eaim
456 4119 515 4172 in
547 4116 753 4186 Capite,
797 4121 935 4188 quod
964 4136 1157 4188 corpus
1191 4123 1450 4190 reliquum
1480 4125 1532 4177 in
1561 4140 1619 4179 se
1648 4140 1867 4193 sperare

254 4215 584 4266 debuisset.
620 4210 811 4264 Verum
840 4216 936 4266 i512
961 4230 1073 4281 spes
1099 4215 1505 4268 resurrectionis
1536 4225 1722 4271 sancto
1749 4219 1866 4272 viro

250 4303 390 4357 ideo
418 4304 570 4355 facta
610 4309 713 4366 est,
742 4304 865 4369 quia
893 4311 947 4355 et
981 4304 1093 4370 ipse
1129 4304 1382 4357 Dominus
1415 4306 1663 4360 Salvator
1689 4323 1782 4373 per
1813 4310 1861 4361 id
1967 4316 2103 4363 scus,
2145 4315 2264 4352 cum
2299 4299 2469 4367 palam
2517 4316 2718 4353 venena
2753 4301 3101 4367 disseminat;
3138 4306 3236 4369 leo,
3270 4306 3397 4360 dum
3433 4324 3547 4377 per-

248 4397 414 4465 quod
450 4402 700 4447 mortuus
721 4402 820 4452 est.
850 4395 1101 4462 refugium
1132 4409 1283 4447 suum
1314 4398 1552 4449 noscitur
1576 4399 1625 4449 in
1652 4399 1861 4452 Altissi-
1966 4392 2205 4461 sequitur
2228 4392 2584 4456 ἱιιηοεθιιιεες
2626 4394 2803 4456 ἄνθεος
2835 4410 2956 4448 Cum
3009 4396 3339 4465 negligentes
3383 4400 3543 4470 impia

240 4505 348 4543 ωο
405 4488 695 4557 posuisse,
725 4489 862 4540 sicut
902 4487 952 4538 in
984 4488 1255 4557 trigesimo
1294 4491 1496 4556 psalmo
1521 4492 1630 4560 jam
1664 4494 1861 4549 dictum
1893 4479 1942 4537 Ι)
1972 4483 2262 4538 voracitate
2303 4484 2547 4551 deglutit.
2578 4485 2770 4539 Verum
2824 4486 2938 4542 huic
2961 4491 3137 4542 omnia
3190 4492 3427 4559 glorioso
3455 4496 3547 4548 ad-

242 4590 336 4633 est
371 4598 387 4631 :
432 4576 569 4630 Esto
612 4578 732 4628 mihi
773 4579 823 4629 in
854 4578 1018 4629 Deum
1061 4588 1431 4645 protectorem,
1464 4591 1513 4635 et
1555 4585 1608 4635 in
1658 4588 1865 4641 domum
1970 4582 2130 4627 "em"
2177 4573 2383 4628 Domini
2432 4575 2654 4644 Pedibus
2709 4575 2877 4645 ίΡεῙυδ
2927 4589 3189 4647 lim-“mala
3236 4581 3543 4650 «ἱπυθΐυηῑο

237 4666 490 4737 νείιιθὶἱ,
523 4675 579 4717 ιιι
602 4664 794 4716 salvum
816 4680 893 4715 me
924 4666 1084 4733 facias
1106 4665 1274 4735 (Psal.
1308 4684 1430 4731 xxx,
1462 4672 1540 4737 5),
1575 4669 1724 4726 Unde
1754 4691 1865 4728 me-
1968 4664 2122 4718 Solus
2172 4667 2313 4719 enim
2360 4675 2467 4721 tam
2514 4668 2711 4721 ferocia
2760 4670 2927 4723 valuit
2954 4673 3208 4737 subdere,
3261 4675 3349 4743 qui
3400 4676 3547 4730 Patri

235 4762 359 4812 ritu
399 4757 667 4823 sequitur
694 4757 833 4809 illius
870 4758 1195 4824 exemplum,
1235 4773 1328 4827 per
1356 4775 1511 4828 quem
1538 4778 1594 4817 se
1624 4764 1675 4817 iu
1706 4774 1862 4820 ωιοιι.
1966 4765 2263 4811 coaeternus
2297 4766 2352 4811 et
2377 4759 2842 4812 consubstantialis
2883 4763 3178 4816 secundum
3204 4764 3539 4819 divinitatem

230 4866 382 4904 nam
428 4855 663 4901 noverat
689 4862 808 4901 esse
841 4850 1125 4901 victurum.
1969 4848 2220 4913 probatur
2250 4848 2502 4903 existere.
2536 4849 2660 4902 llaec
2706 4852 2749 4902 si
2783 4850 3065 4919 diligenter
3102 4865 3406 4909 sanctorum
3443 4856 3542 4912 l‘a-

318 4942 506 4994 vers.
560 4938 645 4991 l0.
690 4937 808 4990 Non
850 4939 1090 4991 accedent
1132 4940 1199 4991 ad
1240 4951 1286 4993 te
1316 4942 1471 5004 mata,
1514 4953 1562 4995 et
1594 4944 1857 5013 ﬂagellum
1964 4946 2102 4990 trum
2136 4937 2512 5005 praedicatione
2540 4947 2854 5005 tractemus,
2887 4957 2985 4995 nec
3006 4944 3179 5012 aliqua
3212 4947 3540 5001 dementium

218 5048 344 5085 non
396 5029 846 5097 αρννορὶηᾳηαὸὶε
900 5031 1225 5083 tabernaculo
1276 5040 1384 5085 tua.
1440 5033 1538 5088 mc
1588 5034 1859 5090 beatitudo
1967 5027 2214 5081 haeretica
2271 5031 2530 5095 pravitate
2583 5030 2882 5096 turbemur,
2935 5035 3115 5086 omnia
3168 5035 3345 5101 nobis,
3401 5038 3544 5090 sicut

212 5128 567 5187 assumpta-
596 5119 940 5173 humanitatis
964 5130 1209 5186 potenter
1236 5124 1518 5190 exponitur
1542 5142 1555 5175 :
1581 5126 1701 5192 quia
1732 5127 1856 5181 dum

1978 5116 2103 5171 licia
2133 5126 2279 5181 sunt,
2312 5117 2553 5171 absoluta
2589 5123 2811 5174 veritate
2840 5124 3181 5175 constabunt.

210 5214 275 5264 in
315 5214 455 5264 hoc
499 5208 698 5259 mundo
728 5223 754 5259 a
785 5208 986 5261 .ludreis
1016 5217 1071 5261 et
1108 5209 1345 5261 convicia
1387 5212 1667 5276 pertulerit
1691 5222 1743 5266 et
1767 5213 1859 5267 na-
2039 5207 2190 5261 Vers.
2228 5207 2315 5262 M.
2351 5208 2605 5273 Quoniam
2648 5209 2701 5262 in
2732 5227 2808 5264 nte
2837 5213 3079 5277 speravit,
3126 5211 3354 5268 liberabo
3395 5232 3543 5280 eum;

202 5307 417 5365 uella,
459 5299 619 5363 dicit,
664 5300 986 5351 tabernaculo
1012 5300 1152 5365 ejus,
1183 5299 1231 5352 id
1277 5308 1390 5363 est,
1420 5310 1605 5355 sancto
1643 5303 1856 5371 corpori
1965 5310 2228 5372 protegam
2260 5318 2393 5363 eum,
2426 5302 2668 5368 quoniam
2698 5306 2929 5372 cognovit
2958 5321 3141 5358 nomen
3166 5321 3354 5360 meum.
3390 5308 3545 5361 Venit

210 5392 377 5447 nihil
433 5392 571 5443 mali
614 5391 1023 5457 appropinquare
1052 5389 1312 5455 potuisse.
1355 5389 1564 5456 Merito,
1600 5390 1718 5459 quia
1752 5393 1854 5460 βα·
1957 5392 2023 5445 ad
2054 5394 2265 5445 tertiam
2294 5402 2521 5459 partem,
2547 5394 2636 5446 ubi
2669 5393 2929 5449 Dominus
2959 5396 3435 5465 Paterjustissimo
3464 5400 3541 5454 illi

202 5490 457 5557 genus”
488 5490 576 5535 est
604 5482 735 5532 ultio
772 5479 970 5541 divina,
1003 5478 1142 5547 quod
1186 5480 1324 5533 solet
1355 5480 1583 5533 humana
1628 5482 1854 5536 crimina
1956 5485 2071 5538 viro
2098 5486 2184 5553 qui
2216 5485 2268 5537 in
2316 5484 2488 5551 prima
2537 5494 2685 5553 parte
2736 5488 2974 5541 noscitur
3023 5488 3383 5555 introductus,
3431 5492 3543 5546 cle-

200 5586 554 5633 resecare;
578 5570 717 5623 sicut
744 5568 867 5622 alibi
912 5567 1102 5635 legitur
1136 5585 1147 5621 :
1185 5567 1353 5621 Multa
1381 5570 1586 5639 ﬂagella
1614 5581 1849 5641 peccato-
1956 5574 2123 5628 menti
2165 5572 2475 5641 dignatione
2520 5577 2822 5642 respondit,
2866 5586 2922 5631 ut
2959 5579 3119 5632 corda
3154 5580 3395 5636 ﬁdelium
3443 5583 3538 5637 tali

194 5684 339 5723 ,ωτι
388 5660 586 5715 (Pint.
620 5675 766 5732 nat.
794 5658 904 5718 l0).
928 5659 1050 5716 «lloc
1092 5675 1218 5730 ergo
1247 5674 1407 5729 supra
1447 5662 1597 5718 illum
1629 5665 1852 5721 verissi-
1957 5662 2313 5733 promissione
2340 5664 2640 5720 roboraret.
2684 5667 2830 5722 llunc
2860 5683 2985 5737 ergo
3013 5669 3264 5746 beatum,
3311 5680 3399 5743 qui
3435 5674 3533 5730 Ila-
