3952 6162
458 219 557 274 05ΐὶ

1655 222 1718 276 Μ.
1766 221 1930 276 Λυιῖι
1957 224 2026 278 Μ

2135 222 2477 280 ιεειοῐιοῐιι
3562 233 3640 288 ϐὕϐ
3679 247 3690 264 ⁶

458 335 575 387 bitat
628 335 677 386 in
717 334 972 403 adjutorio
1025 334 1296 399 ditissimi,
1329 333 1670 386 liberaturum
1713 348 1772 386 se
1808 349 1835 384 a
1871 335 2024 388 malis
2060 341 2098 396 Α
2135 335 2370 388 i’salmus
2401 333 2540 387 enim
2572 332 2734 401 (sicut
2765 347 2907 400 scopo
2933 332 3128 388 dictum
3161 337 3264 405 e~t)
3287 338 3514 404 signiﬁcat
3539 359 3645 410 0pc-

457 426 638 480 steculi
682 426 831 478 istius
861 425 1267 492 compromittit,
1306 424 1553 492 quoniam
1581 438 1729 493 Spem
1773 438 1922 476 suam
1973 423 2026 477 in

459 517 624 583 ipsius
653 517 845 568 virtute
875 517 1130 582 reposuit.
1165 515 1418 585 Sequitur
1438 556 1451 578 ,
1473 525 1734 584 protegant
1763 532 1874 568 eum
1904 533 2030 584 quo-

459 609 594 659 niam
625 607 856 676 cognovit
884 623 1064 659 nomen
1115 624 1303 663 meum.
1347 609 1580 676 Exponit
1619 608 1889 676 quomodo
1917 626 2028 663 eum

458 699 771 750 liberandum
817 714 926 752 esse
953 699 1290 765 promiserit;
1325 699 1529 752 scilicet
1569 707 1624 752 ut
1659 708 1929 766 protectus
1964 702 2031 755 ab

459 790 703 842 omnibus
751 788 958 841 insidiis
987 789 1183 842 diaboli
1238 790 1492 842 reddatur
1541 792 1768 844 alienus.
1801 790 2028 844 Causam

456 893 667 946 quoque
700 878 797 946 piae
844 878 1176 933 liberaliunis
1225 878 1501 948 adjuuxit,
1530 881 1769 946 quoniam
1801 881 2031 949 cognovit

456 985 635 1022 nomen
677 985 862 1022 meum.
910 967 1194 1037 Cognoscit
1227 984 1418 1022 nomen
1473 969 1658 1034 Patris,
1696 971 1787 1039 qui
1838 969 2030 1024 Filium

457 1077 561 1114 non
592 1069 742 1130 putat
763 1076 881 1116 esse
903 1063 1186 1123 minorem,
1220 1076 1320 1115 nec
1361 1069 1661 1115 creaturam
1696 1065 1927 1118 testimat
1951 1066 2034 1133 (ut

457 1153 669 1222 quidam
697 1153 1082 1207 dementissimi
1115 1155 1345 1222 volunt),
1381 1155 1475 1206 sed
1509 1156 1815 1207 Creatorem
1862 1157 2032 1224 potius

458 1247 650 1300 mentis
679 1246 981 1313 integritate
1015 1246 1314 1312 proﬁtetur.

534 1339 679 1391 Vers.
718 1337 799 1389 l5.
835 1335 1097 1388 lnvocabit
1125 1353 1224 1404 me,
1252 1348 1296 1390 et
1320 1355 1410 1408 ego
1441 1339 1708 1392 exaudiam
1742 1355 1890 1401 eam;
1917 1356 2033 1392 cum

459 1433 566 1498 ipso
606 1444 719 1482 sum
757 1429 809 1480 in
854 1429 1197 1492 tribulatione,
1242 1429 1453 1496 eripiam
1497 1445 1609 1483 eum
1649 1439 1695 1482 et
1735 1430 2032 1498 gloriﬁrabo

457 1535 586 1572 eum.
611 1522 769 1572 Beato
793 1519 878 1572 isti
908 1520 995 1586 qui
1030 1520 1079 1571 in
1107 1519 1268 1586 ipsius
1293 1522 1629 1587 protectione
1656 1521 1895 1584 conlidit,
1929 1522 2033 1574 sin-

456 1612 636 1677 gulare
663 1611 940 1677 prtemium
972 1607 1228 1661 Dominus
1268 1611 1675 1676 comprotnittit,
1711 1620 1767 1662 ut
1795 1626 1908 1662 eum
1949 1615 2030 1664 tn-

2135 440 2219 477 ras
2255 425 2583 491 spirituales,
2625 442 2744 494 qua:
2784 439 2992 479 sursum
3039 425 3261 480 tendunt
3304 427 3363 480 ad
3407 429 3644 488 Dominum

2130 516 2419 570 Christum.
2471 517 2525 570 In
2568 517 2650 570 his
2690 517 2830 570 enim
2874 527 3088 572 cantare
3126 517 3372 572 debemus
3406 531 3454 574 et
3487 524 3653 590 gratias

2132 623 2342 676 semper
2375 623 2552 675 agere,
2581 609 2794 677 quando
2818 611 2932 677 ejus
2957 609 3214 662 bent-ﬁcio
3240 610 3486 664 reddimur
3506 613 3653 681 liberi,

2131 698 2219 765 qui
2252 713 2345 766 per
2375 713 2470 751 nos
2501 713 2684 752 smnus
2716 711 3052 765 peccatorum
3080 698 3300 751 nexibus
3324 701 3538 768 obligati.
3555 703 3656 768 ipse

2133 789 2276 840 enim
2323 797 2503 841 cantat
2547 788 2600 841 in
2649 790 2874 855 psalmo,
2907 789 3004 856 qui.
3025 803 3235 841 omnem
3269 791 3418 843 vitam
3455 805 3585 845 suam
3615 796 3655 846 in

2133 879 2419 946 gratiarum
2462 880 2668 934 actione
2713 880 3005 936 constituit.
3042 879 3161 932 Dies
3190 891 3360 934 autem
3387 882 3560 936 sabbati
3584 901 3656 938 re-

2133 969 2283 1038 quies
2311 969 2708 1037 interpretatur,
2742 985 2835 1036 per
2865 985 3020 1037 quam
3046 983 3439 1024 commouemur
3458 974 3519 1027 ab
3539 977 3661 1028 omni

2135 1073 2299 1127 prava
2350 1061 2557 1114 actione
2604 1076 2836 1124 cessare,
2881 1071 2934 1114 et
2983 1059 3200 1112 feriatos
3250 1063 3445 1114 animos
3478 1078 3504 1114 a
3543 1064 3663 1118 vitiis

2134 1153 2358 1207 reddere
2385 1169 2604 1222 cperum
2628 1155 2920 1209 caelestium
2946 1154 3246 1207 sanctitate.
3280 1142 3420 1207 llauc
3440 1165 3569 1209 recte
3592 1156 3667 1210 Ju-

2134 1244 2233 1296 daei
2267 1259 2371 1296 non
2403 1245 2600 1310 colunt,
2630 1259 2751 1298 cum
2796 1245 3184 1298 observantiam
3226 1243 3342 1312 ejus
3387 1246 3446 1298 ad
3489 1247 3667 1300 intelle-

2135 1345 2277 1389 ctum
2312 1336 2502 1390 littera:
2531 1336 2931 1389 transtulerunt.
2958 1336 3060 1390 Sed
3091 1336 3195 1389 illis
3217 1347 3298 1390 est
3328 1337 3378 1389 in
3405 1337 3482 1388 die
3508 1338 3673 1390 sabbati

2136 1426 2368 1494 requies,
2407 1427 2494 1494 qui
2545 1437 2805 1495 praecepta
2859 1427 3065 1482 Domini
3111 1427 3178 1480 ad
3221 1426 3351 1481 Novi
3381 1428 3670 1483 Testameuti

2137 1517 2541 1585 signiﬁcantium
2590 1518 2807 1580 ducunt,
2840 1527 2894 1572 et
2925 1519 3188 1573 veraciter
3233 1519 3525 1588 intelligunt
3561 1523 3678 1589 quod

2137 1613 2189 1665 in
2232 1612 2654 1680 prteﬁguratione
2696 1612 2894 1665 dictum
2943 1626 3062 1665 esse
3107 1623 3458 1682 cognoscunt.
3493 1613 3552 1666 Et
3578 1615 3678 1667 ideo

456 1711 656 1751 vocatus
707 1698 967 1760 exaudiat,
1002 1705 1054 1749 et
1083 1697 1277 1764 duplici
1327 1697 1485 1751 modo
1518 1697 1789 1765 profutura
1839 1714 2032 1754 conce-
2064 1699 2109 1756 B
2136 1703 2294 1757 verba
2328 1703 2578 1756 Ecclesia:
2604 1703 2656 1755 in
2681 1703 2780 1755 hoc
2804 1704 3004 1771 psalmo
3025 1702 3284 1757 debemus
3307 1704 3560 1772 acvipere,
3585 1720 3683 1772 qum.

455 1794 564 1845 dat.
603 1791 737 1842 Dicit
763 1788 904 1843 enim
925 1828 939 1852 ,
971 1804 1085 1839 cum
1133 1791 1244 1856 ipso
1270 1805 1382 1841 sum
1430 1789 1481 1840 in
1509 1788 1854 1857 tribulatione,
1887 1791 2029 1859 quod

455 1883 519 1934 ad
554 1885 710 1934 istum
743 1879 964 1948 respicit
994 1879 1273 1944 mundum,
1306 1879 1465 1949 311
1498 1879 1586 1932 ubi
1621 1878 1912 1933 ferventius
1939 1896 2033 1934 an-

454 1971 642 2041 gustiis
673 1984 822 2025 mens
859 1970 1050 2024 devota
1097 1969 1410 2034 tribulatur;
1441 1971 1520 2024 sic
1547 1979 1601 2063 et
1629 1971 1741 2038 ipse
1769 1971 1820 2024 in
1855 1971 2030 2024 Evan-

456 2064 596 2132 gelio
647 2061 948 2130 promittit:
983 2060 1114 2114 Ecce
1161 2077 1252 2130 ego
1301 2060 1719 2114 vobiscum'sum
1767 2079 1924 2128 usque
1965 2066 2032 2116 ad

455 2155 940 2208 consummationem
971 2152 1144 2207 διεσαιὶ
1187 2153 1406 2221 (Matth.
1457 2170 1639 2218 xxvut,
1670 2154 1786 2224 20).
1821 2157 1884 2208 Et
1912 2158 2031 2210 vide

457 2247 584 2314 quid
617 2244 889 2312 sequitur,
924 2245 1136 2313 eripiam
1165 2260 1277 2295 eum
1317 2255 1361 2296 et
1405 2242 1700 2314 gloriﬁcabo
1732 2262 1866 2299 eum.
1911 2247 2032 2301 Ere~

463 2345 581 2403 ptus
621 2337 804 2402 utique
831 2350 894 2388 ex
937 2335 1038 2387 hoc
1068 2335 1266 2388 tnundo
1304 2334 1685 2402 gloriﬁcandus
1715 2343 1797 2389 est
1819 2335 2028 2405 justus,

458 2429 668 2498 quando
692 2429 744 2481 in
775 2428 864 2482 illa
896 2427 1227 2482 beatitudine
1255 2428 1571 2494 collocatur,
1604 2429 1691 2482 ubi
1714 2429 1823 2498 jam
1858 2431 2030 2486 laeum

459 2521 734 2574 tribulatio
769 2535 874 2574 non
904 2520 1140 2573 habebit.

525 2613 678 2667 Vers.
732 2612 819 2667 16.
867 2610 1209 2682 Longitudine
1255 2612 1456 2665 dierum
1496 2613 1783 2681 adimplebo
1821 2630 1954 2681 eum,
1987 2623 2032 2667 et

455 2704 712 2754 ostendam
748 2701 820 2756 illi
850 2699 1077 2754 salutare
1106 2717 1292 2755 meum.
1328 2701 1514 2756 Adhuc
1550 2706 1857 2772 exsequitur
1897 2720 2030 2772 pra:-

457 2795 557 2846 mia
587 2809 706 2862 qua:
734 2792 993 2860 promittit
1021 2791 1197 2845 beato.
1228 2791 1518 2862 Long'tudo
1540 2797 1681 2849 cnim
1707 2797 1899 2849 dierum
1928 2797 2033 2851 vita

454 2895 650 2940 ιιιιριιιιι
701 2894 800 2950 est,
831 2901 990 2954 quam
1037 2886 1211 2939 nullus
1261 2887 1512 2940 terminat
1561 2887 1712 2951 ﬁnis;
1741 2890 1832 2942 sed
1864 2888 1917 2942 in
1949 2886 2036 2942 ﬁr-

458 2988 726 3031 mamento
774 2991 870 3030 suo
921 2977 1095 3030 stabili
1154 2977 1348 3031 robore
1404 2987 1728 3044 perseverat.
1786 2978 2035 3049 Sequitur

2139 1794 2289 1847 nobis
2321 1809 2414 1862 per
2439 1795 2576 1847 dicat
2601 1794 2794 1848 sabbati
2825 1794 3050 1848 futuram
3093 1797 3335 1864 requiem
3380 1800 3682 1864 cognoscitur

2136 1903 2399 1941 lllllﬂlal'c.

2701 2003 2892 2057 Divisio
2934 2006 3135 2072 psalmi.

2209 2113 2386 2168 Primo
2411 2115 2649 2183 ingressu
2676 2116 2910 2170 Ecclesia
2935 2117 3187 2186 loquitur,
3218 2118 3418 2172 bonum
3441 2134 3553 2174 esse
3570 2133 3694 2172 com-

2136 2221 2437 2259 memorans
2477 2206 2660 2260 laudes
2708 2207 2934 2260 Domino
2965 2209 3165 2276 dicere,
3205 2210 3349 2277 quod
3384 2211 3692 2280 insipientem

2135 2305 2184 2349 ct
2219 2297 2567 2366 irreligiosum
2613 2299 2889 2364 proﬁtetur
2931 2298 3103 2352 modis
3151 2301 3415 2356 omnibus
3454 2302 3697 2371 ignorare.

2135 2385 2379 2440 Secundo
2412 2397 2717 2454 peccatores
2741 2388 2875 2441 sicut
2899 2388 3074 2443 fenum
3098 2391 3367 2445 velociter
3386 2391 3576 2445 asserit
3597 2406 3699 2444 esse

2139 2478 2421 2546 perituros.
2455 2479 2636 2533 Tertio
2666 2479 2793 2533 dicit
2813 2481 2985 2546 jusws
3016 2481 3216 2536 ﬂorere
3246 2492 3306 2536 ut
3339 2483 3584 2550 palmam,
3605 2497 3703 2536 crc-

2135 2584 2286 2624 scere
2334 2579 2510 2624 autem
2553 2572 2692 2624 sicut
2735 2573 2924 2625 ccdros
2969 2573 3150 2626 Libani
3205 2590 3219 2625 :
3260 2583 3320 2628 ut
3348 2584 3405 2630 et
3437 2575 3653 2642 pertinac
3683 2587 3704 2624 s

2138 2670 2312 2714 metus
2343 2662 2593 2730 corrigat,
2626 2672 2677 2715 et
2707 2662 2885 2717 devoti
2915 2664 3050 2717 felici
3080 2666 3481 2734 pollicitatione
3507 2681 3706 2735 congau-

2137 2750 2316 2803 deant.

2671 2861 2937 2932 Expositio
2977 2866 3187 2931 psalmi.

2214 2970 2362 3024 Vers.
2413 2972 2460 3025 1.
2513 2972 2714 3026 Bonum
2761 2986 2833 3028 est
2880 2978 3110 3045 conﬁteri
3157 2978 3394 3035 Domino
3445 2993 3491 3036 et
3522 2981 3714 3047 psallere

458 3070 619 3123 totius
647 3069 846 3137 prteutii
877 3068 1017 3134 ﬁnis,
1049 3069 1137 3136 qui
1169 3085 1273 3122 non
1309 3070 1465 3124 habet
1494 3072 1674 3135 linem,
1703 3081 1748 3124 et
1777 3073 2026 3126 ostendam

2143 3063 2332 3115 nomini
2376 3071 2482 3127 tuo,
2527 3065 2799 3119 Altissitne.
2846 3067 3037 3122 Sancta
3089 3079 3278 3126 mater
3327 3073 3566 3128 Ecclesia
3611 3073 3719 3125 d'.rit

455 3161 533 3214 illi
575 3164 801 3214 salutare
842 3175 1028 3212 meum.
1075 3159 1186 3213 Hoc
1215 3170 1298 3213 est
1341 3162 1481 3214 enim
1515 3161 1652 3230 quod
1703 3161 1944 3216 ﬁdelibus
1982 3161 2034 3214 in

454 3267 656 3304 summa
705 3251 1133 3304 remuneratione
1183 3251 1525 3319 promittitur,
1569 3251 1692 3321 quia
1744 3252 2033 3307 salutarem

452 3345 720 3396 Christum
753 3342 1034 3396 Dominum
1077 3350 1416 3395 contueutur.
1467 3345 1743 3412 Apparens
1773 3346 1914 3397 enim
1948 3345 2034 3398 ille

452 3446 504 3488 et
535 3433 709 3486 cordis
752 3433 1136 3485 illuminatione
1179 3443 1520 3499 conSpectus,
1555 3441 1715 3487 totam
1763 3448 1911 3502 spem
1951 3436 2035 3503 ju-

451 3535 654 3578 storum
698 3523 1126 3591 desideriumque
1172 3522 1478 3591 complebit.
1524 3523 1613 3578 Sic
1656 3539 1715 3578 se
1755 3533 1808 3578 et
1839 3525 1950 3592 ipse
1981 3525 2031 3577 in

456 3617 737 3685 Evangelio
769 3617 904 3668 bene
922 3613 1265 3670 credentibus
1289 3615 1568 3682 pollicetur
1591 3631 1605 3668 :
1633 3614 1910 3668 Ostendam
1931 3632 2034 3668 mc-

451 3716 616 3780 ipsum
645 3710 747 3764 illis
779 3709 955 3776 (Joan.
988 3724 1097 3775 nv,
1127 3708 1247 3776 Ἡ).
1281 3709 1392 3761 lloc
1422 3709 1561 3762 cnim
1596 3711 1676 3776 (ut
1699 3709 1909 3778 quidam
1940 3724 2034 3763 vo-

451 3804 587 3873 lunt.)
629 3803 726 3872 ipsi
756 3801 968 3855 Christo
1012 3816 1117 3855 non
1167 3811 1370 3870 poterat
1395 3801 1522 3866 dici,
1568 3803 1651 3870 qui
1694 3810 1748 3856 et
1786 3803 2032 3856 salutaris

451 3905 532 3950 est
577 3895 867 3958 Dominus,
916 3902 970 3948 et
1015 3908 1138 3962 spes
1184 3892 1482 3948 desidtrata
1525 3895 1852 3948 credentium
1890 3912 1901 3945 :
1935 3896 2028 3949 sed

451 3989 642 4041 melius
673 3988 750 4057 (ut
782 3987 1086 4056 frequenter
1123 3983 1323 4039 dictum
1357 3985 1462 4054 εει)
1504 3986 1823 4054 intelligatur
1855 3988 2030 4055 potius

448 4095 474 4132 a
510 4089 656 4150 parte
684 4079 1042 4133 membrorum
1059 4111 1074 4128 .
1384 4068 1387 4069 ⁷

977 4188 1246 4243 Conclusio
1291 4190 1494 4258 psalmi.

518 4301 765 4354 Mirabilis
798 4301 964 4352 virtus
996 4300 1183 4365 psalmi
1216 4300 1393 4369 hujus,
1427 4315 1544 4369 quae
1578 4300 1882 4356 immundos
1912 4305 2024 4372 spi-

449 4391 575 4442 ritus
607 4390 639 4442 ft

446 4479 598 4531 nobis
639 4489 917 4545 superatus
963 4481 1225 4535 abscedit.
1276 4482 1478 4537 Memor
1515 4495 1594 4540 est
1637 4490 1776 4541 enim
1807 4490 2018 4557 iniquus

448 4571 870 4638 prmsutnptionis
898 4586 1032 4634 suae,
1063 4587 1268 4626 memor
1287 4584 1368 4627 est
1397 4574 1594 4630 divinae
1622 4578 1874 4632 victorian
1901 4579 2016 4647 Ipse

444 4661 637 4730 quippe
680 4667 735 4714 et
777 4661 828 4714 in
875 4662 1026 4716 nobis
1069 4663 1248 4727 vincit,
1284 4667 1370 4733 qui
1398 4681 1520 4721 eum
1550 4678 1604 4721 et
1634 4669 1684 4721 iu
1716 4686 1774 4723 se
1806 4673 2012 4739 propria

381 4780 384 4783 ι
443 4754 637 4806 virtute
678 4753 963 4820 superavit.
1016 4754 1230 4808 Dicatur
1263 4771 1389 4825 ergo
1419 4773 1448 4810 a
1477 4760 1630 4813 nobis
1671 4771 1788 4828 post
1827 4777 2014 4816 omnes

441 4848 592 4890 actus
623 4837 727 4892 diei
757 4842 927 4894 noctis
956 4841 1218 4906 adventu;
1247 4857 1532 4911 cognoscat
1559 4861 1654 4899 nos
1683 4847 1850 4915 ipsius
1876 4864 2014 4913 ese,

441 4928 524 4981 cui
551 4942 609 4982 se
639 4929 823 4982 recolit
868 4941 990 4984 ante
1032 4932 1277 4986 cessism.
1310 4935 1417 4988 Nec
1459 4935 1648 4990 frustra
1683 4947 1879 4990 tantam
1907 4939 2019 5007 glo-

441 5018 573 5070 riam
604 5018 790 5086 psalmi
820 5018 974 5088 hujus
1005 5019 1055 5073 iu
1083 5019 1180 5074 tali
1210 5038 1429 5077 numero
1451 5027 1656 5079 :estimo
1681 5027 2012 5093 collocatam,

440 5123 556 5178 qua:
591 5117 671 5162 ter
700 5107 833 5162 trina
866 5109 1197 5165 revolutione
1241 5113 1440 5166 denarii
1488 5114 1550 5166 ad
1596 5117 2013 5178 omnipotentem

438 5207 597 5267 atque
620 5197 994 5252 indivisibiletn
1025 5201 1365 5269 cognoscitur
1389 5202 1608 5257 tendere
1637 5204 1969 5259 Trinitatem.

722 5308 1082 5363 EXPOSITIO
1122 5310 1185 5363 IN
1228 5311 1549 5367 PSALMUM
1591 5313 1724 5370 XCI.

782 5398 1019 5454 Psalmus
1045 5402 1226 5454 cantici
1258 5403 1308 5456 in
1340 5404 1419 5456 die
1447 5404 1661 5457 sabbati.

519 5514 746 5568 Psatmus
794 5514 975 5567 cantici
1020 5525 1324 5570 commonet
1378 5530 1475 5570 nos
1529 5526 1587 5571 ut
1634 5518 1683 5570 iu
1742 5518 2006 5573 universis

445 5606 642 5660 artibus
686 5606 882 5659 nostris
926 5605 1188 5662 Divin‘tati
1220 5608 1418 5676 gratias
1457 5607 1656 5664 referte
1695 5609 2002 5664 debeamus.

2141 3153 2323 3204 bonum
2349 3169 2455 3205 esse
2477 3152 2691 3206 Domino
2718 3157 2966 3223 conﬁteri,
2991 3164 3048 3209 ut
3071 3157 3120 3211 in
3149 3159 3282 3229 ipso
3305 3162 3484 3231 capite
3510 3161 3718 3214 breviter

2138 3247 2407 3313 profutura
2451 3259 2717 3304 censeret.
2770 3248 3080 3318 Conﬁtentur
3135 3265 3338 3309 autem
3395 3256 3556 3325 (sicut
3598 3268 3724 3320 δίωκε

2135 3338 2333 3392 dictum
2375 3339 2478 3409 εει)
2519 3340 2726 3393 duobus
2758 3342 2932 3394 modis
2966 3359 2976 3393 :
3011 3345 3242 3410 quando
3292 3355 3518 3413 peccata
3563 3357 3722 3398 nostra

2135 3431 2470 3498 danmantes,
2504 3432 2926 3486 misericordiam
2971 3433 3192 3490 Domini
3238 3437 3456 3506 jugiter
3506 3436 3726 3507 posutla-

2136 3537 2282 3584 mus;
2324 3521 2622 3589 conﬁtemur
2661 3523 2840 3587 etiam,
2874 3538 2992 3576 cum
3034 3524 3314 3581 beneﬁcia
3357 3545 3483 3599 quae
3522 3527 3728 3592 suscipi-

2137 3627 2251 3666 mus
2275 3611 2390 3682 ejus
2419 3627 2629 3680 semper
2658 3613 2964 3667 muneribus
2994 3615 3376 3684 applicamus,
3403 3635 3506 3674 nec
3531 3618 3731 3673 merito-

2134 3716 2249 3754 rum
2282 3709 2580 3756 uostrorutn
2613 3717 2732 3755 esse
2754 3703 2976 3758 dicimus
3007 3705 3156 3772 quod
3194 3707 3379 3776 ipsius
3407 3710 3732 3762 miseratione

2137 3800 2442 3858 przrstatur.
2475 3792 2830 3860 Quapropter,
2861 3793 3119 3863 quidquid
3167 3797 3380 3852 horum
3420 3799 3540 3863 ﬁat,
3568 3799 3734 3851 bonum

2132 3894 2204 3935 cst
2240 3882 2453 3934 Domino
2483 3885 2729 3949 conﬁteri.
2763 3883 2965 3939 Deinde
2991 3900 3274 3942 conversa
3308 3890 3453 3945 dicit
3481 3890 3547 3944 ad
3578 3888 3735 3941 Domi.

2136 3989 2282 4035 nutu,
2317 3983 2364 4026 et
2407 3975 2621 4044 psallere
2660 3975 2852 4026 nomini
2892 3987 2998 4040 tuo,
3039 3977 3349 4034 Altissime.
3401 3985 3440 4034 A
3483 3976 3736 4034 communi

2134 4065 2535 4132 intelligendum
2567 4067 2751 4118 bonum
2773 4076 2865 4120 est.
2895 4064 3129 4122 Psallere
3154 4071 3320 4124 enim
3355 4071 3629 4142 signiﬁcat
3655 4069 3741 4137 piis

2131 4154 2380 4222 operibus
2417 4155 2618 4207 Domini
2653 4155 2898 4209 mandata
2940 4171 3238 4228 peragere,
3281 4170 3347 4215 ut
3380 4162 3526 4216 sicut
3555 4159 3738 4229 psalle-

2131 4245 2266 4298 ritun
2299 4246 2364 4298 de
2393 4245 2758 4311 superioribus
2807 4254 2978 4311 sonat,
3023 4248 3090 4299 ita
3143 4254 3420 4318 operatio
3468 4261 3646 4306 nostra
3683 4247 3741 4300 all

2130 4350 2286 4388 aures
2316 4335 2618 4390 Divinitatis
2649 4337 2924 4390 ascendat.
2958 4337 3326 4407 Quapropter
3355 4358 3470 4394 uno
3493 4339 3742 4394 versiculo

645 4389 928 4501 f?_a_'_'_l:{f_'1‘
957 4391 1325 4501 ίξῗίξίίξῖῖξιδξῗ
1349 4391 1593 4501 malm"?
1623 4395 1820 4501 Volui".
1843 4395 1964 4501 if'de
1993 4413 2020 4450 ³
2053 4428 2102 4486 D
2129 4426 2570 4492 comprehensum
2602 4436 2684 4480 est
2715 4425 2853 4494 quod
2885 4389 3100 4482 sanctas
3147 4389 3223 4484 etr
3259 4433 3602 4501 multiplices
3629 4445 3746 4486 εοιι-

2126 4518 2365 4572 cluderet
2395 4520 2653 4573 actiones.

2195 4608 2348 4662 Vcrs.
2397 4608 2450 4661 Ξ.
2509 4610 2588 4660 Ad
2637 4611 3041 4662 annuntianium
3103 4627 3277 4667 mane
3338 4615 3746 4668 misericordiam

2123 4708 2281 4762 tuam,
2315 4709 2363 4750 et
2407 4701 2663 4752 veritatem
2692 4712 2830 4751 taant
2873 4717 2962 4767 per
3009 4713 3252 4757 noctem.
3293 4706 3624 4760 Mirabiliter
3651 4706 3744 4756 vita

2127 4801 2304 4843 nostra
2338 4790 2543 4843 duobus
2570 4801 2651 4844 est
2681 4792 3017 4846 sermonibus
3046 4796 3365 4852 conclusa.
3405 4797 3569 4852 Mane
3593 4797 3750 4866 signi-

2123 4884 2245 4936 ﬁcat
2291 4883 2562 4951 gaudium,
2599 4900 2700 4935 non:
2744 4896 2918 4937 autem
2964 4889 3344 4953 cognoscitur
3386 4891 3633 4944 indicare
3663 4888 3747 4938 tri-

2121 4975 2340 5027 stitiam.
2377 4969 2436 5026 ICt
2463 4973 2581 5026 ideo
2604 4975 2815 5041 quando
2842 4976 2893 5028 in
2923 4975 3222 5032 beneliciis
3249 4979 3384 5048 eius
3414 4981 3528 5036 ιωιί
3553 4993 3748 5040 sumus.

2122 5065 2517 5117 misericordiam
2550 5065 2716 5133 ipsius
2749 5068 3054 5120 annuntiare
3085 5069 3390 5127 debemus
3423 5092 3437 5126 :
3469 5075 3596 5141 quia
3628 5089 3748 5140 pra--

2119 5167 2222 5210 stat
2253 5158 2480 5226 indignis
2509 5168 2564 5210 et
2595 5160 2777 5220 malis,
2811 5159 2979 5214 bonus
3021 5172 3133 5214 est.
3189 5162 3308 5217 Per
3351 5178 3568 5220 noctem
3600 5179 3749 5224 vero.

2113 5246 2163 5299 id
2207 5256 2284 5301 est
2347 5263 2442 5314 per
2493 5249 2919 5313 tribulationem,
2971 5251 3207 5316 quando
3268 5270 3381 5308 nos
3437 5258 3751 5320 asperitates

2112 5338 2304 5404 aliqua:
2329 5338 2592 5404 castigare
2621 5347 2927 5402 noscuntur,
2959 5339 3245 5398 veritatem
3297 5345 3484 5413 ipsius
3516 5346 3752 5401 similiter

2111 5429 2414 5480 annantiare
2457 5427 2713 5484 debemus
2744 5446 2756 5480 :
2791 5430 2913 5496 quia
2948 5430 3156 5483 merito
3199 5437 3462 5501 patimur
3493 5438 3636 5505 quod
3667 5435 3750 5488 dc-

2113 5515 2254 5569 llctis
2279 5519 2624 5584 gravantibus
2654 5519 2998 5573 sustinemus.
3029 5517 3115 5572 lla
3158 5524 3226 5577 ﬁt
3250 5533 3322 5579 ut
3353 5535 3599 5597 utroque
3624 5536 3750 5581 tem-

2113 5624 2240 5679 pore
2266 5610 2558 5679 iustissime
2587 5612 2874 5668 debeamus
2901 5612 3088 5666 laudes
3121 5613 3366 5673 Domini
3403 5620 3682 5676 conﬁteri.
