3952 6162
264 404 355 455 8‘57

1212 395 1569 450 EXI‘OSITIO
1608 396 1670 449 ΙΝ
1714 394 2165 451 l’SALTlEIlIUM.
2212 397 2398 450 PSAL.
2443 397 2571 451 XCI.

3426 400 3527 452 658

331 516 465 567 \‘ers
536 516 588 567 5.
636 512 699 564 In
742 510 1061 565 iterachordo
1106 513 1347 579 psalterio
1381 529 1395 563 :
1430 528 1541 563 cum
1578 511 1770 563 cantico
1798 519 1842 562 et
1874 513 1921 569 A
1952 512 2238 580 profundas.
2287 511 2546 579 signiﬁcat
2596 520 2739 563 tanto
2791 509 2905 577 plus
2950 509 3081 563 hanc
3122 510 3525 565 mstimalionem

259 610 475 661 rit/rara.
523 605 907 658 Dt'cachordum
936 607 1230 672 psalterium
1259 606 1440 658 decem
1473 614 1734 673 praecepta
1770 606 1842 657 le-

256 700 338 766 gis
362 698 669 765 sxgniﬁcare
692 696 1026 750 manifestum
1054 706 1155 759 est,
1184 697 1305 765 quia
1326 698 1434 763 ip~a
1459 697 1674 749 chordae
1698 707 1839 759 sunt;

256 805 392 858 quas
418 788 461 841 si
489 789 749 841 bonorum
773 798 984 841 actuum
1009 788 1262 856 qualitate
1286 797 1584 855 tangamus,
1612 788 1844 841 salutare

256 882 431 935 melos
458 880 696 934 efﬁciunt
717 888 769 932 et
794 878 857 931 ad
882 880 1142 932 caelorum
1168 893 1325 946 regna
1353 879 1668 944 perducunt.
1695 880 1844 931 Scire

256 984 437 1025 autem
486 970 744 1024 debemus
790 984 886 1023 cur
927 971 1024 1022 iste
1070 984 1326 1021 numerus
1367 978 1523 1022 tanta:
1556 970 1629 1022 rei
1666 969 1845 1021 videa-

258 1074 347 1116 tur
373 1062 680 1130 adjunctus.
715 1060 834 1129 ipse
864 1069 947 1113 est
975 1076 1133 1130 quem
1167 1060 1499 1130 Pythagorici
1529 1059 1842 1132 τετραδαξά·

254 1178 347 1214 την
378 1163 598 1220 vocant,
635 1154 689 1207 id
720 1164 801 1207 est
830 1153 1242 1223 quaternitaletn
1281 1153 1512 1206 divinam
1553 1171 1563 1203 :
1597 1153 1844 1222 quoniam

256 1245 494 1298 breviter
548 1243 959 1312 comprehendit
1003 1242 1143 1311 quod
1189 1256 1281 1310 per
1331 1241 1564 1295 inﬁnitas
1613 1256 1849 1295 summas

255 1338 506 1391 noscitur
564 1350 719 1403 posse
767 1334 998 1387 dilatari.
1050 1334 1194 1388 Unus
1250 1333 1411 1395 enim,
1460 1333 1586 1397 duo,
1638 1343 1747 1387 tres
1796 1343 1851 1388 et

256 1437 488 1491 quatuor
516 1425 717 1479 faciunt
748 1425 953 1486 decem,
989 1424 1076 1492 qui
1124 1438 1337 1491 semper
1373 1424 1647 1477 revolutus
1692 1433 1851 1490 atque

258 1520 548 1584 repetitus,
576 1517 625 1567 in
649 1526 898 1569 extensus
927 1523 975 1568 et
1010 1515 1244 1569 inﬁnitas
1278 1516 1679 1584 supputationes
1703 1530 1853 1585 egre-

257 1609 425 1661 ditur.
460 1608 647 1675 Neque
676 1608 817 1660 enim
849 1609 901 1660 in
934 1608 1259 1676 quibuslibet
1287 1609 1513 1661 summis
1535 1609 1670 1660 ultra
1695 1610 1850 1661 istum

258 1697 509 1751 ordinem
542 1700 662 1750 novi
694 1696 891 1765 aliquid
924 1698 1209 1765 reperitur,
1244 1697 1334 1751 sed
1364 1697 1433 1750 ita
1459 1699 1711 1766 probatur
1735 1713 1853 1751 esse

259 1789 625 1856 compositus,
670 1797 728 1840 ut
774 1788 889 1854 ipse
939 1787 1024 1838 ﬁat
1071 1801 1286 1855 semper
1336 1787 1700 1851 numerabilis,
1733 1802 1852 1842 cum

1949 603 2228 663 altesccre,
2266 612 2465 667 quanto
2496 601 2562 654 de
2592 600 2703 668 ipsa
2748 599 2975 669 potuerit
3006 600 3197 667 aliquis
3226 600 3410 654 sedule
3437 616 3523 655 ve-

1949 694 2358 763 hementiusque
2384 702 2629 747 tractare.
2658 694 2991 760 Quapropter
3020 693 3141 745 illud
3174 693 3257 746 hic
3281 692 3529 760 perform

1948 787 2184 841 scientia:
2230 801 2397 855 genus
2428 796 2527 850 ρει,
2560 800 2718 841 nosse
2758 787 2923 839 Deum
2956 786 3079 838 talia
3118 796 3365 853 tantaque
3394 801 3529 853 pric-

1949 888 2113 942 stare,
2154 892 2270 943 quin
2320 876 2581 928 humanus
2630 889 2820 928 sensus
2866 892 2969 927 non
3028 876 3195 941 possit
3243 876 3526 944 attingere,

1948 966 2083 1018 sicut
2117 967 2167 1017 in
2202 966 2446 1019 llahacnc
2473 963 2729 1033 propheta
2765 964 2953 1031 legitur
2986 981 2997 1015 :
3033 962 3355 1016 Considcrari
3376 980 3528 1034 Opera

1951 1066 2059 1119 tua,
2085 1068 2128 1108 et
2151 1057 2328 1118 expavi
2352 1056 2576 1122 (Ilabar.
2602 1072 2678 1119 lli,
2712 1053 2782 1123 1).

2025 1149 2184 1202 Vers.
2213 1150 2263 1201 ϐ.
2306 1147 2343 1196 ν
2353 1150 2397 1199 ir
2425 1149 2668 1217 insipiens
2700 1163 2800 1199 non
2829 1153 3111 1214 cognoscet,
3142 1154 3190 1197 et
3220 1147 3401 1198 stultus
3428 1162 3525 1200 non

1951 1241 2195 1309 intelliget
2236 1258 2315 1293 ea.
2372 1241 2609 1294 liiversts
2653 1240 2829 1292 causis
2877 1247 2997 1306 apta
3042 1239 3354 1293 redduntur.
3399 1240 3527 1292 Nam

1954 1333 2091 1385 sicut
2120 1334 2183 1385 de
2211 1348 2267 1385 se
2299 1333 2434 1385 dixit
2465 1351 2475 1383 :
2508 1333 2640 1397 Quia
2672 1332 2932 1385 delectasti
2960 1348 3057 1395 me,
3096 1331 3333 1395 Domine,
3363 1332 3415 1385 in
3445 1332 3529 1400 fa-

1954 1434 2097 1475 ctura
2121 1435 2227 1487 tua,
2255 1432 2301 1475 et
2331 1426 2380 1475 in
2406 1423 2640 1484 operibus
2670 1438 2916 1475 manuum
2945 1433 3149 1474 tuarum
3170 1422 3453 1485 exsultatio,
3478 1432 3531 1476 et

1956 1514 2159 1578 reliqua
2204 1529 2218 1565 :
2262 1516 2329 1565 ita
2384 1513 2685 1566 incredulos
2726 1513 3006 1581 proﬁtetur
3035 1511 3289 1566 beneﬁcia
3320 1512 3529 1567 Domini

1957 1619 2060 1656 non
2088 1618 2243 1672 posse
2265 1617 2609 1672 cognoscere.
2642 1603 2771 1668 Quae
2802 1604 2967 1670 ﬁgura
2998 1602 3193 1656 dicitur
3221 1603 3452 1670 parison,
3482 1605 3530 1657 id

1956 1705 2037 1748 est
2069 1694 2295 1761 mquatio
2325 1695 2623 1755 sententiae,
2653 1708 2770 1760 qua:
2793 1707 2935 1760 saepe
2960 1693 3194 1761 paribus,
3222 1694 3533 1762 p'erumqnc

1959 1792 2168 1837 constat
2200 1782 2509 1850 imparibus.
2546 1782 2801 1849 [nsipiens
2824 1791 2906 1835 est
2928 1782 3015 1849 qui
3044 1783 3243 1837 caelesti
3276 1784 3532 1851 sapientia

260 1880 425 1933 nullis
455 1879 783 1933 novitatibus
828 1880 1161 1932 immutetur.
1208 1880 1394 1934 Merito
1432 1894 1559 1948 ergo
1591 1880 1709 1933 talis
1737 1881 1848 1934 cal.
1884 1878 1927 1934 Β
1958 1886 2233 1937 vacuatus,
2281 1876 2523 1928 humanis
2566 1875 2812 1929 versutiis
2850 1875 3105 1942 probatur
3132 1889 3252 1929 esse
3292 1875 3533 1943 plenissi-

259 1972 417 2024 rulns
449 1970 616 2024 totius
643 1970 802 2040 312
838 1970 1222 2036 redemptionis
1254 1982 1446 2025 nostrai
1474 1973 1708 2025 continet
1746 1972 1853 2026 for-

260 2078 433 2125 mam,
467 2063 559 2129 qui
593 2076 687 2129 per
716 2063 958 2130 obliquas~
992 2063 1159 2118 lineas
1190 2064 1497 2118 charactere
1528 2079 1625 2117 suo
1655 2077 1853 2119 sancta:

257 2156 448 2206 crucis
489 2153 728 2205 innitatur
769 2154 1010 2221 ﬁguram,
1050 2165 1102 2207 et
1148 2155 1198 2205 in
1242 2154 1425 2224 digitis
1454 2156 1635 2209 decori
1667 2157 1853 2211 circuli

260 2245 607 2299 rotunditate
643 2244 1023 2299 concluditur.
1052 2245 1291 2310 Addidit,
1323 2262 1440 2299 cum
1480 2249 1677 2300 cantico
1713 2258 1758 2302 et
1786 2249 1855 2301 ei.

261 2339 447 2390 thura.
476 2334 746 2388 Canticum
783 2344 830 2387 et
877 2334 1072 2388 cithara
1102 2344 1182 2389 est
1214 2336 1463 2405 gaudium
1508 2336 1630 2391 boni
1659 2340 1854 2406 operis,

262 2428 313 2480 id
365 2438 457 2480 est
507 2427 969 2495 clecmosynarum
1020 2427 1248 2494 jucunda
1296 2428 1557 2496 prmbitio,
1602 2430 1738 2483 sicut
1786 2431 1859 2483 ait

263 2518 568 2587 Apostolus
596 2534 611 2571 :
647 2517 878 2571 Hilarem
906 2520 1135 2572 datorem
1165 2520 1330 2590 diligit
1355 2520 1487 2574 Deus
1518 2520 1601 2591 (ΙΙ
1631 2521 1747 2575 Cor.
1783 2538 1857 2590 Ix,

267 2609 345 2673 7).
394 2607 614 2660 Cithara
644 2622 772 2662 vero
807 2622 894 2661 res
936 2608 1129 2662 indicat
1164 2611 1415 2674 actuales,
1444 2627 1560 2679 quae
1588 2613 1709 2666 licet
1739 2627 1857 2667 cum

264 2698 463 2750 labore
511 2706 566 2749 et
613 2697 856 2751 tensione
900 2698 1051 2759 ﬁant,
1103 2708 1276 2752 tamen
1321 2700 1591 2754 ltabehunt
1631 2702 1856 2756 fructum

264 2788 597 2851 maximum,
635 2787 679 2841 si
715 2787 902 2854 iuncto
932 2788 1123 2856 gaudio
1166 2791 1551 2858 compleantur.
1583 2779 1697 2860 ipse
1719 2794 1858 2847 enim

265 2884 462 2929 cantat
510 2889 633 2928 cum
682 2875 905 2944 cithara,
940 2879 1027 2946 qui
1059 2892 1251 2946 operas
1298 2881 1462 2935 bonas
1505 2885 1711 2950 perﬁcit
1746 2887 1862 2939 sine

264 2966 573 3034 asperitate
600 2968 851 3021 tristitiae.
1606 2982 1615 2993 ‘

343 3056 508 3110 Vers.
535 3056 589 3110 4.
625 3057 756 3123 Quia
785 3059 1047 3112 delectasti
1070 3077 1166 3125 me,
1193 3061 1427 3129 Domine,
1456 3065 1507 3117 in
1531 3068 1727 3133 [actura
1752 3076 1859 3131 tua,

263 3159 312 3198 et
342 3147 403 3198 in
436 3146 674 3210 operibus
701 3163 942 3201 manuum
965 3158 1165 3203 tuarum
1186 3152 1467 3206 exsultabo.
1493 3154 1702 3209 Intuere
1728 3156 1863 3211 hanc

1960 1980 2098 2021 nius.
2131 1968 2236 2021 Iste
2272 1972 2453 2035 utique
2495 1983 2598 2019 non
2641 1974 2904 2036 cognoscet
2943 1980 3104 2034 opera
3139 1966 3251 2031 Dei,
3290 1967 3409 2033 quia
3439 1981 3531 2020 ca-

1956 2058 2105 2113 suale
2134 2058 2299 2112 credit
2341 2072 2460 2113 esse
2504 2058 2642 2127 quod
2692 2058 2913 2126 geritur,
2944 2058 3083 2111 sicut
3117 2058 3328 2121 quidam
3363 2059 3533 2125 philo-

1959 2149 2110 2215 sophi
2142 2150 2413 2204 dixerunt.
2460 2149 2691 2219 Adjecit,
2737 2161 2784 2203 et
2820 2152 3006 2202 stultus
3046 2166 3145 2205 non
3183 2151 3428 2220 intelliget
3453 2167 3532 2205 ea.

1962 2245 2163 2299 Stultus
2189 2245 2367 2313 utique
2395 2254 2474 2299 est
2501 2244 2589 2312 qui
2624 2258 2720 2299 nec
2749 2244 2926 2298 divina
2952 2246 3246 2314 cognoseit,
3274 2261 3372 2300 nec
3394 2247 3534 2314 ipsos

1958 2335 2142 2390 saeculi
2171 2346 2323 2390 actus
2353 2335 2618 2405 intelligit,
2659 2350 2792 2404 quos
2838 2336 2998 2404 vulgo
3040 2335 3223 2389 brutos
3262 2349 3532 2390 vocamus.

1961 2427 2150 2482 Merito
2171 2443 2301 2495 ergo
2328 2428 2414 2480 isti
2440 2441 2544 2481 non
2576 2427 2877 2497 intelligunt
2904 2442 2964 2481 ea
2988 2441 3105 2495 quas
3130 2428 3374 2495 superius
3399 2428 3534 2481 dicta

1961 2526 2106 2584 sunt,
2152 2518 2274 2587 quia
2323 2534 2569 2589 supernae
2616 2517 3087 2588 contemplationis
3140 2518 3282 2572 nulla
3332 2519 3534 2573 ratione

1962 2610 2319 2664 ﬂammantur.

2037 2703 2187 2757 Vers.
2228 2703 2277 2755 7.
2312 2701 2435 2754 Cum
2470 2703 2760 2755 erorientur
2791 2711 3079 2771 peccatores
3108 2702 3235 2755 sicut
3272 2705 3462 2771 fenum,
3494 2714 3536 2754 et

1962 2795 2291 2864 apparuerint
2323 2809 2492 2846 omnes
2520 2794 2607 2861 qui
2635 2804 2906 2860 operantur
2937 2793 3274 2861 iniquitatem,
3308 2802 3362 2844 nt
3387 2794 3538 2843 inter-

1962 2894 2077 2940 eant
2122 2886 2174 2937 in
2221 2884 2459 2937 sarculum
2506 2884 2701 2936 strculi.
2737 2882 2889 2937 Venit
2920 2884 2982 2934 ad
3015 2884 3311 2950 ingressum
3343 2896 3539 2934 secun-

1964 2976 2112 3040 dum,
2162 2976 2212 3029 in
2259 2990 2365 3043 quo
2414 2983 2721 3043 peccatores
2752 2973 2803 3025 in
2844 2973 2945 3026 isto
2976 2972 3188 3041 quidem
3218 2972 3414 3025 saeculo
3444 2972 3538 3024 sub

1965 3062 2222 3117 brevitate
2269 3064 2521 3133 temporis
2555 3064 2686 3116 sicut
2717 3067 2890 3132 fenum
2921 3063 3049 3116 dicit
3091 3060 3310 3125 ﬂorere;
3353 3062 3446 3115 sed
3486 3063 3538 3115 in

1968 3153 2053 3208 Ila
2082 3150 2426 3221 judicatione,
2451 3153 2538 3207 ubi
2566 3151 2717 3207 factis
2743 3152 2898 3223 digna
2926 3152 3207 3220 recipiunt,
3232 3166 3325 3206 eos
3351 3152 3539 3205 asserit

267 3240 519 3309 tegulam
554 3240 791 3294 veritatis
817 3240 1011 3307 ubique
1041 3245 1263 3305 servari,
1294 3260 1359 3298 ne
1392 3246 1633 3301 humanis
1666 3248 1862 3304 viribus
1893 3247 1936 3310 C
1968 3247 2214 3302 celeriter
2240 3248 2477 3310 interire,
2506 3246 2641 3301 sicut
2667 3244 2926 3299 Jeremias
2954 3243 3213 3313 propheta
3234 3242 3398 3297 dicit:
3426 3243 3541 3295 0m-

264 3328 584 3396 applicetur
604 3329 742 3398 quod
771 3329 928 3385 fuerit
948 3333 1122 3386 divina
1150 3335 1393 3404 largitate
1415 3339 1685 3392 collatum.
1715 3339 1861 3394 Tunc

266 3420 418 3472 enim
455 3419 622 3473 elatio
661 3420 821 3473 noxia
865 3424 1134 3489 provenit;
1171 3433 1295 3478 tunc
1334 3427 1583 3494 superbia
1625 3428 1738 3482 Deo
1768 3430 1864 3482 ini-

265 3511 417 3564 mica
452 3512 728 3578 turgescit,
757 3511 969 3580 quando
994 3513 1193 3583 aliquid
1226 3515 1507 3571 inﬁrmitas
1539 3519 1769 3571 humana
1797 3522 1864 3574 dc

261 3614 365 3654 sua
414 3600 775 3666 possibilitate
815 3603 1231 3671 praesumpserit.
1272 3606 1531 3670 Quocirca
1563 3609 1865 3661 delectatam

258 3706 325 3745 se
354 3691 502 3745 dicit
533 3702 701 3744 mater
744 3691 977 3746 Ecclesia
1022 3694 1076 3746 in
1121 3695 1321 3763 factura
1360 3696 1589 3762 Domini,
1615 3699 1862 3766 quoniam

261 3780 543 3850 quidquid
572 3780 696 3834 boni
727 3793 1005 3850 acceperat
1036 3784 1135 3851 ipsi
1165 3793 1352 3838 sancto
1392 3789 1663 3855 proposito
1692 3789 1866 3844 modis

261 3870 540 3926 omnibus
566 3872 883 3941 applicabat.
908 3874 971 3927 Et
993 3886 1050 3928 ut
1076 3878 1341 3944 praedictae
1368 3880 1564 3948 regulae
1593 3882 1866 3949 integritas

259 3972 612 4027 servaretur,
652 3964 841 4020 nonin
873 3979 965 4017 sua
994 3966 1262 4032 felicitate,
1292 3970 1385 4022 sed
1418 3973 1468 4023 in
1500 3971 1662 4038 ipsius
1691 3974 1863 4040 operi-

263 4057 373 4109 bus
406 4070 473 4110 se
504 4057 774 4111 exsultare
820 4058 1116 4125 proﬁtetur,
1163 4049 1300 4114 sicut
1336 4071 1389 4115 et
1436 4063 1718 4131 Apostolus
1747 4076 1817 4118 ait
1849 4082 1862 4120 :

262 4150 460 4217 Ipsius
489 4149 627 4200 enim
657 4165 831 4202 sumus
859 4150 1175 4226 ﬁgmentum,
1205 4154 1357 4206 creati
1386 4156 1437 4208 in
1464 4156 1697 4223 operibus
1724 4159 1866 4211 bonis

259 4237 502 4307 (Ephes.
537 4253 594 4301 n,
627 4240 735 4306 to).

346 4329 513 4383 Vers.
545 4329 597 4382 5.
626 4328 791 4392 Quam
810 4332 1135 4400 magniﬁcam
1154 4344 1272 4387 sunt
1294 4352 1447 4403 opera
1474 4348 1581 4403 tua,
1614 4338 1867 4395 Domine!

254 4420 433 4471 nimis
479 4418 753 4486 profunda:
794 4424 943 4487 facile
987 4432 1099 4475 sunt
1142 4426 1467 4493 cogitationes
1510 4439 1627 4482 tute.
1673 4431 1864 4485 Omnia

251 4506 501 4574 quidem
552 4520 709 4575 opera
754 4506 844 4561 Dei
894 4509 1139 4564 humanis
1183 4514 1429 4571 sensibus
1468 4520 1727 4585 profunda
1765 4537 1862 4575 no-

1968 3340 2047 3392 nis
2076 3340 2226 3393 homo
2255 3340 2445 3408 fenum,
2475 3346 2521 3391 et
2562 3339 2727 3391 omnis
2754 3337 2962 3390 claritas
2987 3336 3204 3389 hominis
3234 3345 3289 3389 ut
3317 3337 3413 3406 ﬂos
3441 3335 3541 3403 {ent

1956 3427 2121 3498 '(Isai.
2157 3446 2243 3491 XL,
2271 3428 2348 3498 6).
2376 3427 2507 3482 Nam
2535 3427 2673 3496 quod
2704 3427 2831 3480 dicit
2859 3442 2876 3481 :
2912 3426 2974 3479 Et
3014 3429 3347 3495 apparuerint
3373 3441 3542 3478 omnes

1965 3522 2053 3589 qui
2100 3532 2374 3589 aperantur
2420 3522 2773 3589 iniquitatem,
2821 3520 3052 3573 futurum
3101 3519 3285 3587 iudicii
3338 3530 3543 3587 tempus

1967 3611 2205 3666 ostendit.
2240 3612 2335 3665 Hic
2360 3612 2503 3665 enim
2530 3612 2629 3664 etsi
2660 3610 3023 3680 intelligantur
3052 3612 3333 3663 multorum
3366 3610 3543 3664 crimi-

1967 3720 2092 3758 num
2123 3704 2221 3767 rei,
2257 3718 2443 3757 omnes
2471 3710 2649 3758 tamen
2694 3704 2847 3757 nobis
2892 3718 3152 3771 apparere
3184 3719 3289 3757 non
3322 3711 3542 3771 possunt

1966 3797 2054 3866 qui
2098 3808 2371 3863 operantur
2413 3796 2752 3863 iniquitatem,
2805 3796 3035 3849 maxime
3076 3795 3289 3862 quando
3329 3794 3544 3865 spiritus

1970 3888 2273 3943 immundos
2304 3887 2389 3941 hic
2430 3888 2611 3941 videre
2659 3902 2763 3940 non
2806 3901 3106 3955 possumus.
3144 3887 3214 3941 lbi
3250 3888 3391 3940 enim
3423 3901 3542 3941 cum

1968 3980 2035 4033 ad
2062 3978 2320 4047 judicium
2350 3978 2612 4041 venerint,
2647 3978 2892 4032 humanis
2927 3978 3300 4047 consprctibus
3324 3993 3544 4045 appare-

1972 4069 2120 4122 bunt.
2153 4068 2405 4136 Sequitur
2452 4082 2612 4121 causa
2659 4082 2823 4134 quare
2867 4078 3176 4134 appareant,
3212 4082 3321 4121 non
3366 4069 3543 4137 utique

1968 4160 2034 4214 ad
2076 4160 2329 4231 gloriam,
2365 4160 2457 4213 sed
2511 4161 2576 4211 ad
2620 4158 2847 4222 ruinam,
2883 4159 2935 4211 id
2981 4168 3083 4224 est,
3119 4168 3174 4211 ut
3215 4161 3462 4213 intereant
3492 4162 3543 4212 in

1967 4250 2211 4321 stet-plum
2238 4250 2432 4303 swculi.
2483 4249 2548 4302 Et
2593 4248 2810 4316 pulchre
2836 4246 3072 4316 exposita
3100 4257 3183 4303 est
3211 4263 3366 4317 ptena
3393 4250 3543 4302 dam-

1970 4349 2213 4394 natorum
2245 4359 2257 4392 :
2296 4355 2401 4392 non
2441 4339 2581 4391 enim
2621 4337 2698 4392 sic
2746 4348 2986 4406 pereunt,
3023 4348 3077 4391 ut
3117 4353 3235 4391 esse
3268 4340 3374 4407 jam
3404 4338 3545 4393 desi-

1970 4438 2132 4491 nant;
2161 4428 2253 4483 sed
2282 4429 2335 4480 in
2361 4427 2605 4482 swcnlum
2630 4428 2805 4480 saeculi
2836 4439 3065 4495 pereunt,
3090 4431 3175 4498 qui
3221 4446 3486 4499 nunquam
3515 4446 3544 4483 a

1969 4522 2080 4573 suis
2111 4519 2486 4573 aﬁlictionibus
2514 4525 2799 4571 exuuntur.

250 4609 533 4661 scnntnr,
564 4606 614 4649 et
643 4598 997 4668 quodcunque
1021 4617 1204 4658 eorum
1226 4606 1521 4673 quaesieris,
1551 4608 1862 4665 altissimum
1894 4611 1946 4672 D
2044 4612 2193 4667 Vers.
2228 4614 2280 4665 8.
2311 4611 2388 4664 Tu
2411 4622 2578 4664 autent
2609 4612 2903 4664 Altissimus
2932 4611 2986 4665 in
3008 4623 3273 4675 wternum,
3306 4611 3543 4669 Domine.

248 4691 391 4744 sine
423 4688 763 4743 dubitatione
789 4693 1087 4759 cognoscis.
1120 4694 1223 4749 Sed
1252 4697 1443 4751 melius
1477 4709 1559 4753 est
1586 4716 1680 4769 per
1704 4704 1861 4758 verba
1973 4702 2432 4765 Subaudiendum,
2466 4702 2826 4770 pet-manebis,
2870 4716 3001 4768 non,
3034 4703 3279 4757 utJudzei
3325 4715 3545 4772 putave-

246 4781 451 4849 ipsius
504 4778 782 4846 prredictas
830 4783 1165 4849 operationes
1213 4800 1554 4855 cognoscere,
1592 4806 1657 4845 ne
1704 4807 1863 4860 pere-
1971 4802 2115 4855 runt.
2141 4804 2389 4861 tanquam
2411 4794 2678 4847 hominem
2703 4794 2877 4849 solum
2908 4799 3175 4850 communi
3207 4805 3353 4850 sorte
3377 4800 3544 4851 truci-

243 4872 492 4937 grinum
524 4868 719 4939 aliquid
750 4872 801 4925 in
836 4875 1066 4927 medium
1095 4876 1369 4932 videamur
1396 4881 1677 4937 adducere.
1712 4885 1861 4939 Post-
1970 4887 2221 4940 dandum.
2260 4893 2451 4954 Aptum
2485 4895 2565 4939 est
2594 4889 2733 4939 enim
2768 4886 2867 4940 hoc
2897 4887 2963 4941 de
3000 4888 3227 4943 Domino
3268 4890 3545 4945 Salvatore

242 4977 444 5030 quam
499 4960 705 5015 dixerat
776 5000 793 5026 ,
824 4980 976 5018 mane
1019 4968 1457 5037 misericordiam,
1513 4983 1557 5025 ct
1608 4976 1865 5029 ueritatem
1968 4979 2188 5041 sentire,
2225 4986 2281 5029 ut
2328 4980 2627 5030 econtrario
2659 4978 3007 5032 convincatur
3052 4980 3271 5047 perﬁdia
3317 4981 3543 5035 nefanda

242 5071 377 5106 ann
392 5052 697 5105 unliandam
722 5071 829 5108 esse
849 5073 937 5123 per
957 5070 1172 5122 noctem,
1196 5061 1247 5112 in
1271 5061 1551 5114 decacbord
1566 5084 1582 5113 1~
1605 5068 1862 5134 psalterio,
1968 5067 2289 5121 Jndteorum.

243 5161 393 5199 cum
429 5144 629 5239 ξαηιὶεο
651 5154 698 5239 ξι
726 5145 943 5209 (Μαῖα.
976 5149 1085 5215 ipsa
1114 5165 1273 5217 Opera
1306 5150 1536 5217 Doﬂlini.
1568 5156 1677 5222 ipsa
1704 5172 1866 5209 lml'J-
2045 5159 2196 5214 Vers.
2243 5164 2295 5214 9.
2342 5160 2595 5224 Quoniam
2635 5178 2747 5214 ecce
2786 5162 2979 5216 inimici
3012 5164 3107 5227 tui,
3144 5163 3378 5229 Domine,
3412 5169 3544 5239 peri~

240 5236 395 5286 cuia
430 5232 799 5325 dispositionis
826 5234 1193 5292 vehementius
1223 5241 1567 5307 obstupescit,
1591 5252 1645 5297 et
1668 5247 1868 5313 magni-
1972 5250 2125 5314 bunt,
2155 5262 2202 5305 et
2229 5253 2579 5320 dispergentur
2607 5268 2777 5305 omnes
2804 5254 2891 5320 qui
2912 5265 3185 5321 operantur
3206 5232 3542 5325 iniquitatem.

241 5324 556 5415 licentiam
585 5323 701 5392 ejus
731 5341 850 5380 cum
878 5342 1083 5381 summa
1108 5331 1458 5386 admiratione
1484 5337 1820 5403 prosequitur
1854 5357 1865 5389 :
1975 5340 2181 5393 Inimici
2218 5341 2312 5395 Dei
2354 5350 2480 5395 sunt
2507 5342 2811 5395 dunanum
2836 5344 3093 5409 cultores,
3130 5344 3208 5399 vel
3243 5323 3545 5415 quicunque

238 5426 313 5470 ut
353 5414 463 5468 tali
507 5414 806 5470 imitatione
851 5417 1083 5483 formati,
1126 5422 1305 5475 mundi
1355 5423 1508 5477 istius
1560 5426 1867 5481 discrimina
1974 5434 2253 5499 pra-ceptis
2296 5432 2412 5499 ejus
2454 5433 2672 5486 obviare
2709 5441 3087 5487 monstrantur.
3120 5435 3245 5488 llaec
3271 5414 3543 5490 inimicitia

234 5508 592 5564 salutariter
640 5510 902 5576 possimus
951 5515 1198 5567 evadere.
1236 5516 1288 5568 In
1320 5532 1423 5584 qua
1464 5533 1521 5571 re
1565 5520 1715 5572 nimis
1750 5537 1868 5590 pro-
1976 5524 2066 5577 Dei
2098 5522 2309 5591 quidem
2336 5524 2551 5585 dicitur,
2582 5526 2672 5577 sed
2706 5527 2969 5579 resistenti
3004 5526 3178 5593 potius
3209 5528 3363 5580 noxia
3398 5542 3540 5582 com-

232 5602 461 5673 funda:
490 5610 609 5652 sunt
650 5604 797 5669 factm
827 5602 1157 5670 cogitationes
1185 5606 1295 5673 ejus
1330 5622 1349 5659 :
1375 5620 1427 5659 ut
1462 5609 1598 5661 sicut
1624 5609 1867 5665 diabolus
1974 5615 2246 5683 probatur.
2276 5613 2345 5665 Se
2369 5614 2507 5666 enim
2540 5616 2893 5682 perscquitnr,
2914 5616 3000 5683 qui
3029 5616 3236 5671 Domini
3260 5616 3409 5686 jussa
3437 5634 3542 5673 non

236 5712 365 5763 per
412 5691 722 5761 superbiam
753 5695 972 5758 corruit,
1005 5696 1075 5748 ita
1110 5696 1398 5754 humanum
1443 5717 1611 5770 genus
1654 5701 1867 5754 humili-
1971 5704 2227 5771 sequitur.
2281 5704 2371 5757 Ille
2420 5704 2561 5758 enim
2608 5708 2773 5759 nescit
2822 5708 2938 5774 pius
2976 5708 3195 5763 Creator
3230 5710 3408 5777 irasci,
3443 5712 3542 5765 nisi

236 5788 410 5845 t..tis
461 5784 723 5840 beneﬁcio
763 5787 929 5856 p05sit
973 5787 1193 5845 absolvi.
1232 5791 1462 5851 Dicendo
1500 5795 1665 5859 cnim,
1710 5796 1860 5847 nimis
1974 5794 2182 5865 quando
2232 5795 2382 5849 nobis
2438 5794 2669 5850 existere
2725 5797 2964 5851 videmur
3017 5798 3248 5858 adversi.
3307 5802 3542 5875 Denique
