3952 6162
421 334 526 390 659
1633 340 1699 393 Μ.
1745 338 1982 394 Αυηει

2072 339 2450 398 ῑΑδειουοιιι
3550 356 3633 412 6ῦο

432 457 704 526 subiungit
732 455 822 526 qui
850 457 954 510 sint
996 454 1081 509 .sti
1118 455 1333 517 inimici,
1367 454 1415 506 id
1447 463 1552 519 est,
1597 455 1684 524 qui
1731 465 2008 522 operantur
2039 458 2080 513 Α
2112 457 2279 509 stolns
2306 456 2433 514 dicit
2465 443 2657 511 :t'Vunc
2683 459 2830 512 tendo
2860 460 2926 511 ad
2954 461 3175 529 palmam
3206 476 3425 527 superate
3448 469 3631 521 vocalia.

432 548 770 616 iniquitatem.
801 547 863 600 lli
896 548 1269 616 dispergentur,
1297 546 1508 613 quando
1538 562 1566 599 a
1597 561 1757 615 grege
1793 546 2001 600 Domini
2106 548 2183 599 nis
2212 547 2435 619 (Philip.
2464 559 2545 614 tu,
2574 543 2683 619 14).
2715 548 2837 603 llaec
2863 564 3019 617 supra
3044 558 3239 604 terram
3274 551 3461 620 hispida
3486 565 3568 616 est.
3589 569 3636 616 et

433 639 631 693 fuerint
668 637 950 705 segregati,
995 637 1208 703 qu.me
1253 652 1471 706 regnum
1513 637 1626 704 ejus
1657 652 1762 691 non
1797 653 2005 691 merue—
2106 641 2421 708 quibusdam
2453 640 2750 695 tumoribus
2778 641 3082 710 inaequalis;
3115 642 3207 697 scd
3237 642 3323 697 ubi
3350 646 3409 698 ad
3436 662 3628 715 superna

431 728 537 781 rint
566 728 784 780 introire
812 745 823 777 :
849 729 968 795 quia
995 729 1099 781 illic
1121 729 1432 795 ctmgregari
1468 736 1752 796 nequeunt,
1786 729 1885 782 nisi
1912 730 2000 797 qui
2106 732 2447 797 processerit,
2481 730 2912 785 dulcissimorum
2947 731 3210 786 fructuum
3241 734 3485 790 suavitate
3509 753 3637 793 com-

435 819 654 869 Domiuo
684 810 1024 871 devotissima
1060 819 1352 872 intentione
1387 821 1713 885 placuerunt.
2107 821 2301 889 pletur,
2332 831 2386 876 et
2410 824 2558 891 quasi
2590 824 2905 892 quibusdam
2937 823 3100 877 radiis
3123 833 3307 879 ornata
3335 827 3634 887 distenditur.

502 907 654 961 Vers.
686 908 769 963 ιο.
800 907 1193 961 Ειιιεῑαιιιιὺειην
1212 910 1617 962 sicutunicornis
1636 925 1791 963 cornu
1812 925 2001 974 meum,
2106 911 2194 967 Sic
2235 912 2500 980 iustorum
2546 916 2879 968 conversatio
2922 916 2974 969 in
3023 914 3123 970 hoc
3171 916 3367 970 mundo
3405 920 3540 975 duris
3574 932 3644 977 est

428 1012 473 1053 et
501 1011 731 1055 senectus
756 1018 864 1053 mra
896 1005 945 1053 in
975 1002 1320 1053 misericordia
1345 1002 1507 1057 uberi.
1540 1002 1808 1055 Unicornis
1841 1003 2003 1057 inter-
2107 1001 2378 1056 laboribus
2419 1004 2592 1070 plena,
2635 1005 2728 1058 sed
2762 1005 2811 1057 in
2852 1006 3100 1073 superuis
3146 1008 3393 1075 probatur
3416 1025 3524 1066 esse
3548 1014 3643 1080 pul-

430 1095 555 1146 dum
585 1094 888 1160 superbiam
922 1092 1138 1156 indicat,
1170 1094 1304 1147 sicut
1344 1095 1393 1146 in
1426 1094 1530 1148 alio
1559 1093 1760 1161 psalmo
1784 1093 1893 1163 jam
1918 1095 2001 1147 di-
2103 1090 2391 1148 cherrima.
2422 1093 2675 1162 Sequitur
2722 1094 2860 1147 cedri
2912 1097 3142 1150 secunda
3185 1103 3521 1166 comparatio,
3547 1119 3647 1170 quas

428 1192 571 1237 ctum
608 1191 693 1236 est
720 1198 735 1236 :
766 1181 832 1236 Et
870 1200 902 1236 a
944 1183 1181 1235 cornibus
1224 1183 1547 1236 unicornium
1668 1185 2004 1239 humilitatem
2104 1181 2271 1235 multo
2301 1183 2489 1249 palmis
2512 1184 2769 1250 probatur
2788 1184 3067 1239 excelsior.
3095 1186 3317 1254 Lignum
3345 1188 3472 1243 bene
3496 1192 3645 1258 olens,

430 1290 593 1327 meam
624 1273 793 1344 (Psal.
828 1290 936 1334 xxi.
966 1274 1078 1341 22).
1116 1275 1208 1328 llic
1236 1285 1412 1329 autem
1436 1277 1813 1329 exultationem
1841 1277 2003 1346 signi-
2104 1273 2167 1325 ad
2202 1274 2431 1339 pondera
2468 1275 2725 1342 portanda
2760 1275 3135 1339 fortissimum;
3167 1277 3309 1344 quod
3338 1278 3460 1333 licet
3484 1296 3648 1349 proce-

430 1366 553 1418 iicat
581 1364 798 1419 unitatis
819 1407 832 1427 ,
863 1382 1020 1435 quam
1063 1366 1255 1420 merito
1293 1368 1421 1419 dicit
1466 1368 1699 1421 Ecclesia
1732 1367 1833 1440 [νά.
1857 1410 1870 1430 ,
1901 1385 2001 1435 qua
2104 1377 2219 1415 rum
2252 1362 2445 1430 ubique
2477 1373 2744 1430 nascatur,
2777 1366 2826 1417 in
2855 1364 3049 1418 Libanb
3072 1374 3251 1422 tamen
3281 1380 3460 1425 monte
3484 1373 3651 1428 celsius

431 1457 635 1510 merito,
668 1456 795 1510 dicit
845 1456 1163 1528 Ecclesium]
1209 1458 1261 1511 in
1304 1456 1407 1512 [ine
1449 1458 1628 1511 sagculi
1667 1460 2000 1513 exaltandam
2104 1453 2391 1509 invenitur.
2428 1455 2498 1508 Ita
2543 1455 2720 1524 justus
2764 1457 3045 1525 multiplici
3084 1460 3238 1514 laude
3281 1462 3584 1529 celebratus,
3608 1476 3655 1520 et

430 1561 571 1612 esse,
602 1549 816 1616 quando
846 1548 1033 1602 ﬁdeles
1064 1564 1281 1603 munera
1332 1552 1624 1617 probantur
1661 1552 1814 1619 digna
1863 1555 2003 1607 reci-
2103 1544 2240 1597 cedri
2273 1547 2645 1610 proceritatem
2684 1553 2739 1601 et
2784 1548 3232 1614 pulchritudinem
3275 1551 3449 1605 dictus
3476 1563 3552 1608 est
3575 1555 3656 1608 hs-

435 1653 577 1704 pere.
626 1639 714 1692 Illa
761 1648 939 1694 autem
984 1641 1161 1693 unitas
1208 1640 1461 1695 fortitudo
1506 1642 1749 1697 sublimis
1795 1652 1904 1706 est;
1950 1653 1996 1698 et

2104 1634 2231 1688 bere
2259 1635 2574 1704 palmarum.
2598 1636 2726 1702 Quae
2754 1636 2922 1708 ﬁgura
2948 1640 3143 1694 dicitur
3167 1642 3309 1707 ison,
3335 1643 3386 1697 id
3409 1654 3487 1699 est
3504 1662 3657 1712 arqua-

428 1733 568 1787 sicut
606 1735 659 1787 in
704 1734 803 1788 hoc
844 1736 1040 1787 saeculo
1070 1750 1266 1795 cornua
1311 1744 1504 1790 ornant
1538 1735 1799 1802 iumenta,
1832 1738 1902 1791 ita
1933 1737 2003 1793 ibi
2106 1726 2246 1791 “‘35,
2278 1727 2488 1794 quando
2526 1742 2613 1782 res
2649 1729 2841 1799 ³ηςυαῖ
2888 1731 3153 1798 βδΐίίίυηθ
3190 1732 3420 1797 Similes.
3450 1736 3660 1791 adhibita

430 1834 731 1881 satictorum
755 1827 925 1896 gloria
947 1828 1163 1881 dccorat
1181 1829 1491 1883 Ecclesiam.
1515 1828 1839 1883 Eraltabitur
1857 1831 1991 1885 enim

1547 1828 1839 1883 ῖχαιιαίήηιν
1857 1831 1997 1885 enim
2034 1815 2076 1873 Β
2105 1819 2259 1873 laude
2288 1819 2371 1874 vel
2400 1820 2754 1888 detractione,
2779 1822 3108 1892 junguntur.

428 1916 581 1982 dixit,
608 1918 729 1986 quia
762 1919 1130 1986 peceatoribus
1159 1921 1209 1973 in
1235 1927 1488 1974 tartarum
1521 1921 1828 1985 bu-uiliatis,
1858 1922 1999 1976 illius
2179 1912 2330 1967 VCI‘S-
2362 1913 2445 1967 15-
2479 1914 2711 1967 Plania“
2740 1916 2794 1967 ἱη
2820 1918 2972 1968 domo
3002 1915 3234 1985 Dom-‘35,
3264 1917 3322 1971 in
3347 1919 3489 1974 atriis
3507 1922 3666 1973 domu

427 2011 727 2064 sublimitas
769 2012 963 2066 celsior
1003 2012 1297 2082 apparebit.
1343 2014 1624 2081 Sequitur,
1673 2024 1720 2067 et
1773 2025 1988 2068 senectut

2105 2002 2200 2056 Dei
2248 2004 2405 2058 nostri
2446 2005 2715 2074 ﬂorebunt.
2767 2006 3028 2072 Quoniam
3078 2006 3259 2075 iustos
3312 2012 3456 2064 viros
3500 2012 3664 2066 cl--ctis

428 2117 537 2154 mra
578 2103 630 2155 in
670 2102 1020 2156 misericordia
1048 2103 1209 2155 uberi.
1256 2104 1502 2159 Senectus
1533 2104 1813 2157 candidum
1843 2110 1989 2172 caput

2109 2095 2383 2151 arboribus
2409 2098 2755 2165 comparavit,
2790 2112 2931 2151 nunc
2961 2100 3333 2154 amoenitatem
3366 2109 3423 2156 et
3462 2103 3670 2170 pulchri-

430 2192 608 2246 hibet.
641 2191 769 2257 Quae
798 2193 1088 2247 similitudo
1116 2194 1199 2261 (ut
1236 2196 1490 2259 arbitror)
1532 2194 1618 2249 hic
1658 2194 1803 2263 juste
1845 2194 2001 2249 datur
2106 2186 2339 2241 ῑυάὶοθω
2372 2187 2621 2242 Εοοίθδίεὲ
2649 2188 2927 2242 catholica!
2957 2188 3279 2244 brevissima
3305 2207 3671 2246 commemora-

432 2281 700 2346 l-Icclesia‘,
723 2283 973 2351 quoniam
1006 2286 1181 2336 omnia
1208 2285 1392 2339 merita
1420 2293 1722 2338 s-mctorum
1750 2294 1998 2353 tanquam
2104 2279 2249 2332 tione
2290 2278 2563 2347 designat;
2597 2279 2648 2332 in
2687 2293 2816 2350 qua,
2847 2279 2971 2333 dum
3005 2280 3277 2348 plantatio
3307 2283 3523 2350 dicitur,
3550 2299 3672 2352 prte-

428 2373 545 2425 cani
574 2373 767 2440 capitis
806 2374 1092 2441 purissima
1131 2376 1243 2429 luce
1276 2376 1567 2443 fulgetmnt,
1599 2379 1705 2430 Nec
1735 2378 1997 2431 incassum
2102 2370 2390 2425 destinatio
2430 2372 2637 2426 Domini
2677 2373 3008 2443 signiﬁcatur
3040 2391 3055 2428 :
3084 2378 3211 2443 quia
3248 2378 3353 2430 nisi
3388 2380 3505 2444 quis
3547 2382 3593 2432 in
3620 2393 3671 2431 ea

428 2463 630 2517 addidit
672 2479 803 2525 mea,
834 2466 957 2531 quia
990 2475 1216 2519 senectus
1262 2467 1488 2520 humana
1520 2468 1720 2522 morbis
1748 2471 2000 2537 gravissi-
2106 2461 2372 2529 plantatus
2403 2463 2579 2525 fuerit.
2608 2474 2940 2518 cretnenturn
2986 2464 3369 2522 felicissimum
3401 2484 3505 2522 non
3533 2468 3677 2522 habe-

431 2554 529 2607 ntis
569 2554 801 2609 sauciata
845 2556 1015 2609 tendit
1042 2557 1106 2609 ad
1148 2559 1329 2620 ﬁnem,
1362 2559 1591 2625 querelis
1622 2574 1864 2623 onerosa,
1903 2577 1997 2613 co-
2103 2552 2198 2606 bit.
2224 2552 2509 2606 Considera
2538 2555 2698 2607 etiam
2729 2556 2866 2621 quod
2903 2556 3159 2621 planta'os
3189 2559 3247 2610 in
3278 2560 3437 2612 domo
3463 2557 3675 2621 Domini,

430 2643 540 2697 lore
569 2644 822 2699 deformis
848 2654 950 2701 est.
980 2644 1175 2701 Contra
1203 2659 1429 2702 senectus
1460 2648 1713 2704 Ecclesiae
1744 2650 1809 2705 ad
1838 2652 1996 2705 vitam
2104 2641 2155 2694 ίη
2196 2643 2342 2695 αιτίίϋ
2380 2645 2563 2713 ﬂorere
2596 2642 2899 2699 ιιιθηίἷεειὶιι
2934 2662 2948 2697 ἒ
2981 2646 3192 2701 εοὶιίεθῑ
3231 2650 3493 2717 quoniam
3521 2651 3606 2718 qui
3632 2649 3679 2701 in

427 2734 572 2787 ducit
622 2745 961 2804 perpetuam,
1005 2738 1070 2791 ad
1117 2738 1496 2792 beatitudinem
1551 2741 1884 2807 mirabilem,
1932 2743 1998 2798 ad
2106 2736 2203 2788 ista
2246 2735 2482 2789 Ecclesia
2532 2750 2627 2804 per
2669 2738 2891 2806 gratiam
2935 2737 3148 2793 Domitii
3192 2742 3485 2807 plantatur,
3525 2743 3573 2795 in
3604 2743 3681 2797 illo

427 2823 873 2886 pulchritudinem
921 2827 1271 2895 singularem,
1313 2836 1370 2883 ut
1412 2831 1623 2885 luceant
1661 2832 1801 2886 sicut
1836 2834 1995 2904 313
2103 2825 2341 2893 ingresm
2369 2825 2661 2881 Jerusalem
2690 2829 2863 2882 modis
2882 2830 3131 2884 omnibus
3164 2831 3471 2888 ﬂorebunt.
3497 2834 3683 2887 Atrium

426 2913 598 2980 angeli
639 2913 735 2968 Dei
775 2916 1068 2971 meruerint
1115 2919 1166 2971 in
1214 2919 1300 2971 illa
1351 2921 1765 2990 congregatione
1813 2938 1999 2978 nume-
2102 2921 2243 2971 enim
2274 2917 2479 2972 initium
2519 2920 2712 2974 dicitur
2748 2922 3070 2987 mansionis;
3102 2923 3303 2980 donius
3348 2936 3527 2981 autem
3564 2927 3685 2980 inte-

428 3006 554 3059 rari.
598 3004 883 3075 Subiunxit
923 3010 1103 3075 etiam,
1151 3010 1204 3062 in
1254 3012 1596 3065 misericordia
1637 3013 1798 3079 uberi,
1842 3023 1901 3068 ut
1944 3023 1998 3069 et
2100 3009 2243 3062 riora
2284 3010 2519 3063 membra
2551 3011 2822 3080 designat;
2866 3019 2919 3066 et
2954 3022 3253 3084 utrumque
3301 3017 3466 3070 simul
3506 3019 3592 3069 uni
3617 3016 3683 3069 rei

428 3100 587 3153 multa
619 3100 944 3171 intelligeres
980 3101 1118 3156 dona
1154 3111 1210 3156 et
1239 3103 1492 3157 beneﬁcia
1524 3106 1639 3159 sine
1667 3105 1996 3161 dubitatione
2103 3116 2206 3154 non
2238 3112 2410 3171 potest
2442 3106 2747 3159 convenire.
2794 3106 2891 3159 llic
2925 3107 3067 3160 enim
3106 3108 3301 3175 justus
3342 3109 3487 3163 bene
3510 3110 3688 3163 dicitur

428 3199 700 3259 perpetua;
728 3193 865 3263 quod
889 3200 1057 3248 totum
1079 3203 1262 3248 contra
1289 3197 1466 3250 surculi
1496 3197 1648 3250 istius
1668 3207 1993 3253 senectutem
2025 3184 2068 3245 C
2101 3192 2377 3261 plantutus,
2418 3197 2507 3264 qui
2544 3196 2801 3250 radicibus
2838 3200 3092 3252 virtutum
3136 3205 3385 3255 terrenis
3407 3202 3686 3257 visceribus

427 3282 639 3345 dicitur,
669 3298 785 3350 qum
818 3282 972 3336 malis
1002 3283 1404 3353 ingravantibus
1436 3294 1708 3340 onrratur.
2102 3284 2322 3338 lirmiter
2369 3287 2688 3340 continetur.
2737 3284 2803 3338 In
2842 3289 2985 3341 atriis
3022 3290 3169 3342 enim
3226 3294 3434 3345 merito
3473 3293 3690 3360 ﬂorebit,

499 3370 649 3426 Vers.
683 3374 771 3427 Η.
806 3371 873 3425 Et
908 3374 1126 3441 respexit
1163 3373 1341 3427 oculus
1380 3391 1518 3427 incus
1555 3378 1784 3430 inimicos
1818 3394 1952 3431 meos
1977 3395 1996 3433 :
2099 3360 2311 3444 quando
2354 3376 2405 3429 in
2450 3377 2541 3430 illo
2590 3379 2990 3433 resurrectionis
3040 3381 3202 3435 initio
3245 3383 3422 3435 auditi
3470 3385 3689 3436 muneris

427 3472 476 3516 et
504 3464 818 3534 insurgentes
859 3466 913 3518 in
954 3481 1031 3518 me
1078 3466 1412 3535 malignantes
1451 3468 1645 3519 audivit
1683 3470 1825 3522 auris
1864 3486 1992 3524 mea.
2101 3468 2350 3522 felicitate
2392 3469 2658 3535 gaudebit,
2709 3469 2758 3524 id
2805 3481 2908 3535 est,
2961 3470 3170 3535 Venite,
3224 3473 3491 3527 benedicti
3536 3474 3693 3526 Patris

426 3555 635 3610 Inimici
672 3558 878 3612 scilicet
921 3566 1047 3612 sunt
1092 3557 1361 3621 Ecclesiae,
1398 3573 1532 3624 quos
1574 3560 1820 3627 superius
1863 3561 1998 3614 dixit
2100 3559 2218 3618 mei.
2248 3560 2487 3626 percipite
2525 3576 2738 3628 regnum
2779 3563 2915 3630 quod
2944 3562 3075 3614 vobis
3105 3572 3370 3633 paratum
3397 3575 3474 3619 est
3506 3565 3568 3618 ab
3595 3566 3689 3617 ori-

424 3647 632 3713 upersri
666 3649 1019 3717 iniquitatem.
1064 3647 1214 3702 Tunc
1259 3659 1439 3717 aperte
1468 3650 1520 3703 in
1553 3649 1637 3703 illa
1670 3650 1997 3718 iudicatione
2098 3649 2213 3716 gine
2246 3649 2422 3700 mundi
2454 3648 2666 3713 (Matth.
2700 3666 2821 3713 xxv,
2854 3652 2965 3721 54).

424 3742 762 3805 videbuntur,
793 3742 1002 3811 quando
1029 3741 1118 3809 qui
1149 3742 1232 3796 hic
1270 3743 1426 3796 celati
1457 3751 1603 3806 sunt,
1634 3744 1704 3797 ibi
1732 3760 1852 3798 cum
1884 3745 1997 3799 suis
2174 3738 2322 3791 VEI‘S-
2360 3738 2445 3792 Η-
2491 3742 2665 3793 Adhuc
2708 3741 3197 3809 multiplicabuntur
3222 3744 3283 3797 in
3308 3755 3519 3799 senecta
3545 3744 3693 3806 κώεά,

423 3838 675 3906 "poribus
722 3836 1090 3905 apparebunt;
1144 3850 1279 3906 quos
1336 3847 1461 3891 ωηο
1525 3838 1689 3891 iratus
1740 3838 1992 3907 respicit,
2097 3837 2144 3880 et
2169 3828 2290 3880 bene
2313 3830 2557 3898 ριιίεηιεε
2585 3842 2749 3883 erunt.
2783 3832 3009 3885 Senecta
3040 3832 3344 3891 hominum
3372 3835 3526 3889 arida
3554 3844 3701 3901 atque

422 3928 634 3995 quando
664 3929 714 3982 in
746 3928 1014 3983 sinistram
1057 3937 1259 3997 partem
1300 3939 1607 3999 segregatos
1643 3944 1762 3985 esse
1796 3946 1995 3999 cognn-
2097 3921 2295 3975 sterilis
2335 3930 2445 3984 θει;
2492 3921 2729 3975 Ecclesia
2773 3938 2902 3976 vero
2953 3933 3077 3978 tunc
3125 3928 3321 3996 magis
3366 3928 3555 3996 ἰηοίρίῑ
3592 3939 3700 3979 esse

422 4022 543 4076 scit.
576 4022 843 4091 Sequitur,
873 4030 919 4073 et
948 4028 1259 4092 insurgentes
1298 4023 1349 4075 in
1389 4039 1465 4075 me
1490 4022 1826 4091 malignantes
1849 4024 1996 4076 audi-
2099 4013 2386 4078 Uberrima.
2435 4016 2647 4083 quando
2686 4016 2751 4070 ad
2800 4016 2960 4070 ﬁnem
3002 4020 3197 4073 Sicculi
3245 4021 3445 4088 fuerit,
3491 4019 3703 4075 Domino

421 4116 488 4165 uit
535 4118 674 4166 auris
718 4129 848 4167 mea.
888 4112 1215 4185 Irtsurgenles
1261 4121 1386 4168 sunt
1431 4114 1777 4183 malignantes
1804 4115 1982 4169 divites

2139 4106 2405 4173 iiserante,
2445 4109 2721 4175 perducta.
2763 4110 2807 4162 0
2845 4121 3092 4163 senectus
3119 4112 3354 4177 viridis,
3401 4122 3459 4167 et
3493 4110 3700 4165 llortbus

424 4203 581 4269 huius
610 4204 811 4265 saeculi,
843 4204 931 4271 qui
983 4204 1069 4257 hic
1120 4212 1484 4272 paupertatem
1536 4204 1786 4257 Ecclesia:
1833 4204 1992 4272 impia
2096 4212 2397 4265 comparata
2446 4202 2749 4253 maturitas!
2786 4202 3018 4269 App‘tret
3048 4204 3330 4269 quooiam
3380 4203 3578 4257 domus
3615 4202 3705 4254 ista

421 4296 649 4347 elatione
679 4294 994 4362 despiciunt.
1031 4293 1136 4348 Hos
1166 4294 1423 4348 audibunt
1461 4292 1591 4365 [ed.,
1624 4292 1867 4364 audiunt]
1897 4310 1993 4348 au-
2096 4306 2161 4343 cu
2183 4291 2232 4343 lo
2263 4292 2478 4359 tegitur,
2507 4292 2557 4344 in
2589 4307 2689 4360 qua
2724 4293 2964 4345 homines
3004 4292 3343 4358 plantantur
3371 4304 3434 4348 ut
3466 4294 3703 4347 ﬂoreant-

421 4400 510 4438 res
548 4386 783 4438 nuntium
832 4386 1085 4447 ﬁdelium,
1119 4387 1328 4453 quando
1374 4387 1825 4454 increpationibus
1865 4404 1992 4456 pro.
2096 4382 2150 4435 In
2185 4381 2291 4435 ﬁne
2318 4383 2575 4448 siquidem
2615 4383 2795 4436 saeculi
2825 4393 3136 4436 sanctorum
3183 4401 3471 4441 numerus
3497 4385 3704 4442 crescit,

422 4475 550 4540 priis
589 4488 680 4525 sua
712 4474 975 4529 desideria
1019 4475 1260 4544 iactaque
1300 4477 1730 4532 condemnabunt
1757 4495 1770 4529 :
1799 4479 1991 4533 dicturi
2094 4484 2148 4526 el
2175 4474 2631 4540 perseculionilms
2668 4472 2872 4527 crebris
2916 4475 3114 4541 agitur,
3158 4486 3223 4528 ut
3267 4477 3389 4530 cito
3436 4474 3709 4544 praedesti-

421 4577 545 4622 sunt
572 4570 711 4623 enim
745 4570 904 4640 (sicut
938 4570 1184 4624 Salomon
1223 4569 1415 4638 dicit):
1447 4569 1583 4635 Quid
1614 4570 1754 4623 nobis
1794 4574 1986 4642 profuit
2026 4546 2072 4608 D
2099 4572 2343 4617 natorum
2386 4578 2636 4618 numerus
2683 4564 2983 4633 impleatur.
3015 4566 3106 4619 Sic
3143 4578 3208 4621 et
3239 4569 3508 4637 superius
3537 4566 3703 4620 dixit:

420 4661 674 4727 superbia,
704 4667 793 4713 aut
820 4661 943 4730 quid
972 4661 1264 4713 divitiarum
1307 4662 1553 4730 iactantia
1593 4663 1806 4715 contulit
1845 4664 1989 4719 nobis
2092 4655 2160 4709 Et
2188 4668 2412 4711 senectus
2434 4674 2543 4711 mea
2571 4657 2623 4709 in
2648 4657 2997 4711 m'sericordia
3024 4658 3196 4712 uberi.
3238 4662 3499 4726 Addidit,
3522 4670 3572 4713 et
3599 4659 3710 4710 (tm

422 4752 577 4822 (Sap.
608 4767 657 4815 ν,
688 4752 781 4823 8)?
817 4761 871 4807 et
905 4760 1115 4807 caetera.
1142 4752 1213 4807 Ibi
1240 4754 1381 4807 enim
1413 4755 1700 4809 audiuntur
1727 4770 1821 4809 sua
1861 4766 1986 4813 vota
2092 4754 2338 4819 patientes
2377 4762 2546 4816 erunt,
2590 4751 2713 4820 quia
2762 4751 3040 4806 beatorum
3090 4755 3412 4820 passiones
3457 4752 3707 4809 caelorum

418 4844 752 4909 damnantcs,
783 4844 871 4913 qui
918 4859 976 4899 se
1015 4844 1067 4898 in
1108 4844 1206 4898 hoc
1249 4846 1446 4899 saeculo
1476 4845 1813 4903 beatissimos
1842 4849 1988 4904 :csti-
2092 4856 2251 4911 regna
2276 4842 2617 4911 conquirunt-

418 4934 650 4989 tnabmt.
2167 4934 2317 4987 Vers.
2349 4932 2434 4986 15.
2465 4932 2531 4987 (lt
2566 4935 2863 4987 annuntieut
2891 4951 2911 4988 :
2941 4934 3215 5001 Quoniam
3243 4938 3437 5009 justus
3473 4935 3709 4990 Dominus

493 5025 642 5078 Vers.
674 5025 757 5079 12.
788 5023 968 5078 Justus
995 5034 1049 5077 ut
1075 5025 1246 5095 palma
1273 5029 1488 5096 ﬂorebit,
1517 5038 1572 5080 ut
1599 5031 1778 5083 cedrus
1808 5031 1990 5085 Libani

2149 5040 2231 5076 eus
2272 5033 2461 5088 noster,
2500 5035 2544 5077 et
2586 5041 2689 5077 non
2734 5034 2809 5077 est
2851 5026 3096 5089 iniquitas
3137 5031 3201 5079 in
3236 5046 3323 5081 eo.
3370 5028 3562 5082 Sancti
3588 5038 3710 5095 quos

414 5117 858 5183 multiplicabitur.
901 5118 980 5171 Ad
1018 5119 1310 5187 ingressum
1358 5121 1573 5174 tertium
1620 5132 1800 5175 sancta
1844 5123 1989 5177 venit
2090 5117 2338 5185 superius
2354 5117 2506 5184 dixit,
2526 5117 2646 5170 bene
2668 5118 2911 5185 patientes
2933 5126 3103 5181 erant,
3125 5119 3270 5174 dum
3294 5123 3576 5194 coeperint
3597 5131 3713 5189 νηεο

416 5208 678 5275 Ecclesia,
702 5208 789 5261 ubi
816 5209 893 5262 sic
918 5224 1013 5277 per
1033 5213 1456 5279 comparationes
1479 5223 1741 5267 memorat
1769 5216 1983 5274 prmmia
2091 5209 2193 5261 mia
2231 5207 2409 5261 dirioa
2442 5208 2733 5276 suscipere.
2762 5208 3164 5263 Annuntiabunt
3201 5229 3223 5265 .-
3253 5216 3528 5279 Quoniam
3546 5217 3711 5285 justus

416 5298 711 5361 beatorum,
742 5299 882 5352 sicut
922 5302 1169 5365 superius
1197 5300 1331 5354 dixit
1359 5302 1597 5355 damnari
1644 5318 1801 5372 posse
1850 5306 1977 5359 facta

2146 5299 2457 5363 tDominus,
2501 5301 2550 5353 id
2598 5309 2680 5354 est
2721 5301 2811 5370 qui
2855 5301 3023 5354 servis
3070 5303 3203 5356 suis
3256 5308 3540 5374 promissa
3581 5307 3707 5357 dona

410 5388 767 5454 peccantium.
815 5386 961 5441 Feno
991 5390 1131 5442 enim
1161 5392 1451 5458 comparati
1496 5403 1620 5446 sunt
1654 5404 1979 5462 peccatores,
2088 5390 2391 5459 complevit.
2424 5389 2489 5443 Et
2510 5406 2610 5443 non
2636 5399 2709 5444 est
2738 5393 2792 5443 in
2816 5408 2872 5445 eo
2893 5392 3172 5461 iniquitas,
3203 5407 3271 5450 ut
3302 5397 3360 5451 in
3387 5398 3495 5451 hoc
3522 5393 3713 5450 mundo

412 5479 553 5545 quod
583 5464 880 5533 delectabili
910 5480 1121 5548 quidem
1156 5482 1422 5539 viriditate
1463 5486 1651 5552 oritur,
1684 5487 1777 5542 sed
1818 5488 1986 5542 celer-
2088 5498 2185 5551 pro
2215 5498 2273 5536 se
2305 5482 2579 5549 pertulerit
2618 5482 2926 5551 periclitari,
2955 5499 3095 5553 quos
3121 5486 3209 5542 ibi
3246 5490 3480 5543 ornabit
3521 5499 3710 5542 corona

410 5570 550 5623 rimo
576 5570 682 5624 line
707 5571 968 5635 siccatur;
994 5575 1169 5643 justus
1199 5588 1325 5627 vero
1355 5573 1667 5644 dignissime
1704 5592 1984 5646 compara-
2089 5573 2349 5642 martyrii.

411 5668 497 5711 tur
540 5662 744 5724 palmae.
781 5662 966 5714 Palma
996 5664 1136 5717 enim
1169 5664 1306 5717 dicta
1338 5675 1421 5717 est
1448 5669 1597 5733 quasi
1646 5669 1789 5735 pacis
1826 5670 1983 5733 alma,
2623 5665 2898 5721 Conclusio
2926 5666 3159 5738 psalmi.

413 5764 529 5812 quae
562 5750 833 5809 prmmium
865 5762 944 5805 est
990 5754 1041 5807 in
1089 5767 1256 5825 agone
1290 5756 1643 5820 vincentibus,
1674 5758 1811 5812 sicut
1846 5762 1983 5828 Apo-
2164 5758 2505 5816 Comutonuit
2532 5775 2626 5815 nos
2655 5770 2835 5815 sancta
2861 5768 3025 5814 mater
3062 5760 3335 5821 Ecclesia
3364 5760 3688 5835 quemadmo
