3952 6162
298 283 378 336 661

1208 274 1560 330 EXPUSITL)
1602 269 1662 324 lN
1703 269 2148 325 PSALTERIUM.
2193 274 2378 328 PS.\l..
2424 274 2572 328 XCil.

3423 287 3528 338 lit-'9.

295 396 410 447 dum
451 402 753 461 peccatores
786 402 838 444 ut
867 399 1042 449 [cuum
1077 399 1311 456 pereant,
1345 397 1395 437 ct
1435 383 1561 453 ξηειὶ
1594 391 1648 436 ιιι
1679 381 1848 448 palma
1882 385 1929 439 Α
1957 381 2044 433 sed
2074 381 2192 450 quia
2224 385 2412 436 human
2439 406 2448 432 I
2480 384 2657 447 generi
2690 385 2794 436 ilex
2840 394 3067 439 mternus
3101 384 3526 443 manifestatione

297 485 534 539 ﬂoreant.
573 485 708 536 Dixit
738 483 896 535 etiam
932 496 1033 548 qua
1074 476 1436 532 vicissitudine
1478 473 1741 542 gaudeant
1771 471 1861 538 qtti
1909 485 1914 500 ί

298 580 376 630 hic
415 576 619 630 Crebris
658 574 1031 626 afﬂictionibus
1077 571 1437 637 iugravantur.
1471 566 1582 631 ipsa
1627 571 1709 616 est
1757 565 1862 615 dies

295 670 485 723 sabbati
517 683 672 737 quam
706 667 885 719 titulus
917 662 1182 732 praedixit,
1226 661 1276 712 in
1320 672 1422 726 qua
1463 657 1591 724 justi
1637 655 1734 708 sub
1771 669 1866 707 ev-

296 760 579 811 sultatirme
611 757 792 810 laudes
834 753 1036 806 Domini
1085 751 1448 810 celebrabunt,
1479 757 1532 800 et
1577 746 1784 799 liberati
1833 761 1860 798 a

297 850 474 903 mundi
515 847 674 917 hujus
723 843 1179 914 persecutionibus
1211 841 1391 894 feriata
1423 839 1703 893 securitate
1732 852 1864 905 gau-

297 941 516 993 debunt.
568 937 645 992 Nc
689 938 1056 1005 desperemus,
1093 934 1228 987 bona
1261 931 1531 1001 promisit;
1575 944 1640 983 ne
1680 943 1868 997 pecce-

299 1045 434 1093 mus,
469 1029 702 1098 graviter
739 1028 1062 1082 comminata
1101 1033 1202 1078 est.
1236 1024 1324 1077 Sic
1367 1031 1533 1077 totum
1580 1036 1677 1090 pro
1719 1018 1871 1073 nobis

295 1123 492 1189 agitur,
523 1119 668 1189 quod
697 1135 792 1171 nos
823 1122 1111 1170 admonere
1137 1117 1404 1182 dignatur.

581 1227 937 1282 EXPOSlTlO
978 1227 1038 1280 IN
1081 1224 1396 1280 [‘SALSIUM
1438 1223 1591 1278 XCII.

300 1340 439 1394 Laus
469 1339 655 1392 cantici
683 1339 782 1410 ipsi
815 1337 996 1400 David,
1024 1339 1074 1389 in
1104 1338 1185 1410 die
1214 1346 1330 1388 ante
1360 1335 1642 1398 sabbatum,
1668 1333 1868 1400 quando

835 1418 968 1460 terra
997 1408 1210 1475 fundata
1239 1418 1332 1458 est.

367 1524 640 1580 Canticum
668 1523 733 1576 ad
764 1521 969 1576 laudem
994 1521 1296 1573 Divinitatis
1325 1533 1468 1585 szepe
1492 1516 1720 1570 diximus
1755 1532 1877 1584 per-

304 1622 498 1675 tinere.
523 1617 654 1672 Nam
675 1616 812 1686 quod
841 1614 1060 1677 addidit,
1085 1613 1179 1682 ipsi
1206 1612 1386 1675 David,
1412 1609 1625 1663 Christo
1653 1608 1877 1660 Domino

302 1714 564 1777 probatur
607 1716 866 1775 aptatum,
901 1705 990 1770 qui
1023 1719 1147 1758 vere
1190 1701 1384 1756 dicitur
1423 1717 1580 1753 manu
1624 1700 1772 1753 fortis
1813 1713 1874 1752 ac

301 1800 683 1855 desiderabilis
708 1816 718 1849 :
743 1798 990 1866 quoniam
1014 1803 1067 1849 et
1095 1795 1241 1847 solus
1272 1799 1447 1860 potest
1473 1800 1728 1860 prmstare
1757 1805 1875 1858 qua:

301 1893 433 1953 vult,
458 1899 514 1945 ct
538 1905 568 1942 a
591 1897 700 1941 suis
721 1886 1014 1941 cultoribus
1039 1885 1192 1938 unica
1221 1883 1500 1937 affectione
1522 1883 1875 1936 desideratur.

299 1983 579 2050 Sequitur,
609 1981 664 2034 in
706 1980 787 2033 d’e
821 1988 936 2031 ante
981 1978 1264 2040 sabbatum,
1310 1974 1514 2043 quando
1553 1973 1768 2042 fundata
1809 1983 1880 2026 est

299 2087 460 2128 terra.
494 2070 562 2124 In
592 2070 672 2123 die
698 2077 814 2122 ante
849 2067 1125 2128 sabbatum,
1164 2075 1310 2120 sexta
1361 2064 1490 2118 feria
1524 2063 1874 2132 significatur,

298 2180 422 2234 quae
465 2163 745 2217 sabbatum
791 2159 909 2214 sine
937 2157 1266 2212 dubitatione
1308 2153 1581 2226 praecedit.
1620 2153 1721 2206 Sed
1755 2153 1878 2207 dum

296 2259 514 2328 legatur
545 2257 595 2308 in
625 2253 816 2309 Genesi
849 2253 1006 2307 tertio
1038 2251 1122 2305 die
1149 2252 1348 2304 aridam
1382 2248 1697 2320 apparuisse
1727 2248 1878 2318 (Gen.

298 2366 334 2414 ι,
366 2351 456 2417 1)),
487 2346 857 2416 inquirendum
881 2353 964 2398 est
989 2359 1083 2397 cur
1107 2355 1285 2396 terram
1313 2351 1464 2396 sexto
1491 2341 1576 2396 die
1598 2340 1741 2394 dzcat
1762 2355 1880 2394 esse

297 2441 605 2504 fundatam.
639 2437 742 2492 Sed
781 2435 867 2491 hic
906 2435 1172 2489 hominem
1204 2435 1462 2488 debemus
1496 2434 1760 2502 accipere,
1791 2433 1878 2500 qui

303 2547 398 2599 per
431 2539 621 2583 terram
660 2536 1014 2597 congruenter
1055 2525 1368 2591 advertitur,
1409 2524 1545 2578 sicut
1586 2532 1670 2577 est
1705 2522 1831 2575 illud
1865 2539 1876 2574 :

302 2623 464 2677 Terra
494 2637 568 2685 es,
597 2629 642 2673 et
669 2621 721 2672 in
748 2629 932 2673 terram
973 2619 1067 2670 ibis
1108 2616 1263 2681 (Gen.
1300 2631 1378 2678 tu,
1415 2615 1520 2681 l9),
1551 2629 1706 2682 quem
1738 2613 1878 2666 inter

298 2715 453 2767 initia
481 2727 659 2766 rerum
682 2720 837 2765 sexto
860 2711 944 2764 die
964 2710 1270 2763 Creatorem
1296 2707 1519 2776 legimus
1545 2705 1872 2759 condidisse.

301 2805 363 2857 Et
383 2803 533 2856 sicut
557 2816 674 2854 cum
699 2809 845 2854 sexta
868 2800 986 2852 iure
1011 2799 1152 2860 fecit,
1182 2799 1250 2851 ita
1275 2797 1419 2849 illum
1446 2796 1663 2850 veniens
1689 2795 1874 2847 eadem

297 2902 463 2948 atate
489 2891 774 2960 reparavit.
800 2889 976 2944 Prima.
1003 2889 1142 2942 enim
1167 2899 1293 2940 :vtas
1322 2886 1633 2939 auctoritate
1663 2882 1876 2937 Patrum

295 2986 362 3037 ab
401 2982 578 3037 Adam
626 2997 792 3051 usque
829 2981 894 3034 ad
943 2979 1056 3034 Noe
1109 2979 1296 3047 legitur
1338 2976 1746 3042 comprehensa.
1782 2976 1879 3028 Se-

297 3074 476 3127 runda
507 3089 538 3126 a
580 3073 690 3126 Noe
729 3085 896 3138 uSqtte
939 3074 1001 3122 ad
1052 3067 1213 3138 314
1251 3068 1538 3121 Abraham.
1583 3065 1761 3118 Tertia
1813 3066 1880 3118 ab

299 3167 576 3219 Abraham
606 3179 775 3234 usque
820 3163 884 3216 ad
927 3163 1110 3216 David.
1144 3163 1337 3228 Quarta
1367 3175 1395 3212 a
1431 3157 1589 3212 David
1623 3174 1788 3227 usque
1813 3159 1876 3212 ad

299 3256 827 3325 transmigratioaem
868 3251 1192 3324 Babyloniae.
1231 3251 1421 3316 Quinta
1465 3263 1494 3302 a
1529 3249 1882 3317 transmigra-

297 3352 451 3403 tione
499 3348 804 3418 Babylonia:
851 3362 1018 3414 usque
1066 3344 1130 3397 ad
1183 3343 1610 3412 praedicationem
1640 3341 1877 3395 Joannis.

295 3444 467 3496 Sexta
500 3455 629 3494 vero
659 3448 789 3493 tetas
820 3453 848 3491 a
879 3436 1255 3506 praedicatione
1282 3433 1501 3487 Joannis
1520 3433 1695 3500 agitur
1717 3446 1882 3499 usque

295 3532 358 3585 ad
395 3532 566 3584 ﬁnem
609 3529 790 3584 szeculi
825 3546 837 3580 :
868 3528 919 3581 in
949 3542 1051 3596 qua
1098 3524 1378 3579 Dominum
1427 3522 1756 3577 Salvatorem
1791 3535 1881 3574 ve-

298 3622 451 3674 nisse
483 3619 818 3673 manifestum
853 3628 955 3684 est,
984 3617 1194 3686 quando
1237 3616 1433 3669 homini
1477 3615 1639 3668 variis
1669 3615 1882 3667 casibus

299 3710 584 3765 ﬂuctuanti
625 3710 966 3762 fundamenta
995 3722 1105 3761 sum
1136 3705 1257 3760 ﬁdei
1293 3705 1604 3772 prepitiatus
1645 3702 1881 3755 indui-it.

302 3803 460 3854 Tunc
483 3802 626 3854 enim
655 3800 867 3869 fundata
905 3805 976 3849 est
1009 3807 1166 3862 terra,
1193 3795 1407 3863 quando
1438 3796 1490 3846 in
1520 3808 1638 3846 cum
1667 3790 1882 3844 humani

299 3892 522 3958 generis
562 3901 644 3945 est
691 3891 897 3944 firmata
946 3888 1252 3942 credulitas.
1291 3886 1356 3938 Et
1396 3884 1513 3937 ideo
1546 3884 1658 3936 laus
1686 3891 1884 3935 sancta:

301 3980 692 4036 incarnationis
718 3979 834 4048 ejus
859 3979 1048 4048 psalmi
1075 3978 1226 4030 istius
1248 3975 1589 4029 contextimte
1613 3981 1882 4026 cantatur.

882 4110 1078 4164 Divisio
1107 4109 1311 4179 psalmi.

375 4226 591 4280 Primus
633 4227 778 4279 locus
825 4235 908 4279 est
949 4239 980 4277 a
1025 4223 1418 4291 pulchritudine
1464 4223 1647 4288 ipsius,
1689 4219 1885 4276 deinde

300 4333 328 4369 a
365 4317 704 4380 fortitudine,
735 4317 890 4370 tertio
921 4317 988 4367 ab
1017 4315 1286 4381 operibus,
1319 4323 1507 4380 quarto
1537 4329 1565 4366 a
1599 4323 1878 4381 potestate,

300 4409 498 4475 quinto
540 4421 568 4458 a
615 4405 857 4459 laudibus
900 4404 1285 4468 universitatis,
1313 4411 1465 4456 sexto
1494 4417 1523 4456 a
1551 4402 1776 4456 veritate
1805 4403 1884 4457 di-

1967 486 2159 527 sant-tas
2193 478 2568 530 iturarnationis
2613 477 2856 530 innotuit.
2891 479 3162 544 Sequitur,
3194 480 3425 531 decorem
3453 487 3533 533 m-

1969 568 2098 632 duit,
2141 567 2188 620 id
2223 581 2298 620 est
2336 569 2774 634 pulchritudinem
2806 583 2915 622 suae
2950 569 3244 637 majestatis
3282 568 3536 632 OStendit,

1969 659 2103 712 sicut
2136 661 2184 711 itt
2220 659 2504 728 Evangelio
2539 661 2747 729 legitur,
2781 661 2988 728 quando
3023 661 3426 723 transﬁguratus
3463 670 3538 706 (Μ

1971 751 2022 803 in
2055 761 2230 805 monte
2261 753 2474 806 Thabor
2513 769 2691 806 coram
2724 754 2995 821 discipulis
3027 753 3136 807 suis
3164 773 3174 806 :
3214 752 3278 804 Et
3307 754 3538 820 resplen-

1973 843 2081 894 duit
2108 843 2259 910 facies
2287 845 2392 913 ejus
2419 851 2472 895 ut
2500 841 2596 907 sol,
2625 844 2917 895 vestimenta
2947 854 3112 894 autem
3133 843 3241 912 ejus
3268 846 3402 910 facta
3424 852 3539 894 sunt

1971 930 2089 983 alba
2122 939 2176 982 ut
2214 930 2301 982 nia:
2333 931 2547 1000 (Matth.
2579 947 2707 994 xvtt,
2749 930 2828 1000 ‘2),
2869 931 3042 1000 qualia
3076 931 3204 984 fullo
3234 946 3338 984 non
3371 940 3546 998 potest

1974 1021 2145 1075 facere
2175 1037 2335 1089 super
2365 1034 2580 1077 terram.

2048 1113 2223 1164 Induit
2264 1111 2511 1164 Dominus
2558 1112 2930 1180 fortitudinem,
2964 1123 3008 1164 et
3048 1113 3311 1181 prwcinxit
3339 1131 3411 1169 se.
3442 1116 3546 1170 iste

1976 1203 2124 1256 locus
2159 1209 2242 1255 est
2277 1202 2563 1268 secundus,
2598 1218 2751 1270 quem
2791 1202 3025 1256 diximus
3058 1219 3084 1255 a
3119 1203 3446 1259 fortitudine.
3482 1207 3544 1260 Et

1975 1293 2182 1357 respice
2213 1291 2350 1360 quod
2387 1293 2530 1359 prius
2571 1307 2776 1347 comma
2825 1295 2875 1346 in
2923 1295 3111 1349 eodem
3151 1297 3314 1349 verbo
3350 1297 3538 1364 finivit,

1978 1380 2116 1432 unde
2149 1380 2408 1446 posterius
2452 1382 2734 1435 inchoavit.
2765 1384 2892 1450 Qua:
2926 1386 3090 1452 figura
3122 1385 3315 1439 dicitur
3356 1402 3544 1454 cpcm-

1977 1469 2137 1534 basis,
2170 1472 2378 1539 quoties
2427 1476 2491 1524 al
2541 1473 2787 1526 decorem
2832 1475 3079 1529 dietianis
3132 1491 3308 1530 sermo
3357 1480 3547 1546 aliquis

1980 1560 2217 1622 iteratur,
2249 1561 2385 1614 sicut
2416 1570 2496 1614 est
2526 1563 2648 1614 illud
2679 1579 2693 1614 :
2725 1562 2937 1617 Psaltite
2971 1567 3072 1618 Deo
3095 1577 3283 1631 nostra,
3317 1571 3554 1634 psallite;

1983 1650 2182 1716 psallite
2214 1649 2337 1720 Regi
2367 1663 2556 1714 nostro,
2593 1654 2810 1720 psallite,
2845 1665 2898 1706 ct
2929 1656 3007 1706 his
3047 1656 3264 1711 similia.
3315 1659 3551 1712 Fortitu-

1905 1745 1952 1804 B
1979 1741 2148 1793 dinem
2174 1757 2300 1795 vero
2327 1742 2516 1803 induit,
2547 1745 2757 1811 quando
2786 1744 2836 1797 in
2866 1745 3113 1812 passione
3141 1762 3234 1800 sua
3263 1748 3459 1802 .lndmis
3490 1765 3549 1804 se

1984 1842 2164 1886 tenere
2191 1833 2548 1901 quaerentibus
2576 1835 2845 1902 respondit
2877 1853 2888 1887 :
2919 1834 3026 1907 Ego
3049 1853 3157 1890 smn
3184 1838 3362 1906 (.Ioun.
3397 1856 3549 1906 xvnt,

1982 1924 2034 1990 5,
2077 1922 2154 1991 6).
2205 1925 2270 1978 At
2311 1926 2380 1977 illi
2428 1924 2658 1977 abierunt
2703 1938 3086 1991 rctrorsttm;et
3124 1938 3328 1986 tet't‘Ore
3360 1947 3552 2000 magno

1982 2016 2231 2083 perculsi,
2259 2015 2346 2082 qui
2372 2016 2436 2067 ad
2469 2015 2572 2068 vim
2604 2016 2898 2070 faciendam
2932 2029 3204 2084 venerant,
3241 2021 3340 2090 ipsi
3375 2023 3549 2089 potius

1980 2105 2317 2158 corruebant.
2345 2107 2398 2163 Si
2426 2107 2522 2160 ista
2546 2105 2650 2160 duo
2677 2108 3022 2173 spiritualiter
3048 2113 3391 2182 accipiamus,
3421 2129 3544 2170 om-

1983 2196 2108 2248 nino
2151 2197 2501 2249 conveniunt:
2552 2199 2780 2253 decorem
2836 2200 3136 2260 induit,eis
3189 2204 3380 2271 quibus
3422 2205 3544 2260 ﬁdei

1982 2285 2201 2340 veritate
2251 2287 2344 2341 Dei
2388 2287 2548 2342 Filius
2601 2290 2922 2357 apparebat;
2968 2293 3318 2358 fortitudinem
3369 2306 3542 2348 autem

1980 2378 2142 2431 induit
2185 2379 2438 2434 adversus
2470 2396 2562 2435 eos
2597 2381 2683 2450 qui
2721 2382 2768 2435 ei
2809 2384 3028 2437 credere
3073 2384 3380 2447 noluerunt,
3406 2385 3549 2452 judi-

1981 2471 2121 2523 cium
2148 2472 2518 2526 comminando
2556 2473 2852 2540 prrcdicens
2878 2474 2954 2528 eis
2983 2474 3191 2528 debitas
3227 2490 3411 2542 pinnas
3452 2477 3551 2529 im-

1983 2561 2096 2626 pios
2115 2575 2233 2613 esse
2260 2577 2525 2629 pasmros.
2556 2561 2835 2616 Prtecinatit
2859 2581 2929 2628 se,
2954 2565 3081 2618 illud
3110 2566 3245 2618 forte
3267 2566 3551 2634 signiﬁcat,

1981 2652 2190 2716 quando
2221 2652 2497 2716 prmcinvit
2531 2667 2589 2706 se
2622 2652 2781 2706 linteo
2823 2662 2876 2707 et
2918 2654 3078 2721 pedes
3122 2654 3395 2721 discipulis
3424 2655 3550 2710 lavit

1983 2739 2154 2809 (Joan.
2191 2756 2302 2803 xm,
2326 2741 2402 2807 4).
2440 2742 2528 2795 Illa
2557 2743 2696 2796 enim
2729 2745 2995 2797 humilitas
3016 2755 3068 2798 et
3093 2747 3319 2799 decorent
3348 2747 3550 2810 habuit,

1982 2830 2103 2896 quia
2155 2829 2397 2896 dignatus
2451 2839 2536 2884 est
2586 2835 2840 2885 caelorum
2897 2825 3148 2887 Dominus
3197 2835 3547 2889 humillimum

1983 2920 2294 2986 obsequium
2318 2923 2426 2973 suis
2455 2921 2664 2974 famulis
2691 2923 2963 2977 exhibete.
2995 2925 3181 2977 llabnit
3211 2937 3257 2974 et
3289 2925 3388 2994 fort
3411 2927 3550 2978 tudi—

1985 3028 2116 3071 nem,
2155 3013 2276 3080 quia
2322 3029 2415 3079 per
2457 3015 2804 3068 humilitatem
2847 3016 3041 3069 diaboli
3080 3017 3331 3070 malitiam
3369 3032 3552 3086 super-

1908 3108 1954 3168 C
1987 3104 2230 3172 biamque
2262 3106 2562 3172 prostravit.

2061 3194 2209 3248 Vers.
2236 3196 2288 3247 2.
2322 3196 2518 3248 Etenim
2548 3196 2767 3264 ﬁrmavit
2796 3205 2964 3250 orbem
2993 3208 3159 3263 terror,
3185 3200 3272 3267 qui
3300 3217 3397 3253 non
3421 3217 3556 3253 com-

1984 3289 2280 3342 movebitur.
2330 3290 2524 3342 Tertiae
2569 3292 3041 3360 argumentationis
3096 3293 3240 3345 locus
3283 3294 3557 3357 oboritur,

1985 3395 2141 3446 quem
2179 3379 2426 3447 superius
2454 3380 2684 3434 diximus
2714 3381 2780 3434 ab
2809 3383 3080 3449 Operibns.
3128 3379 3374 3434 Fit-movit
3414 3383 3552 3436 enim

1985 3469 2154 3520 orbem
2183 3478 2348 3532 terrm,
2382 3469 2430 3522 id
2462 3481 2538 3522 e~t
2578 3467 2888 3530 Ecclesium.
2932 3472 3143 3540 quando
3179 3475 3230 3524 in
3272 3469 3558 3538 Evangelia

1985 3561 2117 3614 dixit
2144 3580 2157 3614 :
2185 3561 2264 3613 Tu
2300 3579 2350 3614 es
2397 3561 2599 3625 Petrus,
2628 3573 2673 3615 et
2701 3579 2852 3628 super
2889 3562 3022 3614 hanc
3070 3575 3264 3630 petram
3293 3563 3556 3630 cedi/irabu

1986 3651 2266 3705 Ecclesium
2297 3669 2480 3716 nteant,
2509 3662 2554 3704 et
2585 3662 2743 3720 portat
2778 3654 2928 3721 inferi
2963 3670 3063 3707 nou
3099 3655 3434 3721 prtrvalebunt
3463 3656 3560 3706 ad-

1985 3759 2151 3796 versus
2176 3759 2287 3795 eam
2317 3743 2528 3812 (Matth.
2563 3759 2666 3808 xu,
2699 3744 2807 3814 l3).
2840 3744 2973 3797 Vera
3005 3744 3138 3807 laus,
3164 3745 3406 3798 mirabile
3425 3762 3559 3813 prte-

1987 3839 2218 3901 coniutn,
2251 3850 2306 3890 ut
2336 3847 2476 3891 terra
2527 3839 2616 3890 illa
2661 3853 2778 3905 qua:
2817 3838 3081 3906 significat
3120 3838 3412 3892 Ecclesium
3446 3849 3558 3891 toto

1988 3928 2116 3980 orbe
2157 3927 2400 3981 ditfusam
2442 3942 2545 3980 non
2576 3937 2971 3979 conmmveatur
3001 3927 3286 3993 ullatenus,
3317 3929 3558 3996 quamvis

1988 4017 2086 4071 ista
2112 4017 2368 4085 frequenti
2395 4016 2744 4070 concussione
2773 4025 3009 4069 vexetur.

2065 4105 2213 4158 Veis.
2241 4106 2293 4158 5.
2330 4104 2522 4158 Parata
2551 4105 2689 4157 sedes
2720 4114 2823 4168 tua,
2854 4104 3005 4168 Deus,
3036 4121 3098 4158 ex
3125 4114 3275 4168 tunc;
3301 4122 3333 4156 a
3372 4109 3560 4159 swculo

1989 4206 2043 4250 tu
2071 4214 2140 4250 es.
2173 4199 2289 4264 Ipse
2316 4207 2397 4250 est
2441 4174 2678 4265 quartus.
2703 4198 2848 4250 locus
2891 4213 3046 4266 quem
3083 4213 3241 4265 supra
3269 4199 3498 4251 diximus
3531 4199 3558 4250 τί

1989 4297 2268 4356 potestate.
2302 4289 2425 4343 SiVe
2457 4289 2596 4340 illaut
2626 4291 2807 4342 sedem
2844 4291 2949 4341 vult
2997 4290 3214 4358 intelligi
3261 4304 3362 4357 qua
3412 4290 3564 4344 sedet

1990 4383 2054 4432 ad
2086 4380 2355 4433 deuorant
2387 4381 2573 4445 Patris,
2607 4381 2719 4434 sive
2751 4382 2899 4434 istam
2925 4397 3082 4450 qnam
3116 4384 3271 4435 habet
3305 4384 3354 4435 in
3387 4395 3565 4438 tuente

299 4511 545 4558 cmmm’
580 4507 903 4565 Postremum
927 4511 954 4548 λ
987 4496 1143 4549 laude
1169 4496 1358 4549 domus
1385 4495 1572 4563 ipsius,
1607 4509 1765 4564 quam
1796 4495 1888 4549 (ιε,
1917 4477 1967 4538 ι)
1996 4475 2246 4539 ﬁdelium,
2279 4476 2409 4526 sicut
2437 4475 2663 4542 legitur:
2694 4475 2862 4544 Super
2881 4491 3025 4542 quem
3049 4477 3313 4544 requiescit
3341 4476 3566 4543 Spiritus

297 4596 394 4641 cet
442 4593 641 4638 aeterna
689 4583 1044 4638 exsultatione
1089 4584 1340 4652 gaudere.
1390 4586 1480 4636 Sic
1522 4585 1638 4638 istis
1684 4595 1887 4652 septem

298 4679 531 4732 sedibus
559 4685 990 4746 argumentorum
1017 4677 1418 4730 demonstrativi
1441 4678 1651 4745 generis
1673 4688 1752 4730 est
1781 4677 1890 4729 for-

299 4780 453 4822 mata
495 4768 747 4822 laudatio.
795 4768 900 4821 Sed
945 4783 1040 4834 pro
1081 4768 1428 4821 divisionibus
1473 4770 1630 4834 (sicut
1671 4769 1722 4821 in
1768 4769 1884 4823 aliis

297 4859 532 4926 psalmis
571 4858 816 4925 fecimus)
860 4860 1206 4923 quantitatem
1258 4860 1461 4913 numeri
1509 4860 1706 4913 sufﬁcit
1737 4862 1882 4926 poni,

296 4949 522 5014 ιςειιιιιάο
550 4956 604 5002 et
629 4951 744 5014 ipse
773 4949 1006 5002 calculus
1035 4957 1158 5016 apte
1186 4949 1474 5017 dispositus
1496 4965 1579 5004 res
1610 4951 1888 5005 continuas

296 5053 562 5107 separare
595 5041 943 5109 dignoscitur.

845 5174 1110 5243 Expositio
1157 5175 1358 5244 psalmi.

385 5284 534 5339 \‘ers.
592 5287 638 5339 l.
693 5286 938 5339 Dominus
980 5288 1225 5357 regnavit.
1274 5288 1504 5340 decorem
1551 5289 1738 5341 induit.
1793 5288 1885 5342 llic

299 5375 513 5441 primus
558 5387 641 5429 cst
689 5376 835 5429 locus
880 5377 1372 5445 argumentationis,
1402 5394 1558 5446 quem
1590 5379 1822 5432 diximus
1853 5396 1878 5430 a

299 5468 729 5536 pulchritudine.
765 5469 891 5522 Nam
921 5486 1038 5538 qua:
1079 5484 1293 5524 ventura
1329 5482 1481 5524 erant
1514 5474 1766 5539 prnpltelﬂ
1797 5487 1884 5524 rc-

295 5559 561 5626 Spiciens,
604 5571 928 5630 regnaturum
970 5560 1245 5615 Dominum
1290 5578 1476 5631 magna
1526 5562 1883 5617 exsultatione

299 5651 681 5716 Cuticelelirat;
723 5668 826 5707 non
873 5655 990 5724 quia
1036 5655 1294 5710 dominari
1337 5658 1494 5724 C(Bpll
1527 5672 1587 5708 t-x
1618 5666 1878 5724 tempore,

1994 4580 2149 4629 mens,
2199 4565 2297 4616 nisi
2339 4581 2485 4634 super
2531 4566 2791 4629 humilem,
2838 4576 2885 4619 et
2921 4567 3164 4634 quietum,
3194 4578 3236 4619 et
3277 4577 3565 4620 trementem

1990 4656 2136 4708 verba
2167 4673 2274 4708 mea
2298 4654 2450 4726 (Isai.
2483 4673 2622 4721 ιλιι-ι,
2649 4656 2746 4724 ‘2)?
2779 4655 2972 4709 Parata
3001 4657 3261 4724 significat
3294 4659 3566 4722 pra'tlesu-

1991 4749 2281 4808 nationem,
2312 4754 2429 4816 quia
2461 4762 2623 4801 tutum
2675 4752 2724 4803 in
2767 4749 2853 4828 illa
2893 4750 3116 4802 veritate
3142 4750 3382 4802 consistit
3415 4751 3566 4818 quid-

1991 4837 2114 4916 quid
2141 4839 2190 4890 in
2217 4839 2672 4892 administtatione
2702 4842 2880 4894 mundi
2911 4845 3123 4894 evenire
3147 4841 3448 4908 Contigerit.
3479 4840 3562 4892 Er

1993 4939 2110 4980 tunc
2129 4930 2384 4998 significat
2411 4932 2600 4984 Christi
2629 4933 3064 4995 incarnationem,
3090 4947 3209 5000 qua:
3240 4931 3330 4984 fuit
3358 4947 3420 4985 es
3456 4933 3563 4985 Ma-

1993 5024 2066 5076 ria
2097 5023 2331 5089 Virgine,
2354 5023 2565 5090 quando
2593 5025 2865 5090 apostolos
2895 5039 3020 5075 SUOS
3049 5035 3102 5075 et
3132 5035 3352 5076 ca-teros
3382 5021 3564 5076 fideles

1994 5114 2318 5181 plenitudine
2361 5114 2486 5186 [ed.,
2526 5113 2928 5186 planitudinctn]
2973 5132 3081 5169 sua:
3112 5114 3404 5184 majestatis
3430 5115 3557 5168 edo-

1992 5206 2117 5258 cuit.
2172 5206 2213 5257 Λ
2261 5206 2445 5258 sata-uio
2495 5205 2743 5259 deitatem
2792 5207 3073 5275 significat,
3125 5222 3223 5272 qua
3266 5215 3564 5259 eomternus

1989 5310 2215 5363 regnans
2257 5311 2376 5347 cum
2428 5296 2600 5356 Patre.
2655 5298 2820 5350 nescit
2868 5313 2988 5351 esse
3031 5297 3131 5350 sub
3174 5304 3427 5364 tempore.
3461 5296 3563 5349 Per

1990 5384 2105 5438 lucc
2143 5388 2282 5437 enim
2322 5387 2502 5451 verba,
2537 5403 2637 5440 una
2670 5389 2880 5455 quidem
2925 5403 3172 5453 persooa,
3211 5389 3302 5441 sed
3338 5388 3458 5440 dua:
3485 5401 3559 5438 8!-

1987 5475 2304 5542 gniﬁcantnr
2353 5484 2554 5528 natura:
2604 5479 2810 5531 Domini
2852 5478 3074 5532 Christi.
3124 5477 3272 5532 Unde
3314 5493 3560 5531 necessa-

1988 5569 2123 5619 rium
2155 5575 2236 5620 est
2267 5569 2400 5620 hanc
2443 5572 2676 5637 regulam
2718 5586 2812 5638 per
2853 5572 2964 5624 loca
2994 5586 3225 5641 congrua
3256 5571 3416 5643 (sicut
3457 5572 3559 5624 l’a-

1990 5666 2124 5711 trtnn
2165 5658 2338 5711 firmat
2383 5662 2693 5730 auctoritas)
2738 5662 2930 5731 sepius
2973 5676 3337 5720 comtnoncre.
3388 5670 3560 5737 Atque
