3952 6162
422 306 528 363 605

1657 311 1722 363 Μ.
1782 309 2065 366 AURELII
2096 311 2177 366 CA
2192 310 2496 368 SSIODURI
3557 328 3637 384 lilii

420 427 622 478 utinam
654 425 733 479 sic
769 423 1096 478 dementium
1133 423 1506 477 Itarretirttrum
1540 424 1877 493 conquiescat
1913 425 2010 478 im-
2040 425 2089 483 Α
2120 440 2389 494 nunquam
2420 427 2665 493 deserat;
2702 429 2779 483 sic
2807 430 3099 498 componit,
3133 439 3190 485 ut
3220 430 3495 491 nullatenus
3516 441 3638 497 dissi-

419 517 680 585 proliitas,
712 526 766 568 ut
799 516 900 570 hoc
940 515 1111 585 magis
1156 516 1456 584 importune
1506 531 1662 584 quam
1708 515 2007 569 necessarie

420 618 663 674 rt-petete
689 609 985 664 videamur.

500 702 649 754 Vers.
690 700 742 755 4.
784 700 1125 755 Elerarerunt
1159 703 1393 771 ﬂumina,
1430 702 1662 763 Domine,
1696 701 2005 753 elevaverunt

421 792 638 859 ﬁumina
664 807 808 843 voces
836 808 983 857 suas,
1013 810 1044 845 α
1072 794 1271 846 vocibus
1302 808 1548 860 aquarum
1575 793 1871 843 multarum.

497 882 643 937 Vers.
678 884 731 937 5.
766 882 1030 937 Mirabiles
1069 886 1313 937 elationes
1344 885 1532 947 maris;
1561 881 1805 935 mirabilis
1834 882 1886 933 in
1916 895 2005 933 ea:-

422 973 563 1026 relsis
591 972 715 1044 lms.
749 972 839 1039 A.,
870 975 920 1028 in
945 972 1087 1045 altis]
1135 975 1407 1030 Dominus.
1440 977 1539 1029 Istc
1569 976 1785 1045 quintus
1815 982 1895 1027 est
1921 989 2007 1025 ar-

418 1068 834 1135 gumentationis
884 1069 1029 1121 locus
1078 1083 1105 1119 a
1154 1067 1400 1120 laudibus
1459 1065 1854 1126 universitatis,
1918 1063 2003 1117 tibi

424 1158 678 1227 propheta
711 1159 901 1212 intuitu
935 1158 1126 1211 tlivinte
1159 1157 1433 1211 charitatis
1464 1155 1758 1216 exsultans,
1789 1153 2006 1207 ﬁumina

422 1251 553 1305 tlicit
594 1267 845 1306 emanare
878 1250 1085 1305 Domini
1118 1248 1402 1317 prmcottia.
1446 1247 1573 1314 Qutc
1618 1246 1781 1314 ﬁgura
1813 1244 2007 1296 dicitur

429 1345 836 1413 prosopopoeia,
881 1343 1090 1413 quoties
1140 1341 1445 1395 inanimatis
1496 1338 1655 1391 rclms
1703 1335 1863 1389 verba
1911 1336 2007 1388 tri-

426 1439 677 1492 linuntur.
711 1437 863 1503 Quod
894 1440 1107 1489 schema
1148 1435 1198 1488 in
1237 1430 1527 1499 Scripturis
1555 1419 1749 1484 divinis
1794 1429 2007 1482 creber-

422 1530 558 1581 rime
585 1527 867 1593 reperitur.
897 1526 1000 1581 Sed
1026 1526 1224 1579 bonum
1247 1533 1329 1577 est
1356 1531 1411 1575 ut
1436 1535 1736 1591 qumramus
1759 1534 1878 1588 qum
1904 1519 2009 1572 sint

424 1621 517 1673 iSIJ
549 1619 791 1688 ﬂumina,
836 1634 954 1683 qua:
1002 1632 1140 1669 rores
1186 1632 1307 1668 suas
1356 1613 1549 1667 elevant
1596 1614 1647 1666 in
1694 1612 2004 1665 clamorem.

428 1711 664 1779 Aposwli
696 1712 921 1774 scilicet,
956 1709 1041 1778 qui
1076 1709 1140 1762 de
1178 1707 1382 1773 Spiritu
1423 1714 1609 1760 snneto
1651 1704 1816 1773 putati
1862 1711 2004 1768 sunt,

422 1802 562 1854 sicut
588 1801 639 1853 in
676 1801 979 1867 Evangelio,
1011 1807 1173 1864 caput
1202 1798 1477 1851 [luminum
1505 1804 1557 1850 et
1580 1795 1696 1849 fons
1726 1808 2003 1863 aquarum,
2040 1796 2084 1853 B

425 1894 679 1949 Dominus
713 1896 824 1961 ipse
854 1901 1114 1947 testatur:
1152 1893 1253 1954 Qui
1292 1891 1449 1943 credit
1484 1891 1535 1941 in
1568 1905 1661 1951 me,
1697 1888 1913 1957 [lumina
1943 1887 2006 1938 de

422 1996 587 2037 ventre
613 1986 721 2053 ejus
751 1986 913 2052 ﬂuent
939 2000 1085 2054 aqua:
1110 1984 1233 2035 vitta:
1255 1981 1433 2053 (Joan.
1467 1996 1558 2046 vn,
1590 1981 1702 2049 '58).
1740 1980 1852 2048 Ipsa
1877 1993 2004 2047 ergo

424 2078 639 2144 [Iuntina
665 2092 713 2128 m
737 2089 1013 2130 inaverunt
1045 2090 1321 2128 sermones
1364 2075 1612 2142 irriguos,
1644 2071 1757 2139 ipsa
1791 2072 1841 2124 in
1866 2086 2005 2139 prcc-

421 2166 776 2219 tticationibus
822 2165 932 2219 suis
973 2180 1133 2219 voces
1180 2179 1404 2217 erexere
1451 2161 1832 2215 sanctissimas.
1876 2158 2003 2225 Qua:

427 2260 616 2314 merito
647 2262 850 2313 elevatte
880 2259 1036 2313 dicta:
1072 2266 1215 2322 sunt,
1261 2256 1511 2326 quoniam
1560 2253 1778 2308 Auctori
1822 2252 2005 2306 laudes

424 2367 549 2405 suas
596 2353 904 2405 salutariter
944 2352 1271 2405 obtulerunt.
1307 2347 1567 2403 Mundana
1606 2345 1747 2400 enim
1786 2346 2004 2414 ﬂumina

424 2461 614 2499 cursus
646 2459 772 2498 sues
814 2460 918 2507 non
962 2444 1195 2514 erigunt,
1228 2442 1319 2495 sed
1354 2441 1527 2509 potius
1556 2440 1608 2494 in
1637 2438 1887 2493 inferiora
1915 2437 2005 2490 de-

426 2550 691 2608 mergunt.
726 2539 857 2592 Nam
905 2549 1181 2607 pOStquam
1224 2537 1289 2589 de
1341 2535 1701 2604 apostolorum
1753 2530 2006 2600 praedica-

425 2631 571 2683 tione
613 2628 765 2694 dixit,
816 2644 954 2682 nunc
1000 2627 1217 2696 exponit
1266 2624 1713 2695 quemadmodum
1765 2622 2002 2678 Ecclesia

428 2722 633 2775 Domini
661 2722 908 2790 largitate
940 2720 1200 2789 proﬁciat.
1238 2720 1278 2772 A
1310 2719 1508 2771 vocibus
1536 2732 1785 2787 aquarum
1814 2716 2002 2767 multa-

424 2829 559 2877 rum,
590 2822 773 2881 gentes
805 2810 1088 2882 signiﬁcat,
1122 2826 1240 2878 qua:
1270 2812 1334 2862 ad
1366 2808 1680 2863 catholicam
1713 2807 1869 2860 Iidem
1903 2805 2005 2859 Do-

425 2904 627 2957 minum
659 2902 921 2956 laudando
950 2904 1294 2955 conveniunt.
1336 2899 1421 2955 Ab
1462 2900 1574 2953 istis
1613 2913 1742 2965 ergo
1788 2896 2004 2951 vocibus

427 2996 685 3050 mirabiles
719 2996 868 3049 facta:
898 3005 1020 3050 sunt
1047 2995 1291 3048 elationes
1328 2994 1507 3057 maris,
1538 2991 1588 3046 id
1617 3000 1701 3045 est
1729 2990 1795 3045 de
1825 2989 2004 3044 saeculi

429 3089 580 3144 istius
622 3090 735 3143 salu
777 3090 1075 3142 animarum
1133 3089 1371 3156 provenit
1426 3086 1677 3139 salutaris
1726 3098 1999 3137 ascensus.

2119 528 2290 581 pl‘llll‘.
2326 517 2518 570 Verum
2548 520 2659 571 haec
2688 518 3029 587 sanctiﬁcatio
3055 520 3219 589 (quod
3250 530 3324 574 cst
3352 533 3641 589 praestantis.

2114 606 2304 657 simum
2333 608 2519 672 decus)
2572 623 2675 660 non
2707 606 2772 660 ad
2805 617 3132 663 momentum
3163 610 3417 677 tribuitur,
3446 617 3528 670 sed
3559 624 3642 675 sub

2112 696 2411 749 aeternitate
2458 704 2758 765 praestatur.
2795 696 3083 766 Longitudo
3116 699 3255 752 enim
3304 702 3486 758 dierum
3514 717 3649 763 teter-

2113 787 2332 839 nitatem
2380 787 2659 853 signiﬁcat,
2713 801 2831 853 qua:
2876 786 3021 841 nullo
3071 797 3243 853 potest
3277 790 3376 845 line
3404 795 3641 854 concludi.

2111 868 2240 923 Nam
2289 871 2447 939 (sicut
2490 871 2701 939 quidam
2736 871 2893 940 dixit)
2940 874 3156 942 longum
3192 892 3296 930 non
3344 890 3440 944 est,
3474 882 3520 934 itt
3559 901 3649 953 quo

2110 967 2192 1009 est
2238 956 2435 1024 aliquid
2474 971 2798 1013 extremum.
2833 958 2923 1013 Sic
2974 962 3134 1015 tutius
3163 962 3548 1024 demonstrativi
3574 989 3648 1042 ge-

2111 1050 2255 1103 neris
2285 1060 2489 1118 septem
2522 1052 2758 1118 partibus
2790 1051 3041 1107 dominici
3073 1054 3334 1112 adventus
3364 1069 3441 1113 est
3464 1062 3650 1119 laudata

2108 1143 2385 1209 perfectio.

2645 1256 2918 1311 Conclusio
2945 1259 3148 1327 psalmi.

2184 1369 2319 1422 Ecce
2365 1378 2512 1423 sexta
2543 1369 2748 1424 sabbati
2778 1373 2829 1424 iu
2860 1372 3231 1428 incarnatione
3270 1373 3493 1444 Domini,
3519 1395 3652 1447 quam

2112 1464 2298 1517 titulus
2350 1464 2621 1532 prmdixit,
2670 1473 2883 1517 ostensa
2935 1473 3035 1519 est.
3086 1468 3322 1521 Audiant
3370 1470 3657 1539 insipientes

2112 1557 2254 1608 hunc
2304 1555 2588 1622 psalmum,
2622 1554 2709 1620 qui
2763 1563 2951 1622 putant
3011 1557 3351 1625 splendidum
3403 1562 3655 1616 adventum

2116 1646 2324 1700 Domini
2377 1648 2553 1715 aliqua
2606 1648 2951 1715 derogatione
3002 1649 3344 1704 fuscandum.
3389 1652 3484 1707 Per
3511 1655 3659 1723 ipsum

2114 1739 2379 1791 declarata
2428 1750 2512 1792 est
2552 1728 2859 1793 hominibus
2905 1742 3145 1809 potentia
3192 1744 3537 1797 sanctissimae
3564 1745 3661 1797 Tri-

2115 1830 2319 1895 nitatis;
2350 1844 2445 1898 per
2467 1830 2637 1897 ipsum
2660 1831 2800 1884 sacri
2828 1831 3163 1900 baptismatis
3195 1833 3404 1888 lavacra
3433 1850 3660 1903 provene-

2112 1928 2266 1983 runt;
2303 1936 2396 1988 per
2424 1921 2595 1988 ipsum
2622 1920 2792 1976 beata!
2817 1924 3325 1978 communicationis
3342 1925 3472 1978 dona
3495 1927 3663 1978 collata

2110 2021 2264 2075 sunt;
2298 2026 2395 2081 per
2445 2014 2618 2080 ipsum
2652 1994 2871 2067 diversa
2917 2014 3309 2069 charismatum
3342 2032 3552 2071 munera
3580 2017 3661 2069 llo-

2110 2114 2360 2170 ruerunt;
2396 2120 2490 2173 per
2534 2107 2707 2173 ipsum
2757 2122 2905 2162 mors
2952 2110 3235 2176 occubuit,
3271 2110 3378 2162 vita
3427 2111 3662 2169 surrexit;

2112 2215 2205 2268 per
2238 2200 2409 2268 ipsum
2454 2200 2698 2253 diabolus
2727 2201 2933 2265 victus;
2983 2216 3078 2269 per
3110 2200 3290 2268 ipsum
3325 2202 3479 2254 homo
3509 2200 3663 2253 nosci-

2110 2299 2196 2342 tur
2223 2303 2342 2344 esse
2367 2289 2644 2344 liberatus.
2681 2289 2963 2343 Exsultant
2994 2291 3191 2359 angeli,
3231 2290 3519 2359 gloriantur
3541 2289 3665 2349 caeli,

2110 2386 2186 2443 et,
2219 2379 2353 2448 proh
2387 2377 2565 2434 nefas!
2606 2378 2781 2433 adhuc
2820 2379 2979 2432 homo
3015 2379 3263 2445 ingratus
3303 2380 3550 2442 redditur,
3592 2376 3666 2431 cui

2109 2464 2453 2538 singulariter
2479 2468 2796 2523 subvenisse
2817 2477 3169 2524 monstratur.

2372 2580 2731 2637 EXPOSITIO
2774 2581 2838 2635 IN
2879 2581 3211 2636 PSAU’IUM
3255 2581 3427 2636 XCIII.

2374 2689 2614 2744 Psalmus
2642 2692 2740 2759 ipsi
2767 2691 2957 2756 David,
2991 2700 3181 2760 quarta
3213 2692 3427 2745 sabbati.

2179 2805 2311 2858 Dum
2346 2804 2431 2858 illa
2463 2804 2623 2859 verba
2654 2812 2775 2857 nota
2805 2805 2912 2858 sint
2939 2819 3057 2871 quae
3089 2803 3448 2872 praecedunt,
3474 2801 3590 2872 quid
3614 2802 3672 2855 sit

2108 2907 2293 2966 quarta
2332 2896 2526 2949 sabbati
2572 2904 2785 2963 oportet
2826 2910 2923 2949 nos
2976 2894 3297 2963 diligentius
3353 2893 3674 2963 perscrutari.

2113 2990 2306 3053 Quarta
2358 2988 2553 3042 sabbati
2597 2997 2679 3040 est
2708 3002 2738 3039 a
2788 2986 3009 3041 sabbato
3058 2996 3256 3055 quarta
3297 2986 3447 3050 feria,
3477 2998 3575 3053 quo
3601 2983 3674 3035 die

2112 3079 2374 3134 Dominus
2401 3078 2451 3131 in
2474 3076 2743 3146 principio
2772 3076 2956 3130 mundi
2999 3077 3295 3130 luminaria
3322 3076 3442 3132 caeli
3474 3073 3675 3129 mirabili

427 3178 576 3233 Mare
601 3181 740 3234 enim
773 3189 857 3233 est
883 3182 1143 3234 salsarum
1171 3193 1426 3246 aquarum
1460 3176 1676 3244 copiosa
1712 3174 1956 3228 collectio
1990 3191 2000 3225 :
2035 3168 2078 3227 C
2111 3172 2463 3241 dispositione
2485 3170 2781 3224 constituit.
2815 3169 2925 3226 Iloc
2953 3168 3257 3236 aptandum
3284 3180 3367 3223 est
3393 3168 3457 3220 ad
3488 3175 3676 3219 Sanctus

424 3271 502 3323 sic
535 3269 770 3324 Ecclesia
816 3272 1086 3339 sapientes
1135 3270 1360 3338 populos
1409 3268 1459 3320 in
1500 3266 1763 3321 catholica
1800 3265 2004 3318 unitate

424 3362 817 3431 complectitur,
858 3377 1082 3431 quorum
1129 3361 1382 3412 mirabiles
1424 3358 1667 3410 elationes
1699 3366 1823 3410 tunc
1851 3355 2002 3420 ﬁunt,

425 3455 636 3523 quando
665 3457 715 3511 in
750 3456 1015 3511 mandatis
1049 3454 1257 3508 Domini
1298 3452 1446 3515 ﬁrma
1478 3460 1653 3505 mente
1682 3449 2003 3503 consistunt.

426 3549 491 3601 Et
523 3548 636 3601 lucc
669 3548 847 3602 omnia
888 3548 954 3600 atl
999 3546 1173 3615 ipsum
1219 3544 1475 3605 referunt,
1528 3556 1621 3606 per
1659 3540 1819 3609 315
1848 3552 2004 3607 quem

426 3642 676 3695 universa
712 3657 832 3710 qua:
879 3649 1002 3695 sunt
1048 3639 1184 3693 bona
1233 3636 1571 3707 proveniunt,
1614 3636 1750 3686 sicut
1778 3631 2005 3685 Jacobus

426 3734 698 3800 apostolus
734 3734 899 3787 dicit:
933 3734 1094 3786 Uinne
1133 3732 1309 3785 datum
1354 3731 1623 3801 Optimum,
1650 3736 1697 3781 et
1726 3742 1872 3779 omne
1908 3726 2003 3778 do-

427 3842 551 3878 num
598 3826 877 3896 perfectum
917 3824 1182 3878 desursum
1208 3832 1301 3887 est,
1330 3821 1641 3874 descendens
1675 3834 1707 3870 a
1747 3817 1901 3869 Patre
1927 3815 2007 3869 lu-

426 3917 614 3968 minum
639 3914 774 3986 (Jac.
806 3931 844 3979 l,
869 3915 980 3983 17).
1008 3914 1127 3967 Ait:
1155 3910 1409 3964 Mirabilis
1431 3910 1481 3962 in
1503 3906 1711 3962 excelsis
1739 3905 2004 3967 Dominus,

426 4005 544 4070 quia
576 4004 874 4057 mortalium
913 4003 1195 4057 laudabilis
1231 4003 1336 4054 vita
1369 4014 1472 4054 non
1506 4005 1609 4063 est,
1653 3996 1752 4049 nisi
1794 3995 2004 4049 illorum

382 4164 385 4165 ν
428 4111 561 4165 quos
590 4097 701 4164 ipse
728 4096 855 4151 facit
879 4096 1146 4151 excelsos.

500 4196 647 4247 Vers.
683 4189 734 4242 6.
772 4187 1080 4241 Testimonia
1111 4197 1203 4239 tua
1229 4171 1493 4238 crldibilia
1524 4182 1659 4250 facta
1694 4187 1809 4231 sunt
1835 4177 2002 4229 nimis.

428 4281 570 4334 Dixit
594 4280 663 4335 de
686 4281 915 4334 adventu
945 4278 1154 4333 Domini
1184 4276 1444 4347 propheta
1471 4287 1593 4343 qua:
1625 4270 1740 4325 ﬁeri
1769 4269 2006 4324 veracis-

427 4374 563 4426 sime
588 4371 941 4439 prmvidebat;
990 4385 1132 4425 nunc
1161 4371 1331 4438 ipsum
1363 4381 1530 4437 genus
1564 4363 1735 4419 laudis
1764 4362 2004 4431 exponit,

427 4461 644 4525 quando
676 4462 962 4515 testimonia
986 4462 1366 4531 prophetarum
1396 4457 1543 4511 nimis
1569 4453 1838 4508 credibilia
1868 4456 2006 4522 facta

427 4569 567 4617 sunt,
618 4552 744 4606 dum
801 4553 1098 4608 incarnatio
1148 4551 1305 4605 Verbi
1357 4565 1476 4619 qua:
1530 4546 1784 4617 praedicta
1834 4543 2008 4599 fuerat

430 4643 630 4698 mundo
668 4645 925 4699 salutaris
953 4646 1221 4714 apparuit.
1258 4644 1423 4710 Hujus
1453 4640 1594 4696 enim
1647 4636 1886 4707 glorioso
1914 4635 2009 4688 ad-

431 4747 594 4791 ventu
626 4737 856 4792 revelata
884 4748 1003 4792 sunt
1039 4752 1159 4806 quze
1208 4738 1260 4789 in
1292 4735 1460 4789 sacris
1506 4731 1657 4785 libris
1690 4730 2007 4783 tenebantur

428 4826 656 4881 occulta.
697 4827 827 4894 Quis
857 4831 1003 4881 enim
1032 4825 1352 4893 sapientium
1407 4823 1473 4877 de
1506 4819 1864 4890 promissione
1894 4834 2010 4871 mu-

432 4931 618 4970 nerum
666 4916 911 4969 dubitare
945 4923 1143 4981 posset,
1191 4911 1403 4982 quando
1430 4911 1546 4980 ipsa
1580 4907 1859 4979 plenitudo
1884 4904 2006 4977 quae

432 5004 843 5075 promittebatur
872 5003 1118 5059 advenit?

502 5093 656 5149 Vers.
685 5095 737 5147 7.
770 5093 989 5147 Domum
1016 5102 1155 5146 tuam
1200 5092 1340 5145 decet
1368 5090 1723 5159 sanctiﬁcatio,
1768 5086 2005 5153 Domine,

428 5184 482 5236 in
513 5183 880 5253 longitudinem
909 5182 1126 5235 dierum.
1158 5180 1431 5249 Septimus
1478 5180 1625 5233 locus
1656 5179 1742 5248 qui
1774 5179 2011 5231 restabat

425 5272 710 5343 adjunctus
739 5280 843 5337 est,
883 5288 1039 5342 quem
1072 5270 1303 5325 diximus
1349 5285 1377 5321 a
1412 5269 1571 5323 laude
1625 5269 1816 5323 domus
1846 5269 2012 5333 ips‘us

426 5364 627 5417 debere
655 5361 873 5432 signari.
905 5361 1098 5413 Domus
1124 5360 1302 5428 itaque
1334 5356 1545 5411 Domini
1579 5367 1659 5411 est
1685 5357 2008 5410 universalis

424 5458 701 5520 Ecclesia,
744 5471 863 5525 qua:
896 5471 988 5524 per
1021 5454 1202 5508 mundi
1233 5452 1489 5506 ambitum
1540 5454 1779 5506 noscitur
1808 5453 2005 5505 consti-

426 5558 576 5615 tuta;
605 5551 739 5605 hanc
767 5550 903 5603 decet
929 5547 1283 5613 sanctiﬁcatio,
1316 5545 1365 5599 id
1398 5554 1482 5598 est
1523 5545 1785 5598 adventus
1823 5542 1897 5595 tui
1923 5557 2012 5594 eo-

432 5640 584 5709 pittsa
617 5640 936 5694 benedictio.
965 5638 1137 5706 Ipsum
1180 5635 1321 5689 enim
1352 5634 1517 5687 decus
1539 5642 1641 5697 est,
1676 5632 1817 5701 quod
1849 5645 2010 5684 orna-

430 5739 611 5783 menta
659 5731 837 5783 omnia
889 5732 1057 5797 possit
1106 5726 1365 5782 excedere
1403 5724 1568 5794 :quia
1620 5723 1697 5778 sic
1728 5729 1905 5787 ornat,
1958 5732 2013 5775 ut

2114 3266 2279 3328 viros,
2309 3264 2375 3317 de
2404 3262 2596 3332 quibus
2638 3260 2874 3329 psalmus
2904 3260 3009 3314 iste
3045 3260 3303 3314 dicturus
3332 3271 3444 3325 est;
3474 3257 3560 3331 qui
3584 3270 3679 3309 me-

2113 3359 2214 3410 rito
2272 3356 2393 3409 (mli
2454 3353 2806 3407 luminaribus
2863 3361 3284 3420 comparantur,
3339 3352 3585 3419 quoniam
3636 3347 3678 3398 in

2112 3456 2250 3501 terra
2282 3446 2491 3499 cretesti
2531 3443 2943 3498 conversatione
2970 3441 3356 3510 resplendent.
3388 3442 3572 3508 Magno
3599 3452 3682 3490 au-

2113 3550 2219 3593 tem
2264 3538 2519 3608 mysterio
2568 3535 2710 3589 hunc
2764 3541 2821 3588 et
2864 3534 2996 3587 duos
3029 3533 3414 3602 prmcedentes
3470 3529 3682 3600 psalmos

2112 3630 2295 3684 talium
2327 3628 2534 3681 dierum
2580 3623 3091 3678 commemoratione
3127 3623 3494 3691 praenotavit,
3525 3628 3582 3673 ut
3604 3631 3684 3685 per

2111 3719 2497 3788 signiticantias
2526 3732 2699 3770 rerum
2726 3715 2974 3770 virtutem
3000 3714 3282 3770 videretur
3306 3714 3542 3768 iudicare
3566 3707 3685 3777 psal-

2113 3826 2341 3864 morum.

2679 3914 2873 3971 Divisio
2910 3916 3113 3983 psalmi.

2182 4033 2313 4088 Cum
2366 4033 2659 4101 respiceret
2705 4031 2963 4101 propheta
3009 4030 3320 4083 humanum
3356 4042 3525 4098 genus
3562 4024 3693 4078 dete-

2112 4126 2292 4180 stabili
2324 4125 2672 4193 persuasione
2721 4120 2998 4184 confundi,
3051 4128 3107 4173 ut
3136 4129 3364 4187 putaret
3416 4118 3578 4171 Deum
3612 4125 3691 4163 cu-

2114 4233 2227 4273 ram
2254 4232 2361 4270 non
2386 4216 2584 4269 habere
2607 4214 2941 4279 mortalium,
2966 4211 3183 4282 quando
3212 4228 3374 4266 versa
3403 4212 3518 4264 vice
3538 4207 3696 4275 iustos

2112 4310 2326 4363 videbat
2353 4308 2730 4361 contrarietate
2762 4305 2950 4374 premi,
2985 4313 3039 4359 et
3086 4304 3293 4372 impios
3347 4295 3694 4370 prosperitati-

2111 4402 2213 4456 bus
2243 4398 2479 4454 elevari:
2512 4399 2562 4451 in
2596 4397 2765 4466 prima
2806 4404 2964 4464 parte
2996 4394 3296 4448 Dominum
3349 4402 3508 4462 rogat
3533 4398 3587 4443 ut
3612 4400 3690 4440 re-

2035 4529 2087 4589 D
2115 4494 2313 4549 tribuat
2338 4492 2601 4561 superbis,
2644 4506 2741 4560 per
2770 4504 2904 4589 quos
2936 4488 3199 4589 mundum
3228 4481 3695 4589 taliaestimatiolne

2112 4586 2361 4655 cognovit
2390 4598 2511 4638 esse
2539 4583 2804 4636 vitiatum.
2835 4578 3085 4635 Secunda
3130 4588 3295 4645 parte
3329 4576 3483 4645 ipsos
3504 4568 3699 4626 invehi-

2114 4688 2219 4743 tur,
2247 4678 2336 4745 qui
2377 4674 2550 4729 stultis
2583 4669 3093 4726 murmuratiouibus
3117 4664 3612 4734 hlasphemabaut,
3651 4665 3700 4708 ut

2117 4769 2284 4823 Deum
2340 4772 2589 4835 putarent
2641 4763 2994 4816 humanarum
3047 4773 3235 4813 rerum
3299 4750 3703 4811 sollicitudinem

2116 4876 2220 4915 non
2251 4860 2466 4921 habere,
2501 4858 2625 4910 dum
2658 4856 2773 4923 ipse
2794 4852 3057 4908 creaturis
3084 4851 3203 4904 suis
3250 4849 3520 4918 probetur
3560 4838 3700 4895 intel-

2112 4952 2381 5021 ligentiam
2414 4948 2723 5016 priestitisse
2747 4964 2759 4997 :
2786 4945 2997 4999 beatum
3032 4943 3181 4996 illum
3230 4940 3560 4997 existimans
3602 4932 3705 5001 qui.

2115 5020 2297 5096 mundi
2330 5041 2477 5094 iStius
2509 5038 2760 5092 felicitate
2791 5036 3063 5104 despecta,
3094 5035 3149 5086 in
3182 5034 3377 5087 divina
3415 5020 3704 5083 reverentia

2116 5139 2444 5203 perseverat.
2482 5128 2660 5183 Tertia
2693 5127 2759 5180 ad
2789 5141 2975 5181 eorum
3005 5125 3224 5179 animos
3280 5118 3591 5176 invitandos
3613 5112 3705 5165 Do-

2119 5202 2317 5278 minum
2346 5211 2606 5276 stibi'dicit
2644 5219 2808 5272 fuisse
2837 5217 3119 5286 refugium,
3170 5225 3230 5268 et
3265 5214 3511 5268 futurum
3538 5202 3702 5259 vindi-

2119 5331 2233 5372 ccm
2266 5314 2378 5367 fore
2411 5313 2763 5381 peccantium.

2660 5420 2921 5491 Expositio
2956 5419 3166 5490 psalmi.

2194 5537 2343 5592 Vers.
2379 5538 2428 5589 1.
2478 5534 2613 5586 Deus
2646 5531 2899 5585 ultionum
2944 5529 3247 5589 Dominus;
3282 5526 3428 5579 Deus
3470 5519 3710 5575 ultionum

2124 5628 2275 5681 libere
2304 5630 2423 5697 egit.
2462 5625 2655 5680 \‘ldens
2687 5626 2944 5693 propheta
2985 5620 3443 5685 blaSphetuorum
3476 5608 3709 5677 iniquitas

2131 5728 2209 5774 tes
2257 5715 2309 5771 in
2359 5731 2600 5786 magnam
2646 5713 2954 5783 prosiluisse
2995 5711 3301 5775 licentiam,
3336 5701 3708 5761 districtioncm
