  <div class='ocr_page' id='page_1' title='image "/cluster/home/n/w/nwhite01/storage/ocr_20150623/70/hvd.32044054758735/338.png"; bbox 0 0 3952 6162; ppageno 0'>
   <div class='ocr_carea' id='block_1_1' title="bbox 295 320 387 379">
    <p class='ocr_par' dir='ltr' id='par_1_1' title="bbox 295 320 387 379">
     <span class='ocr_line' id='line_1_1' title="bbox 295 320 387 379; baseline -0.022 -1"><span class='ocrx_word' id='word_1_1' title='bbox 295 320 387 379; x_wconf 79' lang='lat'><strong>665</strong></span> 
     </span>
    </p>
   </div>
   <div class='ocr_carea' id='block_1_2' title="bbox 1217 322 2650 393">
    <p class='ocr_par' dir='ltr' id='par_1_2' title="bbox 1217 322 2650 393">
     <span class='ocr_line' id='line_1_2' title="bbox 1217 322 2650 393; baseline 0.01 -15"><span class='ocrx_word' id='word_1_2' title='bbox 1217 322 1578 380; x_wconf 73' lang='lat' dir='ltr'><strong>EXPOSITlO</strong></span> <span class='ocrx_word' id='word_1_3' title='bbox 1619 323 1681 376; x_wconf 15' lang='lat' dir='ltr'><strong>IVN</strong></span> <span class='ocrx_word' id='word_1_4' title='bbox 1725 323 2179 382; x_wconf 63' lang='lat' dir='ltr'><strong>PSALTERIUM.</strong></span> <span class='ocrx_word' id='word_1_5' title='bbox 2223 329 2417 388; x_wconf 80' lang='lat' dir='ltr'><strong>PSAL.</strong></span> <span class='ocrx_word' id='word_1_6' title='bbox 2467 335 2650 393; x_wconf 78' lang='lat' dir='ltr'><strong>XClll.</strong></span> 
     </span>
    </p>
   </div>
   <div class='ocr_carea' id='block_1_3' title="bbox 3474 356 3576 410">
    <p class='ocr_par' dir='ltr' id='par_1_3' title="bbox 3474 356 3576 410">
     <span class='ocr_line' id='line_1_3' title="bbox 3474 356 3576 410; baseline -0.039 -2"><span class='ocrx_word' id='word_1_7' title='bbox 3474 356 3576 410; x_wconf 67' lang='lat' dir='ltr'><strong>66f.</strong></span> 
     </span>
    </p>
   </div>
   <div class='ocr_carea' id='block_1_4' title="bbox 300 438 3573 539">
    <p class='ocr_par' dir='ltr' id='par_1_4' title="bbox 300 438 3573 539">
     <span class='ocr_line' id='line_1_4' title="bbox 300 438 3573 539; baseline -0.001 -43"><span class='ocrx_word' id='word_1_8' title='bbox 300 443 368 496; x_wconf 87' lang='lat' dir='ltr'><strong>eis</strong></span> <span class='ocrx_word' id='word_1_9' title='bbox 397 440 609 496; x_wconf 83' lang='lat' dir='ltr'><strong>Domini</strong></span> <span class='ocrx_word' id='word_1_10' title='bbox 640 441 791 510; x_wconf 86' lang='lat' dir='ltr'><strong>quasi</strong></span> <span class='ocrx_word' id='word_1_11' title='bbox 833 439 1095 496; x_wconf 89' lang='lat' dir='ltr'><strong>terribilia</strong></span> <span class='ocrx_word' id='word_1_12' title='bbox 1143 438 1360 494; x_wconf 76' lang='lat' dir='ltr'><strong>fulmina</strong></span> <span class='ocrx_word' id='word_1_13' title='bbox 1392 441 1775 506; x_wconf 77' lang='lat' dir='ltr'><strong>comminatur;</strong></span> <span class='ocrx_word' id='word_1_14' title='bbox 1822 451 1877 492; x_wconf 90' lang='lat' dir='ltr'><strong>ut</strong></span> <span class='ocrx_word' id='word_1_15' title='bbox 1908 447 1952 500; x_wconf 82' lang='grc' dir='ltr'><strong>Α</strong></span> <span class='ocrx_word' id='word_1_16' title='bbox 1986 441 2107 497; x_wconf 90' lang='lat' dir='ltr'><strong>licet</strong></span> <span class='ocrx_word' id='word_1_17' title='bbox 2130 446 2285 501; x_wconf 76' lang='lat' dir='ltr'><strong>nobis</strong></span> <span class='ocrx_word' id='word_1_18' title='bbox 2315 450 2546 514; x_wconf 51' lang='lat' dir='ltr'><strong>privatas</strong></span> <span class='ocrx_word' id='word_1_19' title='bbox 2576 454 2966 513; x_wconf 69' lang='lat' dir='ltr'><strong>couocmiones</strong></span> <span class='ocrx_word' id='word_1_20' title='bbox 2994 461 3312 521; x_wconf 52' lang='lat' dir='ltr'><strong>advenae,</strong></span> <span class='ocrx_word' id='word_1_21' title='bbox 3344 483 3410 523; x_wconf 68' lang='lat' dir='ltr'><strong>ne</strong></span> <span class='ocrx_word' id='word_1_22' title='bbox 3433 473 3573 539; x_wconf 63' lang='lat' dir='ltr'><strong>qum,</strong></span> 
     </span>
    </p>
   </div>
   <div class='ocr_carea' id='block_1_5' title="bbox 298 529 1876 600">
    <p class='ocr_par' dir='ltr' id='par_1_5' title="bbox 298 529 1876 600">
     <span class='ocr_line' id='line_1_5' title="bbox 298 529 1876 600; baseline -0.003 -14"><span class='ocrx_word' id='word_1_23' title='bbox 298 543 449 587; x_wconf 65' lang='lat' dir='ltr'><strong>tantm</strong></span> <span class='ocrx_word' id='word_1_24' title='bbox 474 531 770 599; x_wconf 89' lang='lat' dir='ltr'><strong>majestatis</strong></span> <span class='ocrx_word' id='word_1_25' title='bbox 797 531 988 586; x_wconf 78' lang='lat' dir='ltr'><strong>timore</strong></span> <span class='ocrx_word' id='word_1_26' title='bbox 1019 530 1311 600; x_wconf 89' lang='lat' dir='ltr'><strong>perterriti,</strong></span> <span class='ocrx_word' id='word_1_27' title='bbox 1357 546 1384 584; x_wconf 92' lang='lat' dir='ltr'><strong>a</strong></span> <span class='ocrx_word' id='word_1_28' title='bbox 1414 531 1523 585; x_wconf 88' lang='lat' dir='ltr'><strong>suis</strong></span> <span class='ocrx_word' id='word_1_29' title='bbox 1552 529 1876 600; x_wconf 77' lang='lat' dir='ltr'><strong>perversita-</strong></span> 
     </span>
    </p>
   </div>
   <div class='ocr_carea' id='block_1_6' title="bbox 296 623 1878 690">
    <p class='ocr_par' dir='ltr' id='par_1_6' title="bbox 296 623 1878 690">
     <span class='ocr_line' id='line_1_6' title="bbox 296 623 1878 690; baseline 0 -12"><span class='ocrx_word' id='word_1_30' title='bbox 296 627 428 680; x_wconf 89' lang='lat' dir='ltr'><strong>tihus</strong></span> <span class='ocrx_word' id='word_1_31' title='bbox 469 625 829 680; x_wconf 86' lang='lat' dir='ltr'><strong>redderentur</strong></span> <span class='ocrx_word' id='word_1_32' title='bbox 857 624 1040 679; x_wconf 91' lang='lat' dir='ltr'><strong>alieni.</strong></span> <span class='ocrx_word' id='word_1_33' title='bbox 1072 624 1211 679; x_wconf 89' lang='lat' dir='ltr'><strong>Dicit</strong></span> <span class='ocrx_word' id='word_1_34' title='bbox 1239 625 1403 690; x_wconf 89' lang='lat' dir='ltr'><strong>enim,</strong></span> <span class='ocrx_word' id='word_1_35' title='bbox 1437 623 1599 690; x_wconf 80' lang='lat' dir='ltr'><strong>Der-3,</strong></span> <span class='ocrx_word' id='word_1_36' title='bbox 1637 625 1878 678; x_wconf 82' lang='lat' dir='ltr'><strong>terribile</strong></span> 
     </span>
    </p>
   </div>
   <div class='ocr_carea' id='block_1_7' title="bbox 295 716 1876 785">
    <p class='ocr_par' dir='ltr' id='par_1_7' title="bbox 295 716 1876 785">
     <span class='ocr_line' id='line_1_7' title="bbox 295 716 1876 785; baseline -0.001 -14"><span class='ocrx_word' id='word_1_37' title='bbox 295 732 504 780; x_wconf 85' lang='lat' dir='ltr'><strong>tuunen,</strong></span> <span class='ocrx_word' id='word_1_38' title='bbox 552 717 804 785; x_wconf 89' lang='lat' dir='ltr'><strong>quoniam</strong></span> <span class='ocrx_word' id='word_1_39' title='bbox 837 732 900 771; x_wconf 78' lang='lat' dir='ltr'><strong>ex</strong></span> <span class='ocrx_word' id='word_1_40' title='bbox 929 716 1121 771; x_wconf 84' lang='lat' dir='ltr'><strong>timore</strong></span> <span class='ocrx_word' id='word_1_41' title='bbox 1163 716 1460 772; x_wconf 82' lang='lat' dir='ltr'><strong>descendit.</strong></span> <span class='ocrx_word' id='word_1_42' title='bbox 1507 717 1572 769; x_wconf 83' lang='lat' dir='ltr'><strong>Et</strong></span> <span class='ocrx_word' id='word_1_43' title='bbox 1606 726 1656 768; x_wconf 90' lang='lat' dir='ltr'><strong>ut</strong></span> <span class='ocrx_word' id='word_1_44' title='bbox 1691 716 1876 770; x_wconf 89' lang='lat' dir='ltr'><strong>Domi-</strong></span> 
     </span>
    </p>
   </div>
   <div class='ocr_carea' id='block_1_8' title="bbox 295 807 1879 879">
    <p class='ocr_par' dir='ltr' id='par_1_8' title="bbox 295 807 1879 879">
     <span class='ocr_line' id='line_1_8' title="bbox 295 807 1879 879; baseline 0.001 -17"><span class='ocrx_word' id='word_1_45' title='bbox 295 826 409 863; x_wconf 89' lang='lat' dir='ltr'><strong>num</strong></span> <span class='ocrx_word' id='word_1_46' title='bbox 455 809 723 879; x_wconf 75' lang='lat' dir='ltr'><strong>intelligas</strong></span> <span class='ocrx_word' id='word_1_47' title='bbox 772 807 1103 863; x_wconf 89' lang='lat' dir='ltr'><strong>Salvatorem</strong></span> <span class='ocrx_word' id='word_1_48' title='bbox 1128 849 1142 874; x_wconf 92' lang='lat'><strong>,</strong></span> <span class='ocrx_word' id='word_1_49' title='bbox 1185 810 1446 878; x_wconf 81' lang='lat' dir='ltr'><strong>sequitur,</strong></span> <span class='ocrx_word' id='word_1_50' title='bbox 1479 810 1736 862; x_wconf 84' lang='lat' dir='ltr'><strong>ultionum</strong></span> <span class='ocrx_word' id='word_1_51' title='bbox 1771 811 1879 864; x_wconf 88' lang='lat' dir='ltr'><strong>Do-</strong></span> 
     </span>
    </p>
   </div>
   <div class='ocr_carea' id='block_1_9' title="bbox 296 899 1877 968">
    <p class='ocr_par' dir='ltr' id='par_1_9' title="bbox 296 899 1877 968">
     <span class='ocr_line' id='line_1_9' title="bbox 296 899 1877 968; baseline 0.001 -16"><span class='ocrx_word' id='word_1_52' title='bbox 296 903 476 964; x_wconf 81' lang='lat' dir='ltr'><strong>minus,</strong></span> <span class='ocrx_word' id='word_1_53' title='bbox 507 899 560 952; x_wconf 89' lang='lat' dir='ltr'><strong>id</strong></span> <span class='ocrx_word' id='word_1_54' title='bbox 591 909 674 954; x_wconf 90' lang='lat' dir='ltr'><strong>est</strong></span> <span class='ocrx_word' id='word_1_55' title='bbox 727 899 814 968; x_wconf 92' lang='lat' dir='ltr'><strong>qui</strong></span> <span class='ocrx_word' id='word_1_56' title='bbox 843 899 1180 968; x_wconf 88' lang='lat' dir='ltr'><strong>judicaturus</strong></span> <span class='ocrx_word' id='word_1_57' title='bbox 1224 909 1309 954; x_wconf 70' lang='lat' dir='ltr'><strong>est</strong></span> <span class='ocrx_word' id='word_1_58' title='bbox 1335 901 1617 964; x_wconf 90' lang='lat' dir='ltr'><strong>mundum,</strong></span> <span class='ocrx_word' id='word_1_59' title='bbox 1647 901 1877 954; x_wconf 72' lang='lat' dir='ltr'><strong>«.tultio-</strong></span> 
     </span>
    </p>
   </div>
   <div class='ocr_carea' id='block_1_10' title="bbox 295 991 1876 1063">
    <p class='ocr_par' dir='ltr' id='par_1_10' title="bbox 295 991 1876 1063">
     <span class='ocr_line' id='line_1_10' title="bbox 295 991 1876 1063; baseline 0.001 -16"><span class='ocrx_word' id='word_1_60' title='bbox 295 995 443 1049; x_wconf 87' lang='lat' dir='ltr'><strong>nibus</strong></span> <span class='ocrx_word' id='word_1_61' title='bbox 480 994 639 1063; x_wconf 90' lang='lat' dir='ltr'><strong>justis</strong></span> <span class='ocrx_word' id='word_1_62' title='bbox 685 991 923 1062; x_wconf 83' lang='lat' dir='ltr'><strong>afﬂigere</strong></span> <span class='ocrx_word' id='word_1_63' title='bbox 969 995 1151 1048; x_wconf 81' lang='lat' dir='ltr'><strong>veniet</strong></span> <span class='ocrx_word' id='word_1_64' title='bbox 1207 992 1527 1048; x_wconf 89' lang='lat' dir='ltr'><strong>obstinatos.</strong></span> <span class='ocrx_word' id='word_1_65' title='bbox 1576 993 1706 1060; x_wconf 84' lang='lat' dir='ltr'><strong>Quis</strong></span> <span class='ocrx_word' id='word_1_66' title='bbox 1748 1009 1876 1063; x_wconf 81' lang='lat' dir='ltr'><strong>ergo</strong></span> 
     </span>
    </p>
   </div>
   <div class='ocr_carea' id='block_1_11' title="bbox 293 1087 1873 1156">
    <p class='ocr_par' dir='ltr' id='par_1_11' title="bbox 293 1087 1873 1156">
     <span class='ocr_line' id='line_1_11' title="bbox 293 1087 1873 1156; baseline 0 -16"><span class='ocrx_word' id='word_1_67' title='bbox 293 1088 371 1142; x_wconf 82' lang='lat' dir='ltr'><strong>tali</strong></span> <span class='ocrx_word' id='word_1_68' title='bbox 405 1103 510 1142; x_wconf 92' lang='lat' dir='ltr'><strong>non</strong></span> <span class='ocrx_word' id='word_1_69' title='bbox 544 1095 810 1143; x_wconf 91' lang='lat' dir='ltr'><strong>terreatur</strong></span> <span class='ocrx_word' id='word_1_70' title='bbox 839 1087 1058 1141; x_wconf 87' lang='lat' dir='ltr'><strong>auditu?</strong></span> <span class='ocrx_word' id='word_1_71' title='bbox 1101 1088 1231 1155; x_wconf 86' lang='lat' dir='ltr'><strong>Quis</strong></span> <span class='ocrx_word' id='word_1_72' title='bbox 1264 1104 1367 1141; x_wconf 89' lang='lat' dir='ltr'><strong>non</strong></span> <span class='ocrx_word' id='word_1_73' title='bbox 1411 1097 1664 1156; x_wconf 76' lang='lat' dir='ltr'><strong>pavescat</strong></span> <span class='ocrx_word' id='word_1_74' title='bbox 1705 1087 1873 1140; x_wconf 81' lang='lat' dir='ltr'><strong>vindi-</strong></span> 
     </span>
    </p>
   </div>
   <div class='ocr_carea' id='block_1_12' title="bbox 292 1177 1874 1251">
    <p class='ocr_par' dir='ltr' id='par_1_12' title="bbox 292 1177 1874 1251">
     <span class='ocr_line' id='line_1_12' title="bbox 292 1177 1874 1251; baseline -0.001 -17"><span class='ocrx_word' id='word_1_75' title='bbox 292 1195 396 1234; x_wconf 87' lang='lat' dir='ltr'><strong>cem</strong></span> <span class='ocrx_word' id='word_1_76' title='bbox 431 1179 563 1251; x_wconf 83' lang='lat' dir='ltr'><strong>[ed.,</strong></span> <span class='ocrx_word' id='word_1_77' title='bbox 611 1177 893 1250; x_wconf 85' lang='lat' dir='ltr'><strong>judicem],</strong></span> <span class='ocrx_word' id='word_1_78' title='bbox 923 1180 1014 1250; x_wconf 89' lang='lat' dir='ltr'><strong>qui</strong></span> <span class='ocrx_word' id='word_1_79' title='bbox 1039 1195 1103 1234; x_wconf 87' lang='lat' dir='ltr'><strong>se</strong></span> <span class='ocrx_word' id='word_1_80' title='bbox 1145 1189 1321 1248; x_wconf 79' lang='lat' dir='ltr'><strong>potest</strong></span> <span class='ocrx_word' id='word_1_81' title='bbox 1355 1180 1654 1249; x_wconf 89' lang='lat' dir='ltr'><strong>intelligere</strong></span> <span class='ocrx_word' id='word_1_82' title='bbox 1685 1194 1874 1248; x_wconf 86' lang='lat' dir='ltr'><strong>pecca-</strong></span> 
     </span>
    </p>
   </div>
   <div class='ocr_carea' id='block_1_13' title="bbox 294 1270 1868 1341">
    <p class='ocr_par' dir='ltr' id='par_1_13' title="bbox 294 1270 1868 1341">
     <span class='ocr_line' id='line_1_13' title="bbox 294 1270 1868 1341; baseline 0.003 -21"><span class='ocrx_word' id='word_1_83' title='bbox 294 1272 488 1326; x_wconf 85' lang='lat' dir='ltr'><strong>torem?</strong></span> <span class='ocrx_word' id='word_1_84' title='bbox 536 1271 773 1340; x_wconf 75' lang='lat' dir='ltr'><strong>liepetit,</strong></span> <span class='ocrx_word' id='word_1_85' title='bbox 822 1270 964 1325; x_wconf 88' lang='lat' dir='ltr'><strong>Deus</strong></span> <span class='ocrx_word' id='word_1_86' title='bbox 1015 1272 1269 1325; x_wconf 87' lang='lat' dir='ltr'><strong>ultionum</strong></span> <span class='ocrx_word' id='word_1_87' title='bbox 1316 1272 1470 1324; x_wconf 82' lang='lat' dir='ltr'><strong>libere</strong></span> <span class='ocrx_word' id='word_1_88' title='bbox 1518 1273 1642 1341; x_wconf 88' lang='lat' dir='ltr'><strong>egit,</strong></span> <span class='ocrx_word' id='word_1_89' title='bbox 1689 1271 1738 1324; x_wconf 85' lang='lat' dir='ltr'><strong>id</strong></span> <span class='ocrx_word' id='word_1_90' title='bbox 1769 1281 1868 1333; x_wconf 80' lang='lat' dir='ltr'><strong>est,</strong></span> 
     </span>
    </p>
   </div>
   <div class='ocr_carea' id='block_1_14' title="bbox 296 1364 1873 1436">
    <p class='ocr_par' dir='ltr' id='par_1_14' title="bbox 296 1364 1873 1436">
     <span class='ocr_line' id='line_1_14' title="bbox 296 1364 1873 1436; baseline -0.001 -17"><span class='ocrx_word' id='word_1_91' title='bbox 296 1367 428 1421; x_wconf 87' lang='lat' dir='ltr'><strong>nullo</strong></span> <span class='ocrx_word' id='word_1_92' title='bbox 451 1365 779 1434; x_wconf 88' lang='lat' dir='ltr'><strong>impediente</strong></span> <span class='ocrx_word' id='word_1_93' title='bbox 805 1365 1092 1436; x_wconf 83' lang='lat' dir='ltr'><strong>judicavit;</strong></span> <span class='ocrx_word' id='word_1_94' title='bbox 1123 1366 1260 1420; x_wconf 88' lang='lat' dir='ltr'><strong>sicut</strong></span> <span class='ocrx_word' id='word_1_95' title='bbox 1291 1364 1415 1420; x_wconf 77' lang='lat' dir='ltr'><strong>fecit</strong></span> <span class='ocrx_word' id='word_1_96' title='bbox 1443 1365 1654 1432; x_wconf 85' lang='lat' dir='ltr'><strong>quando</strong></span> <span class='ocrx_word' id='word_1_97' title='bbox 1688 1364 1873 1418; x_wconf 88' lang='lat' dir='ltr'><strong>Phari-</strong></span> 
     </span>
    </p>
   </div>
   <div class='ocr_carea' id='block_1_15' title="bbox 296 1456 1872 1527">
    <p class='ocr_par' dir='ltr' id='par_1_15' title="bbox 296 1456 1872 1527">
     <span class='ocr_line' id='line_1_15' title="bbox 296 1456 1872 1527; baseline -0.001 -16"><span class='ocrx_word' id='word_1_98' title='bbox 296 1460 403 1512; x_wconf 67' lang='lat' dir='ltr'><strong>satis</strong></span> <span class='ocrx_word' id='word_1_99' title='bbox 427 1469 480 1513; x_wconf 89' lang='lat' dir='ltr'><strong>et</strong></span> <span class='ocrx_word' id='word_1_100' title='bbox 527 1467 846 1527; x_wconf 89' lang='lat' dir='ltr'><strong>potestatem</strong></span> <span class='ocrx_word' id='word_1_101' title='bbox 891 1456 1211 1512; x_wconf 87' lang='lat' dir='ltr'><strong>habentibus</strong></span> <span class='ocrx_word' id='word_1_102' title='bbox 1244 1471 1371 1512; x_wconf 87' lang='lat' dir='ltr'><strong>suas</strong></span> <span class='ocrx_word' id='word_1_103' title='bbox 1402 1456 1665 1526; x_wconf 87' lang='lat' dir='ltr'><strong>nequitias</strong></span> <span class='ocrx_word' id='word_1_104' title='bbox 1699 1457 1872 1526; x_wconf 85' lang='lat' dir='ltr'><strong>impu-</strong></span> 
     </span>
    </p>
   </div>
   <div class='ocr_carea' id='block_1_16' title="bbox 285 1551 1871 1622">
    <p class='ocr_par' dir='ltr' id='par_1_16' title="bbox 285 1551 1871 1622">
     <span class='ocr_line' id='line_1_16' title="bbox 285 1551 1871 1622; baseline 0.001 -18"><span class='ocrx_word' id='word_1_105' title='bbox 285 1553 434 1606; x_wconf 84' lang='lat' dir='ltr'><strong>tavit.</strong></span> <span class='ocrx_word' id='word_1_106' title='bbox 485 1551 666 1605; x_wconf 84' lang='lat' dir='ltr'><strong>Libere</strong></span> <span class='ocrx_word' id='word_1_107' title='bbox 694 1566 910 1621; x_wconf 86' lang='lat' dir='ltr'><strong>quoque</strong></span> <span class='ocrx_word' id='word_1_108' title='bbox 956 1552 1078 1621; x_wconf 81' lang='lat' dir='ltr'><strong>egit,</strong></span> <span class='ocrx_word' id='word_1_109' title='bbox 1109 1551 1324 1620; x_wconf 84' lang='lat' dir='ltr'><strong>quando</strong></span> <span class='ocrx_word' id='word_1_110' title='bbox 1356 1551 1410 1604; x_wconf 93' lang='lat' dir='ltr'><strong>in</strong></span> <span class='ocrx_word' id='word_1_111' title='bbox 1456 1552 1660 1622; x_wconf 86' lang='lat' dir='ltr'><strong>templo</strong></span> <span class='ocrx_word' id='word_1_112' title='bbox 1690 1551 1871 1605; x_wconf 84' lang='lat' dir='ltr'><strong>docuit</strong></span> 
     </span>
    </p>
   </div>
   <div class='ocr_carea' id='block_1_17' title="bbox 296 1645 1869 1715">
    <p class='ocr_par' dir='ltr' id='par_1_17' title="bbox 296 1645 1869 1715">
     <span class='ocr_line' id='line_1_17' title="bbox 296 1645 1869 1715; baseline 0.003 -20"><span class='ocrx_word' id='word_1_113' title='bbox 296 1647 504 1715; x_wconf 77' lang='lat' dir='ltr'><strong>populos</strong></span> <span class='ocrx_word' id='word_1_114' title='bbox 538 1656 792 1715; x_wconf 77' lang='lat' dir='ltr'><strong>tanquam</strong></span> <span class='ocrx_word' id='word_1_115' title='bbox 821 1653 1143 1714; x_wconf 81' lang='lat' dir='ltr'><strong>potestatem</strong></span> <span class='ocrx_word' id='word_1_116' title='bbox 1177 1645 1401 1700; x_wconf 85' lang='lat' dir='ltr'><strong>habens.</strong></span> <span class='ocrx_word' id='word_1_117' title='bbox 1444 1645 1532 1700; x_wconf 87' lang='lat' dir='ltr'><strong>Sic</strong></span> <span class='ocrx_word' id='word_1_118' title='bbox 1564 1655 1617 1698; x_wconf 89' lang='lat' dir='ltr'><strong>et</strong></span> <span class='ocrx_word' id='word_1_119' title='bbox 1664 1645 1714 1698; x_wconf 93' lang='lat' dir='ltr'><strong>in</strong></span> <span class='ocrx_word' id='word_1_120' title='bbox 1761 1645 1869 1699; x_wconf 91' lang='lat' dir='ltr'><strong>alio</strong></span> 
     </span>
    </p>
   </div>
   <div class='ocr_carea' id='block_1_18' title="bbox 298 1734 1868 1806">
    <p class='ocr_par' dir='ltr' id='par_1_18' title="bbox 298 1734 1868 1806">
     <span class='ocr_line' id='line_1_18' title="bbox 298 1734 1868 1806; baseline -0.003 -16"><span class='ocrx_word' id='word_1_121' title='bbox 298 1745 402 1791; x_wconf 87' lang='lat' dir='ltr'><strong>loco</strong></span> <span class='ocrx_word' id='word_1_122' title='bbox 431 1737 589 1792; x_wconf 86' lang='lat' dir='ltr'><strong>Pater</strong></span> <span class='ocrx_word' id='word_1_123' title='bbox 617 1738 685 1792; x_wconf 89' lang='lat' dir='ltr'><strong>de</strong></span> <span class='ocrx_word' id='word_1_124' title='bbox 716 1738 831 1806; x_wconf 89' lang='lat' dir='ltr'><strong>ipso</strong></span> <span class='ocrx_word' id='word_1_125' title='bbox 859 1737 989 1791; x_wconf 87' lang='lat' dir='ltr'><strong>dicit</strong></span> <span class='ocrx_word' id='word_1_126' title='bbox 1023 1753 1034 1789; x_wconf 96' lang='lat'>:</span> <span class='ocrx_word' id='word_1_127' title='bbox 1066 1735 1267 1790; x_wconf 87' lang='lat' dir='ltr'><strong>Ponant</strong></span> <span class='ocrx_word' id='word_1_128' title='bbox 1299 1753 1455 1805; x_wconf 85' lang='lat' dir='ltr'><strong>super</strong></span> <span class='ocrx_word' id='word_1_129' title='bbox 1478 1734 1697 1788; x_wconf 86' lang='lat' dir='ltr'><strong>salutari</strong></span> <span class='ocrx_word' id='word_1_130' title='bbox 1726 1752 1868 1799; x_wconf 89' lang='lat' dir='ltr'><strong>meo;</strong></span> 
     </span>
    </p>
   </div>
   <div class='ocr_carea' id='block_1_19' title="bbox 1984 543 3572 620">
    <p class='ocr_par' dir='ltr' id='par_1_19' title="bbox 1984 543 3572 620">
     <span class='ocr_line' id='line_1_19' title="bbox 1984 543 3572 620; baseline 0.02 -33"><span class='ocrx_word' id='word_1_131' title='bbox 1984 543 2196 604; x_wconf 89' lang='lat' dir='ltr'><strong>tempus</strong></span> <span class='ocrx_word' id='word_1_132' title='bbox 2234 551 2396 603; x_wconf 84' lang='lat' dir='ltr'><strong>esset,</strong></span> <span class='ocrx_word' id='word_1_133' title='bbox 2429 544 2568 611; x_wconf 90' lang='lat' dir='ltr'><strong>quod</strong></span> <span class='ocrx_word' id='word_1_134' title='bbox 2599 561 2625 599; x_wconf 90' lang='lat' dir='ltr'><strong>a</strong></span> <span class='ocrx_word' id='word_1_135' title='bbox 2653 547 2826 613; x_wconf 88' lang='lat' dir='ltr'><strong>culpis</strong></span> <span class='ocrx_word' id='word_1_136' title='bbox 2859 550 3228 620; x_wconf 89' lang='lat' dir='ltr'><strong>improborum</strong></span> <span class='ocrx_word' id='word_1_137' title='bbox 3260 560 3572 618; x_wconf 78' lang='lat' dir='ltr'><strong>redderetur</strong></span> 
     </span>
    </p>
   </div>
   <div class='ocr_carea' id='block_1_20' title="bbox 1981 625 3576 718">
    <p class='ocr_par' dir='ltr' id='par_1_20' title="bbox 1981 625 3576 718">
     <span class='ocr_line' id='line_1_20' title="bbox 1981 625 3576 718; baseline 0.019 -40"><span class='ocrx_word' id='word_1_138' title='bbox 1981 625 2236 682; x_wconf 82' lang='lat' dir='ltr'><strong>alienum.</strong></span> <span class='ocrx_word' id='word_1_139' title='bbox 2289 630 2625 699; x_wconf 70' lang='lat' dir='ltr'><strong>iniquitatem</strong></span> <span class='ocrx_word' id='word_1_140' title='bbox 2673 655 2797 693; x_wconf 88' lang='lat' dir='ltr'><strong>vero</strong></span> <span class='ocrx_word' id='word_1_141' title='bbox 2853 643 2918 695; x_wconf 93' lang='lat' dir='ltr'><strong>ad</strong></span> <span class='ocrx_word' id='word_1_142' title='bbox 2967 655 3250 716; x_wconf 87' lang='lat' dir='ltr'><strong>utrumque</strong></span> <span class='ocrx_word' id='word_1_143' title='bbox 3305 655 3576 718; x_wconf 75' lang='lat' dir='ltr'><strong>pertinere</strong></span> 
     </span>
    </p>
   </div>
   <div class='ocr_carea' id='block_1_21' title="bbox 1983 722 3574 810">
    <p class='ocr_par' dir='ltr' id='par_1_21' title="bbox 1983 722 3574 810">
     <span class='ocr_line' id='line_1_21' title="bbox 1983 722 3574 810; baseline 0.018 -38"><span class='ocrx_word' id='word_1_144' title='bbox 1983 735 2086 774; x_wconf 92' lang='lat' dir='ltr'><strong>non</strong></span> <span class='ocrx_word' id='word_1_145' title='bbox 2119 722 2336 776; x_wconf 88' lang='lat' dir='ltr'><strong>dubium</strong></span> <span class='ocrx_word' id='word_1_146' title='bbox 2380 737 2482 792; x_wconf 90' lang='lat' dir='ltr'><strong>est,</strong></span> <span class='ocrx_word' id='word_1_147' title='bbox 2533 731 2653 796; x_wconf 89' lang='lat' dir='ltr'><strong>quia</strong></span> <span class='ocrx_word' id='word_1_148' title='bbox 2680 731 2748 786; x_wconf 92' lang='lat' dir='ltr'><strong>de</strong></span> <span class='ocrx_word' id='word_1_149' title='bbox 2793 733 2900 787; x_wconf 86' lang='lat' dir='ltr'><strong>illis</strong></span> <span class='ocrx_word' id='word_1_150' title='bbox 2927 735 3141 803; x_wconf 88' lang='lat' dir='ltr'><strong>dicitur,</strong></span> <span class='ocrx_word' id='word_1_151' title='bbox 3173 741 3261 808; x_wconf 89' lang='lat' dir='ltr'><strong>qui</strong></span> <span class='ocrx_word' id='word_1_152' title='bbox 3309 747 3574 810; x_wconf 76' lang='lat' dir='ltr'><strong>perversis</strong></span> 
     </span>
    </p>
   </div>
   <div class='ocr_carea' id='block_1_22' title="bbox 1981 811 3575 902">
    <p class='ocr_par' dir='ltr' id='par_1_22' title="bbox 1981 811 3575 902">
     <span class='ocr_line' id='line_1_22' title="bbox 1981 811 3575 902; baseline 0.018 -39"><span class='ocrx_word' id='word_1_153' title='bbox 1981 811 2391 880; x_wconf 88' lang='lat' dir='ltr'><strong>loquacitatibns</strong></span> <span class='ocrx_word' id='word_1_154' title='bbox 2441 818 2756 878; x_wconf 75' lang='lat' dir='ltr'><strong>elferuntur.</strong></span> <span class='ocrx_word' id='word_1_155' title='bbox 2794 825 2985 879; x_wconf 86' lang='lat' dir='ltr'><strong>Verum</strong></span> <span class='ocrx_word' id='word_1_156' title='bbox 3027 844 3094 884; x_wconf 91' lang='lat' dir='ltr'><strong>ne</strong></span> <span class='ocrx_word' id='word_1_157' title='bbox 3137 831 3265 885; x_wconf 92' lang='lat' dir='ltr'><strong>illud</strong></span> <span class='ocrx_word' id='word_1_158' title='bbox 3318 832 3456 902; x_wconf 84' lang='lat' dir='ltr'><strong>loqui</strong></span> <span class='ocrx_word' id='word_1_159' title='bbox 3486 853 3575 890; x_wconf 90' lang='lat' dir='ltr'><strong>so-</strong></span> 
     </span>
    </p>
   </div>
   <div class='ocr_carea' id='block_1_23' title="bbox 1979 901 3650 998">
    <p class='ocr_par' dir='ltr' id='par_1_23' title="bbox 1979 901 3650 998">
     <span class='ocr_line' id='line_1_23' title="bbox 1979 901 3650 998; baseline 0.017 -41"><span class='ocrx_word' id='word_1_160' title='bbox 1979 902 2251 960; x_wconf 89' lang='lat' dir='ltr'><strong>lummodo</strong></span> <span class='ocrx_word' id='word_1_161' title='bbox 2281 924 2591 967; x_wconf 87' lang='lat' dir='ltr'><strong>sermonum</strong></span> <span class='ocrx_word' id='word_1_162' title='bbox 2643 930 2761 970; x_wconf 90' lang='lat' dir='ltr'><strong>esse</strong></span> <span class='ocrx_word' id='word_1_163' title='bbox 2790 921 3041 985; x_wconf 84' lang='lat' dir='ltr'><strong>sentires,</strong></span> <span class='ocrx_word' id='word_1_164' title='bbox 3073 923 3299 992; x_wconf 83' lang='lat' dir='ltr'><strong>addidit,</strong></span> <span class='ocrx_word' id='word_1_165' title='bbox 3331 901 3416 992; x_wconf 89' lang='lat' dir='ltr'><strong>qui</strong></span> <span class='ocrx_word' id='word_1_166' title='bbox 3445 947 3571 998; x_wconf 84' lang='lat' dir='ltr'><strong>epe-</strong></span> <span class='ocrx_word' id='word_1_167' title='bbox 3634 901 3650 912; x_wconf 44' lang='lat'><strong><em>.</em></strong></span> 
     </span>
    </p>
   </div>
   <div class='ocr_carea' id='block_1_24' title="bbox 1979 1001 3570 1082">
    <p class='ocr_par' dir='ltr' id='par_1_24' title="bbox 1979 1001 3570 1082">
     <span class='ocr_line' id='line_1_24' title="bbox 1979 1001 3570 1082; baseline 0.018 -35"><span class='ocrx_word' id='word_1_168' title='bbox 1979 1007 2158 1051; x_wconf 89' lang='lat' dir='ltr'><strong>rantur</strong></span> <span class='ocrx_word' id='word_1_169' title='bbox 2188 1001 2533 1070; x_wconf 79' lang='lat' dir='ltr'><strong>injustitiam;</strong></span> <span class='ocrx_word' id='word_1_170' title='bbox 2563 1015 2620 1059; x_wconf 91' lang='lat' dir='ltr'><strong>ut</strong></span> <span class='ocrx_word' id='word_1_171' title='bbox 2663 1017 2717 1061; x_wconf 91' lang='lat' dir='ltr'><strong>et</strong></span> <span class='ocrx_word' id='word_1_172' title='bbox 2744 1025 2992 1065; x_wconf 86' lang='lat' dir='ltr'><strong>sermone</strong></span> <span class='ocrx_word' id='word_1_173' title='bbox 3038 1023 3092 1068; x_wconf 91' lang='lat' dir='ltr'><strong>et</strong></span> <span class='ocrx_word' id='word_1_174' title='bbox 3130 1031 3293 1082; x_wconf 87' lang='lat' dir='ltr'><strong>opere</strong></span> <span class='ocrx_word' id='word_1_175' title='bbox 3336 1019 3570 1076; x_wconf 87' lang='lat' dir='ltr'><strong>detesta-</strong></span> 
     </span>
    </p>
   </div>
   <div class='ocr_carea' id='block_1_25' title="bbox 1979 1088 3569 1172">
    <p class='ocr_par' dir='ltr' id='par_1_25' title="bbox 1979 1088 3569 1172">
     <span class='ocr_line' id='line_1_25' title="bbox 1979 1088 3569 1172; baseline 0.016 -30"><span class='ocrx_word' id='word_1_176' title='bbox 1979 1088 2113 1143; x_wconf 89' lang='lat' dir='ltr'><strong>biles</strong></span> <span class='ocrx_word' id='word_1_177' title='bbox 2159 1091 2360 1161; x_wconf 85' lang='lat' dir='ltr'><strong>jugiter</strong></span> <span class='ocrx_word' id='word_1_178' title='bbox 2405 1110 2747 1166; x_wconf 87' lang='lat' dir='ltr'><strong>apparerent.</strong></span> <span class='ocrx_word' id='word_1_179' title='bbox 2784 1103 3077 1172; x_wconf 82' lang='lat' dir='ltr'><strong>Diligenter</strong></span> <span class='ocrx_word' id='word_1_180' title='bbox 3127 1118 3304 1164; x_wconf 90' lang='lat' dir='ltr'><strong>autem</strong></span> <span class='ocrx_word' id='word_1_181' title='bbox 3352 1113 3569 1170; x_wconf 86' lang='lat' dir='ltr'><strong>intende</strong></span> 
     </span>
    </p>
   </div>
   <div class='ocr_carea' id='block_1_26' title="bbox 1977 1185 3566 1272">
    <p class='ocr_par' dir='ltr' id='par_1_26' title="bbox 1977 1185 3566 1272">
     <span class='ocr_line' id='line_1_26' title="bbox 1977 1185 3566 1272; baseline 0.018 -39"><span class='ocrx_word' id='word_1_182' title='bbox 1977 1185 2427 1250; x_wconf 87' lang='lat' dir='ltr'><strong>quemadmodum</strong></span> <span class='ocrx_word' id='word_1_183' title='bbox 2494 1206 2664 1260; x_wconf 88' lang='lat' dir='ltr'><strong>usque</strong></span> <span class='ocrx_word' id='word_1_184' title='bbox 2720 1193 2784 1247; x_wconf 91' lang='lat' dir='ltr'><strong>ad</strong></span> <span class='ocrx_word' id='word_1_185' title='bbox 2860 1197 3019 1251; x_wconf 87' lang='lat' dir='ltr'><strong>finem</strong></span> <span class='ocrx_word' id='word_1_186' title='bbox 3078 1199 3354 1257; x_wconf 80' lang='lat' dir='ltr'><strong>divisionis</strong></span> <span class='ocrx_word' id='word_1_187' title='bbox 3411 1207 3566 1272; x_wconf 85' lang='lat' dir='ltr'><strong>hujus</strong></span> 
     </span>
    </p>
   </div>
   <div class='ocr_carea' id='block_1_27' title="bbox 1977 1288 3566 1360">
    <p class='ocr_par' dir='ltr' id='par_1_27' title="bbox 1977 1288 3566 1360">
     <span class='ocr_line' id='line_1_27' title="bbox 1977 1288 3566 1360; baseline 0.019 -33"><span class='ocrx_word' id='word_1_188' title='bbox 1977 1289 2262 1345; x_wconf 86' lang='lat' dir='ltr'><strong>augmenta</strong></span> <span class='ocrx_word' id='word_1_189' title='bbox 2293 1296 2509 1352; x_wconf 90' lang='lat' dir='ltr'><strong>semper</strong></span> <span class='ocrx_word' id='word_1_190' title='bbox 2552 1288 2817 1342; x_wconf 86' lang='lat' dir='ltr'><strong>scelerum</strong></span> <span class='ocrx_word' id='word_1_191' title='bbox 2853 1289 3000 1346; x_wconf 81' lang='lat' dir='ltr'><strong>facit.</strong></span> <span class='ocrx_word' id='word_1_192' title='bbox 3038 1293 3188 1360; x_wconf 87' lang='lat' dir='ltr'><strong>Quod</strong></span> <span class='ocrx_word' id='word_1_193' title='bbox 3221 1299 3438 1353; x_wconf 86' lang='lat' dir='ltr'><strong>schema</strong></span> <span class='ocrx_word' id='word_1_194' title='bbox 3485 1303 3566 1357; x_wconf 86' lang='lat' dir='ltr'><strong>di-</strong></span> 
     </span>
    </p>
   </div>
   <div class='ocr_carea' id='block_1_28' title="bbox 1977 1368 3566 1458">
    <p class='ocr_par' dir='ltr' id='par_1_28' title="bbox 1977 1368 3566 1458">
     <span class='ocr_line' id='line_1_28' title="bbox 1977 1368 3566 1458; baseline 0.018 -37"><span class='ocrx_word' id='word_1_195' title='bbox 1977 1368 2118 1422; x_wconf 89' lang='lat' dir='ltr'><strong>citur</strong></span> <span class='ocrx_word' id='word_1_196' title='bbox 2160 1371 2376 1439; x_wconf 80' lang='lat' dir='ltr'><strong>climax,</strong></span> <span class='ocrx_word' id='word_1_197' title='bbox 2429 1375 2478 1428; x_wconf 88' lang='lat' dir='ltr'><strong>id</strong></span> <span class='ocrx_word' id='word_1_198' title='bbox 2507 1387 2591 1432; x_wconf 86' lang='lat' dir='ltr'><strong>est</strong></span> <span class='ocrx_word' id='word_1_199' title='bbox 2637 1381 2897 1446; x_wconf 77' lang='lat' dir='ltr'><strong>gradatio.</strong></span> <span class='ocrx_word' id='word_1_200' title='bbox 2932 1384 3393 1458; x_wconf 82' lang='lat' dir='ltr'><strong>Exaggerantibus</strong></span> <span class='ocrx_word' id='word_1_201' title='bbox 3424 1396 3566 1450; x_wconf 90' lang='lat' dir='ltr'><strong>enim</strong></span> 
     </span>
    </p>
   </div>
   <div class='ocr_carea' id='block_1_29' title="bbox 1978 1457 3564 1550">
    <p class='ocr_par' dir='ltr' id='par_1_29' title="bbox 1978 1457 3564 1550">
     <span class='ocr_line' id='line_1_29' title="bbox 1978 1457 3564 1550; baseline 0.018 -39"><span class='ocrx_word' id='word_1_202' title='bbox 1978 1457 2044 1512; x_wconf 87' lang='lat' dir='ltr'><strong>ad</strong></span> <span class='ocrx_word' id='word_1_203' title='bbox 2091 1463 2368 1529; x_wconf 79' lang='lat' dir='ltr'><strong>superiora</strong></span> <span class='ocrx_word' id='word_1_204' title='bbox 2411 1480 2656 1522; x_wconf 89' lang='lat' dir='ltr'><strong>crescere</strong></span> <span class='ocrx_word' id='word_1_205' title='bbox 2695 1471 2924 1527; x_wconf 84' lang='lat' dir='ltr'><strong>decorus</strong></span> <span class='ocrx_word' id='word_1_206' title='bbox 2981 1457 3236 1534; x_wconf 74' lang='lat' dir='ltr'><strong>ascensus</strong></span> <span class='ocrx_word' id='word_1_207' title='bbox 3281 1492 3378 1536; x_wconf 88' lang='lat' dir='ltr'><strong>est.</strong></span> <span class='ocrx_word' id='word_1_208' title='bbox 3413 1484 3564 1550; x_wconf 88' lang='lat' dir='ltr'><strong>Quod</strong></span> 
     </span>
    </p>
   </div>
   <div class='ocr_carea' id='block_1_30' title="bbox 1976 1552 3566 1642">
    <p class='ocr_par' dir='ltr' id='par_1_30' title="bbox 1976 1552 3566 1642">
     <span class='ocr_line' id='line_1_30' title="bbox 1976 1552 3566 1642; baseline 0.018 -39"><span class='ocrx_word' id='word_1_209' title='bbox 1976 1552 2137 1605; x_wconf 89' lang='lat' dir='ltr'><strong>etiam</strong></span> <span class='ocrx_word' id='word_1_210' title='bbox 2166 1553 2219 1607; x_wconf 92' lang='lat' dir='ltr'><strong>in</strong></span> <span class='ocrx_word' id='word_1_211' title='bbox 2250 1557 2534 1613; x_wconf 89' lang='lat' dir='ltr'><strong>virtutibus</strong></span> <span class='ocrx_word' id='word_1_212' title='bbox 2565 1561 2689 1616; x_wconf 87' lang='lat' dir='ltr'><strong>fecit</strong></span> <span class='ocrx_word' id='word_1_213' title='bbox 2714 1564 3004 1630; x_wconf 76' lang='lat' dir='ltr'><strong>Aposmlus</strong></span> <span class='ocrx_word' id='word_1_214' title='bbox 3029 1571 3256 1628; x_wconf 78' lang='lat' dir='ltr'><strong>dicendo</strong></span> <span class='ocrx_word' id='word_1_215' title='bbox 3281 1591 3295 1632; x_wconf 88' lang='lat'><strong>:</strong></span> <span class='ocrx_word' id='word_1_216' title='bbox 3327 1576 3452 1642; x_wconf 86' lang='lat' dir='ltr'><strong>Quis</strong></span> <span class='ocrx_word' id='word_1_217' title='bbox 3474 1596 3566 1632; x_wconf 88' lang='lat' dir='ltr'><strong>nos</strong></span> 
     </span>
    </p>
   </div>
   <div class='ocr_carea' id='block_1_31' title="bbox 1973 1644 3561 1737">
    <p class='ocr_par' dir='ltr' id='par_1_31' title="bbox 1973 1644 3561 1737">
     <span class='ocr_line' id='line_1_31' title="bbox 1973 1644 3561 1737; baseline 0.02 -45"><span class='ocrx_word' id='word_1_218' title='bbox 1973 1644 2233 1711; x_wconf 76' lang='lat' dir='ltr'><strong>separabit</strong></span> <span class='ocrx_word' id='word_1_219' title='bbox 2260 1662 2290 1698; x_wconf 88' lang='lat' dir='ltr'><strong>a</strong></span> <span class='ocrx_word' id='word_1_220' title='bbox 2317 1648 2568 1703; x_wconf 81' lang='lat' dir='ltr'><strong>cltaritate</strong></span> <span class='ocrx_word' id='word_1_221' title='bbox 2599 1650 2832 1707; x_wconf 74' lang='lat' dir='ltr'><strong>Christi?</strong></span> <span class='ocrx_word' id='word_1_222' title='bbox 2855 1655 3166 1726; x_wconf 87' lang='lat' dir='ltr'><strong>Tribulatio,</strong></span> <span class='ocrx_word' id='word_1_223' title='bbox 3197 1682 3261 1717; x_wconf 89' lang='lat' dir='ltr'><strong>an</strong></span> <span class='ocrx_word' id='word_1_224' title='bbox 3302 1670 3561 1737; x_wconf 79' lang='lat' dir='ltr'><strong>angustia,</strong></span> 
     </span>
    </p>
   </div>
   <div class='ocr_carea' id='block_1_32' title="bbox 1973 1738 3559 1832">
    <p class='ocr_par' dir='ltr' id='par_1_32' title="bbox 1973 1738 3559 1832">
     <span class='ocr_line' id='line_1_32' title="bbox 1973 1738 3559 1832; baseline 0.019 -46"><span class='ocrx_word' id='word_1_225' title='bbox 1973 1751 2039 1787; x_wconf 89' lang='lat' dir='ltr'><strong>an</strong></span> <span class='ocrx_word' id='word_1_226' title='bbox 2071 1738 2250 1806; x_wconf 74' lang='lat' dir='ltr'><strong>fames,</strong></span> <span class='ocrx_word' id='word_1_227' title='bbox 2286 1757 2350 1792; x_wconf 90' lang='lat' dir='ltr'><strong>an</strong></span> <span class='ocrx_word' id='word_1_228' title='bbox 2382 1743 2610 1808; x_wconf 81' lang='lat' dir='ltr'><strong>auditas,</strong></span> <span class='ocrx_word' id='word_1_229' title='bbox 2635 1762 2699 1799; x_wconf 87' lang='lat' dir='ltr'><strong>an</strong></span> <span class='ocrx_word' id='word_1_230' title='bbox 2724 1752 3026 1820; x_wconf 79' lang='lat' dir='ltr'><strong>persecutio,</strong></span> <span class='ocrx_word' id='word_1_231' title='bbox 3060 1771 3124 1806; x_wconf 89' lang='lat' dir='ltr'><strong>an</strong></span> <span class='ocrx_word' id='word_1_232' title='bbox 3157 1756 3361 1825; x_wconf 77' lang='lat' dir='ltr'><strong>gladius</strong></span> <span class='ocrx_word' id='word_1_233' title='bbox 3384 1760 3559 1832; x_wconf 82' lang='lat' dir='ltr'><strong>(Rom.</strong></span> 
     </span>
    </p>
   </div>
   <div class='ocr_carea' id='block_1_33' title="bbox 298 1826 2573 1900">
    <p class='ocr_par' dir='ltr' id='par_1_33' title="bbox 298 1826 2573 1900">
     <span class='ocr_line' id='line_1_33' title="bbox 298 1826 2573 1900; baseline 0.002 -17"><span class='ocrx_word' id='word_1_234' title='bbox 298 1830 595 1898; x_wconf 76' lang='lat' dir='ltr'><strong>ﬁducioliter</strong></span> <span class='ocrx_word' id='word_1_235' title='bbox 617 1847 767 1899; x_wconf 82' lang='lat' dir='ltr'><strong>agam</strong></span> <span class='ocrx_word' id='word_1_236' title='bbox 796 1831 847 1883; x_wconf 89' lang='lat' dir='ltr'><strong>in</strong></span> <span class='ocrx_word' id='word_1_237' title='bbox 875 1847 933 1884; x_wconf 90' lang='lat' dir='ltr'><strong>eo</strong></span> <span class='ocrx_word' id='word_1_238' title='bbox 956 1829 1130 1900; x_wconf 82' lang='lat' dir='ltr'><strong>(Psal.</strong></span> <span class='ocrx_word' id='word_1_239' title='bbox 1167 1845 1239 1895; x_wconf 67' lang='grc' dir='ltr'><strong>χι,</strong></span> <span class='ocrx_word' id='word_1_240' title='bbox 1269 1828 1346 1899; x_wconf 85' lang='grc'><strong>6).</strong></span> <span class='ocrx_word' id='word_1_241' title='bbox 1376 1830 1713 1897; x_wconf 80' lang='lat' dir='ltr'><strong>Quapropter</strong></span> <span class='ocrx_word' id='word_1_242' title='bbox 1739 1844 1865 1882; x_wconf 88' lang='lat' dir='ltr'><strong>cou-</strong></span> <span class='ocrx_word' id='word_1_243' title='bbox 1899 1826 1945 1884; x_wconf 88' lang='lat' dir='ltr'><strong>B</strong></span> <span class='ocrx_word' id='word_1_244' title='bbox 1973 1842 2088 1893; x_wconf 85' lang='lat' dir='ltr'><strong>vnt,</strong></span> <span class='ocrx_word' id='word_1_245' title='bbox 2120 1830 2246 1897; x_wconf 76' lang='lat'>&#39;55)?</span> <span class='ocrx_word' id='word_1_246' title='bbox 2275 1841 2328 1885; x_wconf 92' lang='lat' dir='ltr'><strong>et</strong></span> <span class='ocrx_word' id='word_1_247' title='bbox 2356 1843 2573 1887; x_wconf 56' lang='lat' dir='ltr'><strong>extera.</strong></span> 
     </span>
    </p>
   </div>
   <div class='ocr_carea' id='block_1_34' title="bbox 294 1922 1865 1992">
    <p class='ocr_par' dir='ltr' id='par_1_34' title="bbox 294 1922 1865 1992">
     <span class='ocr_line' id='line_1_34' title="bbox 294 1922 1865 1992; baseline 0.001 -18"><span class='ocrx_word' id='word_1_248' title='bbox 294 1934 386 1976; x_wconf 83' lang='lat' dir='ltr'><strong>stat</strong></span> <span class='ocrx_word' id='word_1_249' title='bbox 412 1939 531 1977; x_wconf 90' lang='lat' dir='ltr'><strong>eum</strong></span> <span class='ocrx_word' id='word_1_250' title='bbox 573 1924 736 1992; x_wconf 77' lang='lat' dir='ltr'><strong>egisse</strong></span> <span class='ocrx_word' id='word_1_251' title='bbox 768 1922 942 1988; x_wconf 84' lang='lat' dir='ltr'><strong>libere,</strong></span> <span class='ocrx_word' id='word_1_252' title='bbox 977 1924 1130 1991; x_wconf 85' lang='lat' dir='ltr'><strong>cujus</strong></span> <span class='ocrx_word' id='word_1_253' title='bbox 1169 1937 1267 1975; x_wconf 71' lang='lat' dir='ltr'><strong>nec</strong></span> <span class='ocrx_word' id='word_1_254' title='bbox 1312 1922 1509 1976; x_wconf 87' lang='lat' dir='ltr'><strong>veritas</strong></span> <span class='ocrx_word' id='word_1_255' title='bbox 1541 1922 1865 1990; x_wconf 77' lang='lat' dir='ltr'><strong>reprehendi</strong></span> 
     </span>
    </p>
   </div>
   <div class='ocr_carea' id='block_1_35' title="bbox 298 2016 1864 2085">
    <p class='ocr_par' dir='ltr' id='par_1_35' title="bbox 298 2016 1864 2085">
     <span class='ocr_line' id='line_1_35' title="bbox 298 2016 1864 2085; baseline 0 -15"><span class='ocrx_word' id='word_1_256' title='bbox 298 2027 510 2084; x_wconf 82' lang='lat' dir='ltr'><strong>poterat,</strong></span> <span class='ocrx_word' id='word_1_257' title='bbox 564 2030 664 2070; x_wconf 90' lang='lat' dir='ltr'><strong>nec</strong></span> <span class='ocrx_word' id='word_1_258' title='bbox 710 2016 960 2085; x_wconf 86' lang='lat' dir='ltr'><strong>potestati</strong></span> <span class='ocrx_word' id='word_1_259' title='bbox 993 2016 1201 2070; x_wconf 87' lang='lat' dir='ltr'><strong>obviari</strong></span> <span class='ocrx_word' id='word_1_260' title='bbox 1251 2031 1407 2084; x_wconf 82' lang='lat' dir='ltr'><strong>posse</strong></span> <span class='ocrx_word' id='word_1_261' title='bbox 1453 2018 1755 2070; x_wconf 84' lang='lat' dir='ltr'><strong>constabat.</strong></span> <span class='ocrx_word' id='word_1_262' title='bbox 1809 2016 1864 2070; x_wconf 90' lang='lat' dir='ltr'><strong>ln</strong></span> 
     </span>
    </p>
   </div>
   <div class='ocr_carea' id='block_1_36' title="bbox 295 2107 1865 2175">
    <p class='ocr_par' dir='ltr' id='par_1_36' title="bbox 295 2107 1865 2175">
     <span class='ocr_line' id='line_1_36' title="bbox 295 2107 1865 2175; baseline 0 -14"><span class='ocrx_word' id='word_1_263' title='bbox 295 2109 377 2162; x_wconf 86' lang='lat' dir='ltr'><strong>illo</strong></span> <span class='ocrx_word' id='word_1_264' title='bbox 401 2108 538 2163; x_wconf 86' lang='lat' dir='ltr'><strong>enim</strong></span> <span class='ocrx_word' id='word_1_265' title='bbox 570 2107 868 2163; x_wconf 86' lang='lat' dir='ltr'><strong>voluntaria</strong></span> <span class='ocrx_word' id='word_1_266' title='bbox 899 2107 1193 2171; x_wconf 87' lang='lat' dir='ltr'><strong>humilitas,</strong></span> <span class='ocrx_word' id='word_1_267' title='bbox 1229 2123 1331 2160; x_wconf 91' lang='lat' dir='ltr'><strong>non</strong></span> <span class='ocrx_word' id='word_1_268' title='bbox 1375 2108 1645 2175; x_wconf 82' lang='lat' dir='ltr'><strong>patientiae</strong></span> <span class='ocrx_word' id='word_1_269' title='bbox 1677 2121 1865 2161; x_wconf 83' lang='lat' dir='ltr'><strong>neces-</strong></span> 
     </span>
    </p>
   </div>
   <div class='ocr_carea' id='block_1_37' title="bbox 295 2199 551 2254">
    <p class='ocr_par' dir='ltr' id='par_1_37' title="bbox 295 2199 551 2254">
     <span class='ocr_line' id='line_1_37' title="bbox 295 2199 551 2254; baseline 0.004 -2"><span class='ocrx_word' id='word_1_270' title='bbox 295 2199 411 2253; x_wconf 85' lang='lat' dir='ltr'><strong>sitas</strong></span> <span class='ocrx_word' id='word_1_271' title='bbox 437 2199 551 2254; x_wconf 76' lang='lat' dir='ltr'><strong>fuit.</strong></span> 
     </span>
    </p>
   </div>
   <div class='ocr_carea' id='block_1_38' title="bbox 356 2290 1860 2364">
    <p class='ocr_par' dir='ltr' id='par_1_38' title="bbox 356 2290 1860 2364">
     <span class='ocr_line' id='line_1_38' title="bbox 356 2290 1860 2364; baseline 0.002 -21"><span class='ocrx_word' id='word_1_272' title='bbox 356 2290 495 2346; x_wconf 85' lang='lat' dir='ltr'><strong>Vers.</strong></span> <span class='ocrx_word' id='word_1_273' title='bbox 525 2291 581 2345; x_wconf 68' lang='grc' dir='ltr'><strong>Ξ.</strong></span> <span class='ocrx_word' id='word_1_274' title='bbox 625 2290 896 2358; x_wconf 66' lang='grc' dir='ltr'><strong>Επαιιανε,</strong></span> <span class='ocrx_word' id='word_1_275' title='bbox 926 2291 1014 2358; x_wconf 89' lang='lat' dir='ltr'><strong>qui</strong></span> <span class='ocrx_word' id='word_1_276' title='bbox 1034 2293 1243 2364; x_wconf 88' lang='lat' dir='ltr'><strong>judicas</strong></span> <span class='ocrx_word' id='word_1_277' title='bbox 1268 2301 1490 2355; x_wconf 85' lang='lat' dir='ltr'><strong>terram;</strong></span> <span class='ocrx_word' id='word_1_278' title='bbox 1518 2293 1674 2348; x_wconf 83' lang='lat' dir='ltr'><strong>redde</strong></span> <span class='ocrx_word' id='word_1_279' title='bbox 1703 2294 1860 2346; x_wconf 83' lang='lat' dir='ltr'><strong>retri-</strong></span> 
     </span>
    </p>
   </div>
   <div class='ocr_carea' id='block_1_39' title="bbox 293 2381 1860 2453">
    <p class='ocr_par' dir='ltr' id='par_1_39' title="bbox 293 2381 1860 2453">
     <span class='ocr_line' id='line_1_39' title="bbox 293 2381 1860 2453; baseline 0.003 -19"><span class='ocrx_word' id='word_1_280' title='bbox 293 2382 528 2436; x_wconf 81' lang='lat' dir='ltr'><strong>butionem</strong></span> <span class='ocrx_word' id='word_1_281' title='bbox 572 2382 825 2453; x_wconf 78' lang='lat' dir='ltr'><strong>superbis.</strong></span> <span class='ocrx_word' id='word_1_282' title='bbox 861 2381 1106 2438; x_wconf 74' lang='lat' dir='ltr'><strong>Exaltare</strong></span> <span class='ocrx_word' id='word_1_283' title='bbox 1160 2381 1354 2438; x_wconf 85' lang='lat' dir='ltr'><strong>dicitur</strong></span> <span class='ocrx_word' id='word_1_284' title='bbox 1395 2384 1605 2450; x_wconf 85' lang='lat' dir='ltr'><strong>humili,</strong></span> <span class='ocrx_word' id='word_1_285' title='bbox 1658 2388 1748 2452; x_wconf 86' lang='lat' dir='ltr'><strong>qui</strong></span> <span class='ocrx_word' id='word_1_286' title='bbox 1792 2385 1860 2439; x_wconf 91' lang='lat' dir='ltr'><strong>ab</strong></span> 
     </span>
    </p>
   </div>
   <div class='ocr_carea' id='block_1_40' title="bbox 293 2472 1857 2543">
    <p class='ocr_par' dir='ltr' id='par_1_40' title="bbox 293 2472 1857 2543">
     <span class='ocr_line' id='line_1_40' title="bbox 293 2472 1857 2543; baseline 0.004 -20"><span class='ocrx_word' id='word_1_287' title='bbox 293 2472 450 2542; x_wconf 81' lang='lat' dir='ltr'><strong>impiis</strong></span> <span class='ocrx_word' id='word_1_288' title='bbox 493 2475 918 2543; x_wconf 87' lang='lat' dir='ltr'><strong>comprehensus</strong></span> <span class='ocrx_word' id='word_1_289' title='bbox 951 2475 1190 2528; x_wconf 89' lang='lat' dir='ltr'><strong>noscitur</strong></span> <span class='ocrx_word' id='word_1_290' title='bbox 1221 2489 1342 2529; x_wconf 89' lang='lat' dir='ltr'><strong>esse</strong></span> <span class='ocrx_word' id='word_1_291' title='bbox 1387 2475 1698 2529; x_wconf 81' lang='lat' dir='ltr'><strong>crucifixus.</strong></span> <span class='ocrx_word' id='word_1_292' title='bbox 1750 2474 1857 2529; x_wconf 91' lang='lat' dir='ltr'><strong>Sed</strong></span> 
     </span>
    </p>
   </div>
   <div class='ocr_carea' id='block_1_41' title="bbox 289 2565 1859 2636">
    <p class='ocr_par' dir='ltr' id='par_1_41' title="bbox 289 2565 1859 2636">
     <span class='ocr_line' id='line_1_41' title="bbox 289 2565 1859 2636; baseline 0.003 -21"><span class='ocrx_word' id='word_1_293' title='bbox 289 2565 514 2632; x_wconf 81' lang='lat' dir='ltr'><strong>quamvis</strong></span> <span class='ocrx_word' id='word_1_294' title='bbox 539 2565 637 2619; x_wconf 88' lang='lat' dir='ltr'><strong>ista</strong></span> <span class='ocrx_word' id='word_1_295' title='bbox 667 2579 762 2633; x_wconf 91' lang='lat' dir='ltr'><strong>pro</strong></span> <span class='ocrx_word' id='word_1_296' title='bbox 784 2573 967 2619; x_wconf 84' lang='lat' dir='ltr'><strong>nostra</strong></span> <span class='ocrx_word' id='word_1_297' title='bbox 995 2566 1366 2634; x_wconf 88' lang='lat' dir='ltr'><strong>redemptione</strong></span> <span class='ocrx_word' id='word_1_298' title='bbox 1391 2567 1688 2636; x_wconf 88' lang='lat' dir='ltr'><strong>pertulerit,</strong></span> <span class='ocrx_word' id='word_1_299' title='bbox 1733 2576 1859 2620; x_wconf 92' lang='lat' dir='ltr'><strong>tunc</strong></span> 
     </span>
    </p>
   </div>
   <div class='ocr_carea' id='block_1_42' title="bbox 290 2657 1857 2730">
    <p class='ocr_par' dir='ltr' id='par_1_42' title="bbox 290 2657 1857 2730">
     <span class='ocr_line' id='line_1_42' title="bbox 290 2657 1857 2730; baseline 0.003 -20"><span class='ocrx_word' id='word_1_300' title='bbox 290 2657 518 2712; x_wconf 59' lang='lat' dir='ltr'><strong>multatus</strong></span> <span class='ocrx_word' id='word_1_301' title='bbox 538 2668 612 2712; x_wconf 87' lang='lat' dir='ltr'><strong>est</strong></span> <span class='ocrx_word' id='word_1_302' title='bbox 632 2673 813 2713; x_wconf 89' lang='lat' dir='ltr'><strong>coram</strong></span> <span class='ocrx_word' id='word_1_303' title='bbox 834 2659 1111 2728; x_wconf 85' lang='lat' dir='ltr'><strong>discipulis</strong></span> <span class='ocrx_word' id='word_1_304' title='bbox 1135 2661 1184 2714; x_wconf 94' lang='lat' dir='ltr'><strong>in</strong></span> <span class='ocrx_word' id='word_1_305' title='bbox 1209 2661 1486 2730; x_wconf 89' lang='lat' dir='ltr'><strong>majestate</strong></span> <span class='ocrx_word' id='word_1_306' title='bbox 1507 2677 1623 2727; x_wconf 90' lang='lat' dir='ltr'><strong>sua,</strong></span> <span class='ocrx_word' id='word_1_307' title='bbox 1643 2659 1857 2730; x_wconf 87' lang='lat' dir='ltr'><strong>quando</strong></span> 
     </span>
    </p>
   </div>
   <div class='ocr_carea' id='block_1_43' title="bbox 284 2734 1852 2818">
    <p class='ocr_par' dir='ltr' id='par_1_43' title="bbox 284 2734 1852 2818">
     <span class='ocr_line' id='line_1_43' title="bbox 284 2734 1852 2818; baseline 0.006 -23"><span class='ocrx_word' id='word_1_308' title='bbox 284 2761 395 2800; x_wconf 72' lang='lat' dir='ltr'><strong>eum</strong></span> <span class='ocrx_word' id='word_1_309' title='bbox 437 2746 501 2800; x_wconf 90' lang='lat' dir='ltr'><strong>ad</strong></span> <span class='ocrx_word' id='word_1_310' title='bbox 551 2747 781 2815; x_wconf 78' lang='lat' dir='ltr'><strong>gloriam</strong></span> <span class='ocrx_word' id='word_1_311' title='bbox 831 2756 1043 2803; x_wconf 85' lang='lat' dir='ltr'><strong>constat</strong></span> <span class='ocrx_word' id='word_1_312' title='bbox 1099 2751 1464 2804; x_wconf 78' lang='lat' dir='ltr'><strong>resurrexisse</strong></span> <span class='ocrx_word' id='word_1_313' title='bbox 1516 2734 1852 2818; x_wconf 83' lang='lat' dir='ltr'><strong>perpetuam.</strong></span> 
     </span>
    </p>
   </div>
   <div class='ocr_carea' id='block_1_44' title="bbox 284 2839 1852 2912">
    <p class='ocr_par' dir='ltr' id='par_1_44' title="bbox 284 2839 1852 2912">
     <span class='ocr_line' id='line_1_44' title="bbox 284 2839 1852 2912; baseline 0.003 -20"><span class='ocrx_word' id='word_1_314' title='bbox 284 2839 401 2893; x_wconf 82' lang='lat' dir='ltr'><strong>Orat</strong></span> <span class='ocrx_word' id='word_1_315' title='bbox 433 2855 562 2911; x_wconf 89' lang='lat' dir='ltr'><strong>ergo</strong></span> <span class='ocrx_word' id='word_1_316' title='bbox 611 2841 1004 2908; x_wconf 88' lang='lat' dir='ltr'><strong>sanctissimus,</strong></span> <span class='ocrx_word' id='word_1_317' title='bbox 1037 2842 1180 2912; x_wconf 90' lang='lat' dir='ltr'><strong>quod</strong></span> <span class='ocrx_word' id='word_1_318' title='bbox 1234 2844 1336 2897; x_wconf 90' lang='lat' dir='ltr'><strong>scit</strong></span> <span class='ocrx_word' id='word_1_319' title='bbox 1382 2857 1503 2897; x_wconf 90' lang='lat' dir='ltr'><strong>esse</strong></span> <span class='ocrx_word' id='word_1_320' title='bbox 1548 2853 1852 2897; x_wconf 90' lang='lat' dir='ltr'><strong>venturum.</strong></span> 
     </span>
    </p>
   </div>
   <div class='ocr_carea' id='block_1_45' title="bbox 276 2929 1856 3003">
    <p class='ocr_par' dir='ltr' id='par_1_45' title="bbox 276 2929 1856 3003">
     <span class='ocr_line' id='line_1_45' title="bbox 276 2929 1856 3003; baseline 0.004 -21"><span class='ocrx_word' id='word_1_321' title='bbox 276 2929 383 2984; x_wconf 78' lang='lat' dir='ltr'><strong>Non</strong></span> <span class='ocrx_word' id='word_1_322' title='bbox 411 2933 553 2985; x_wconf 91' lang='lat' dir='ltr'><strong>enim</strong></span> <span class='ocrx_word' id='word_1_323' title='bbox 585 2931 902 3000; x_wconf 86' lang='lat' dir='ltr'><strong>imperativa</strong></span> <span class='ocrx_word' id='word_1_324' title='bbox 945 2935 1105 2988; x_wconf 87' lang='lat' dir='ltr'><strong>verba</strong></span> <span class='ocrx_word' id='word_1_325' title='bbox 1135 2943 1294 3000; x_wconf 90' lang='lat' dir='ltr'><strong>sunt;</strong></span> <span class='ocrx_word' id='word_1_326' title='bbox 1322 2934 1415 2988; x_wconf 92' lang='lat' dir='ltr'><strong>sed</strong></span> <span class='ocrx_word' id='word_1_327' title='bbox 1465 2949 1559 3003; x_wconf 88' lang='lat' dir='ltr'><strong>per</strong></span> <span class='ocrx_word' id='word_1_328' title='bbox 1591 2937 1705 2988; x_wconf 63' lang='lat' dir='ltr'><strong>tunc</strong></span> <span class='ocrx_word' id='word_1_329' title='bbox 1733 2950 1856 2989; x_wconf 91' lang='lat' dir='ltr'><strong>sen-</strong></span> 
     </span>
    </p>
   </div>
   <div class='ocr_carea' id='block_1_46' title="bbox 275 3020 1850 3082">
    <p class='ocr_par' dir='ltr' id='par_1_46' title="bbox 275 3020 1850 3082">
     <span class='ocr_line' id='line_1_46' title="bbox 275 3020 1850 3082; baseline 0.004 -9"><span class='ocrx_word' id='word_1_330' title='bbox 275 3023 433 3075; x_wconf 84' lang='lat' dir='ltr'><strong>tentia</strong></span> <span class='ocrx_word' id='word_1_331' title='bbox 463 3024 596 3076; x_wconf 90' lang='lat' dir='ltr'><strong>certi</strong></span> <span class='ocrx_word' id='word_1_332' title='bbox 623 3024 786 3077; x_wconf 90' lang='lat' dir='ltr'><strong>animi</strong></span> <span class='ocrx_word' id='word_1_333' title='bbox 820 3033 874 3078; x_wconf 90' lang='lat' dir='ltr'><strong>et</strong></span> <span class='ocrx_word' id='word_1_334' title='bbox 902 3023 1118 3079; x_wconf 89' lang='lat' dir='ltr'><strong>devotio</strong></span> <span class='ocrx_word' id='word_1_335' title='bbox 1141 3020 1498 3080; x_wconf 81' lang='lat' dir='ltr'><strong>desiderantis</strong></span> <span class='ocrx_word' id='word_1_336' title='bbox 1527 3025 1850 3082; x_wconf 87' lang='lat' dir='ltr'><strong>ostenditur.</strong></span> 
     </span>
    </p>
   </div>
   <div class='ocr_carea' id='block_1_47' title="bbox 268 3114 1855 3184">
    <p class='ocr_par' dir='ltr' id='par_1_47' title="bbox 268 3114 1855 3184">
     <span class='ocr_line' id='line_1_47' title="bbox 268 3114 1855 3184; baseline 0.002 -16"><span class='ocrx_word' id='word_1_337' title='bbox 268 3114 539 3182; x_wconf 81' lang='lat' dir='ltr'><strong>Sequitur,</strong></span> <span class='ocrx_word' id='word_1_338' title='bbox 570 3117 658 3183; x_wconf 86' lang='lat' dir='ltr'><strong>qui</strong></span> <span class='ocrx_word' id='word_1_339' title='bbox 677 3116 890 3183; x_wconf 86' lang='lat' dir='ltr'><strong>judicas</strong></span> <span class='ocrx_word' id='word_1_340' title='bbox 919 3125 1139 3182; x_wconf 82' lang='lat' dir='ltr'><strong>terram;</strong></span> <span class='ocrx_word' id='word_1_341' title='bbox 1168 3128 1225 3172; x_wconf 95' lang='lat' dir='ltr'><strong>ut</strong></span> <span class='ocrx_word' id='word_1_342' title='bbox 1246 3128 1432 3184; x_wconf 89' lang='lat' dir='ltr'><strong>aperte</strong></span> <span class='ocrx_word' id='word_1_343' title='bbox 1461 3118 1855 3171; x_wconf 87' lang='lat' dir='ltr'><strong>demonstraret</strong></span> 
     </span>
    </p>
   </div>
   <div class='ocr_carea' id='block_1_48' title="bbox 265 3203 1927 3279">
    <p class='ocr_par' dir='ltr' id='par_1_48' title="bbox 265 3203 1927 3279">
     <span class='ocr_line' id='line_1_48' title="bbox 265 3203 1927 3279; baseline 0.001 -17"><span class='ocrx_word' id='word_1_344' title='bbox 265 3207 544 3262; x_wconf 89' lang='lat' dir='ltr'><strong>Dominum</strong></span> <span class='ocrx_word' id='word_1_345' title='bbox 579 3208 870 3272; x_wconf 84' lang='lat' dir='ltr'><strong>Christum,</strong></span> <span class='ocrx_word' id='word_1_346' title='bbox 901 3210 990 3279; x_wconf 91' lang='lat' dir='ltr'><strong>qui</strong></span> <span class='ocrx_word' id='word_1_347' title='bbox 1016 3219 1226 3277; x_wconf 88' lang='lat' dir='ltr'><strong>terram,</strong></span> <span class='ocrx_word' id='word_1_348' title='bbox 1259 3210 1309 3264; x_wconf 91' lang='lat' dir='ltr'><strong>id</strong></span> <span class='ocrx_word' id='word_1_349' title='bbox 1351 3220 1433 3266; x_wconf 90' lang='lat' dir='ltr'><strong>est</strong></span> <span class='ocrx_word' id='word_1_350' title='bbox 1463 3211 1707 3266; x_wconf 81' lang='lat' dir='ltr'><strong>homines</strong></span> <span class='ocrx_word' id='word_1_351' title='bbox 1738 3219 1850 3265; x_wconf 85' lang='lat' dir='ltr'><strong>ter-</strong></span> <span class='ocrx_word' id='word_1_352' title='bbox 1884 3203 1927 3263; x_wconf 92' lang='lat' dir='ltr'><strong>C</strong></span> 
     </span>
    </p>
   </div>
   <div class='ocr_carea' id='block_1_49' title="bbox 260 3297 1852 3369">
    <p class='ocr_par' dir='ltr' id='par_1_49' title="bbox 260 3297 1852 3369">
     <span class='ocr_line' id='line_1_49' title="bbox 260 3297 1852 3369; baseline 0.006 -18"><span class='ocrx_word' id='word_1_353' title='bbox 260 3313 419 3352; x_wconf 84' lang='lat' dir='ltr'><strong>renes</strong></span> <span class='ocrx_word' id='word_1_354' title='bbox 449 3297 746 3367; x_wconf 87' lang='lat' dir='ltr'><strong>majestatis</strong></span> <span class='ocrx_word' id='word_1_355' title='bbox 789 3313 901 3352; x_wconf 62' lang='lat' dir='ltr'><strong>suae</strong></span> <span class='ocrx_word' id='word_1_356' title='bbox 927 3299 1131 3354; x_wconf 90' lang='lat' dir='ltr'><strong>ditione</strong></span> <span class='ocrx_word' id='word_1_357' title='bbox 1155 3299 1437 3369; x_wconf 88' lang='lat' dir='ltr'><strong>judicabit.</strong></span> <span class='ocrx_word' id='word_1_358' title='bbox 1466 3303 1531 3356; x_wconf 88' lang='lat' dir='ltr'><strong>Et</strong></span> <span class='ocrx_word' id='word_1_359' title='bbox 1554 3311 1610 3356; x_wconf 94' lang='lat' dir='ltr'><strong>ut</strong></span> <span class='ocrx_word' id='word_1_360' title='bbox 1640 3301 1740 3356; x_wconf 90' lang='lat' dir='ltr'><strong>hoc</strong></span> <span class='ocrx_word' id='word_1_361' title='bbox 1784 3303 1852 3360; x_wconf 92' lang='lat' dir='ltr'><strong>de</strong></span> 
     </span>
    </p>
   </div>
   <div class='ocr_carea' id='block_1_50' title="bbox 259 3389 1854 3458">
    <p class='ocr_par' dir='ltr' id='par_1_50' title="bbox 259 3389 1854 3458">
     <span class='ocr_line' id='line_1_50' title="bbox 259 3389 1854 3458; baseline 0.004 -16"><span class='ocrx_word' id='word_1_362' title='bbox 259 3389 441 3458; x_wconf 86' lang='lat' dir='ltr'><strong>impiis</strong></span> <span class='ocrx_word' id='word_1_363' title='bbox 469 3390 749 3445; x_wconf 83' lang='lat' dir='ltr'><strong>debuisses</strong></span> <span class='ocrx_word' id='word_1_364' title='bbox 777 3391 1082 3458; x_wconf 87' lang='lat' dir='ltr'><strong>advertere,</strong></span> <span class='ocrx_word' id='word_1_365' title='bbox 1129 3395 1427 3458; x_wconf 83' lang='lat' dir='ltr'><strong>subjunxit,</strong></span> <span class='ocrx_word' id='word_1_366' title='bbox 1455 3397 1610 3448; x_wconf 85' lang='lat' dir='ltr'><strong>redde</strong></span> <span class='ocrx_word' id='word_1_367' title='bbox 1631 3396 1854 3450; x_wconf 85' lang='lat' dir='ltr'><strong>retribu-</strong></span> 
     </span>
    </p>
   </div>
   <div class='ocr_carea' id='block_1_51' title="bbox 257 3479 1848 3554">
    <p class='ocr_par' dir='ltr' id='par_1_51' title="bbox 257 3479 1848 3554">
     <span class='ocr_line' id='line_1_51' title="bbox 257 3479 1848 3554; baseline 0.008 -25"><span class='ocrx_word' id='word_1_368' title='bbox 257 3480 450 3532; x_wconf 83' lang='lat' dir='ltr'><strong>tionem</strong></span> <span class='ocrx_word' id='word_1_369' title='bbox 493 3479 747 3549; x_wconf 80' lang='lat' dir='ltr'><strong>superbis.</strong></span> <span class='ocrx_word' id='word_1_370' title='bbox 781 3479 1000 3550; x_wconf 84' lang='lat' dir='ltr'><strong>Superbi</strong></span> <span class='ocrx_word' id='word_1_371' title='bbox 1031 3484 1174 3536; x_wconf 88' lang='lat' dir='ltr'><strong>enim</strong></span> <span class='ocrx_word' id='word_1_372' title='bbox 1225 3483 1299 3536; x_wconf 88' lang='lat' dir='ltr'><strong>illi</strong></span> <span class='ocrx_word' id='word_1_373' title='bbox 1331 3492 1456 3537; x_wconf 85' lang='lat' dir='ltr'><strong>sunt</strong></span> <span class='ocrx_word' id='word_1_374' title='bbox 1509 3484 1600 3554; x_wconf 90' lang='lat' dir='ltr'><strong>qui</strong></span> <span class='ocrx_word' id='word_1_375' title='bbox 1657 3486 1707 3540; x_wconf 90' lang='lat' dir='ltr'><strong>in</strong></span> <span class='ocrx_word' id='word_1_376' title='bbox 1756 3501 1848 3540; x_wconf 88' lang='lat' dir='ltr'><strong>sua</strong></span> 
     </span>
    </p>
   </div>
   <div class='ocr_carea' id='block_1_52' title="bbox 259 3575 1848 3645">
    <p class='ocr_par' dir='ltr' id='par_1_52' title="bbox 259 3575 1848 3645">
     <span class='ocr_line' id='line_1_52' title="bbox 259 3575 1848 3645; baseline 0.005 -21"><span class='ocrx_word' id='word_1_377' title='bbox 259 3575 596 3642; x_wconf 75' lang='lat' dir='ltr'><strong>malignitate</strong></span> <span class='ocrx_word' id='word_1_378' title='bbox 645 3575 938 3640; x_wconf 80' lang='lat' dir='ltr'><strong>deﬁciunt,</strong></span> <span class='ocrx_word' id='word_1_379' title='bbox 986 3591 1088 3630; x_wconf 89' lang='lat' dir='ltr'><strong>nec</strong></span> <span class='ocrx_word' id='word_1_380' title='bbox 1137 3577 1313 3645; x_wconf 90' lang='lat' dir='ltr'><strong>aliqua</strong></span> <span class='ocrx_word' id='word_1_381' title='bbox 1367 3577 1736 3634; x_wconf 79' lang='lat' dir='ltr'><strong>satisfactione</strong></span> <span class='ocrx_word' id='word_1_382' title='bbox 1781 3579 1848 3632; x_wconf 91' lang='lat' dir='ltr'><strong>ad</strong></span> 
     </span>
    </p>
   </div>
   <div class='ocr_carea' id='block_1_53' title="bbox 259 3667 1849 3742">
    <p class='ocr_par' dir='ltr' id='par_1_53' title="bbox 259 3667 1849 3742">
     <span class='ocr_line' id='line_1_53' title="bbox 259 3667 1849 3742; baseline 0.002 -21"><span class='ocrx_word' id='word_1_383' title='bbox 259 3667 470 3722; x_wconf 82' lang='lat' dir='ltr'><strong>Domini</strong></span> <span class='ocrx_word' id='word_1_384' title='bbox 493 3668 744 3723; x_wconf 85' lang='lat' dir='ltr'><strong>videntur</strong></span> <span class='ocrx_word' id='word_1_385' title='bbox 774 3669 1202 3725; x_wconf 84' lang='lat' dir='ltr'><strong>misericordiam</strong></span> <span class='ocrx_word' id='word_1_386' title='bbox 1234 3670 1547 3742; x_wconf 89' lang='lat' dir='ltr'><strong>pervenire.</strong></span> <span class='ocrx_word' id='word_1_387' title='bbox 1580 3671 1849 3740; x_wconf 76' lang='lat' dir='ltr'><strong>Superbus</strong></span> 
     </span>
    </p>
   </div>
   <div class='ocr_carea' id='block_1_54' title="bbox 261 3759 1847 3833">
    <p class='ocr_par' dir='ltr' id='par_1_54' title="bbox 261 3759 1847 3833">
     <span class='ocr_line' id='line_1_54' title="bbox 261 3759 1847 3833; baseline 0.006 -24"><span class='ocrx_word' id='word_1_388' title='bbox 261 3768 439 3813; x_wconf 88' lang='lat' dir='ltr'><strong>autem</strong></span> <span class='ocrx_word' id='word_1_389' title='bbox 467 3767 524 3814; x_wconf 89' lang='lat' dir='ltr'><strong>et</strong></span> <span class='ocrx_word' id='word_1_390' title='bbox 549 3759 714 3831; x_wconf 78' lang='lat'><strong>316</strong></span> <span class='ocrx_word' id='word_1_391' title='bbox 742 3760 985 3817; x_wconf 91' lang='lat' dir='ltr'><strong>diabolus</strong></span> <span class='ocrx_word' id='word_1_392' title='bbox 1015 3763 1233 3829; x_wconf 88' lang='lat' dir='ltr'><strong>dicitur,</strong></span> <span class='ocrx_word' id='word_1_393' title='bbox 1277 3773 1330 3818; x_wconf 90' lang='lat' dir='ltr'><strong>et</strong></span> <span class='ocrx_word' id='word_1_394' title='bbox 1369 3764 1459 3833; x_wconf 90' lang='lat' dir='ltr'><strong>qui</strong></span> <span class='ocrx_word' id='word_1_395' title='bbox 1485 3763 1600 3832; x_wconf 90' lang='lat' dir='ltr'><strong>ejus</strong></span> <span class='ocrx_word' id='word_1_396' title='bbox 1630 3779 1847 3832; x_wconf 86' lang='lat' dir='ltr'><strong>perver-</strong></span> 
     </span>
    </p>
   </div>
   <div class='ocr_carea' id='block_1_55' title="bbox 259 3851 1846 3926">
    <p class='ocr_par' dir='ltr' id='par_1_55' title="bbox 259 3851 1846 3926">
     <span class='ocr_line' id='line_1_55' title="bbox 259 3851 1846 3926; baseline 0.004 -25"><span class='ocrx_word' id='word_1_397' title='bbox 259 3851 506 3906; x_wconf 85' lang='lat' dir='ltr'><strong>sitatibus</strong></span> <span class='ocrx_word' id='word_1_398' title='bbox 534 3852 882 3908; x_wconf 86' lang='lat' dir='ltr'><strong>obseeundat.</strong></span> <span class='ocrx_word' id='word_1_399' title='bbox 931 3855 1052 3909; x_wconf 88' lang='lat' dir='ltr'><strong>Istis</strong></span> <span class='ocrx_word' id='word_1_400' title='bbox 1080 3870 1210 3926; x_wconf 80' lang='lat' dir='ltr'><strong>ergo</strong></span> <span class='ocrx_word' id='word_1_401' title='bbox 1256 3857 1540 3910; x_wconf 88' lang='lat' dir='ltr'><strong>retributio</strong></span> <span class='ocrx_word' id='word_1_402' title='bbox 1568 3855 1846 3910; x_wconf 87' lang='lat' dir='ltr'><strong>reddenda</strong></span> 
     </span>
    </p>
   </div>
   <div class='ocr_carea' id='block_1_56' title="bbox 257 3942 1845 4015">
    <p class='ocr_par' dir='ltr' id='par_1_56' title="bbox 257 3942 1845 4015">
     <span class='ocr_line' id='line_1_56' title="bbox 257 3942 1845 4015; baseline 0.003 -22"><span class='ocrx_word' id='word_1_403' title='bbox 257 3949 360 4001; x_wconf 79' lang='lat' dir='ltr'><strong>est.</strong></span> <span class='ocrx_word' id='word_1_404' title='bbox 391 3955 512 3995; x_wconf 87' lang='lat' dir='ltr'><strong>cum</strong></span> <span class='ocrx_word' id='word_1_405' title='bbox 545 3942 816 3997; x_wconf 89' lang='lat' dir='ltr'><strong>audierint</strong></span> <span class='ocrx_word' id='word_1_406' title='bbox 845 3963 858 3999; x_wconf 89' lang='lat'><strong>:</strong></span> <span class='ocrx_word' id='word_1_407' title='bbox 890 3942 974 3999; x_wconf 87' lang='lat' dir='ltr'><strong>Ite</strong></span> <span class='ocrx_word' id='word_1_408' title='bbox 993 3945 1046 3998; x_wconf 92' lang='lat' dir='ltr'><strong>in</strong></span> <span class='ocrx_word' id='word_1_409' title='bbox 1073 3945 1238 4015; x_wconf 75' lang='lat' dir='ltr'><strong>ignem</strong></span> <span class='ocrx_word' id='word_1_410' title='bbox 1270 3956 1539 4011; x_wconf 70' lang='lat' dir='ltr'><strong>(sternunt,</strong></span> <span class='ocrx_word' id='word_1_411' title='bbox 1572 3946 1658 4013; x_wconf 91' lang='lat' dir='ltr'><strong>qui</strong></span> <span class='ocrx_word' id='word_1_412' title='bbox 1692 3962 1845 4014; x_wconf 84' lang='lat' dir='ltr'><strong>para-</strong></span> 
     </span>
    </p>
   </div>
   <div class='ocr_carea' id='block_1_57' title="bbox 257 4035 1665 4110">
    <p class='ocr_par' dir='ltr' id='par_1_57' title="bbox 257 4035 1665 4110">
     <span class='ocr_line' id='line_1_57' title="bbox 257 4035 1665 4110; baseline 0.009 -27"><span class='ocrx_word' id='word_1_413' title='bbox 257 4043 339 4086; x_wconf 88' lang='lat' dir='ltr'><strong>tus</strong></span> <span class='ocrx_word' id='word_1_414' title='bbox 365 4045 442 4088; x_wconf 79' lang='lat' dir='ltr'><strong>est</strong></span> <span class='ocrx_word' id='word_1_415' title='bbox 467 4035 674 4089; x_wconf 80' lang='lat' dir='ltr'><strong>diabolo</strong></span> <span class='ocrx_word' id='word_1_416' title='bbox 703 4046 752 4090; x_wconf 85' lang='lat' dir='ltr'><strong>et</strong></span> <span class='ocrx_word' id='word_1_417' title='bbox 776 4038 972 4108; x_wconf 83' lang='lat' dir='ltr'><strong>angelis</strong></span> <span class='ocrx_word' id='word_1_418' title='bbox 1002 4040 1114 4110; x_wconf 85' lang='lat' dir='ltr'><strong>ejus</strong></span> <span class='ocrx_word' id='word_1_419' title='bbox 1146 4038 1358 4109; x_wconf 81' lang='lat' dir='ltr'><strong>(Matth.</strong></span> <span class='ocrx_word' id='word_1_420' title='bbox 1394 4056 1520 4106; x_wconf 77' lang='lat' dir='ltr'><strong>xxv,</strong></span> <span class='ocrx_word' id='word_1_421' title='bbox 1549 4039 1665 4108; x_wconf 76' lang='grc'><strong>41).</strong></span> 
     </span>
    </p>
   </div>
   <div class='ocr_carea' id='block_1_58' title="bbox 331 4126 1844 4201">
    <p class='ocr_par' dir='ltr' id='par_1_58' title="bbox 331 4126 1844 4201">
     <span class='ocr_line' id='line_1_58' title="bbox 331 4126 1844 4201; baseline 0.003 -21"><span class='ocrx_word' id='word_1_422' title='bbox 331 4126 485 4182; x_wconf 79' lang='lat' dir='ltr'><strong>Vers.</strong></span> <span class='ocrx_word' id='word_1_423' title='bbox 532 4130 584 4183; x_wconf 79' lang='lat'><strong>&#39;5.</strong></span> <span class='ocrx_word' id='word_1_424' title='bbox 626 4129 899 4199; x_wconf 81' lang='lat' dir='ltr'><strong>L’squequo</strong></span> <span class='ocrx_word' id='word_1_425' title='bbox 929 4140 1238 4201; x_wconf 85' lang='lat' dir='ltr'><strong>peccatores,</strong></span> <span class='ocrx_word' id='word_1_426' title='bbox 1279 4131 1530 4196; x_wconf 87' lang='lat' dir='ltr'><strong>Domine,</strong></span> <span class='ocrx_word' id='word_1_427' title='bbox 1581 4147 1844 4201; x_wconf 85' lang='lat' dir='ltr'><strong>usqttequo</strong></span> 
     </span>
    </p>
   </div>
   <div class='ocr_carea' id='block_1_59' title="bbox 258 4218 1843 4291">
    <p class='ocr_par' dir='ltr' id='par_1_59' title="bbox 258 4218 1843 4291">
     <span class='ocr_line' id='line_1_59' title="bbox 258 4218 1843 4291; baseline 0.003 -21"><span class='ocrx_word' id='word_1_428' title='bbox 258 4229 546 4282; x_wconf 78' lang='lat' dir='ltr'><strong>peccatores</strong></span> <span class='ocrx_word' id='word_1_429' title='bbox 591 4218 986 4291; x_wconf 78' lang='lat' dir='ltr'><strong>gloriabuntur?</strong></span> <span class='ocrx_word' id='word_1_430' title='bbox 1013 4221 1205 4276; x_wconf 86' lang='lat' dir='ltr'><strong>Adhuc</strong></span> <span class='ocrx_word' id='word_1_431' title='bbox 1255 4223 1308 4274; x_wconf 88' lang='lat' dir='ltr'><strong>itt</strong></span> <span class='ocrx_word' id='word_1_432' title='bbox 1356 4221 1843 4290; x_wconf 89' lang='lat' dir='ltr'><strong>sensu-superiore</strong></span> 
     </span>
    </p>
   </div>
   <div class='ocr_carea' id='block_1_60' title="bbox 257 4313 1840 4383">
    <p class='ocr_par' dir='ltr' id='par_1_60' title="bbox 257 4313 1840 4383">
     <span class='ocr_line' id='line_1_60' title="bbox 257 4313 1840 4383; baseline 0.001 -17"><span class='ocrx_word' id='word_1_433' title='bbox 257 4313 577 4378; x_wconf 81' lang='lat' dir='ltr'><strong>persistens,</strong></span> <span class='ocrx_word' id='word_1_434' title='bbox 609 4313 676 4368; x_wconf 92' lang='lat' dir='ltr'><strong>de</strong></span> <span class='ocrx_word' id='word_1_435' title='bbox 717 4313 824 4368; x_wconf 91' lang='lat' dir='ltr'><strong>illis</strong></span> <span class='ocrx_word' id='word_1_436' title='bbox 869 4315 1245 4383; x_wconf 82' lang='lat' dir='ltr'><strong>peccatoribus</strong></span> <span class='ocrx_word' id='word_1_437' title='bbox 1291 4315 1421 4368; x_wconf 90' lang='lat' dir='ltr'><strong>dicit</strong></span> <span class='ocrx_word' id='word_1_438' title='bbox 1450 4314 1542 4383; x_wconf 88' lang='lat' dir='ltr'><strong>qtti</strong></span> <span class='ocrx_word' id='word_1_439' title='bbox 1573 4314 1840 4368; x_wconf 89' lang='lat' dir='ltr'><strong>obstinata</strong></span> 
     </span>
    </p>
   </div>
   <div class='ocr_carea' id='block_1_61' title="bbox 254 4403 1836 4477">
    <p class='ocr_par' dir='ltr' id='par_1_61' title="bbox 254 4403 1836 4477">
     <span class='ocr_line' id='line_1_61' title="bbox 254 4403 1836 4477; baseline 0.003 -23"><span class='ocrx_word' id='word_1_440' title='bbox 254 4404 526 4460; x_wconf 77' lang='lat' dir='ltr'><strong>voluntate</strong></span> <span class='ocrx_word' id='word_1_441' title='bbox 556 4403 865 4460; x_wconf 85' lang='lat' dir='ltr'><strong>durescunt.</strong></span> <span class='ocrx_word' id='word_1_442' title='bbox 894 4406 1129 4461; x_wconf 90' lang='lat' dir='ltr'><strong>Dicendo</strong></span> <span class='ocrx_word' id='word_1_443' title='bbox 1160 4407 1327 4469; x_wconf 65' lang='lat' dir='ltr'><strong>enim,</strong></span> <span class='ocrx_word' id='word_1_444' title='bbox 1361 4421 1624 4477; x_wconf 88' lang='lat' dir='ltr'><strong>usquequo</strong></span> <span class='ocrx_word' id='word_1_445' title='bbox 1656 4421 1836 4473; x_wconf 81' lang='lat' dir='ltr'><strong>pecca-</strong></span> 
     </span>
    </p>
   </div>
   <div class='ocr_carea' id='block_1_62' title="bbox 251 4495 1839 4566">
    <p class='ocr_par' dir='ltr' id='par_1_62' title="bbox 251 4495 1839 4566">
     <span class='ocr_line' id='line_1_62' title="bbox 251 4495 1839 4566; baseline 0.001 -19"><span class='ocrx_word' id='word_1_446' title='bbox 251 4505 381 4548; x_wconf 81' lang='lat' dir='ltr'><strong>tores</strong></span> <span class='ocrx_word' id='word_1_447' title='bbox 414 4495 808 4565; x_wconf 86' lang='lat' dir='ltr'><strong>gloriabuntur?</strong></span> <span class='ocrx_word' id='word_1_448' title='bbox 837 4497 981 4552; x_wconf 89' lang='lat' dir='ltr'><strong>istud</strong></span> <span class='ocrx_word' id='word_1_449' title='bbox 1031 4497 1287 4551; x_wconf 71' lang='lat' dir='ltr'><strong>steculum</strong></span> <span class='ocrx_word' id='word_1_450' title='bbox 1335 4497 1618 4566; x_wconf 81' lang='lat' dir='ltr'><strong>signiﬁcat,</strong></span> <span class='ocrx_word' id='word_1_451' title='bbox 1658 4497 1710 4550; x_wconf 88' lang='lat' dir='ltr'><strong>itt</strong></span> <span class='ocrx_word' id='word_1_452' title='bbox 1735 4511 1839 4566; x_wconf 89' lang='lat' dir='ltr'><strong>quo</strong></span> 
     </span>
    </p>
   </div>
   <div class='ocr_carea' id='block_1_63' title="bbox 2045 1961 3560 2052">
    <p class='ocr_par' dir='ltr' id='par_1_63' title="bbox 2045 1961 3560 2052">
     <span class='ocr_line' id='line_1_63' title="bbox 2045 1961 3560 2052; baseline 0.02 -40"><span class='ocrx_word' id='word_1_453' title='bbox 2045 1961 2191 2016; x_wconf 85' lang='lat' dir='ltr'><strong>Vers.</strong></span> <span class='ocrx_word' id='word_1_454' title='bbox 2227 1965 2277 2019; x_wconf 81' lang='grc'><strong>5.</strong></span> <span class='ocrx_word' id='word_1_455' title='bbox 2307 1964 2566 2037; x_wconf 82' lang='lat' dir='ltr'><strong>Papulutn</strong></span> <span class='ocrx_word' id='word_1_456' title='bbox 2599 1981 2760 2036; x_wconf 85' lang='lat' dir='ltr'><strong>tuum,</strong></span> <span class='ocrx_word' id='word_1_457' title='bbox 2791 1974 3027 2043; x_wconf 86' lang='lat' dir='ltr'><strong>Domine,</strong></span> <span class='ocrx_word' id='word_1_458' title='bbox 3058 1980 3477 2052; x_wconf 86' lang='lat' dir='ltr'><strong>humiliaverunt,</strong></span> <span class='ocrx_word' id='word_1_459' title='bbox 3513 2000 3560 2042; x_wconf 83' lang='lat' dir='ltr'><strong>et</strong></span> 
     </span>
    </p>
   </div>
   <div class='ocr_carea' id='block_1_64' title="bbox 1967 2049 3558 2145">
    <p class='ocr_par' dir='ltr' id='par_1_64' title="bbox 1967 2049 3558 2145">
     <span class='ocr_line' id='line_1_64' title="bbox 1967 2049 3558 2145; baseline 0.021 -43"><span class='ocrx_word' id='word_1_460' title='bbox 1967 2049 2312 2108; x_wconf 78' lang='lat' dir='ltr'><strong>[nereditatem</strong></span> <span class='ocrx_word' id='word_1_461' title='bbox 2357 2068 2500 2112; x_wconf 87' lang='lat' dir='ltr'><strong>tuam</strong></span> <span class='ocrx_word' id='word_1_462' title='bbox 2530 2077 2852 2122; x_wconf 71' lang='lat' dir='ltr'><strong>vexaverant.</strong></span> <span class='ocrx_word' id='word_1_463' title='bbox 2899 2069 3162 2140; x_wconf 83' lang='lat' dir='ltr'><strong>Populum</strong></span> <span class='ocrx_word' id='word_1_464' title='bbox 3216 2086 3378 2145; x_wconf 89' lang='lat' dir='ltr'><strong>tuum,</strong></span> <span class='ocrx_word' id='word_1_465' title='bbox 3411 2081 3558 2137; x_wconf 87' lang='lat' dir='ltr'><strong>viros</strong></span> 
     </span>
    </p>
   </div>
   <div class='ocr_carea' id='block_1_65' title="bbox 1969 2141 3554 2232">
    <p class='ocr_par' dir='ltr' id='par_1_65' title="bbox 1969 2141 3554 2232">
     <span class='ocr_line' id='line_1_65' title="bbox 1969 2141 3554 2232; baseline 0.023 -40"><span class='ocrx_word' id='word_1_466' title='bbox 1969 2141 2096 2214; x_wconf 82' lang='lat' dir='ltr'><strong>[ed.,</strong></span> <span class='ocrx_word' id='word_1_467' title='bbox 2125 2147 2301 2218; x_wconf 88' lang='lat' dir='ltr'><strong>veros]</strong></span> <span class='ocrx_word' id='word_1_468' title='bbox 2325 2149 2449 2203; x_wconf 90' lang='lat' dir='ltr'><strong>dicit</strong></span> <span class='ocrx_word' id='word_1_469' title='bbox 2479 2153 2684 2218; x_wconf 82' lang='lat' dir='ltr'><strong>ﬁdeles,</strong></span> <span class='ocrx_word' id='word_1_470' title='bbox 2711 2174 2843 2227; x_wconf 90' lang='lat' dir='ltr'><strong>quos</strong></span> <span class='ocrx_word' id='word_1_471' title='bbox 2866 2161 3004 2216; x_wconf 88' lang='lat' dir='ltr'><strong>idem</strong></span> <span class='ocrx_word' id='word_1_472' title='bbox 3034 2166 3278 2232; x_wconf 89' lang='lat' dir='ltr'><strong>perbibet</strong></span> <span class='ocrx_word' id='word_1_473' title='bbox 3304 2141 3554 2227; x_wconf 81' lang='lat' dir='ltr'><strong>humilia-</strong></span> 
     </span>
    </p>
   </div>
   <div class='ocr_carea' id='block_1_66' title="bbox 1968 2241 3556 2320">
    <p class='ocr_par' dir='ltr' id='par_1_66' title="bbox 1968 2241 3556 2320">
     <span class='ocr_line' id='line_1_66' title="bbox 1968 2241 3556 2320; baseline 0.021 -34"><span class='ocrx_word' id='word_1_474' title='bbox 1968 2243 2068 2300; x_wconf 92' lang='lat' dir='ltr'><strong>tos,</strong></span> <span class='ocrx_word' id='word_1_475' title='bbox 2122 2241 2374 2306; x_wconf 84' lang='lat' dir='ltr'><strong>quoniam</strong></span> <span class='ocrx_word' id='word_1_476' title='bbox 2404 2242 2512 2298; x_wconf 91' lang='lat' dir='ltr'><strong>Deo</strong></span> <span class='ocrx_word' id='word_1_477' title='bbox 2560 2245 2671 2301; x_wconf 85' lang='lat' dir='ltr'><strong>ﬁeri</strong></span> <span class='ocrx_word' id='word_1_478' title='bbox 2703 2255 3052 2311; x_wconf 88' lang='lat' dir='ltr'><strong>contumelias</strong></span> <span class='ocrx_word' id='word_1_479' title='bbox 3084 2260 3393 2316; x_wconf 90' lang='lat' dir='ltr'><strong>audiebant.</strong></span> <span class='ocrx_word' id='word_1_480' title='bbox 3453 2266 3556 2320; x_wconf 82' lang='lat' dir='ltr'><strong>Ne-</strong></span> 
     </span>
    </p>
   </div>
   <div class='ocr_carea' id='block_1_67' title="bbox 1965 2335 3552 2427">
    <p class='ocr_par' dir='ltr' id='par_1_67' title="bbox 1965 2335 3552 2427">
     <span class='ocr_line' id='line_1_67' title="bbox 1965 2335 3552 2427; baseline 0.019 -45"><span class='ocrx_word' id='word_1_481' title='bbox 1965 2341 2119 2385; x_wconf 90' lang='lat' dir='ltr'><strong>cesse</strong></span> <span class='ocrx_word' id='word_1_482' title='bbox 2161 2341 2245 2386; x_wconf 90' lang='lat' dir='ltr'><strong>est</strong></span> <span class='ocrx_word' id='word_1_483' title='bbox 2300 2335 2441 2388; x_wconf 90' lang='lat' dir='ltr'><strong>enim</strong></span> <span class='ocrx_word' id='word_1_484' title='bbox 2493 2337 2742 2394; x_wconf 89' lang='lat' dir='ltr'><strong>devotum</strong></span> <span class='ocrx_word' id='word_1_485' title='bbox 2789 2344 3044 2402; x_wconf 78' lang='lat' dir='ltr'><strong>famulum</strong></span> <span class='ocrx_word' id='word_1_486' title='bbox 3077 2349 3265 2407; x_wconf 85' lang='lat' dir='ltr'><strong>dolore</strong></span> <span class='ocrx_word' id='word_1_487' title='bbox 3304 2356 3552 2427; x_wconf 88' lang='lat' dir='ltr'><strong>cruciari,</strong></span> 
     </span>
    </p>
   </div>
   <div class='ocr_carea' id='block_1_68' title="bbox 1965 2422 3555 2506">
    <p class='ocr_par' dir='ltr' id='par_1_68' title="bbox 1965 2422 3555 2506">
     <span class='ocr_line' id='line_1_68' title="bbox 1965 2422 3555 2506; baseline 0.02 -33"><span class='ocrx_word' id='word_1_488' title='bbox 1965 2422 2178 2486; x_wconf 86' lang='lat' dir='ltr'><strong>quando</strong></span> <span class='ocrx_word' id='word_1_489' title='bbox 2209 2424 2752 2486; x_wconf 70' lang='lat' dir='ltr'><strong>irreverentiSSimum</strong></span> <span class='ocrx_word' id='word_1_490' title='bbox 2793 2436 2991 2506; x_wconf 89' lang='lat' dir='ltr'><strong>aliquid</strong></span> <span class='ocrx_word' id='word_1_491' title='bbox 3041 2439 3110 2495; x_wconf 89' lang='lat' dir='ltr'><strong>de</strong></span> <span class='ocrx_word' id='word_1_492' title='bbox 3141 2441 3368 2500; x_wconf 89' lang='lat' dir='ltr'><strong>Domino</strong></span> <span class='ocrx_word' id='word_1_493' title='bbox 3419 2422 3555 2503; x_wconf 52' lang='lat' dir='ltr'><strong>con;</strong></span> 
     </span>
    </p>
   </div>
   <div class='ocr_carea' id='block_1_69' title="bbox 1965 2511 3550 2606">
    <p class='ocr_par' dir='ltr' id='par_1_69' title="bbox 1965 2511 3550 2606">
     <span class='ocr_line' id='line_1_69' title="bbox 1965 2511 3550 2606; baseline 0.02 -44"><span class='ocrx_word' id='word_1_494' title='bbox 1965 2511 2117 2573; x_wconf 76' lang='lat' dir='ltr'><strong>tingit</strong></span> <span class='ocrx_word' id='word_1_495' title='bbox 2167 2517 2374 2573; x_wconf 92' lang='lat' dir='ltr'><strong>audire.</strong></span> <span class='ocrx_word' id='word_1_496' title='bbox 2423 2519 2793 2579; x_wconf 79' lang='lat' dir='ltr'><strong>[hereditatem</strong></span> <span class='ocrx_word' id='word_1_497' title='bbox 2839 2543 2968 2584; x_wconf 89' lang='lat' dir='ltr'><strong>vero</strong></span> <span class='ocrx_word' id='word_1_498' title='bbox 3016 2535 3239 2601; x_wconf 89' lang='lat' dir='ltr'><strong>populos</strong></span> <span class='ocrx_word' id='word_1_499' title='bbox 3286 2539 3550 2606; x_wconf 81' lang='lat' dir='ltr'><strong>signiﬁcat</strong></span> 
     </span>
    </p>
   </div>
   <div class='ocr_carea' id='block_1_70' title="bbox 1962 2602 3552 2695">
    <p class='ocr_par' dir='ltr' id='par_1_70' title="bbox 1962 2602 3552 2695">
     <span class='ocr_line' id='line_1_70' title="bbox 1962 2602 3552 2695; baseline 0.017 -39"><span class='ocrx_word' id='word_1_500' title='bbox 1962 2602 2316 2668; x_wconf 84' lang='lat' dir='ltr'><strong>Christianos,</strong></span> <span class='ocrx_word' id='word_1_501' title='bbox 2349 2625 2486 2677; x_wconf 90' lang='lat' dir='ltr'><strong>quos</strong></span> <span class='ocrx_word' id='word_1_502' title='bbox 2517 2611 2638 2668; x_wconf 89' lang='lat' dir='ltr'><strong>ideo</strong></span> <span class='ocrx_word' id='word_1_503' title='bbox 2661 2614 2793 2669; x_wconf 89' lang='lat' dir='ltr'><strong>dicit</strong></span> <span class='ocrx_word' id='word_1_504' title='bbox 2824 2631 2944 2673; x_wconf 88' lang='lat' dir='ltr'><strong>esse</strong></span> <span class='ocrx_word' id='word_1_505' title='bbox 2972 2633 3211 2691; x_wconf 82' lang='lat' dir='ltr'><strong>vexatos,</strong></span> <span class='ocrx_word' id='word_1_506' title='bbox 3249 2602 3372 2695; x_wconf 75' lang='lat' dir='ltr'><strong>quia</strong></span> <span class='ocrx_word' id='word_1_507' title='bbox 3399 2629 3552 2682; x_wconf 92' lang='lat' dir='ltr'><strong>innu-</strong></span> 
     </span>
    </p>
   </div>
   <div class='ocr_carea' id='block_1_71' title="bbox 1963 2694 3551 2786">
    <p class='ocr_par' dir='ltr' id='par_1_71' title="bbox 1963 2694 3551 2786">
     <span class='ocr_line' id='line_1_71' title="bbox 1963 2694 3551 2786; baseline 0.019 -42"><span class='ocrx_word' id='word_1_508' title='bbox 1963 2694 2124 2747; x_wconf 90' lang='lat' dir='ltr'><strong>meris</strong></span> <span class='ocrx_word' id='word_1_509' title='bbox 2179 2697 2420 2753; x_wconf 88' lang='lat' dir='ltr'><strong>cladibns</strong></span> <span class='ocrx_word' id='word_1_510' title='bbox 2475 2717 2569 2756; x_wconf 92' lang='lat' dir='ltr'><strong>eos</strong></span> <span class='ocrx_word' id='word_1_511' title='bbox 2626 2707 2843 2774; x_wconf 84' lang='lat' dir='ltr'><strong>superbi</strong></span> <span class='ocrx_word' id='word_1_512' title='bbox 2893 2694 3278 2786; x_wconf 80' lang='lat' dir='ltr'><strong>persecutores</strong></span> <span class='ocrx_word' id='word_1_513' title='bbox 3320 2727 3551 2774; x_wconf 85' lang='lat' dir='ltr'><strong>atterere</strong></span> 
     </span>
    </p>
   </div>
   <div class='ocr_carea' id='block_1_72' title="bbox 1967 2791 3547 2865">
    <p class='ocr_par' dir='ltr' id='par_1_72' title="bbox 1967 2791 3547 2865">
     <span class='ocr_line' id='line_1_72' title="bbox 1967 2791 3547 2865; baseline 0.018 -29"><span class='ocrx_word' id='word_1_514' title='bbox 1967 2793 2328 2865; x_wconf 77' lang='lat' dir='ltr'><strong>tentaverunt.</strong></span> <span class='ocrx_word' id='word_1_515' title='bbox 2359 2791 2426 2844; x_wconf 84' lang='lat' dir='ltr'><strong>Et</strong></span> <span class='ocrx_word' id='word_1_516' title='bbox 2454 2795 2662 2863; x_wconf 90' lang='lat' dir='ltr'><strong>respice</strong></span> <span class='ocrx_word' id='word_1_517' title='bbox 2689 2813 2848 2865; x_wconf 90' lang='lat' dir='ltr'><strong>quam</strong></span> <span class='ocrx_word' id='word_1_518' title='bbox 2902 2802 3180 2858; x_wconf 90' lang='lat' dir='ltr'><strong>moderato</strong></span> <span class='ocrx_word' id='word_1_519' title='bbox 3208 2807 3372 2861; x_wconf 89' lang='lat' dir='ltr'><strong>verbo</strong></span> <span class='ocrx_word' id='word_1_520' title='bbox 3399 2827 3547 2865; x_wconf 71' lang='lat' dir='ltr'><strong>vexa-</strong></span> 
     </span>
    </p>
   </div>
   <div class='ocr_carea' id='block_1_73' title="bbox 1959 2876 3548 2960">
    <p class='ocr_par' dir='ltr' id='par_1_73' title="bbox 1959 2876 3548 2960">
     <span class='ocr_line' id='line_1_73' title="bbox 1959 2876 3548 2960; baseline 0.018 -34"><span class='ocrx_word' id='word_1_521' title='bbox 1959 2884 2036 2928; x_wconf 86' lang='lat' dir='ltr'><strong>tos</strong></span> <span class='ocrx_word' id='word_1_522' title='bbox 2065 2876 2195 2931; x_wconf 92' lang='lat' dir='ltr'><strong>dicit</strong></span> <span class='ocrx_word' id='word_1_523' title='bbox 2226 2894 2367 2949; x_wconf 89' lang='lat' dir='ltr'><strong>esse,</strong></span> <span class='ocrx_word' id='word_1_524' title='bbox 2401 2897 2506 2937; x_wconf 92' lang='lat' dir='ltr'><strong>non</strong></span> <span class='ocrx_word' id='word_1_525' title='bbox 2533 2885 2790 2952; x_wconf 87' lang='lat' dir='ltr'><strong>perditos,</strong></span> <span class='ocrx_word' id='word_1_526' title='bbox 2825 2889 2948 2957; x_wconf 89' lang='lat' dir='ltr'><strong>quia</strong></span> <span class='ocrx_word' id='word_1_527' title='bbox 2980 2906 3194 2960; x_wconf 89' lang='lat' dir='ltr'><strong>semper</strong></span> <span class='ocrx_word' id='word_1_528' title='bbox 3224 2897 3406 2953; x_wconf 89' lang='lat' dir='ltr'><strong>fideles</strong></span> <span class='ocrx_word' id='word_1_529' title='bbox 3437 2908 3548 2954; x_wconf 80' lang='lat' dir='ltr'><strong>ten-</strong></span> 
     </span>
    </p>
   </div>
   <div class='ocr_carea' id='block_1_74' title="bbox 1965 2967 3550 3049">
    <p class='ocr_par' dir='ltr' id='par_1_74' title="bbox 1965 2967 3550 3049">
     <span class='ocr_line' id='line_1_74' title="bbox 1965 2967 3550 3049; baseline 0.018 -32"><span class='ocrx_word' id='word_1_530' title='bbox 1965 2967 2166 3023; x_wconf 89' lang='lat' dir='ltr'><strong>tatione</strong></span> <span class='ocrx_word' id='word_1_531' title='bbox 2213 2971 2519 3042; x_wconf 83' lang='lat' dir='ltr'><strong>proficiunt,</strong></span> <span class='ocrx_word' id='word_1_532' title='bbox 2569 2985 2623 3029; x_wconf 92' lang='lat' dir='ltr'><strong>et</strong></span> <span class='ocrx_word' id='word_1_533' title='bbox 2653 2988 2855 3047; x_wconf 88' lang='lat' dir='ltr'><strong>quanto</strong></span> <span class='ocrx_word' id='word_1_534' title='bbox 2906 2981 3022 3049; x_wconf 90' lang='lat' dir='ltr'><strong>plus</strong></span> <span class='ocrx_word' id='word_1_535' title='bbox 3071 2984 3176 3038; x_wconf 91' lang='lat' dir='ltr'><strong>illis</strong></span> <span class='ocrx_word' id='word_1_536' title='bbox 3207 2985 3435 3042; x_wconf 86' lang='lat' dir='ltr'><strong>humana</strong></span> <span class='ocrx_word' id='word_1_537' title='bbox 3470 2993 3550 3046; x_wconf 89' lang='lat' dir='ltr'><strong>vis</strong></span> 
     </span>
    </p>
   </div>
   <div class='ocr_carea' id='block_1_75' title="bbox 1963 3056 3544 3147">
    <p class='ocr_par' dir='ltr' id='par_1_75' title="bbox 1963 3056 3544 3147">
     <span class='ocr_line' id='line_1_75' title="bbox 1963 3056 3544 3147; baseline 0.016 -38"><span class='ocrx_word' id='word_1_538' title='bbox 1963 3056 2240 3126; x_wconf 84' lang='lat' dir='ltr'><strong>ingeritur,</strong></span> <span class='ocrx_word' id='word_1_539' title='bbox 2273 3070 2420 3117; x_wconf 88' lang='lat' dir='ltr'><strong>tanto</strong></span> <span class='ocrx_word' id='word_1_540' title='bbox 2443 3066 2676 3134; x_wconf 84' lang='lat' dir='ltr'><strong>amplius</strong></span> <span class='ocrx_word' id='word_1_541' title='bbox 2703 3068 2942 3126; x_wconf 89' lang='lat' dir='ltr'><strong>defensio</strong></span> <span class='ocrx_word' id='word_1_542' title='bbox 2969 3088 3200 3140; x_wconf 89' lang='lat' dir='ltr'><strong>superna</strong></span> <span class='ocrx_word' id='word_1_543' title='bbox 3234 3090 3544 3147; x_wconf 66' lang='lat' dir='ltr'><strong>praestatur;</strong></span> 
     </span>
    </p>
   </div>
   <div class='ocr_carea' id='block_1_76' title="bbox 1961 3149 3543 3239">
    <p class='ocr_par' dir='ltr' id='par_1_76' title="bbox 1961 3149 3543 3239">
     <span class='ocr_line' id='line_1_76' title="bbox 1961 3149 3543 3239; baseline 0.015 -37"><span class='ocrx_word' id='word_1_544' title='bbox 1961 3149 2095 3203; x_wconf 87' lang='lat' dir='ltr'><strong>sicut</strong></span> <span class='ocrx_word' id='word_1_545' title='bbox 2126 3152 2376 3209; x_wconf 80' lang='lat' dir='ltr'><strong>Salomon</strong></span> <span class='ocrx_word' id='word_1_546' title='bbox 2425 3157 2593 3211; x_wconf 89' lang='lat' dir='ltr'><strong>dicit:</strong></span> <span class='ocrx_word' id='word_1_547' title='bbox 2623 3161 2904 3232; x_wconf 84' lang='lat' dir='ltr'><strong>Argentum</strong></span> <span class='ocrx_word' id='word_1_548' title='bbox 2937 3166 3118 3232; x_wconf 82' lang='lat' dir='ltr'><strong>probat</strong></span> <span class='ocrx_word' id='word_1_549' title='bbox 3167 3169 3322 3239; x_wconf 59' lang='lat' dir='ltr'><strong>ignis,</strong></span> <span class='ocrx_word' id='word_1_550' title='bbox 3362 3182 3410 3224; x_wconf 89' lang='lat' dir='ltr'><strong>et</strong></span> <span class='ocrx_word' id='word_1_551' title='bbox 3455 3173 3543 3226; x_wconf 85' lang='lat' dir='ltr'><strong>lto-</strong></span> 
     </span>
    </p>
   </div>
   <div class='ocr_carea' id='block_1_77' title="bbox 1961 3242 3546 3332">
    <p class='ocr_par' dir='ltr' id='par_1_77' title="bbox 1961 3242 3546 3332">
     <span class='ocr_line' id='line_1_77' title="bbox 1961 3242 3546 3332; baseline 0.016 -40"><span class='ocrx_word' id='word_1_552' title='bbox 1961 3242 2118 3295; x_wconf 87' lang='lat' dir='ltr'><strong>mines</strong></span> <span class='ocrx_word' id='word_1_553' title='bbox 2161 3255 2393 3313; x_wconf 87' lang='lat' dir='ltr'><strong>acceptos</strong></span> <span class='ocrx_word' id='word_1_554' title='bbox 2425 3250 2635 3303; x_wconf 87' lang='lat' dir='ltr'><strong>tentatio</strong></span> <span class='ocrx_word' id='word_1_555' title='bbox 2667 3252 3011 3308; x_wconf 84' lang='lat' dir='ltr'><strong>tribulationis</strong></span> <span class='ocrx_word' id='word_1_556' title='bbox 3055 3256 3244 3322; x_wconf 83' lang='lat' dir='ltr'><strong>(Eecli.</strong></span> <span class='ocrx_word' id='word_1_557' title='bbox 3272 3276 3440 3324; x_wconf 79' lang='lat' dir='ltr'><strong>xxv&quot;.</strong></span> <span class='ocrx_word' id='word_1_558' title='bbox 3468 3264 3546 3332; x_wconf 80' lang='grc'><strong>6).</strong></span> 
     </span>
    </p>
   </div>
   <div class='ocr_carea' id='block_1_78' title="bbox 2032 3349 3548 3446">
    <p class='ocr_par' dir='ltr' id='par_1_78' title="bbox 2032 3349 3548 3446">
     <span class='ocr_line' id='line_1_78' title="bbox 2032 3349 3548 3446; baseline 0.014 -38"><span class='ocrx_word' id='word_1_559' title='bbox 2032 3353 2185 3410; x_wconf 77' lang='lat' dir='ltr'><strong>Vers.</strong></span> <span class='ocrx_word' id='word_1_560' title='bbox 2219 3349 2272 3412; x_wconf 84' lang='grc'><strong>6.</strong></span> <span class='ocrx_word' id='word_1_561' title='bbox 2310 3357 2533 3414; x_wconf 83' lang='lat' dir='ltr'><strong>Viduam</strong></span> <span class='ocrx_word' id='word_1_562' title='bbox 2574 3371 2621 3416; x_wconf 82' lang='lat' dir='ltr'><strong>et</strong></span> <span class='ocrx_word' id='word_1_563' title='bbox 2662 3363 2909 3418; x_wconf 77' lang='lat' dir='ltr'><strong>advenam</strong></span> <span class='ocrx_word' id='word_1_564' title='bbox 2949 3368 3328 3438; x_wconf 78' lang='lat' dir='ltr'><strong>interfecerunt,</strong></span> <span class='ocrx_word' id='word_1_565' title='bbox 3357 3384 3404 3426; x_wconf 86' lang='lat' dir='ltr'><strong>et</strong></span> <span class='ocrx_word' id='word_1_566' title='bbox 3452 3393 3548 3446; x_wconf 80' lang='lat' dir='ltr'><strong>pu-</strong></span> 
     </span>
    </p>
   </div>
   <div class='ocr_carea' id='block_1_79' title="bbox 1956 3446 3549 3533">
    <p class='ocr_par' dir='ltr' id='par_1_79' title="bbox 1956 3446 3549 3533">
     <span class='ocr_line' id='line_1_79' title="bbox 1956 3446 3549 3533; baseline 0.016 -37"><span class='ocrx_word' id='word_1_567' title='bbox 1956 3446 2110 3515; x_wconf 88' lang='lat' dir='ltr'><strong>pillos</strong></span> <span class='ocrx_word' id='word_1_568' title='bbox 2159 3450 2474 3505; x_wconf 85' lang='lat' dir='ltr'><strong>occiderunt.</strong></span> <span class='ocrx_word' id='word_1_569' title='bbox 2524 3453 2739 3524; x_wconf 82' lang='lat' dir='ltr'><strong>Legitur</strong></span> <span class='ocrx_word' id='word_1_570' title='bbox 2783 3472 2996 3527; x_wconf 87' lang='lat' dir='ltr'><strong>quoque</strong></span> <span class='ocrx_word' id='word_1_571' title='bbox 3027 3477 3041 3514; x_wconf 90' lang='lat'><strong>:</strong></span> <span class='ocrx_word' id='word_1_572' title='bbox 3075 3459 3199 3514; x_wconf 79' lang='lat' dir='ltr'><strong>Esto</strong></span> <span class='ocrx_word' id='word_1_573' title='bbox 3247 3464 3445 3533; x_wconf 71' lang='lat' dir='ltr'><strong>pups‘tto</strong></span> <span class='ocrx_word' id='word_1_574' title='bbox 3495 3476 3549 3521; x_wconf 87' lang='lat' dir='ltr'><strong>ut</strong></span> 
     </span>
    </p>
   </div>
   <div class='ocr_carea' id='block_1_80' title="bbox 1958 3547 3544 3627">
    <p class='ocr_par' dir='ltr' id='par_1_80' title="bbox 1958 3547 3544 3627">
     <span class='ocr_line' id='line_1_80' title="bbox 1958 3547 3544 3627; baseline 0.016 -39"><span class='ocrx_word' id='word_1_575' title='bbox 1958 3547 2122 3604; x_wconf 88' lang='lat' dir='ltr'><strong>pater,</strong></span> <span class='ocrx_word' id='word_1_576' title='bbox 2157 3550 2203 3596; x_wconf 88' lang='lat' dir='ltr'><strong>et</strong></span> <span class='ocrx_word' id='word_1_577' title='bbox 2229 3559 2336 3610; x_wconf 57' lang='lat' dir='ltr'><strong>,pro</strong></span> <span class='ocrx_word' id='word_1_578' title='bbox 2364 3547 2546 3599; x_wconf 87' lang='lat' dir='ltr'><strong>marito</strong></span> <span class='ocrx_word' id='word_1_579' title='bbox 2577 3551 2729 3600; x_wconf 85' lang='lat' dir='ltr'><strong>matri</strong></span> <span class='ocrx_word' id='word_1_580' title='bbox 2757 3549 2965 3603; x_wconf 88' lang='lat' dir='ltr'><strong>illorum</strong></span> <span class='ocrx_word' id='word_1_581' title='bbox 2995 3550 3184 3621; x_wconf 80' lang='lat' dir='ltr'><strong>(Ibid.,</strong></span> <span class='ocrx_word' id='word_1_582' title='bbox 3216 3568 3287 3617; x_wconf 85' lang='lat' dir='ltr'><strong>tv,</strong></span> <span class='ocrx_word' id='word_1_583' title='bbox 3321 3556 3432 3627; x_wconf 78' lang='grc' dir='ltr'><strong>ω).</strong></span> <span class='ocrx_word' id='word_1_584' title='bbox 3471 3558 3544 3612; x_wconf 88' lang='lat' dir='ltr'><strong>De</strong></span> 
     </span>
    </p>
   </div>
   <div class='ocr_carea' id='block_1_81' title="bbox 1956 3630 3547 3718">
    <p class='ocr_par' dir='ltr' id='par_1_81' title="bbox 1956 3630 3547 3718">
     <span class='ocr_line' id='line_1_81' title="bbox 1956 3630 3547 3718; baseline 0.011 -35"><span class='ocrx_word' id='word_1_585' title='bbox 1956 3630 2158 3686; x_wconf 83' lang='lat' dir='ltr'><strong>advena</strong></span> <span class='ocrx_word' id='word_1_586' title='bbox 2189 3649 2401 3704; x_wconf 92' lang='lat' dir='ltr'><strong>quoque</strong></span> <span class='ocrx_word' id='word_1_587' title='bbox 2426 3637 2478 3690; x_wconf 91' lang='lat' dir='ltr'><strong>in</strong></span> <span class='ocrx_word' id='word_1_588' title='bbox 2507 3637 2874 3695; x_wconf 82' lang='lat' dir='ltr'><strong>l’eutateucho</strong></span> <span class='ocrx_word' id='word_1_589' title='bbox 2917 3642 2993 3697; x_wconf 92' lang='lat' dir='ltr'><strong>sic</strong></span> <span class='ocrx_word' id='word_1_590' title='bbox 3015 3642 3233 3712; x_wconf 88' lang='lat' dir='ltr'><strong>jubetur</strong></span> <span class='ocrx_word' id='word_1_591' title='bbox 3262 3664 3274 3698; x_wconf 93' lang='lat'>:</span> <span class='ocrx_word' id='word_1_592' title='bbox 3310 3644 3547 3718; x_wconf 77' lang='lat' dir='ltr'><strong>Peregri-</strong></span> 
     </span>
    </p>
   </div>
   <div class='ocr_carea' id='block_1_82' title="bbox 1956 3727 3546 3809">
    <p class='ocr_par' dir='ltr' id='par_1_82' title="bbox 1956 3727 3546 3809">
     <span class='ocr_line' id='line_1_82' title="bbox 1956 3727 3546 3809; baseline 0.011 -34"><span class='ocrx_word' id='word_1_593' title='bbox 1956 3739 2079 3776; x_wconf 85' lang='lat' dir='ltr'><strong>num</strong></span> <span class='ocrx_word' id='word_1_594' title='bbox 2127 3734 2175 3778; x_wconf 89' lang='lat' dir='ltr'><strong>et</strong></span> <span class='ocrx_word' id='word_1_595' title='bbox 2218 3727 2465 3780; x_wconf 82' lang='lat' dir='ltr'><strong>advenam</strong></span> <span class='ocrx_word' id='word_1_596' title='bbox 2505 3745 2608 3782; x_wconf 90' lang='lat' dir='ltr'><strong>non</strong></span> <span class='ocrx_word' id='word_1_597' title='bbox 2656 3734 2857 3786; x_wconf 85' lang='lat' dir='ltr'><strong>nocebis</strong></span> <span class='ocrx_word' id='word_1_598' title='bbox 2888 3750 2906 3787; x_wconf 91' lang='lat'><strong><em>:</em></strong></span> <span class='ocrx_word' id='word_1_599' title='bbox 2937 3736 3146 3789; x_wconf 68' lang='lat' dir='ltr'><strong>aduente</strong></span> <span class='ocrx_word' id='word_1_600' title='bbox 3174 3738 3309 3791; x_wconf 88' lang='lat' dir='ltr'><strong>enim</strong></span> <span class='ocrx_word' id='word_1_601' title='bbox 3356 3747 3403 3790; x_wconf 79' lang='lat' dir='ltr'><strong>et</strong></span> <span class='ocrx_word' id='word_1_602' title='bbox 3450 3740 3546 3809; x_wconf 82' lang='lat' dir='ltr'><strong>ipsi</strong></span> 
     </span>
    </p>
   </div>
   <div class='ocr_carea' id='block_1_83' title="bbox 1954 3816 3544 3900">
    <p class='ocr_par' dir='ltr' id='par_1_83' title="bbox 1954 3816 3544 3900">
     <span class='ocr_line' id='line_1_83' title="bbox 1954 3816 3544 3900; baseline 0.013 -33"><span class='ocrx_word' id='word_1_603' title='bbox 1954 3816 2121 3887; x_wconf 81' lang='lat' dir='ltr'><strong>fuistis</strong></span> <span class='ocrx_word' id='word_1_604' title='bbox 2148 3819 2201 3870; x_wconf 88' lang='lat' dir='ltr'><strong>in</strong></span> <span class='ocrx_word' id='word_1_605' title='bbox 2225 3827 2363 3872; x_wconf 89' lang='lat' dir='ltr'><strong>terra</strong></span> <span class='ocrx_word' id='word_1_606' title='bbox 2387 3819 2610 3892; x_wconf 65' lang='lat' dir='ltr'><strong>.Egypti</strong></span> <span class='ocrx_word' id='word_1_607' title='bbox 2635 3823 2815 3893; x_wconf 83' lang='lat' dir='ltr'><strong>(Deut.</strong></span> <span class='ocrx_word' id='word_1_608' title='bbox 2842 3841 2900 3890; x_wconf 71' lang='grc' dir='ltr'><strong>κ,</strong></span> <span class='ocrx_word' id='word_1_609' title='bbox 2937 3827 3049 3894; x_wconf 80' lang='grc'><strong>18).</strong></span> <span class='ocrx_word' id='word_1_610' title='bbox 3085 3829 3180 3882; x_wconf 88' lang='lat' dir='ltr'><strong>llic</strong></span> <span class='ocrx_word' id='word_1_611' title='bbox 3216 3845 3341 3900; x_wconf 84' lang='lat' dir='ltr'><strong>ergo</strong></span> <span class='ocrx_word' id='word_1_612' title='bbox 3364 3841 3418 3885; x_wconf 92' lang='lat' dir='ltr'><strong>ut</strong></span> <span class='ocrx_word' id='word_1_613' title='bbox 3438 3833 3544 3886; x_wconf 87' lang='lat' dir='ltr'><strong>cri-</strong></span> 
     </span>
    </p>
   </div>
   <div class='ocr_carea' id='block_1_84' title="bbox 1955 3914 3540 3992">
    <p class='ocr_par' dir='ltr' id='par_1_84' title="bbox 1955 3914 3540 3992">
     <span class='ocr_line' id='line_1_84' title="bbox 1955 3914 3540 3992; baseline 0.009 -30"><span class='ocrx_word' id='word_1_614' title='bbox 1955 3925 2074 3964; x_wconf 88' lang='lat' dir='ltr'><strong>men</strong></span> <span class='ocrx_word' id='word_1_615' title='bbox 2103 3921 2409 3982; x_wconf 81' lang='lat' dir='ltr'><strong>exaggeret,</strong></span> <span class='ocrx_word' id='word_1_616' title='bbox 2443 3914 2734 3983; x_wconf 78' lang='lat' dir='ltr'><strong>interfectos</strong></span> <span class='ocrx_word' id='word_1_617' title='bbox 2761 3917 2836 3970; x_wconf 89' lang='lat' dir='ltr'><strong>ait</strong></span> <span class='ocrx_word' id='word_1_618' title='bbox 2879 3919 3078 3983; x_wconf 82' lang='lat' dir='ltr'><strong>viduas,</strong></span> <span class='ocrx_word' id='word_1_619' title='bbox 3110 3923 3332 3974; x_wconf 86' lang='lat' dir='ltr'><strong>advenas</strong></span> <span class='ocrx_word' id='word_1_620' title='bbox 3363 3932 3411 3976; x_wconf 88' lang='lat' dir='ltr'><strong>et</strong></span> <span class='ocrx_word' id='word_1_621' title='bbox 3442 3941 3540 3992; x_wconf 88' lang='lat' dir='ltr'><strong>pu-</strong></span> 
     </span>
    </p>
   </div>
   <div class='ocr_carea' id='block_1_85' title="bbox 1953 3999 3542 4079">
    <p class='ocr_par' dir='ltr' id='par_1_85' title="bbox 1953 3999 3542 4079">
     <span class='ocr_line' id='line_1_85' title="bbox 1953 3999 3542 4079; baseline 0.011 -28"><span class='ocrx_word' id='word_1_622' title='bbox 1953 3999 2146 4068; x_wconf 86' lang='lat' dir='ltr'><strong>pillos;</strong></span> <span class='ocrx_word' id='word_1_623' title='bbox 2170 4011 2228 4054; x_wconf 91' lang='lat' dir='ltr'><strong>ut</strong></span> <span class='ocrx_word' id='word_1_624' title='bbox 2257 4017 2391 4072; x_wconf 92' lang='lat' dir='ltr'><strong>quos</strong></span> <span class='ocrx_word' id='word_1_625' title='bbox 2415 4004 2674 4059; x_wconf 89' lang='lat' dir='ltr'><strong>Dominus</strong></span> <span class='ocrx_word' id='word_1_626' title='bbox 2700 4007 2931 4061; x_wconf 89' lang='lat' dir='ltr'><strong>tuendos</strong></span> <span class='ocrx_word' id='word_1_627' title='bbox 2954 4019 3111 4078; x_wconf 88' lang='lat' dir='ltr'><strong>atque</strong></span> <span class='ocrx_word' id='word_1_628' title='bbox 3132 4010 3398 4079; x_wconf 86' lang='lat' dir='ltr'><strong>juvandos</strong></span> <span class='ocrx_word' id='word_1_629' title='bbox 3421 4029 3542 4068; x_wconf 82' lang='lat' dir='ltr'><strong>esse</strong></span> 
     </span>
    </p>
   </div>
   <div class='ocr_carea' id='block_1_86' title="bbox 1951 4095 3542 4170">
    <p class='ocr_par' dir='ltr' id='par_1_86' title="bbox 1951 4095 3542 4170">
     <span class='ocr_line' id='line_1_86' title="bbox 1951 4095 3542 4170; baseline 0.008 -23"><span class='ocrx_word' id='word_1_630' title='bbox 1951 4095 2226 4170; x_wconf 58' lang='lat' dir='ltr'><strong>prmcepit,</strong></span> <span class='ocrx_word' id='word_1_631' title='bbox 2274 4097 2357 4150; x_wconf 88' lang='lat' dir='ltr'><strong>eis</strong></span> <span class='ocrx_word' id='word_1_632' title='bbox 2413 4111 2604 4150; x_wconf 92' lang='lat' dir='ltr'><strong>manus</strong></span> <span class='ocrx_word' id='word_1_633' title='bbox 2633 4099 2891 4152; x_wconf 89' lang='lat' dir='ltr'><strong>scelerata</strong></span> <span class='ocrx_word' id='word_1_634' title='bbox 2943 4117 3048 4154; x_wconf 90' lang='lat' dir='ltr'><strong>non</strong></span> <span class='ocrx_word' id='word_1_635' title='bbox 3096 4115 3358 4170; x_wconf 89' lang='lat' dir='ltr'><strong>parceret.</strong></span> <span class='ocrx_word' id='word_1_636' title='bbox 3406 4106 3542 4161; x_wconf 84' lang='lat' dir='ltr'><strong>Ecce</strong></span> 
     </span>
    </p>
   </div>
   <div class='ocr_carea' id='block_1_87' title="bbox 1950 4187 3538 4256">
    <p class='ocr_par' dir='ltr' id='par_1_87' title="bbox 1950 4187 3538 4256">
     <span class='ocr_line' id='line_1_87' title="bbox 1950 4187 3538 4256; baseline 0.009 -20"><span class='ocrx_word' id='word_1_637' title='bbox 1950 4193 2321 4254; x_wconf 82' lang='lat' dir='ltr'><strong>argtnnentum</strong></span> <span class='ocrx_word' id='word_1_638' title='bbox 2387 4187 2528 4256; x_wconf 87' lang='lat' dir='ltr'><strong>quod</strong></span> <span class='ocrx_word' id='word_1_639' title='bbox 2596 4189 2779 4242; x_wconf 90' lang='lat' dir='ltr'><strong>dicunt</strong></span> <span class='ocrx_word' id='word_1_640' title='bbox 2847 4199 3092 4247; x_wconf 89' lang='lat' dir='ltr'><strong>oratores</strong></span> <span class='ocrx_word' id='word_1_641' title='bbox 3149 4208 3179 4247; x_wconf 89' lang='lat' dir='ltr'><strong>a</strong></span> <span class='ocrx_word' id='word_1_642' title='bbox 3235 4193 3395 4249; x_wconf 90' lang='lat' dir='ltr'><strong>laude</strong></span> <span class='ocrx_word' id='word_1_643' title='bbox 3462 4198 3538 4250; x_wconf 79' lang='lat' dir='ltr'><strong>rei</strong></span> 
     </span>
    </p>
   </div>
   <div class='ocr_carea' id='block_1_88' title="bbox 1950 4276 3536 4352">
    <p class='ocr_par' dir='ltr' id='par_1_88' title="bbox 1950 4276 3536 4352">
     <span class='ocr_line' id='line_1_88' title="bbox 1950 4276 3536 4352; baseline 0.008 -22"><span class='ocrx_word' id='word_1_644' title='bbox 1950 4276 2116 4343; x_wconf 65' lang='grc' dir='ltr'><strong>Ιίεεω,</strong></span> <span class='ocrx_word' id='word_1_645' title='bbox 2156 4294 2312 4346; x_wconf 90' lang='lat' dir='ltr'><strong>quam</strong></span> <span class='ocrx_word' id='word_1_646' title='bbox 2342 4277 2480 4333; x_wconf 91' lang='lat' dir='ltr'><strong>bene</strong></span> <span class='ocrx_word' id='word_1_647' title='bbox 2513 4287 2638 4334; x_wconf 89' lang='lat' dir='ltr'><strong>tunc</strong></span> <span class='ocrx_word' id='word_1_648' title='bbox 2666 4279 2866 4338; x_wconf 85' lang='lat' dir='ltr'><strong>veritas</strong></span> <span class='ocrx_word' id='word_1_649' title='bbox 2915 4283 3168 4352; x_wconf 87' lang='lat' dir='ltr'><strong>profudit,</strong></span> <span class='ocrx_word' id='word_1_650' title='bbox 3201 4287 3342 4352; x_wconf 87' lang='lat' dir='ltr'><strong>quod</strong></span> <span class='ocrx_word' id='word_1_651' title='bbox 3395 4302 3536 4343; x_wconf 90' lang='lat' dir='ltr'><strong>nunc</strong></span> 
     </span>
    </p>
   </div>
   <div class='ocr_carea' id='block_1_89' title="bbox 1947 4368 3373 4432">
    <p class='ocr_par' dir='ltr' id='par_1_89' title="bbox 1947 4368 3373 4432">
     <span class='ocr_line' id='line_1_89' title="bbox 1947 4368 3373 4432; baseline 0.007 -10"><span class='ocrx_word' id='word_1_652' title='bbox 1947 4368 2013 4422; x_wconf 92' lang='lat' dir='ltr'><strong>ad</strong></span> <span class='ocrx_word' id='word_1_653' title='bbox 2038 4382 2166 4424; x_wconf 89' lang='lat' dir='ltr'><strong>usus</strong></span> <span class='ocrx_word' id='word_1_654' title='bbox 2193 4369 2515 4426; x_wconf 89' lang='lat' dir='ltr'><strong>verisimiles</strong></span> <span class='ocrx_word' id='word_1_655' title='bbox 2538 4371 2802 4428; x_wconf 90' lang='lat' dir='ltr'><strong>subtilitas</strong></span> <span class='ocrx_word' id='word_1_656' title='bbox 2829 4373 3059 4430; x_wconf 89' lang='lat' dir='ltr'><strong>humana</strong></span> <span class='ocrx_word' id='word_1_657' title='bbox 3090 4378 3373 4432; x_wconf 90' lang='lat' dir='ltr'><strong>convertit.</strong></span> 
     </span>
    </p>
   </div>
   <div class='ocr_carea' id='block_1_90' title="bbox 2017 4483 3528 4558">
    <p class='ocr_par' dir='ltr' id='par_1_90' title="bbox 2017 4483 3528 4558">
     <span class='ocr_line' id='line_1_90' title="bbox 2017 4483 3528 4558; baseline 0.006 -20"><span class='ocrx_word' id='word_1_658' title='bbox 2017 4483 2169 4539; x_wconf 79' lang='lat' dir='ltr'><strong>Vers.</strong></span> <span class='ocrx_word' id='word_1_659' title='bbox 2203 4485 2256 4539; x_wconf 89' lang='grc'><strong>7.</strong></span> <span class='ocrx_word' id='word_1_660' title='bbox 2300 4485 2366 4538; x_wconf 80' lang='lat' dir='ltr'><strong>Et</strong></span> <span class='ocrx_word' id='word_1_661' title='bbox 2398 4486 2680 4541; x_wconf 76' lang='lat' dir='ltr'><strong>dixerunt:</strong></span> <span class='ocrx_word' id='word_1_662' title='bbox 2714 4486 2836 4541; x_wconf 87' lang='lat' dir='ltr'><strong>Non</strong></span> <span class='ocrx_word' id='word_1_663' title='bbox 2883 4487 3067 4543; x_wconf 80' lang='lat' dir='ltr'><strong>videbit</strong></span> <span class='ocrx_word' id='word_1_664' title='bbox 3109 4489 3386 4558; x_wconf 87' lang='lat' dir='ltr'><strong>Dominus,</strong></span> <span class='ocrx_word' id='word_1_665' title='bbox 3431 4509 3528 4547; x_wconf 87' lang='lat' dir='ltr'><strong>nec</strong></span> 
     </span>
    </p>
   </div>
   <div class='ocr_carea' id='block_1_91' title="bbox 249 4579 3538 4656">
    <p class='ocr_par' dir='ltr' id='par_1_91' title="bbox 249 4579 3538 4656">
     <span class='ocr_line' id='line_1_91' title="bbox 249 4579 3538 4656; baseline 0.002 -22"><span class='ocrx_word' id='word_1_666' title='bbox 249 4589 516 4656; x_wconf 64' lang='lat' dir='ltr'><strong>superbia:</strong></span> <span class='ocrx_word' id='word_1_667' title='bbox 547 4603 660 4642; x_wconf 60' lang='lat' dir='ltr'><strong>sua;</strong></span> <span class='ocrx_word' id='word_1_668' title='bbox 690 4603 794 4642; x_wconf 79' lang='lat' dir='ltr'><strong>non</strong></span> <span class='ocrx_word' id='word_1_669' title='bbox 843 4589 1042 4643; x_wconf 69' lang='lat' dir='ltr'><strong>habent</strong></span> <span class='ocrx_word' id='word_1_670' title='bbox 1072 4589 1310 4642; x_wconf 80' lang='lat' dir='ltr'><strong>modum.</strong></span> <span class='ocrx_word' id='word_1_671' title='bbox 1343 4587 1474 4642; x_wconf 79' lang='lat' dir='ltr'><strong>Nam</strong></span> <span class='ocrx_word' id='word_1_672' title='bbox 1505 4588 1556 4640; x_wconf 83' lang='lat' dir='ltr'><strong>in</strong></span> <span class='ocrx_word' id='word_1_673' title='bbox 1586 4587 1674 4642; x_wconf 81' lang='lat' dir='ltr'><strong>die</strong></span> <span class='ocrx_word' id='word_1_674' title='bbox 1697 4585 1840 4655; x_wconf 76' lang='lat' dir='ltr'><strong>judi.</strong></span> <span class='ocrx_word' id='word_1_675' title='bbox 1869 4580 1916 4640; x_wconf 85' lang='grc' dir='ltr'><strong><em>υ</em></strong></span> <span class='ocrx_word' id='word_1_676' title='bbox 1944 4581 2191 4651; x_wconf 83' lang='lat' dir='ltr'><strong>intelliget</strong></span> <span class='ocrx_word' id='word_1_677' title='bbox 2224 4579 2361 4634; x_wconf 89' lang='lat' dir='ltr'><strong>Deus</strong></span> <span class='ocrx_word' id='word_1_678' title='bbox 2385 4579 2570 4636; x_wconf 77' lang='lat' dir='ltr'><strong>Iacob.</strong></span> <span class='ocrx_word' id='word_1_679' title='bbox 2607 4581 3078 4652; x_wconf 77' lang='lat' dir='ltr'><strong>Exaggeraverunt</strong></span> <span class='ocrx_word' id='word_1_680' title='bbox 3107 4585 3326 4653; x_wconf 88' lang='lat' dir='ltr'><strong>superbi</strong></span> <span class='ocrx_word' id='word_1_681' title='bbox 3352 4588 3538 4656; x_wconf 77' lang='lat' dir='ltr'><strong>nequi-</strong></span> 
     </span>
    </p>
   </div>
   <div class='ocr_carea' id='block_1_92' title="bbox 251 4680 1840 4752">
    <p class='ocr_par' dir='ltr' id='par_1_92' title="bbox 251 4680 1840 4752">
     <span class='ocr_line' id='line_1_92' title="bbox 251 4680 1840 4752; baseline 0.001 -19"><span class='ocrx_word' id='word_1_682' title='bbox 251 4681 318 4733; x_wconf 89' lang='lat' dir='ltr'><strong>cii</strong></span> <span class='ocrx_word' id='word_1_683' title='bbox 363 4680 582 4749; x_wconf 73' lang='lat' dir='ltr'><strong>gloriari</strong></span> <span class='ocrx_word' id='word_1_684' title='bbox 621 4697 726 4736; x_wconf 90' lang='lat' dir='ltr'><strong>non</strong></span> <span class='ocrx_word' id='word_1_685' title='bbox 777 4691 1022 4752; x_wconf 83' lang='lat' dir='ltr'><strong>possunt,</strong></span> <span class='ocrx_word' id='word_1_686' title='bbox 1053 4682 1146 4750; x_wconf 89' lang='lat' dir='ltr'><strong>qui</strong></span> <span class='ocrx_word' id='word_1_687' title='bbox 1196 4696 1382 4751; x_wconf 68' lang='lat' dir='ltr'><strong>pmnas</strong></span> <span class='ocrx_word' id='word_1_688' title='bbox 1410 4681 1620 4735; x_wconf 89' lang='lat' dir='ltr'><strong>debitas</strong></span> <span class='ocrx_word' id='word_1_689' title='bbox 1650 4694 1840 4734; x_wconf 83' lang='lat' dir='ltr'><strong>conse-</strong></span> 
     </span>
    </p>
   </div>
   <div class='ocr_carea' id='block_1_93' title="bbox 255 4771 1839 4842">
    <p class='ocr_par' dir='ltr' id='par_1_93' title="bbox 255 4771 1839 4842">
     <span class='ocr_line' id='line_1_93' title="bbox 255 4771 1839 4842; baseline -0.001 -17"><span class='ocrx_word' id='word_1_690' title='bbox 255 4783 508 4838; x_wconf 88' lang='lat' dir='ltr'><strong>quuntur.</strong></span> <span class='ocrx_word' id='word_1_691' title='bbox 541 4774 807 4842; x_wconf 78' lang='lat' dir='ltr'><strong>Repetitio</strong></span> <span class='ocrx_word' id='word_1_692' title='bbox 837 4774 980 4828; x_wconf 90' lang='lat' dir='ltr'><strong>enim</strong></span> <span class='ocrx_word' id='word_1_693' title='bbox 1031 4773 1130 4827; x_wconf 91' lang='lat' dir='ltr'><strong>ista</strong></span> <span class='ocrx_word' id='word_1_694' title='bbox 1173 4774 1414 4828; x_wconf 88' lang='lat' dir='ltr'><strong>dolorem</strong></span> <span class='ocrx_word' id='word_1_695' title='bbox 1442 4771 1708 4825; x_wconf 72' lang='lat' dir='ltr'><strong>diuturna.-</strong></span> <span class='ocrx_word' id='word_1_696' title='bbox 1739 4786 1839 4824; x_wconf 81' lang='lat' dir='ltr'><strong>ex-</strong></span> 
     </span>
    </p>
   </div>
   <div class='ocr_carea' id='block_1_94' title="bbox 259 4863 1838 4935">
    <p class='ocr_par' dir='ltr' id='par_1_94' title="bbox 259 4863 1838 4935">
     <span class='ocr_line' id='line_1_94' title="bbox 259 4863 1838 4935; baseline 0 -19"><span class='ocrx_word' id='word_1_697' title='bbox 259 4866 601 4931; x_wconf 81' lang='lat' dir='ltr'><strong>spectationis</strong></span> <span class='ocrx_word' id='word_1_698' title='bbox 627 4865 881 4932; x_wconf 88' lang='lat' dir='ltr'><strong>ostendit,</strong></span> <span class='ocrx_word' id='word_1_699' title='bbox 915 4866 1036 4935; x_wconf 92' lang='lat' dir='ltr'><strong>quia</strong></span> <span class='ocrx_word' id='word_1_700' title='bbox 1064 4879 1282 4934; x_wconf 84' lang='lat' dir='ltr'><strong>semper</strong></span> <span class='ocrx_word' id='word_1_701' title='bbox 1310 4863 1688 4918; x_wconf 89' lang='lat' dir='ltr'><strong>innocentibus</strong></span> <span class='ocrx_word' id='word_1_702' title='bbox 1717 4877 1838 4932; x_wconf 80' lang='lat' dir='ltr'><strong>gra-</strong></span> 
     </span>
    </p>
   </div>
   <div class='ocr_carea' id='block_1_95' title="bbox 265 4953 1499 5024">
    <p class='ocr_par' dir='ltr' id='par_1_95' title="bbox 265 4953 1499 5024">
     <span class='ocr_line' id='line_1_95' title="bbox 265 4953 1499 5024; baseline 0.004 -20"><span class='ocrx_word' id='word_1_703' title='bbox 265 4953 340 5007; x_wconf 78' lang='lat' dir='ltr'><strong>vis</strong></span> <span class='ocrx_word' id='word_1_704' title='bbox 356 4964 437 5010; x_wconf 86' lang='lat' dir='ltr'><strong>est</strong></span> <span class='ocrx_word' id='word_1_705' title='bbox 462 4957 874 5010; x_wconf 85' lang='lat' dir='ltr'><strong>criminosorum</strong></span> <span class='ocrx_word' id='word_1_706' title='bbox 903 4965 1190 5024; x_wconf 87' lang='lat' dir='ltr'><strong>conspecta</strong></span> <span class='ocrx_word' id='word_1_707' title='bbox 1218 4955 1499 5024; x_wconf 79' lang='lat' dir='ltr'><strong>iactantia.</strong></span> 
     </span>
    </p>
   </div>
   <div class='ocr_carea' id='block_1_96' title="bbox 331 5046 1840 5116">
    <p class='ocr_par' dir='ltr' id='par_1_96' title="bbox 331 5046 1840 5116">
     <span class='ocr_line' id='line_1_96' title="bbox 331 5046 1840 5116; baseline 0 -17"><span class='ocrx_word' id='word_1_708' title='bbox 331 5046 476 5104; x_wconf 80' lang='lat' dir='ltr'><strong>Vers.</strong></span> <span class='ocrx_word' id='word_1_709' title='bbox 523 5047 576 5102; x_wconf 72' lang='grc'><strong>4.</strong></span> <span class='ocrx_word' id='word_1_710' title='bbox 615 5047 1052 5113; x_wconf 84' lang='lat' dir='ltr'><strong>Pronuntiabunt,</strong></span> <span class='ocrx_word' id='word_1_711' title='bbox 1084 5058 1131 5102; x_wconf 85' lang='lat' dir='ltr'><strong>et</strong></span> <span class='ocrx_word' id='word_1_712' title='bbox 1176 5046 1446 5116; x_wconf 85' lang='lat' dir='ltr'><strong>loquentur</strong></span> <span class='ocrx_word' id='word_1_713' title='bbox 1475 5046 1794 5116; x_wconf 79' lang='lat' dir='ltr'><strong>iniquitatem</strong></span> <span class='ocrx_word' id='word_1_714' title='bbox 1820 5061 1840 5099; x_wconf 86' lang='lat'><strong>.&#39;</strong></span> 
     </span>
    </p>
   </div>
   <div class='ocr_carea' id='block_1_97' title="bbox 267 5136 1840 5210">
    <p class='ocr_par' dir='ltr' id='par_1_97' title="bbox 267 5136 1840 5210">
     <span class='ocr_line' id='line_1_97' title="bbox 267 5136 1840 5210; baseline 0.001 -22"><span class='ocrx_word' id='word_1_715' title='bbox 267 5137 518 5206; x_wconf 82' lang='lat' dir='ltr'><strong>loquentur</strong></span> <span class='ocrx_word' id='word_1_716' title='bbox 563 5155 738 5194; x_wconf 90' lang='lat' dir='ltr'><strong>omnes</strong></span> <span class='ocrx_word' id='word_1_717' title='bbox 781 5141 870 5207; x_wconf 86' lang='lat' dir='ltr'><strong>qui</strong></span> <span class='ocrx_word' id='word_1_718' title='bbox 919 5149 1198 5209; x_wconf 86' lang='lat' dir='ltr'><strong>operantur</strong></span> <span class='ocrx_word' id='word_1_719' title='bbox 1235 5139 1562 5210; x_wconf 84' lang='lat' dir='ltr'><strong>injustitiam.</strong></span> <span class='ocrx_word' id='word_1_720' title='bbox 1596 5136 1840 5191; x_wconf 87' lang='lat' dir='ltr'><strong>Pronun-</strong></span> 
     </span>
    </p>
   </div>
   <div class='ocr_carea' id='block_1_98' title="bbox 269 5231 1835 5302">
    <p class='ocr_par' dir='ltr' id='par_1_98' title="bbox 269 5231 1835 5302">
     <span class='ocr_line' id='line_1_98' title="bbox 269 5231 1835 5302; baseline 0.004 -25"><span class='ocrx_word' id='word_1_721' title='bbox 269 5233 380 5284; x_wconf 67' lang='grc' dir='ltr'><strong>πίση</strong></span> <span class='ocrx_word' id='word_1_722' title='bbox 421 5241 504 5286; x_wconf 86' lang='lat' dir='ltr'><strong>est</strong></span> <span class='ocrx_word' id='word_1_723' title='bbox 550 5232 751 5302; x_wconf 88' lang='lat' dir='ltr'><strong>aliquid</strong></span> <span class='ocrx_word' id='word_1_724' title='bbox 792 5247 972 5287; x_wconf 90' lang='lat' dir='ltr'><strong>coram</strong></span> <span class='ocrx_word' id='word_1_725' title='bbox 1004 5233 1122 5286; x_wconf 84' lang='lat' dir='ltr'><strong>aliis</strong></span> <span class='ocrx_word' id='word_1_726' title='bbox 1176 5231 1385 5300; x_wconf 89' lang='lat' dir='ltr'><strong>publica</strong></span> <span class='ocrx_word' id='word_1_727' title='bbox 1437 5245 1569 5285; x_wconf 87' lang='lat' dir='ltr'><strong>voce</strong></span> <span class='ocrx_word' id='word_1_728' title='bbox 1597 5245 1835 5284; x_wconf 88' lang='lat' dir='ltr'><strong>narrare.</strong></span> 
     </span>
    </p>
   </div>
   <div class='ocr_carea' id='block_1_99' title="bbox 271 5320 1839 5394">
    <p class='ocr_par' dir='ltr' id='par_1_99' title="bbox 271 5320 1839 5394">
     <span class='ocr_line' id='line_1_99' title="bbox 271 5320 1839 5394; baseline 0.003 -21"><span class='ocrx_word' id='word_1_729' title='bbox 271 5320 395 5378; x_wconf 89' lang='lat' dir='ltr'><strong>Dicit</strong></span> <span class='ocrx_word' id='word_1_730' title='bbox 420 5327 560 5380; x_wconf 91' lang='lat' dir='ltr'><strong>enim</strong></span> <span class='ocrx_word' id='word_1_731' title='bbox 608 5326 676 5380; x_wconf 91' lang='lat' dir='ltr'><strong>de</strong></span> <span class='ocrx_word' id='word_1_732' title='bbox 703 5327 808 5381; x_wconf 88' lang='lat' dir='ltr'><strong>illis</strong></span> <span class='ocrx_word' id='word_1_733' title='bbox 850 5327 940 5392; x_wconf 88' lang='lat' dir='ltr'><strong>qui</strong></span> <span class='ocrx_word' id='word_1_734' title='bbox 989 5343 1096 5381; x_wconf 92' lang='lat' dir='ltr'><strong>non</strong></span> <span class='ocrx_word' id='word_1_735' title='bbox 1127 5328 1298 5380; x_wconf 90' lang='lat' dir='ltr'><strong>solum</strong></span> <span class='ocrx_word' id='word_1_736' title='bbox 1329 5326 1494 5381; x_wconf 91' lang='lat' dir='ltr'><strong>corde</strong></span> <span class='ocrx_word' id='word_1_737' title='bbox 1529 5325 1839 5394; x_wconf 89' lang='lat' dir='ltr'><strong>concipiunt</strong></span> 
     </span>
    </p>
   </div>
   <div class='ocr_carea' id='block_1_100' title="bbox 268 5417 1840 5483">
    <p class='ocr_par' dir='ltr' id='par_1_100' title="bbox 268 5417 1840 5483">
     <span class='ocr_line' id='line_1_100' title="bbox 268 5417 1840 5483; baseline 0.006 -19"><span class='ocrx_word' id='word_1_738' title='bbox 268 5417 414 5481; x_wconf 79' lang='lat' dir='ltr'><strong>mala,</strong></span> <span class='ocrx_word' id='word_1_739' title='bbox 447 5435 632 5472; x_wconf 88' lang='lat' dir='ltr'><strong>verum</strong></span> <span class='ocrx_word' id='word_1_740' title='bbox 664 5418 826 5474; x_wconf 85' lang='lat' dir='ltr'><strong>etiam</strong></span> <span class='ocrx_word' id='word_1_741' title='bbox 857 5435 919 5474; x_wconf 88' lang='lat' dir='ltr'><strong>ea</strong></span> <span class='ocrx_word' id='word_1_742' title='bbox 952 5420 1050 5474; x_wconf 88' lang='lat' dir='ltr'><strong>sub</strong></span> <span class='ocrx_word' id='word_1_743' title='bbox 1082 5420 1331 5474; x_wconf 89' lang='lat' dir='ltr'><strong>libertate</strong></span> <span class='ocrx_word' id='word_1_744' title='bbox 1372 5419 1747 5483; x_wconf 85' lang='lat' dir='ltr'><strong>disseminant,</strong></span> <span class='ocrx_word' id='word_1_745' title='bbox 1781 5426 1840 5473; x_wconf 90' lang='lat' dir='ltr'><strong>ut</strong></span> 
     </span>
    </p>
   </div>
   <div class='ocr_carea' id='block_1_101' title="bbox 269 5512 1834 5582">
    <p class='ocr_par' dir='ltr' id='par_1_101' title="bbox 269 5512 1834 5582">
     <span class='ocr_line' id='line_1_101' title="bbox 269 5512 1834 5582; baseline 0.003 -20"><span class='ocrx_word' id='word_1_746' title='bbox 269 5517 313 5557; x_wconf 83' lang='lat' dir='ltr'><strong>et</strong></span> <span class='ocrx_word' id='word_1_747' title='bbox 339 5524 390 5562; x_wconf 85' lang='lat' dir='ltr'><strong>se</strong></span> <span class='ocrx_word' id='word_1_748' title='bbox 432 5513 684 5580; x_wconf 89' lang='lat' dir='ltr'><strong>perdant,</strong></span> <span class='ocrx_word' id='word_1_749' title='bbox 724 5523 776 5566; x_wconf 91' lang='lat' dir='ltr'><strong>et</strong></span> <span class='ocrx_word' id='word_1_750' title='bbox 806 5513 942 5566; x_wconf 86' lang='lat' dir='ltr'><strong>alios</strong></span> <span class='ocrx_word' id='word_1_751' title='bbox 972 5513 1226 5582; x_wconf 88' lang='lat' dir='ltr'><strong>deceptos</strong></span> <span class='ocrx_word' id='word_1_752' title='bbox 1265 5512 1522 5567; x_wconf 84' lang='lat' dir='ltr'><strong>inliciant.</strong></span> <span class='ocrx_word' id='word_1_753' title='bbox 1558 5513 1834 5580; x_wconf 84' lang='lat' dir='ltr'><strong>Sequitur,</strong></span> 
     </span>
    </p>
   </div>
   <div class='ocr_carea' id='block_1_102' title="bbox 264 5602 1828 5673">
    <p class='ocr_par' dir='ltr' id='par_1_102' title="bbox 264 5602 1828 5673">
     <span class='ocr_line' id='line_1_102' title="bbox 264 5602 1828 5673; baseline 0.001 -19"><span class='ocrx_word' id='word_1_754' title='bbox 264 5606 303 5646; x_wconf 75' lang='lat' dir='ltr'><strong>ﬂ</strong></span> <span class='ocrx_word' id='word_1_755' title='bbox 328 5602 587 5670; x_wconf 78' lang='lat' dir='ltr'><strong>loquentur</strong></span> <span class='ocrx_word' id='word_1_756' title='bbox 618 5604 960 5673; x_wconf 55' lang='lat' dir='ltr'><strong>iniquitatem.</strong></span> <span class='ocrx_word' id='word_1_757' title='bbox 992 5603 1124 5657; x_wconf 87' lang='lat' dir='ltr'><strong>Cum</strong></span> <span class='ocrx_word' id='word_1_758' title='bbox 1156 5605 1223 5658; x_wconf 87' lang='lat' dir='ltr'><strong>sit</strong></span> <span class='ocrx_word' id='word_1_759' title='bbox 1252 5604 1605 5673; x_wconf 86' lang='lat' dir='ltr'><strong>pronuntiare,</strong></span> <span class='ocrx_word' id='word_1_760' title='bbox 1648 5603 1828 5672; x_wconf 91' lang='lat' dir='ltr'><strong>loqui,</strong></span> 
     </span>
    </p>
   </div>
   <div class='ocr_carea' id='block_1_103' title="bbox 264 5689 1830 5766">
    <p class='ocr_par' dir='ltr' id='par_1_103' title="bbox 264 5689 1830 5766">
     <span class='ocr_line' id='line_1_103' title="bbox 264 5689 1830 5766; baseline 0.004 -27"><span class='ocrx_word' id='word_1_761' title='bbox 264 5689 374 5744; x_wconf 87' lang='lat' dir='ltr'><strong>illud</strong></span> <span class='ocrx_word' id='word_1_762' title='bbox 422 5692 556 5748; x_wconf 88' lang='lat' dir='ltr'><strong>tuihi</strong></span> <span class='ocrx_word' id='word_1_763' title='bbox 613 5694 918 5763; x_wconf 84' lang='lat' dir='ltr'><strong>significare</strong></span> <span class='ocrx_word' id='word_1_764' title='bbox 972 5695 1203 5764; x_wconf 83' lang='lat' dir='ltr'><strong>videtur,</strong></span> <span class='ocrx_word' id='word_1_765' title='bbox 1258 5705 1315 5750; x_wconf 92' lang='lat' dir='ltr'><strong>ut</strong></span> <span class='ocrx_word' id='word_1_766' title='bbox 1368 5694 1830 5766; x_wconf 83' lang='lat' dir='ltr'><strong>pronuntiationes</strong></span> 
     </span>
    </p>
   </div>
   <div class='ocr_carea' id='block_1_104' title="bbox 264 5785 1825 5859">
    <p class='ocr_par' dir='ltr' id='par_1_104' title="bbox 264 5785 1825 5859">
     <span class='ocr_line' id='line_1_104' title="bbox 264 5785 1825 5859; baseline -0.003 -19"><span class='ocrx_word' id='word_1_767' title='bbox 264 5785 479 5843; x_wconf 84' lang='lat' dir='ltr'><strong>tublicas</strong></span> <span class='ocrx_word' id='word_1_768' title='bbox 515 5786 794 5842; x_wconf 84' lang='lat' dir='ltr'><strong>suasioncs</strong></span> <span class='ocrx_word' id='word_1_769' title='bbox 822 5786 1110 5844; x_wconf 79' lang='lat' dir='ltr'><strong>debeamus</strong></span> <span class='ocrx_word' id='word_1_770' title='bbox 1139 5789 1398 5858; x_wconf 81' lang='lat' dir='ltr'><strong>accipere.</strong></span> <span class='ocrx_word' id='word_1_771' title='bbox 1433 5788 1598 5859; x_wconf 84' lang='lat' dir='ltr'><strong>Loqui</strong></span> <span class='ocrx_word' id='word_1_772' title='bbox 1630 5795 1825 5851; x_wconf 80' lang='lat' dir='ltr'><strong>autem,</strong></span> 
     </span>
    </p>
   </div>
   <div class='ocr_carea' id='block_1_105' title="bbox 1953 4675 3537 4747">
    <p class='ocr_par' dir='ltr' id='par_1_105' title="bbox 1953 4675 3537 4747">
     <span class='ocr_line' id='line_1_105' title="bbox 1953 4675 3537 4747; baseline 0.003 -19"><span class='ocrx_word' id='word_1_773' title='bbox 1953 4675 2055 4728; x_wconf 90' lang='lat' dir='ltr'><strong>tias</strong></span> <span class='ocrx_word' id='word_1_774' title='bbox 2091 4689 2236 4738; x_wconf 88' lang='lat' dir='ltr'><strong>suas,</strong></span> <span class='ocrx_word' id='word_1_775' title='bbox 2269 4685 2324 4728; x_wconf 94' lang='lat' dir='ltr'><strong>ut</strong></span> <span class='ocrx_word' id='word_1_776' title='bbox 2372 4675 2674 4730; x_wconf 82' lang='lat' dir='ltr'><strong>homicidiis</strong></span> <span class='ocrx_word' id='word_1_777' title='bbox 2705 4685 2866 4746; x_wconf 89' lang='lat' dir='ltr'><strong>atque</strong></span> <span class='ocrx_word' id='word_1_778' title='bbox 2911 4679 3354 4747; x_wconf 84' lang='lat' dir='ltr'><strong>oppressionibus</strong></span> <span class='ocrx_word' id='word_1_779' title='bbox 3385 4681 3537 4734; x_wconf 86' lang='lat' dir='ltr'><strong>imm-</strong></span> 
     </span>
    </p>
   </div>
   <div class='ocr_carea' id='block_1_106' title="bbox 1949 4767 3534 4842">
    <p class='ocr_par' dir='ltr' id='par_1_106' title="bbox 1949 4767 3534 4842">
     <span class='ocr_line' id='line_1_106' title="bbox 1949 4767 3534 4842; baseline 0.005 -24"><span class='ocrx_word' id='word_1_780' title='bbox 1949 4774 2189 4832; x_wconf 91' lang='lat' dir='ltr'><strong>centum,</strong></span> <span class='ocrx_word' id='word_1_781' title='bbox 2218 4767 2284 4820; x_wconf 92' lang='lat' dir='ltr'><strong>ad</strong></span> <span class='ocrx_word' id='word_1_782' title='bbox 2314 4768 2587 4821; x_wconf 88' lang='lat' dir='ltr'><strong>cumulum</strong></span> <span class='ocrx_word' id='word_1_783' title='bbox 2636 4769 2760 4822; x_wconf 89' lang='lat' dir='ltr'><strong>mali</strong></span> <span class='ocrx_word' id='word_1_784' title='bbox 2795 4769 3104 4838; x_wconf 87' lang='lat' dir='ltr'><strong>blasphema</strong></span> <span class='ocrx_word' id='word_1_785' title='bbox 3136 4788 3348 4842; x_wconf 90' lang='lat' dir='ltr'><strong>quoque</strong></span> <span class='ocrx_word' id='word_1_786' title='bbox 3375 4774 3534 4828; x_wconf 84' lang='lat' dir='ltr'><strong>verba</strong></span> 
     </span>
    </p>
   </div>
   <div class='ocr_carea' id='block_1_107' title="bbox 1947 4857 3534 4932">
    <p class='ocr_par' dir='ltr' id='par_1_107' title="bbox 1947 4857 3534 4932">
     <span class='ocr_line' id='line_1_107' title="bbox 1947 4857 3534 4932; baseline 0.004 -21"><span class='ocrx_word' id='word_1_787' title='bbox 1947 4857 2354 4927; x_wconf 83' lang='lat' dir='ltr'><strong>subjungerent.</strong></span> <span class='ocrx_word' id='word_1_788' title='bbox 2395 4858 2524 4924; x_wconf 66' lang='lat' dir='ltr'><strong>Quae</strong></span> <span class='ocrx_word' id='word_1_789' title='bbox 2568 4859 2735 4928; x_wconf 84' lang='lat' dir='ltr'><strong>ﬁgura</strong></span> <span class='ocrx_word' id='word_1_790' title='bbox 2782 4860 2979 4914; x_wconf 91' lang='lat' dir='ltr'><strong>dicitur</strong></span> <span class='ocrx_word' id='word_1_791' title='bbox 3008 4875 3334 4928; x_wconf 88' lang='lat' dir='ltr'><strong>sarcasmos,</strong></span> <span class='ocrx_word' id='word_1_792' title='bbox 3381 4865 3534 4932; x_wconf 83' lang='lat' dir='ltr'><strong>quasi</strong></span> 
     </span>
    </p>
   </div>
   <div class='ocr_carea' id='block_1_108' title="bbox 1947 4950 3534 5019">
    <p class='ocr_par' dir='ltr' id='par_1_108' title="bbox 1947 4950 3534 5019">
     <span class='ocr_line' id='line_1_108' title="bbox 1947 4950 3534 5019; baseline 0.002 -13"><span class='ocrx_word' id='word_1_793' title='bbox 1947 4965 2117 5019; x_wconf 90' lang='lat' dir='ltr'><strong>usque</strong></span> <span class='ocrx_word' id='word_1_794' title='bbox 2145 4950 2210 5004; x_wconf 91' lang='lat' dir='ltr'><strong>ad</strong></span> <span class='ocrx_word' id='word_1_795' title='bbox 2254 4952 2440 5019; x_wconf 90' lang='lat' dir='ltr'><strong>pulpas</strong></span> <span class='ocrx_word' id='word_1_796' title='bbox 2469 4962 2757 5019; x_wconf 88' lang='lat' dir='ltr'><strong>penetrans</strong></span> <span class='ocrx_word' id='word_1_797' title='bbox 2808 4951 3016 5007; x_wconf 90' lang='lat' dir='ltr'><strong>hostilis</strong></span> <span class='ocrx_word' id='word_1_798' title='bbox 3046 4952 3244 5007; x_wconf 88' lang='lat' dir='ltr'><strong>irrisio.</strong></span> <span class='ocrx_word' id='word_1_799' title='bbox 3275 4953 3534 5009; x_wconf 90' lang='lat' dir='ltr'><strong>Dicebant</strong></span> 
     </span>
    </p>
   </div>
   <div class='ocr_carea' id='block_1_109' title="bbox 1945 5043 3534 5116">
    <p class='ocr_par' dir='ltr' id='par_1_109' title="bbox 1945 5043 3534 5116">
     <span class='ocr_line' id='line_1_109' title="bbox 1945 5043 3534 5116; baseline 0.002 -18"><span class='ocrx_word' id='word_1_800' title='bbox 1945 5045 2115 5107; x_wconf 87' lang='lat' dir='ltr'><strong>enim,</strong></span> <span class='ocrx_word' id='word_1_801' title='bbox 2141 5043 2416 5096; x_wconf 85' lang='lat' dir='ltr'><strong>Dominum</strong></span> <span class='ocrx_word' id='word_1_802' title='bbox 2445 5061 2545 5097; x_wconf 88' lang='lat' dir='ltr'><strong>non</strong></span> <span class='ocrx_word' id='word_1_803' title='bbox 2587 5045 2755 5098; x_wconf 80' lang='lat' dir='ltr'><strong>ridere</strong></span> <span class='ocrx_word' id='word_1_804' title='bbox 2780 5061 2899 5114; x_wconf 70' lang='lat' dir='ltr'><strong>qua:</strong></span> <span class='ocrx_word' id='word_1_805' title='bbox 2923 5046 3285 5116; x_wconf 81' lang='lat' dir='ltr'><strong>probabantur</strong></span> <span class='ocrx_word' id='word_1_806' title='bbox 3309 5048 3409 5101; x_wconf 87' lang='lat' dir='ltr'><strong>sub</strong></span> <span class='ocrx_word' id='word_1_807' title='bbox 3431 5046 3534 5101; x_wconf 83' lang='lat' dir='ltr'><strong>itii-</strong></span> 
     </span>
    </p>
   </div>
   <div class='ocr_carea' id='block_1_110' title="bbox 1943 5137 3528 5209">
    <p class='ocr_par' dir='ltr' id='par_1_110' title="bbox 1943 5137 3528 5209">
     <span class='ocr_line' id='line_1_110' title="bbox 1943 5137 3528 5209; baseline 0.003 -20"><span class='ocrx_word' id='word_1_808' title='bbox 1943 5137 2147 5207; x_wconf 89' lang='lat' dir='ltr'><strong>quitate</strong></span> <span class='ocrx_word' id='word_1_809' title='bbox 2180 5152 2434 5207; x_wconf 81' lang='lat' dir='ltr'><strong>peragere</strong></span> <span class='ocrx_word' id='word_1_810' title='bbox 2464 5154 2476 5190; x_wconf 93' lang='lat'>:</span> <span class='ocrx_word' id='word_1_811' title='bbox 2507 5137 2836 5193; x_wconf 60' lang='lat' dir='ltr'><strong>aestimantes</strong></span> <span class='ocrx_word' id='word_1_812' title='bbox 2880 5139 3016 5193; x_wconf 85' lang='lat' dir='ltr'><strong>mala</strong></span> <span class='ocrx_word' id='word_1_813' title='bbox 3049 5154 3144 5193; x_wconf 86' lang='lat' dir='ltr'><strong>sua</strong></span> <span class='ocrx_word' id='word_1_814' title='bbox 3176 5154 3280 5194; x_wconf 92' lang='lat' dir='ltr'><strong>non</strong></span> <span class='ocrx_word' id='word_1_815' title='bbox 3311 5141 3528 5209; x_wconf 86' lang='lat' dir='ltr'><strong>respici,</strong></span> 
     </span>
    </p>
   </div>
   <div class='ocr_carea' id='block_1_111' title="bbox 1943 5230 3533 5301">
    <p class='ocr_par' dir='ltr' id='par_1_111' title="bbox 1943 5230 3533 5301">
     <span class='ocr_line' id='line_1_111' title="bbox 1943 5230 3533 5301; baseline 0.001 -17"><span class='ocrx_word' id='word_1_816' title='bbox 1943 5230 2156 5300; x_wconf 90' lang='lat' dir='ltr'><strong>quando</strong></span> <span class='ocrx_word' id='word_1_817' title='bbox 2186 5246 2245 5286; x_wconf 90' lang='lat' dir='ltr'><strong>se</strong></span> <span class='ocrx_word' id='word_1_818' title='bbox 2268 5246 2373 5284; x_wconf 92' lang='lat' dir='ltr'><strong>non</strong></span> <span class='ocrx_word' id='word_1_819' title='bbox 2405 5231 2709 5286; x_wconf 87' lang='lat' dir='ltr'><strong>sentiebant</strong></span> <span class='ocrx_word' id='word_1_820' title='bbox 2736 5231 2838 5286; x_wconf 92' lang='lat' dir='ltr'><strong>sub</strong></span> <span class='ocrx_word' id='word_1_821' title='bbox 2858 5233 3137 5286; x_wconf 80' lang='lat' dir='ltr'><strong>celeritate</strong></span> <span class='ocrx_word' id='word_1_822' title='bbox 3165 5231 3403 5301; x_wconf 90' lang='lat' dir='ltr'><strong>percelli.</strong></span> <span class='ocrx_word' id='word_1_823' title='bbox 3429 5231 3533 5286; x_wconf 90' lang='lat' dir='ltr'><strong>De-</strong></span> 
     </span>
    </p>
   </div>
   <div class='ocr_carea' id='block_1_112' title="bbox 1945 5323 3528 5393">
    <p class='ocr_par' dir='ltr' id='par_1_112' title="bbox 1945 5323 3528 5393">
     <span class='ocr_line' id='line_1_112' title="bbox 1945 5323 3528 5393; baseline -0.001 -15"><span class='ocrx_word' id='word_1_824' title='bbox 1945 5335 2176 5392; x_wconf 85' lang='lat' dir='ltr'><strong>mentes,</strong></span> <span class='ocrx_word' id='word_1_825' title='bbox 2210 5325 2297 5393; x_wconf 84' lang='lat' dir='ltr'><strong>qui</strong></span> <span class='ocrx_word' id='word_1_826' title='bbox 2332 5326 2641 5392; x_wconf 89' lang='lat' dir='ltr'><strong>patientiam</strong></span> <span class='ocrx_word' id='word_1_827' title='bbox 2675 5325 2883 5378; x_wconf 90' lang='lat' dir='ltr'><strong>Domini</strong></span> <span class='ocrx_word' id='word_1_828' title='bbox 2913 5334 3190 5379; x_wconf 79' lang='lat' dir='ltr'><strong>traxerunt</strong></span> <span class='ocrx_word' id='word_1_829' title='bbox 3213 5325 3278 5378; x_wconf 91' lang='lat' dir='ltr'><strong>ad</strong></span> <span class='ocrx_word' id='word_1_830' title='bbox 3306 5323 3528 5378; x_wconf 74' lang='lat' dir='ltr'><strong>infirm?-</strong></span> 
     </span>
    </p>
   </div>
   <div class='ocr_carea' id='block_1_113' title="bbox 1948 5415 3525 5483">
    <p class='ocr_par' dir='ltr' id='par_1_113' title="bbox 1948 5415 3525 5483">
     <span class='ocr_line' id='line_1_113' title="bbox 1948 5415 3525 5483; baseline -0.003 -12"><span class='ocrx_word' id='word_1_831' title='bbox 1948 5417 2070 5472; x_wconf 88' lang='lat' dir='ltr'><strong>tatis</strong></span> <span class='ocrx_word' id='word_1_832' title='bbox 2098 5417 2338 5483; x_wconf 89' lang='lat' dir='ltr'><strong>injurias,</strong></span> <span class='ocrx_word' id='word_1_833' title='bbox 2363 5432 2481 5470; x_wconf 93' lang='lat' dir='ltr'><strong>cum</strong></span> <span class='ocrx_word' id='word_1_834' title='bbox 2505 5418 2639 5481; x_wconf 85' lang='lat' dir='ltr'><strong>facta</strong></span> <span class='ocrx_word' id='word_1_835' title='bbox 2663 5432 2754 5469; x_wconf 87' lang='lat' dir='ltr'><strong>sua</strong></span> <span class='ocrx_word' id='word_1_836' title='bbox 2786 5433 2883 5471; x_wconf 87' lang='lat' dir='ltr'><strong>nec</strong></span> <span class='ocrx_word' id='word_1_837' title='bbox 2913 5416 3095 5470; x_wconf 82' lang='lat' dir='ltr'><strong>videre</strong></span> <span class='ocrx_word' id='word_1_838' title='bbox 3117 5431 3238 5470; x_wconf 90' lang='lat' dir='ltr'><strong>eum</strong></span> <span class='ocrx_word' id='word_1_839' title='bbox 3263 5415 3525 5479; x_wconf 88' lang='lat' dir='ltr'><strong>dicerent,</strong></span> 
     </span>
    </p>
   </div>
   <div class='ocr_carea' id='block_1_114' title="bbox 1943 5507 3528 5577">
    <p class='ocr_par' dir='ltr' id='par_1_114' title="bbox 1943 5507 3528 5577">
     <span class='ocr_line' id='line_1_114' title="bbox 1943 5507 3528 5577; baseline -0.001 -14"><span class='ocrx_word' id='word_1_840' title='bbox 1943 5525 2043 5564; x_wconf 90' lang='lat' dir='ltr'><strong>nec</strong></span> <span class='ocrx_word' id='word_1_841' title='bbox 2077 5509 2386 5577; x_wconf 80' lang='lat' dir='ltr'><strong>intelligere</strong></span> <span class='ocrx_word' id='word_1_842' title='bbox 2412 5523 2567 5577; x_wconf 87' lang='lat' dir='ltr'><strong>posse</strong></span> <span class='ocrx_word' id='word_1_843' title='bbox 2596 5511 2887 5572; x_wconf 87' lang='lat' dir='ltr'><strong>sentirent;</strong></span> <span class='ocrx_word' id='word_1_844' title='bbox 2920 5507 3044 5561; x_wconf 91' lang='lat' dir='ltr'><strong>dum</strong></span> <span class='ocrx_word' id='word_1_845' title='bbox 3082 5507 3171 5561; x_wconf 91' lang='lat' dir='ltr'><strong>ille</strong></span> <span class='ocrx_word' id='word_1_846' title='bbox 3200 5507 3318 5576; x_wconf 89' lang='lat' dir='ltr'><strong>pius</strong></span> <span class='ocrx_word' id='word_1_847' title='bbox 3346 5507 3528 5562; x_wconf 84' lang='lat' dir='ltr'><strong>mode-</strong></span> 
     </span>
    </p>
   </div>
   <div class='ocr_carea' id='block_1_115' title="bbox 1944 5599 3525 5668">
    <p class='ocr_par' dir='ltr' id='par_1_115' title="bbox 1944 5599 3525 5668">
     <span class='ocr_line' id='line_1_115' title="bbox 1944 5599 3525 5668; baseline -0.001 -14"><span class='ocrx_word' id='word_1_848' title='bbox 1944 5609 2094 5654; x_wconf 80' lang='lat' dir='ltr'><strong>rator</strong></span> <span class='ocrx_word' id='word_1_849' title='bbox 2120 5599 2388 5654; x_wconf 80' lang='lat' dir='ltr'><strong>exclamet</strong></span> <span class='ocrx_word' id='word_1_850' title='bbox 2419 5616 2431 5650; x_wconf 91' lang='lat'><strong>:</strong></span> <span class='ocrx_word' id='word_1_851' title='bbox 2472 5599 2610 5652; x_wconf 84' lang='lat' dir='ltr'><strong>Nolo</strong></span> <span class='ocrx_word' id='word_1_852' title='bbox 2640 5609 2853 5653; x_wconf 86' lang='lat' dir='ltr'><strong>mortem</strong></span> <span class='ocrx_word' id='word_1_853' title='bbox 2883 5599 3182 5668; x_wconf 84' lang='lat' dir='ltr'><strong>peccatoris,</strong></span> <span class='ocrx_word' id='word_1_854' title='bbox 3216 5601 3304 5652; x_wconf 86' lang='lat' dir='ltr'><strong>sed</strong></span> <span class='ocrx_word' id='word_1_855' title='bbox 3327 5609 3379 5652; x_wconf 89' lang='lat' dir='ltr'><strong>ut</strong></span> <span class='ocrx_word' id='word_1_856' title='bbox 3401 5615 3525 5652; x_wconf 90' lang='lat' dir='ltr'><strong>con-</strong></span> 
     </span>
    </p>
   </div>
   <div class='ocr_carea' id='block_1_116' title="bbox 1937 5687 3521 5757">
    <p class='ocr_par' dir='ltr' id='par_1_116' title="bbox 1937 5687 3521 5757">
     <span class='ocr_line' id='line_1_116' title="bbox 1937 5687 3521 5757; baseline -0.003 -10"><span class='ocrx_word' id='word_1_857' title='bbox 1937 5703 2162 5747; x_wconf 83' lang='lat' dir='ltr'><strong>vertatur</strong></span> <span class='ocrx_word' id='word_1_858' title='bbox 2188 5701 2235 5744; x_wconf 87' lang='lat' dir='ltr'><strong>et</strong></span> <span class='ocrx_word' id='word_1_859' title='bbox 2266 5691 2396 5744; x_wconf 52' lang='lat' dir='ltr'><strong>vitiat</strong></span> <span class='ocrx_word' id='word_1_860' title='bbox 2435 5688 2650 5757; x_wconf 75' lang='lat' dir='ltr'><strong>(Ezeclt.</strong></span> <span class='ocrx_word' id='word_1_861' title='bbox 2683 5706 2831 5755; x_wconf 85' lang='lat' dir='ltr'><strong>xvtn,</strong></span> <span class='ocrx_word' id='word_1_862' title='bbox 2855 5689 2969 5757; x_wconf 69' lang='lat'><strong>25).</strong></span> <span class='ocrx_word' id='word_1_863' title='bbox 3002 5689 3138 5744; x_wconf 85' lang='lat' dir='ltr'><strong>Deus</strong></span> <span class='ocrx_word' id='word_1_864' title='bbox 3160 5699 3338 5745; x_wconf 90' lang='lat' dir='ltr'><strong>autem</strong></span> <span class='ocrx_word' id='word_1_865' title='bbox 3361 5687 3521 5744; x_wconf 85' lang='lat' dir='ltr'><strong>Jacob</strong></span> 
     </span>
    </p>
   </div>
   <div class='ocr_carea' id='block_1_117' title="bbox 1943 5781 3522 5854">
    <p class='ocr_par' dir='ltr' id='par_1_117' title="bbox 1943 5781 3522 5854">
     <span class='ocr_line' id='line_1_117' title="bbox 1943 5781 3522 5854; baseline 0.001 -14"><span class='ocrx_word' id='word_1_866' title='bbox 1943 5786 2092 5850; x_wconf 89' lang='lat' dir='ltr'><strong>dicit,</strong></span> <span class='ocrx_word' id='word_1_867' title='bbox 2122 5783 2260 5841; x_wconf 85' lang='lat' dir='ltr'><strong>Deus</strong></span> <span class='ocrx_word' id='word_1_868' title='bbox 2292 5781 2585 5841; x_wconf 88' lang='lat' dir='ltr'><strong>Christiani</strong></span> <span class='ocrx_word' id='word_1_869' title='bbox 2627 5786 2822 5854; x_wconf 88' lang='lat' dir='ltr'><strong>populi.</strong></span> <span class='ocrx_word' id='word_1_870' title='bbox 2861 5783 3002 5840; x_wconf 84' lang='lat' dir='ltr'><strong>Solet</strong></span> <span class='ocrx_word' id='word_1_871' title='bbox 3029 5785 3168 5841; x_wconf 84' lang='lat' dir='ltr'><strong>enim</strong></span> <span class='ocrx_word' id='word_1_872' title='bbox 3202 5785 3299 5842; x_wconf 92' lang='lat' dir='ltr'><strong>hoc</strong></span> <span class='ocrx_word' id='word_1_873' title='bbox 3330 5799 3522 5842; x_wconf 78' lang='lat' dir='ltr'><strong>nomen</strong></span> 
     </span>
    </p>
   </div>
  </div>
