3952 6162
420 333 513 382 (‘07

1626 329 1692 381 Μ.
1749 331 1780 379 Λ
1794 325 2020 380 UREl."
2062 324 2464 381 CASSIODORI

3521 319 3609 388 cas

417 446 686 511 {Scriptura
720 443 898 496 divina
952 451 1214 510 repetere,
1273 441 1393 508 quia
1453 455 1545 508 per
1595 441 1764 502 ipsum
1794 440 1978 494 sub.~e-
2009 442 2056 499 Δ
2087 451 2130 492 et
2163 441 2224 492 de
2255 442 2361 508 lege
2397 451 2485 492 tua
2517 440 2748 492 ἄσαιμι-ἔς
2773 456 2911 500 eum.
2932 441 3123 492 Contra
3148 455 3308 495 \‘anos
3329 444 3448 500 bene
3477 453 3604 516 poni.

417 550 582 603 qut-ns
608 535 866 586 catholica
900 533 1229 600 signiﬁcatur
1259 532 1518 585 Ecclesia.

488 625 637 677 Vers.
669 624 720 676 8.
755 621 1039 689 Intelligite
1075 638 1232 693 nunc,
1259 623 1345 687 qui
1373 621 1662 689 insipientes
1689 624 1806 674 estis
1831 621 1879 673 in
1905 637 1988 689 po-

421 717 569 777 pulo;
599 725 668 778 et,
699 717 862 779 stulti,
896 715 1174 782 aliquando
1204 715 1382 783 sapite.
1421 714 1668 781 Exposita
1702 726 1985 766 consuetu-

418 806 539 858 dine
572 805 943 873 malignorum,
973 807 1118 860 venit
1140 806 1204 859 ad
1233 806 1520 858 secundam
1554 815 1778 872 partem,
1814 805 1862 855 in
1886 818 1988 871 qua

418 915 510 950 cos
537 909 843 951 commonet
869 909 927 951 ut
965 899 1176 951 tandem
1210 898 1499 966 aliquando
1528 912 1557 950 a
1605 896 1830 950 nefanda
1866 911 1986 962 per-

418 990 667 1041 suasione
697 989 992 1041 discedant.
1024 987 1330 1057 lnsipientes
1365 989 1486 1040 illos
1531 988 1767 1056 appellat
1810 986 1899 1055 qui
1936 986 1988 1038 in

426 1078 662 1130 Ecclesia
691 1079 980 1140 constituti,
1037 1079 1218 1131 szeeuli
1271 1079 1426 1131 i~tius
1456 1078 1706 1130 lelicitate
1739 1078 1991 1130 morden—

423 1166 627 1240 turaln
657 1170 847 1233 papula
894 1179 1070 1220 autem
1119 1168 1239 1219 ideo
1279 1165 1571 1234 subiunxit,
1627 1166 1745 1232 quia
1804 1181 1992 1230 pravas

426 1259 802 1325 intelligendas
835 1259 942 1311 suis
972 1260 1352 1311 conventiculis
1384 1259 1585 1325 publica
1625 1275 1749 1311 socc
1790 1261 1994 1311 denun-

426 1350 578 1405 tiant,
613 1357 667 1398 et
715 1348 907 1400 docere
936 1348 1204 1411 Videntur,
1238 1349 1377 1416 quod
1430 1349 1526 1414 ipsi
1563 1350 1786 1413 pessima
1821 1349 1994 1401 inteu-
2060 1380 2066 1392 ι

431 1453 571 1489 tione
597 1438 924 1492 ditiiterttut.
953 1442 1151 1492 Stultos
1182 1452 1354 1493 autem
1391 1441 1510 1493 illos
1543 1441 1694 1501 dicit,
1723 1444 1812 1509 qui
1858 1458 1992 1494 vera:

427 1531 701 1600 religionis
743 1542 988 1596 expertes
1034 1542 1215 1599 aperta
1266 1533 1684 1585 contradictione
1736 1534 1992 1601 blasphe-

427 1633 591 1686 maut,
624 1621 864 1674 dii-entes
893 1639 904 1672 :
936 1622 1042 1674 Nec
1074 1621 1254 1674 videte
1287 1621 1450 1673 Deum
1477 1623 1614 1686 quod
1648 1621 1890 1674 homines
1920 1622 1994 1675 la-

426 1712 593 1774 t'itlul,
629 1728 724 1765 ne.-
757 1712 1051 1781 intelligere
1101 1730 1216 1780 quin
1248 1714 1580 1780 delinquunt.
1621 1715 1888 1781 Sequitur,
1922 1724 1991 1777 et,

2087 542 2190 591 tur,
2222 531 2440 596 Beatus;
2471 548 2593 584 nam
2623 532 2758 584 sicut
2798 532 2871 583 illi
2913 533 3006 584 ead
3033 532 3121 584 .cls
3150 534 3528 601 Cogitatiouihus
3552 541 3604 594 il.

2088 623 2358 687 luduntur,
2413 626 2481 673 ita
2526 623 2609 674 isti
2639 622 2897 673 doctrinae
2926 620 3155 674 C(e'estis
3190 625 3399 677 veritate
3425 625 3607 684 ﬁrman.

2091 721 2194 768 tur.
2229 713 2383 766 Venit
2427 729 2553 782 ergo
2581 713 2646 766 ad
2679 715 2729 766 ill
2757 729 2794 766 -s
2827 728 2960 780 quos
2999 714 3050 765 in
3105 713 3256 765 titulo
3299 716 3468 782 psnhni
3508 723 3614 780 eniti

2089 804 2437 858 luminaribus
2459 809 2806 871 comparavit.
2837 803 2940 858 Sed
2969 805 3068 856 hoc
3099 804 3423 862 beatitudinis
3449 826 3611 877 genus,

2091 895 2536 964 quemadmodum
2572 894 2868 962 proveniat,
2899 907 3284 962 consequenter
3304 899 3522 966 exponit,
3549 904 3615 956 di-

2091 1003 2216 1042 cens
2246 1003 2259 1041 :
2295 989 2355 1040 Et
2387 990 2448 1040 de
2473 989 2580 1055 lege
2610 999 2696 1041 tua
2724 988 2952 1040 docueris
2983 1005 3116 1040 eum.
3152 988 3235 1040 lst'.
3262 989 3394 1042 enim
3423 1006 3516 1044 non
3545 1011 3618 1046 va-

2095 1077 2346 1130 nitatibus
2397 1077 2706 1141 illuduntur,
2773 1077 2862 1128 sed
2925 1091 3046 1129 vera
3102 1076 3353 1130 doctrina:
3397 1083 3620 1148 qualitate

2094 1170 2448 1234 complentur,
2483 1169 2719 1236 liuntqne
2751 1182 2933 1219 rei-era
2964 1167 3121 1233 beati,
3147 1169 3389 1236 quoniam
3417 1171 3624 1226 caelestis

2095 1261 2366 1328 Sapientia:
2397 1275 2612 1312 munera
2642 1269 3008 1325 pert-cperunt.

2171 1351 2318 1405 Vers.
2357 1353 2436 1404 15.
2475 1349 2539 1404 Ut
2588 1352 2780 1418 mitiges
2830 1369 2940 1401 enin
2987 1368 3016 1401 η
3067 1349 3244 1403 diebus
3285 1352 3450 1416 mali=,
3493 1333 3627 1406 don‘ec

2097 1443 2323 1510 fodiatur
2362 1443 2610 1511 peccaturi
2641 1442 2801 1510 fovea.
2836 1439 2972 1492 Istud
3003 1439 3110 1508 jam
3153 1449 3347 1492 saneta:
3374 1441 3494 1506 legis
3520 1457 3627 1495 con-

2098 1544 2196 1583 stat
2252 1547 2370 1584 es~'e
2417 1531 2760 1593 beneﬁcium,
2814 1539 2866 1581 ut
2899 1531 2946 1581 in
2997 1530 3233 1583 alwrsis
3280 1532 3449 1582 mundi
3505 1531 3632 1584 istius
3679 1579 3684 1585 .

2100 1622 2268 1674 discat
2295 1621 2631 1674 Christianus
2663 1620 2986 1689 patientiam,
3034 1638 3135 1688 qua
3189 1621 3486 1690 mitigantur
3512 1639 3634 1674 sent-

2102 1728 2195 1780 per
2245 1713 2495 1774 adversa;
2529 1712 2719 1782 legitur
2773 1713 2913 1765 enim
2955 1731 2967 1764 :
3020 1711 3340 1778 Exspectans
3387 1713 3637 1781 exspectari

427 1801 587 1862 stulti,
633 1803 911 1868 aliquando
941 1803 1134 1866 sapite;
1186 1802 1238 1854 id
1267 1812 1370 1866 est,
1403 1803 1702 1866 dementes,
1735 1805 1996 1858 advertite
2032 1807 2071 1863 Β
2105 1801 2392 1863 Dominum,
2425 1813 2469 1853 et
2500 1802 2717 1869 respexit
2750 1819 2824 1853 me
2856 1800 3027 1869 (Psal.
3060 1819 3243 1865 χχχιι,
3271 1803 3349 1867 2),
3401 1813 3451 1856 et
3481 1805 3552 1856 bis
3574 1806 3638 1855 si-

429 1894 633 1946 l)outini
681 1895 950 1961 pietatem,
983 1897 1070 1962 qui
1105 1896 1226 1948 talia
1283 1897 1476 1962 putatis
1521 1894 1999 1964 Dominumnegii-

433 2001 579 2052 gere,
611 2000 728 2050 qua:
758 1986 868 2037 suis
898 1986 1178 2052 prieceptis
1205 1987 1542 2052 cognoscitur
1573 1985 1832 2038 inhibere.

501 2074 652 2127 Vers.
684 2077 734 2128 9.
771 2076 872 2140 Qui
915 2075 1162 2142 plantavit
1186 2091 1382 2138 aurem,
1431 2092 1529 2127 non
1560 2079 1770 2141 audiet;
1800 2086 1887 2128 aut
1916 2077 2004 2146 qui

428 2166 573 2229 ﬁnxit
597 2166 822 2229 oculum,
849 2183 950 2218 non
979 2167 1304 2220 considerat?

505 2255 652 2309 Vers.
686 2257 768 2312 10.
801 2258 901 2322 Qui
925 2260 1134 2326 corripit
1160 2270 1352 2327 gentes,
1380 2275 1480 2312 non
1509 2266 1717 2326 arguet;
1749 2263 1831 2326 qui
1862 2258 2005 2310 daret

432 2348 684 2399 hominem
727 2349 1029 2402 scientiam?
1067 2350 1157 2402 llis
1187 2349 1396 2402 duilius
1428 2351 1671 2404 versibus
1704 2365 1793 2417 per
1822 2352 2002 2417 singu-

433 2440 508 2492 las
536 2440 828 2492 sententias
859 2441 1094 2493 decurrit
1148 2441 1502 2509 pulcherrima
1552 2442 1710 2493 nauis
1756 2450 1810 2493 et
1843 2441 1997 2494 abso-

435 2527 540 2579 luta
574 2532 812 2593 probatio
845 2549 858 2584 :
891 2547 1009 2600 quia
1054 2544 1230 2585 tamen
1272 2533 1597 2600 increpativc
1650 2533 1868 2602 legenda
1902 2542 2000 2588 est.

438 2617 570 2670 Dicit
599 2620 738 2672 enim
767 2635 782 2675 :
807 2623 903 2687 Qui
927 2623 1112 2675 tribuit
1137 2637 1318 2676 aurem
1344 2625 1566 2677 diversis
1590 2626 2004 2688 creatt‘tris'Suis,

437 2707 535 2758 sibi
566 2707 847 2778 denegavit
875 2711 1147 2765 auditum!
1180 2713 1276 2776 Qui
1311 2713 1591 2779 plasmavit
1633 2713 1866 2778 oculum,
1902 2730 2004 2765 non

447 2797 662 2849 habebit
690 2802 992 2866 aspectum!
1043 2801 1141 2865 Qui
1193 2803 1664 2868 pr:edicati0uihus
1721 2805 2008 2878 propheta-

436 2907 551 2944 rum
584 2904 768 2952 centes
797 2897 991 2960 arguit.
1025 2896 1135 2962 ipse
1179 2897 1397 2949 minime
1438 2896 1731 2963 judicahit!
1767 2899 1864 2963 Qui
1913 2897 2010 2949 do-

437 2981 544 3033 cuit
577 2983 843 3038 hominem
874 2987 1150 3040 scientiam
1183 2988 1296 3055 ipse
1321 2989 1542 3042 rationis
1565 2989 1772 3056 indigus
1800 3006 2010 3057 perma-

439 3072 614 3124 nebit!
645 3074 781 3138 Quin
825 3078 1000 3143 potius
1043 3078 1230 3131 artifex
1263 3095 1442 3131 rerum
1494 3081 1710 3133 modum
1760 3081 2010 3134 uniuscu-

2103 1892 2266 1943 tnilia.
2305 1892 2419 1945 Dies
2451 1902 2624 1944 autent
2660 1893 2781 1943 mali
2825 1901 2968 1955 sunt,
2996 1893 3211 1960 quando
3267 1895 3514 1948 insultare
3539 1908 3641 1948 cer-

2104 1995 2300 2036 nuntur
2351 1984 2554 2049 injusti,
2584 1983 2798 2052 quando
2851 1985 3284 2051 persecutoribus
3337 1985 3469 2037 lavet
3511 2000 3642 2037 mun-

2103 2075 2242 2128 dana
2265 2075 2508 2128 felicitas.
2542 2076 2645 2129 Sed
2675 2076 2793 2130 vide
2824 2077 2944 2142 quid
2975 2077 3241 2144 sequitur,
3265 2077 3646 2144 exspectandum

2105 2182 2221 2221 esse
2244 2169 2403 2219 donec
2432 2168 2659 2236 fodiatur
2679 2169 2930 2238 peccatori
2962 2169 3137 2236 {ovea;
3161 2162 3266 2222 lioc
3295 2182 3395 2232 εει,
3425 2185 3534 2223 cum
3555 2169 3647 2222 dies

2105 2257 2219 2323 ejus
2263 2258 2550 2324 sepulturze
2603 2259 2920 2325 provenerit,
2953 2259 3164 2328 quando
3189 2259 3303 2326 jam
3354 2275 3455 2312 non
3493 2274 3649 2327 super-

2108 2346 2256 2398 b.unt
2284 2348 2448 2409 impii,
2487 2362 2584 2400 nec
2617 2349 2837 2400 ulterius
2870 2344 2937 2401 de
2965 2352 3326 2418 prosperitate
3352 2353 3652 2418 gaudebunt;

2108 2437 2199 2489 sed
2234 2447 2357 2488 tunc
2386 2439 2639 2504 recipiunt
2668 2439 2805 2504 quod
2841 2439 2926 2491 hic
2952 2440 3229 2508 corrigere
3253 2441 3578 2493 distulerunt.

2177 2525 2330 2579 Vt'rs.
2370 2527 2449 2579 Μ,
2487 2526 2617 2590 Quia
2644 2544 2740 2579 non
2773 2527 2978 2594 repellet
3008 2528 3262 2583 Dominus
3292 2530 3477 2596 plebem
3508 2546 3650 2591 suam,

2110 2626 2156 2668 et
2183 2616 2528 2669 hwrrditntrm
2552 2635 2693 2670 suam
2723 2635 2820 2670 non
2849 2621 3184 2688 derelinquet.
3217 2621 3470 2688 Quoniam
3513 2636 3654 2685 supe-

2111 2707 2220 2759 rius
2251 2706 2474 2769 dixerat,
2509 2716 2560 2759 ut
2598 2710 2788 2778 mitiges
2826 2725 2959 2771 eum,
3005 2725 3148 2763 nunc
3198 2713 3390 2765 asserit
3435 2727 3528 2762 non
3569 2725 3660 2761 esse

2109 2797 2476 2861 repellendum,
2509 2813 2663 2865 quem
2699 2809 2912 2867 proptrr
2941 2802 3202 2856 coronale
3226 2803 3494 2872 praemium
3520 2816 3659 2870 parva

2113 2897 2350 2955 tempore
2389 2902 2770 2942 coounemorat
2811 2906 2932 2944 esse
2982 2891 3286 2960 fatigatum.
3325 2893 3521 2946 Plebem
3559 2906 3663 2942 vero

2111 2994 2256 3031 suam
2281 2977 2523 3047 designat
2553 2979 2886 3033 fidelissimos
2909 2981 3272 3048 Christianos,
3306 2985 3393 3050 qui
3424 2983 3484 3034 ad
3511 2982 3661 3033 Domi-

2118 3087 2243 3122 ntnn
2278 3086 2407 3136 pura
2441 3074 2634 3124 mentis
2682 3072 2978 3125 intentione
3027 3073 3314 3126 festinant.
3346 3074 3603 3142 Sequitur,
3633 3077 3667 3121 et

437 3159 625 3228 iusque
652 3164 991 3230 dispensans,
1024 3167 1150 3219 nulli
1179 3177 1546 3230 creaturarum
1575 3180 1774 3222 tantum
1806 3169 2008 3235 tribuit,
2037 3159 2082 3220 C
2116 3163 2460 3216 hereditatem
2487 3181 2632 3216 suam
2665 3180 2763 3216 nos:
2793 3167 3125 3234 drrelinquet.
3165 3166 3462 3219 [hereditas
3487 3173 3559 3217 est
3589 3163 3667 3214 lm-

439 3263 691 3315 quantum
725 3255 777 3306 in
830 3270 890 3308 se
933 3271 1054 3310 esse
1084 3259 1380 3324 cognoscit.
1431 3260 1646 3313 Desinat
1697 3275 1826 3330 ergo
1873 3275 2006 3314 vana

439 3343 784 3409 praesumptio
829 3344 1107 3413 imaginari
1155 3348 1292 3401 velle
1351 3347 1664 3402 l‘al..-issima.
1695 3348 1820 3402 Sola
1864 3349 2005 3403 enin

439 3431 701 3485 Diviuitas
749 3444 831 3488 est
883 3452 1002 3504 qua:
1055 3438 1233 3490 omnia
1287 3441 1568 3505 veraciter,
1617 3440 1791 3492 omnia
1840 3449 2018 3508 potest,

440 3538 596 3574 nosse
625 3525 880 3590 perfecte.
911 3528 1257 3593 Inspiciamus
1288 3530 1448 3583 etiam
1475 3547 1629 3598 quam
1665 3531 1883 3600 pulchre
1933 3533 2008 3584 lo-
2045 3566 2053 3571 -

440 3612 670 3666 cutionis
727 3615 858 3668 ordo
911 3617 1182 3672 decurrat.
1233 3620 1368 3674 Dicit
1417 3622 1603 3674 enim:
1642 3621 1740 3686 Qui
1770 3621 2013 3688 plantavit

439 3721 636 3770 aurem,
671 3716 723 3758 et
759 3723 860 3760 non
894 3711 1154 3778 sequitur,
1181 3725 1283 3764 non
1311 3712 1471 3766 habet
1501 3728 1705 3778 aurem,
1738 3715 1829 3767 sed
1859 3714 2010 3778 dixit,

441 3811 540 3845 non
568 3797 760 3849 audiet.
787 3799 931 3852 'l‘alis
978 3801 1136 3852 etiam
1188 3802 1377 3856 modus
1423 3805 1702 3858 locutions
1751 3805 2010 3870 sequitur,

440 3894 526 3935 aut
552 3890 636 3952 qui
668 3888 814 3950 ﬁnxit
843 3891 1069 3958 oculum,
1105 3907 1206 3944 nou
1241 3892 1395 3959 dixit,
1432 3910 1533 3945 non
1566 3895 1726 3947 habet
1769 3897 2004 3956 oculum,

440 3975 530 4026 sed
561 3977 712 4041 dixit,
745 3995 843 4031 nm
876 3982 1198 4045 considerat;
1227 3993 1282 4034 ut
1327 3984 1638 4037 ostenderet
1667 3985 1894 4037 virtutes
1922 4001 2015 4036 au-

441 4068 616 4120 diendi
650 4069 968 4140 videndique
1015 4075 1063 4125 iu
1096 4075 1200 4128 Deo
1231 4091 1372 4139 esse,
1418 4093 1522 4129 non
1580 4078 1836 4130 membra.
1872 4078 2013 4143 Quas

439 4162 928 4223 argumentationes
971 4163 1158 4217 breves
1197 4176 1354 4232 atque
1420 4167 1774 4219 lucidissimas
1825 4167 2015 4235 enthy-

442 4263 691 4316 memata,
726 4253 776 4304 id
811 4265 892 4307 est
942 4257 1135 4308 mentis
1183 4259 1564 4324 conceptioues
1606 4259 1872 4312 dialectici
1918 4276 2010 4326 ap-

445 4342 643 4405 pellare
694 4345 994 4398 voluerunt.
1035 4347 1140 4400 llas
1191 4363 1284 4415 pro
1339 4351 1597 4403 brevitate
1638 4352 1718 4404 sui
1767 4361 2013 4404 oratores

444 4427 746 4492 frequenter
786 4434 1012 4497 propriis
1057 4435 1483 4490 diSIinctiouibus
1529 4450 1864 4506 aptaverunt.
1917 4442 2013 4495 llic

2111 3271 2291 3318 mana,
2321 3274 2439 3324 quae
2491 3259 2554 3310 ad
2607 3272 2971 3311 successomm
3025 3258 3226 3326 prioris
3271 3258 3478 3312 Domini
3507 3256 3670 3324 migra-

2113 3350 2258 3402 tione
2289 3349 2625 3403 transfertur.
2678 3349 2807 3402 Nam
2865 3349 3134 3402 [hereditas
3194 3351 3416 3412 Christi,
3460 3349 3573 3401 licet
3616 3345 3670 3397 sit

2111 3441 2228 3506 ejus
2258 3442 2512 3508 sanguine
2543 3440 2859 3507 cooqnisita,
2897 3454 3170 3504 nunquam
3213 3454 3371 3491 suum
3406 3436 3570 3505 perdit
3590 3448 3672 3486 au-

2112 3539 2337 3593 ctorem,
2369 3531 2460 3582 sed
2489 3544 2607 3582 cum
2648 3529 2762 3596 ipso
2794 3527 3136 3580 nihilominus
3173 3529 3504 3597 possidetur.

2189 3620 2337 3673 Vers.
2376 3621 2462 3674 15.
2494 3621 2836 3689 Quoudusque
2859 3621 3061 3691 justitia
3111 3629 3448 3672 conrertatur
3476 3618 3524 3668 in
3547 3613 3673 3682 judi-

2114 3712 2280 3774 cium;
2321 3721 2368 3764 et
2406 3713 2491 3780 qui
2537 3722 2700 3764 tenent
2729 3727 2843 3764 eam
2873 3728 3043 3765 omnes
3071 3713 3166 3779 qui
3199 3722 3343 3764 recto
3379 3719 3495 3762 sunt
3527 3709 3676 3760 corde.

2113 3804 2326 3856 Justitia
2353 3804 2620 3856 hominum
2649 3816 2770 3856 tunc
2791 3804 3172 3856 conrertiturin
3189 3805 3474 3872 judicium,
3495 3798 3678 3870 quando

2117 3893 2362 3959 apostoli,
2409 3894 2488 3945 vel
2531 3891 2618 3960 qui
2649 3908 2832 3945 eorum
2885 3893 3086 3946 meritis
3115 3895 3504 3960 proximantur
3547 3891 3680 3957 (sicut

2114 3982 2191 4035 eis
2224 3985 2539 4049 promissum
2567 3993 2645 4036 est
2674 3984 2721 4034 in
2768 3983 3072 4053 Evangelio)
3103 3985 3343 4036 sederint
3393 3998 3542 4049 super
3573 3981 3680 4030 duo-

2114 4075 2274 4126 decim
2323 4075 2464 4126 sedes
2508 4076 2736 4138 iudicare
2767 4073 2976 4138 (Matth.
3011 4090 3128 4139 xIx,
3186 4076 3286 4144 εἳ)
3319 4090 3438 4130 cum
3471 4073 3682 4124 Christo.

2119 4165 2214 4217 Ista
2244 4164 2383 4218 enim
2406 4165 2609 4232 justitia
2639 4164 2894 4227 ﬁdelium,
2925 4180 3040 4231 quat
3069 4167 3120 4217 in
3170 4165 3279 4218 hoc
3332 4165 3530 4218 mundo
3573 4175 3682 4214 exa-

2122 4273 2151 4306 u
2178 4258 2247 4307 ini
2279 4256 2512 4322 subjacet
2558 4255 2860 4319 impiorum,
2891 4256 2956 4308 ibi
2988 4270 3181 4309 omnes
3213 4266 3498 4324 protervos
3525 4265 3688 4318 snper-

2117 4346 2313 4413 bosq'te
2339 4343 2616 4412 j-ulicabit,
2646 4345 2780 4397 sicut
2799 4347 2926 4396 dicit
2953 4345 3255 4408 Apostolus
3287 4363 3300 4396 :
3337 4343 3557 4397 Nescitis
3577 4353 3683 4408 quo-

2118 4439 2253 4488 niam
2283 4438 2488 4501 angelos
2521 4436 2882 4498 iudicabimus,
2922 4446 3111 4504 quanto
3144 4440 3320 4504 magis
3361 4433 3620 4488 saecularia
3644 4424 3686 4494 (Ι

443 4527 616 4569 autem
668 4520 1009 4591 syllogismus
1056 4536 1264 4578 constat
1303 4543 1368 4581 ex
1416 4533 1776 4597 propositione
1800 4545 1854 4587 et
1883 4549 2004 4586 (-on-
2043 4515 2091 4572 D
2119 4528 2237 4581 Cor.
2263 4545 2335 4591 vr,
2365 4531 2454 4595 5)!
2487 4530 2548 4581 Et
2590 4545 2657 4582 tte
2688 4529 2770 4580 isti
2799 4530 2886 4596 qui
2930 4539 3111 4581 essent
3143 4527 3387 4581 fortasse
3416 4525 3688 4578 dubitares.

444 4608 703 4672 clusione,
735 4611 833 4664 sibi
865 4622 1038 4668 tamen
1064 4617 1302 4682 utrisque
1343 4621 1656 4685 contrariis;
1691 4624 1848 4692 317
1875 4626 2013 4677 sicut

448 4698 530 4751 hic
562 4701 752 4753 factum
781 4714 892 4767 est;
918 4718 1037 4757 nam
1071 4710 1366 4776 proposuit,
1401 4709 1442 4774 Q
1465 4714 1495 4759 ii
1524 4711 1610 4776 plu
1632 4717 1770 4763 Διαυίι
1801 4729 2012 4776 aurem;

447 4791 710 4844 conclusit
738 4808 800 4846 cx
826 4797 1114 4859 contrario,
1147 4814 1245 4849 non
1271 4801 1463 4861 audiet,
1507 4811 1559 4854 et
1587 4802 1788 4870 reliqua
1813 4820 1928 4870 quin
1961 4805 2010 4856 in

445 4893 510 4933 eo
539 4895 694 4933 versu
725 4893 1020 4952 sequuntur
1049 4886 1372 4954 hujusmodi.
1901 4885 1908 4893 ’

517 4969 666 5024 Vers.
723 4973 810 5028 11.
869 4974 1119 5028 Dominus
1180 4981 1310 5030 novit
1370 4983 1704 5049 cogitat’ones
1757 4984 2015 5037 hominum

445 5062 681 5123 quoniam
710 5079 852 5115 vamr
879 5077 1015 5120 sunt.
1061 5068 1185 5121 Post
1229 5071 1312 5122 illa
1346 5088 1462 5139 qua:
1492 5073 1726 5134 dixerat,
1779 5077 2018 5142 sequitur

447 5165 568 5202 vera
623 5158 890 5209 sententia
924 5174 935 5208 :
969 5163 1218 5227 quoniam
1253 5163 1434 5215 talium
1494 5165 1768 5216 hominum
1817 5168 2014 5234 cogita-

445 5240 615 5294 tiones
646 5246 861 5298 omnino
905 5260 1026 5302 sunt
1057 5253 1382 5306 vanissimic.
1427 5254 1486 5305 Et
1521 5254 1655 5307 bene
1681 5255 1876 5306 dii-tum
1911 5265 2012 5323 est,

446 5331 692 5391 Dominus
721 5343 880 5407 novit,
912 5344 1032 5410 quia
1065 5347 1163 5412 ipsi
1213 5362 1270 5400 se
1305 5362 1398 5413 per
1426 5363 1484 5401 se
1530 5362 1690 5401 nosse
1741 5364 1842 5400 non
1893 5364 2015 5416 pos-

447 5437 590 5493 sttut,
638 5432 722 5496 qui
759 5435 934 5500 pravis
981 5437 1388 5503 cogitationibus
1420 5449 1766 5506 occupantur.
1805 5438 2011 5491 Vanum

447 5516 584 5568 enim
615 5518 840 5574 dicimus
866 5523 1118 5592 quidquid
1148 5541 1174 5576 a
1214 5529 1438 5580 veritate
1465 5528 1714 5593 disced.t,
1747 5529 2002 5597 quidquid

447 5608 732 5670 proticuotu
766 5628 870 5665 non
903 5613 1062 5668 habet
1095 5615 1343 5669 fructum.

526 5694 669 5752 Vcrs.
704 5701 788 5754 1:2.
817 5701 999 5758 Beatus
1030 5705 1179 5759 homo
1203 5724 1348 5776 quem
1389 5720 1438 5760 tu
1467 5709 1731 5770 erudieris,
1773 5708 2004 5772 Dmuiue,

2121 4620 2218 4672 sub
2263 4621 2676 4687 interrogatione
2707 4619 3008 4686 requiritur,
3042 4619 3128 4684 qui
3157 4629 3339 4670 tenent
3370 4633 3514 4679 eam,
3545 4612 3594 4665 id
3622 4617 3692 4662 est

2111 4710 2389 4778 justitiam.
2424 4709 2737 4777 Respondit,
2771 4725 2939 4760 omnes
2969 4710 3054 4777 qui
3087 4719 3232 4760 recto
3263 4719 3388 4759 sunt
3411 4706 3580 4758 corde.
3606 4700 3693 4751 Ile-

2119 4800 2186 4849 cti
2218 4800 2368 4851 corde
2403 4810 2525 4851 sunt
2568 4814 2755 4851 omnes
2781 4802 2972 4860 sanati,
3003 4800 3089 4866 qui
3118 4798 3330 4851 divina:
3365 4796 3558 4864 regula:
3584 4805 3696 4844 con-

2117 4891 2286 4959 juurti
2318 4893 2470 4943 avios
2499 4907 2601 4942 non
2627 4899 2919 4958 sequuntur
2947 4905 3187 4943 errores.

2199 4983 2345 5034 Vers.
2376 4980 2460 5034 16.
2497 4981 2620 5045 Quis
2648 4991 2884 5049 exsurget
2914 4982 3038 5033 mihi
3063 4981 3326 5033 adversus
3355 4977 3696 5046 malignantes.

2121 5083 2206 5123 aut
2240 5072 2348 5139 quis
2376 5073 2523 5124 stabit
2552 5088 2746 5122 mecum
2772 5072 3012 5123 adversus
3049 5081 3339 5136 operantes
3365 5060 3697 5135 iniquitatem?

2127 5164 2235 5217 Ven
2261 5175 2278 5215 t
2307 5163 2369 5213 ad
2401 5163 2607 5214 tertiam
2643 5170 2862 5228 partem,
2895 5161 2945 5212 in
2972 5174 3070 5228 qua
3099 5161 3211 5212 sibi
3239 5169 3438 5213 contra
3461 5154 3700 5222 malignos

2120 5258 2339 5321 spiritus
2361 5256 2529 5306 solum
2559 5254 2718 5306 Deum
2743 5251 3039 5321 adjutoretn
3064 5267 3194 5305 θέει)
3226 5261 3482 5306 teetatnr.
3506 5249 3567 5301 Et
3592 5243 3699 5310 quia

2119 5347 2294 5398 nu|7us
2318 5354 2397 5396 est
2423 5343 2694 5396 hominum
2718 5343 2804 5408 qui
2835 5343 3064 5410 propriis
3090 5342 3316 5395 viribus
3344 5341 3599 5394 adversus
3617 5344 3700 5385 eos

2118 5436 2423 5489 conﬂictare
2473 5433 2778 5497 prievaleat,
2811 5432 3199 5500 interrogative
3247 5431 3534 5499 legendum
3583 5432 3699 5478 es“

2117 5525 2245 5589 Quis
2290 5534 2522 5594 (πεπινθὸ
2565 5523 2795 5576 ni.'hi?id
2827 5531 2927 5580 est.
2954 5535 3108 5576 nemo
3156 5536 3261 5588 pro
3307 5536 3396 5574 me
3437 5518 3699 5571 adversqu

2116 5617 2384 5668 diemoues
2413 5623 2712 5668 certaturus
2757 5613 2982 5674 aSsistit,
3011 5616 3140 5664 dum
3176 5626 3280 5664 eos
3330 5611 3506 5679 pO'itls
3539 5603 3700 5656 homi-

2117 5721 2210 5759 nes
2265 5705 2416 5759 tnalis
2471 5703 2852 5758 imitationibns
2923 5703 3357 5768 subsequantur.
3433 5688 3702 5752 Adversari
