4046 6174
351 374 450 429 669

1312 378 1669 435 EXPOSITIU
1708 378 1772 433 IN
1814 378 2267 434 PSALTERIUM.
2314 378 2500 434 PSAL.
2544 377 2724 433 XCIII.

3513 377 3617 431 670

353 488 491 542 enim
513 487 684 541 hostis
706 498 807 550 est.
840 504 945 543 non
974 491 1239 559 sequacis.
1268 490 1501 552 Addidit,
1527 501 1613 541 aut
1635 492 1751 560 quis
1777 492 1926 543 stabit
1957 496 2001 550 Α
2033 506 2146 558 gere
2200 491 2363 555 enim,
2406 489 2738 543 advertimus
2798 490 3097 558 plasntare;
3130 491 3272 546 unde
3308 502 3360 547 et
3402 492 3615 563 figulum

348 596 543 635 mecum
568 584 807 634 adversus
839 595 1107 648 operantes
1150 582 1507 650 iniquitatem?
1537 581 1701 646 Quasi
1732 582 1782 633 itt
1814 580 1927 633 acie

344 684 670 737 certaturus,
722 675 873 741 quasi
928 675 1154 727 diversis
1203 674 1395 743 jaculis
1446 675 1839 741 vulneraudus;
1873 684 1927 726 ut

344 782 449 818 non
479 780 670 817 manus
701 766 986 819 inserendo
1016 765 1213 832 vincat,
1242 766 1334 819 sed
1362 767 1425 817 ad
1459 766 1734 819 victoriam
1760 765 1925 833 magis

345 857 594 922 patiendo
623 857 916 924 perveniat.
942 856 1084 909 Istud
1118 858 1258 909 enim
1301 858 1403 909 tale
1434 866 1706 910 certamen
1734 865 1842 917 est,
1871 868 1929 909 ut

345 952 521 1003 vincat
546 951 635 1020 qui
662 951 907 1013 sustinet,
935 962 987 1005 et
1016 950 1203 1018 perdat
1231 951 1321 1004 ille
1343 951 1430 1013 qui
1463 950 1725 1003 vultu-rat.
1756 950 1924 1015 Quem

342 1058 561 1097 sensum
588 1051 643 1096 et
672 1044 957 1109 Apostolus
989 1044 1113 1096 dicit
1140 1062 1152 1096 :
1190 1043 1313 1097 Non
1343 1054 1414 1095 est
1460 1044 1604 1096 nobis
1635 1045 1927 1097 colluctatio

342 1135 585 1185 adrersus
612 1148 817 1185 carnem
846 1144 893 1186 et
923 1134 1243 1203 sanguinem,
1270 1134 1359 1185 sed
1392 1133 1641 1186 adversus
1674 1135 1927 1202 principes

341 1233 385 1275 et
416 1232 689 1290 potestates
732 1224 1053 1275 tenebrarum
1103 1224 1307 1284 harum,
1352 1222 1591 1275 adversus
1635 1222 1927 1292 spiritualia

343 1314 583 1382 nequitia:
612 1314 663 1366 in
696 1315 975 1367 caelestibus
1003 1313 1219 1383 (Ephes.
1253 1331 1328 1378 vt,
1358 1316 1467 1382 Ii).

416 1405 567 1459 Vers.
599 1408 685 1459 I7.
718 1405 835 1458 NH
862 1408 980 1473 quia
1016 1404 1261 1458 Dominus
1287 1407 1485 1476 adjurit
1516 1422 1612 1471 me,
1644 1406 1798 1476 paulo
1824 1409 1923 1459 mi-

349 1513 442 1551 nus
470 1496 781 1548 habitaverat
814 1495 946 1567 [ed.,
973 1497 1264 1565 habitasset]
1297 1498 1346 1548 in
1372 1498 1569 1566 inferno
1593 1498 1763 1548 anima
1794 1514 1923 1551 mea.

347 1588 642 1641 Attettdens
674 1590 816 1656 prius
849 1588 913 1640 ad
964 1589 1246 1641 humanam
1299 1589 1738 1653 imbecillitatem,
1796 1604 1923 1642 nus-

343 1693 502 1743 quam
543 1678 645 1731 sibi
678 1678 878 1745 reperit
908 1678 1239 1746 adjutorem;
1270 1678 1689 1731 sedcnnversus
1723 1678 1788 1731 ad
1820 1679 1927 1731 Do-

350 1770 575 1832 minum,
607 1768 785 1820 statim
816 1768 955 1834 quod
1004 1768 1250 1835 opiulari
1301 1778 1499 1835 posset,
1534 1768 1756 1823 invenit.
1791 1768 1928 1823 Dicit

2034 584 2168 637 bene
2200 583 2437 637 solemus
2467 598 2713 637 vasorum
2758 583 2938 637 dicere
2983 584 3361 646 formatorem;
3396 601 3518 637 nam
3562 593 3618 637 et

2035 672 2127 726 ille
2172 673 2259 741 qui
2299 675 2573 739 mentitur,
2618 674 2814 742 aliquid
2858 674 2957 727 sibi
2986 675 3196 728 videtur
3228 690 3381 744 posse
3410 676 3617 729 confin-

2031 777 2177 831 gere.
2209 762 2359 816 Unde
2394 763 2492 816 hoc
2513 764 2733 817 verbum
2768 763 2949 816 multis
2979 764 3137 817 rebus
3168 767 3489 832 apponitur;
3521 766 3613 818 sed

2031 869 2265 921 congrue
2295 864 2419 907 tunc
2449 855 2783 923 intelligitur,
2822 854 3033 924 quando
3062 858 3237 911 causis
3258 866 3348 911 aut
3371 858 3615 926 personis

2030 948 2419 1000 convenienter
2447 957 2679 1015 aptatur.

2104 1037 2254 1090 Vers.
2289 1037 2375 1090 2i.
2409 1036 2694 1107 Captabunt
2721 1039 2773 1090 in
2804 1040 3027 1091 animam
3066 1040 3219 1109 justi,
3252 1050 3296 1092 et
3319 1041 3614 1109 sanguinem

2028 1127 2345 1180 innocentem
2375 1130 2804 1182 condemnabunt.
2832 1129 2939 1182 IIoc
2969 1131 3274 1199 frequenter
3311 1131 3534 1198 legimus
3559 1132 3611 1185 in

2031 1218 2353 1287 martyribus
2398 1220 2612 1286 fartum,
2646 1228 2700 1271 ut
2731 1219 3013 1273 truculenti
3046 1231 3413 1289 persecutores
3436 1222 3613 1289 aliquo

2038 1313 2164 1367 dolo
2197 1314 2516 1380 intercipere
2549 1316 2783 1365 nitantur
2806 1315 3009 1366 animas
3059 1313 3393 1366 innocentes.
3426 1312 3615 1379 Capta-

2033 1408 2153 1460 bunt
2187 1410 2327 1461 enm
2354 1408 2503 1468 dixit,
2555 1408 2703 1474 quasi
2734 1410 2972 1475 captiose
3001 1409 3339 1461 lractabnnt:
3374 1408 3494 1476 quia
3527 1424 3614 1461 ve-

2029 1514 2141 1552 ram
2185 1514 2399 1552 causam
2449 1498 2689 1551 criminis
2745 1500 2794 1551 in
2828 1500 3024 1551 talibus
3067 1499 3306 1552 invenire
3337 1515 3440 1551 non
3489 1512 3607 1564 pos-

2028 1596 2173 1641 sunt.
2208 1588 2346 1640 Istud
2380 1597 2554 1640 autem
2602 1588 2739 1655 quod
2788 1589 3049 1656 sequitur,
3102 1589 3201 1641 sub
3245 1589 3614 1642 exsecratione

2029 1677 2309 1745 legendum
2374 1686 2487 1740 est,
2546 1687 2592 1730 et
2650 1680 2947 1745 sanguinem
3006 1680 3322 1732 innocentem
3375 1683 3613 1731 condem-

2032 1770 2258 1831 nabunt;
2288 1778 2346 1823 ut
2386 1768 2525 1837 quod
2572 1771 2867 1822 sceleribus
2912 1770 3092 1823 datum
3141 1781 3245 1831 est,
3301 1772 3613 1838 improbitas

346 1856 519 1921 enim,
553 1857 666 1910 Nisi
694 1859 813 1926 quia
837 1857 1087 1911 Dominus
1115 1858 1312 1928 adjuvit
1336 1874 1433 1921 me,
1461 1859 1511 1912 itt
1547 1860 1689 1912 illam
1719 1859 1923 1927 foveam
1962 1856 2003 1914 Β
2037 1862 2307 1915 hominum
2342 1862 2626 1915 virtutibus
2677 1862 2913 1915 tribuere
2968 1877 3073 1914 non
3125 1869 3354 1915 recuset.
3390 1861 3613 1931 Sanguis

349 1952 595 2018 pretinus
650 1950 953 2004 incidissem
1008 1950 1060 2003 in
1092 1967 1193 2020 qua
1246 1963 1556 2019 peccatores
1601 1962 1803 2005 certum
1844 1962 1927 2007 est

346 2056 509 2109 posse
538 2040 805 2109 demergi;
842 2040 944 2094 hoc
987 2049 1091 2108 est,
1123 2042 1280 2110 paulo
1327 2043 1493 2095 minus
1532 2041 1844 2095 habitaverat
1870 2045 1924 2095 in

342 2136 548 2201 inferno
596 2134 768 2184 anima
799 2148 928 2184 mea.
968 2133 1124 2185 Vanis
1153 2134 1297 2186 enim
1348 2135 1781 2199 persuasionibus
1828 2151 1924 2204 po-

344 2224 535 2277 tuisset
565 2223 759 2290 decipi,
791 2223 890 2275 nisi
919 2223 1199 2275 meruisset
1221 2238 1249 2275 a
1274 2223 1500 2277 Domino
1530 2224 1763 2278 liberari.

415 2314 571 2369 νει-ε.
608 2316 692 2370 I8.
731 2315 791 2368 Si
819 2316 1046 2368 dicebam
1078 2331 1097 2368 :
1129 2315 1303 2368 Motus
1332 2326 1402 2369 est
1454 2332 1539 2384 pes
1588 2333 1749 2379 meus,
1778 2320 1925 2371 mise-

340 2407 567 2459 ricordia
614 2416 722 2470 tua,
758 2406 991 2470 Domine,
1035 2408 1310 2478 adjuuabat
1340 2424 1434 2461 me.
1481 2408 1576 2461 llic
1606 2409 1921 2463 beneficium

339 2497 642 2552 celerrima:
670 2496 1023 2551 confessionis
1052 2498 1369 2563 ostenditur,
1397 2509 1453 2551 ut
1482 2513 1601 2551 cmn
1633 2515 1689 2552 se
1718 2499 1922 2567 lapsum

341 2591 573 2656 diceret,
626 2591 804 2644 statim
862 2606 1077 2645 munera
1130 2590 1309 2643 divina
1339 2592 1590 2656 sentiret;
1640 2592 1731 2661 qui
1782 2591 1921 2646 felici

340 2690 488 2734 sorte
518 2680 801 2744 liberatus,
827 2680 951 2734 inde
981 2690 1185 2734 reatum
1211 2682 1440 2735 evadere
1470 2683 1772 2751 prazvaluit,
1798 2683 1921 2752 quia

339 2773 551 2839 culpam
580 2771 750 2826 Judici
790 2786 895 2825 non
927 2774 1157 2842 negavit.
1192 2772 1280 2827 Sic
1310 2772 1501 2828 Petrus
1538 2764 1657 2826 cuni
1702 2784 1926 2827 vocatus

340 2862 620 2931 gressibus
652 2860 763 2915 suis
792 2863 1021 2915 calcaret
1050 2862 1218 2916 undas
1250 2864 1432 2924 maris,
1467 2863 1680 2930 expavit
1706 2862 1921 2931 (Matth.

343 2966 457 3013 ιη,
491 2951 619 3021 30);
651 2953 743 3006 sed
780 2952 900 3005 ideo
924 2952 1033 3005 cito
1062 2952 1253 3005 meruit
1282 2952 1511 3019 liberari,
1544 2967 1667 3021 quia
1695 2951 1927 3006 infirmi-

342 3052 508 3098 tatem
540 3058 692 3096 suam
742 3043 896 3097 obrui
946 3044 1189 3112 protinus
1240 3044 1560 3097 exclamavit
1587 3060 1600 3097 :
1629 3045 1711 3097 cui
1743 3044 1921 3099 statim

341 3135 893 3191 adfuitmisericordia
921 3135 1121 3197 divina,
1146 3137 1273 3190 dum
1300 3146 1448 3190 tensa
1478 3151 1665 3191 manus
1691 3140 1885 3207 eripuit
1903 3178 1919 3203 ,

341 3244 503 3295 quem
548 3226 844 3280 diffidentia
897 3227 1132 3281 cavenda
1162 3228 1453 3295 mergebat.
1505 3227 1734 3282 Tantum
1776 3229 1918 3283 enim
1956 3219 1998 3275 C

342 3320 487 3375 valet
517 3321 570 3374 in
623 3319 898 3387 principiis
937 3319 1229 3373 accelerata
1260 3319 1550 3383 confessio,
1594 3329 1650 3373 ut
1679 3328 1805 3374 ante
1834 3320 1923 3373 in-

342 3411 620 3481 dulgentia
649 3411 950 3477 subveniat,
982 3424 1141 3479 quam
1176 3424 1329 3477 paena
1361 3410 1634 3476 percellat.

415 3502 571 3556 Vers.
600 3502 685 3555 I9.
710 3500 1003 3555 Secundum
1032 3499 1405 3552 multitudinem
1433 3500 1667 3551 dolorum
1697 3514 1925 3551 meorum

337 3594 395 3645 in
422 3592 577 3645 corde
604 3605 737 3657 meo,
770 3590 1137 3643 consolationes
1166 3599 1267 3642 tua:
1295 3589 1676 3656 laeti/icaverunt
1701 3592 1924 3642 animam

346 3700 531 3737 meam.
566 3683 724 3736 Multa
755 3684 967 3752 quidem
999 3682 1244 3745 vulnera,
1273 3682 1367 3735 sed
1399 3682 1674 3736 sufficiens
1709 3685 1926 3737 omnino

346 3775 631 3839 medicina,
656 3775 866 3845 quando
890 3774 1183 3830 secundum
1216 3774 1427 3829 dolores
1470 3789 1690 3842 asperos
1725 3790 1922 3830 conso-

348 3862 532 3923 Iatoriti
561 3868 688 3921 dicit
713 3869 926 3922 venisse
955 3868 1212 3922 remedia.
1242 3867 1370 3921 Nam
1402 3869 1539 3935 quod
1573 3868 1668 3929 ait,
1703 3870 1755 3921 in
1774 3870 1926 3922 corde

346 3974 481 4025 meo,
532 3974 659 4014 suas
697 3960 961 4028 signiﬁcat
1003 3958 1385 4013 saluberrimas
1432 3959 1816 4027 cogitationes;
1869 3970 1925 4014 ut

345 4066 462 4105 cum
494 4052 870 4106 retributiones
918 4061 1150 4107 teternas
1197 4061 1376 4107 mente
1422 4053 1743 4116 revolveret,
1786 4054 1921 4109 mala

349 4144 659 4213 temporalia
681 4146 795 4199 sine
815 4144 1151 4199 dubitatione
1168 4144 1499 4213 despiceret;
1521 4154 1571 4199 et
1594 4146 1924 4199 confortatus

347 4236 468 4289 inde
493 4244 730 4289 sumeret
750 4235 1067 4299 remedium,
1095 4236 1237 4289 unde
1259 4251 1320 4290 se
1346 4236 1626 4303 pervenire
1647 4234 1925 4303 judicabat

346 4326 409 4379 ad
443 4325 736 4380 Christum.
764 4324 899 4393 Ipsa:
927 4335 1050 4381 sunt
1093 4325 1467 4379 consolationes
1512 4340 1630 4393 qua:
1661 4325 1922 4394 terriﬁcant

345 4418 561 4479 animas,
591 4416 832 4482 quamvis
855 4429 1076 4482 corpora
1106 4414 1391 4469 videantur
1414 4414 1633 4467 afﬂicta.

411 4504 567 4559 Vers.
596 4503 684 4561 20.
717 4504 967 4574 Nunquid
1012 4506 1240 4559 adhteret
1286 4507 1372 4558 tibi
1422 4506 1565 4557 sedes
1610 4506 1915 4568 iniquitat,

2030 1955 2174 2007 enim
2206 1970 2301 2023 pro
2324 1954 2508 2007 dolore
2541 1956 2736 2021 petitur
2758 1954 2949 2018 sancti,
2974 1954 3056 2006 cui
3084 1955 3199 2008 laus
3228 1963 3281 2008 et
3304 1956 3613 2023 obsequium

2027 2044 2305 2099 debuisset
2351 2046 2555 2099 oITerri.
2595 2046 2702 2097 lloc
2755 2054 2809 2098 et
2856 2045 2920 2097 ad
2964 2045 3243 2098 Dominum
3277 2047 3610 2100 Salvatorem

2029 2148 2204 2207 potest
2236 2139 2442 2202 referri,
2489 2138 2578 2205 qui
2614 2152 2737 2191 vere
2778 2138 3017 2191 innocens
3048 2147 3207 2205 atque
3238 2138 3614 2192 immaculatns

2027 2243 2125 2297 pro
2178 2237 2364 2282 nostra
2421 2229 2793 2297 redemptione
2843 2229 3169 2283 sententiam
3228 2229 3440 2299 injustas
3481 2245 3611 2285 con-

2027 2322 2387 2375 dcmnalionis
2413 2323 2651 2390 excepit.

2099 2412 2251 2465 Vers.
2294 2414 2383 2467 9.2.
2416 2412 2480 2465 Et
2512 2413 2677 2481 [actus
2700 2422 2774 2466 est
2809 2412 2930 2465 mihi
2962 2410 3210 2466 Dominus
3255 2413 3306 2465 in
3336 2414 3611 2481 refugium,

2025 2511 2070 2556 et
2092 2503 2227 2556 Deus
2254 2520 2393 2556 meus
2411 2505 2465 2556 in
2489 2504 2742 2555 auxilium
2769 2505 2875 2571 spei
2899 2518 3041 2556 mete.
3069 2503 3134 2557 Ut
3160 2502 3466 2556 OSIenderet
3496 2520 3611 2571 pcr-

2026 2598 2332 2650 secutioues
2365 2596 2639 2648 hominum
2685 2596 2755 2647 nil
2803 2596 3004 2658 valere,
3038 2610 3102 2648 eo
3150 2602 3392 2661 tempore
3443 2600 3611 2664 magis

2024 2687 2156 2739 dicit
2184 2686 2423 2739 divinum
2458 2685 2561 2739 sibi
2592 2685 2904 2753 provenisse
2950 2684 3229 2753 refugium,
3262 2684 3474 2750 quando
3517 2700 3609 2737 Stl-

2027 2777 2207 2846 petbia
2256 2780 2499 2831 humana:
2534 2777 2920 2845 persecutionis
2965 2777 3145 2829 inflata
3199 2786 3301 2830 est.
3349 2778 3448 2829 Per
3479 2777 3612 2830 hanc

2026 2870 2167 2923 enim
2196 2878 2397 2922 sanetre
2434 2876 2727 2936 martyrum
2760 2867 3065 2934 germinant
3094 2866 3318 2934 palmas;
3353 2881 3447 2933 per
3479 2866 3611 2919 hanc

2028 2960 2296 3015 coronalis
2324 2959 2413 3013 illa
2434 2957 2706 3010 beatitudo
2734 2964 3094 3025 praeparatur;
3124 2970 3220 3023 per
3251 2956 3386 3008 hanc
3411 2956 3611 3021 nuptia-

2026 3051 2094 3105 lis
2123 3054 2258 3104 stola
2292 3049 2635 3111 conceditur;
2673 3063 2765 3114 per
2796 3050 2933 3102 hanc
2958 3050 3219 3101 caelorum
3253 3062 3416 3115 regna
3460 3061 3608 3100 rese-

2025 3150 2246 3208 rantur;
2279 3152 2333 3196 et
2383 3141 2638 3210 quidquid
2681 3140 2951 3193 desiderio
3000 3156 3192 3209 magno
3240 3139 3459 3207 petitur,
3496 3139 3609 3207 ipsa

2028 3236 2202 3305 potius
2251 3234 2504 3288 saeviente
2537 3240 2839 3300 praestatur.
2884 3231 3156 3299 Sequitur,
3205 3239 3253 3283 et
3290 3230 3427 3282 Deus
3470 3246 3609 3280 unus

2026 3330 2082 3381 in
2120 3326 2371 3380 auxilium
2399 3324 2508 3394 spei
2549 3339 2691 3376 mete.
2728 3323 2862 3376 Dum
2889 3323 3038 3386 dicit,
3072 3321 3345 3384 auxilium,
3379 3318 3609 3373 ostendit

2027 3431 2086 3471 se
2116 3406 2288 3469 adhuc
2315 3429 2435 3469 esse
2467 3427 2767 3482 passurum.
2798 3412 3025 3479 Pr0pter
3057 3410 3157 3463 hoc
3186 3409 3419 3477 denique
3460 3409 3609 3459 addi-

2027 3505 2126 3568 dit,
2157 3514 2206 3558 et
2237 3504 2346 3571 spei
2370 3518 2517 3566 meat,
2551 3504 2800 3569 quoniam
2831 3501 2917 3553 hic
2949 3500 3123 3552 adhuc
3148 3514 3295 3566 spem
3331 3498 3607 3559 habemus,

2029 3613 2134 3651 non
2164 3611 2279 3651 rem
2304 3605 2580 3658 tenemus;
2614 3593 2705 3648 sed
2732 3608 2849 3645 cum
2875 3592 3004 3646 illud
3029 3600 3238 3659 tumpus
3262 3589 3607 3643 revelatioais

2027 3687 2285 3748 illuxerit,
2315 3698 2464 3753 Spem
2496 3684 2890 3753 relinquemus,
2920 3683 3040 3750 quia
3094 3680 3202 3749 jam
3238 3688 3475 3733 nostrum
3506 3679 3604 3731 de—

2027 3778 2281 3832 siderium
2307 3777 2705 3845 possidebimus
2725 3819 2740 3842 ,
2772 3776 2911 3828 sicut
2941 3773 3069 3826 dicit
3099 3773 3388 3840 Apostolus
3420 3788 3431 3822 :
3468 3770 3607 3823 Nam

2025 3868 2162 3940 quod
2184 3868 2316 3920 videt
2341 3869 2477 3935 quis,
2502 3866 2624 3935 quid
2654 3865 2862 3932 sperat?
2888 3864 2949 3917 Si
2985 3872 3156 3916 autem
3182 3863 3317 3930 quod
3340 3880 3439 3915 non
3468 3863 3606 3916 vide-

2028 3978 2139 4015 mus
2163 3976 2445 4030 speramus,
2477 3974 2565 4025 per
2592 3957 2891 4025 patientiam
2915 3964 3261 4025 exspectamus
3291 3954 3463 4021 (Rom.
3489 3970 3601 4018 vm,

2024 4050 2115 4114 9.4,
2135 4050 2253 4117 25).
2280 4049 2615 4115 Quapropter
2632 4046 3069 4099 sicutclamorent
3094 4051 3397 4095 sanctorum
3435 4061 3483 4096 III
3513 4061 3607 4095 su-

2026 4142 2320 4210 perioribus
2352 4144 2603 4209 propheta
2647 4137 2967 4200 declaravit,
3012 4135 3239 4189 dicendo
3278 4153 3289 4186 :
3338 4134 3604 4202 Usquequo

2024 4242 2341 4301 peccatores,
2385 4229 2633 4293 Domine,
2678 4242 2936 4296 usquequo
2987 4239 3270 4295 peceatores
3308 4226 3606 4295 gloriabun-

2025 4324 2145 4375 tur?
2184 4324 2253 4374 ila
2287 4336 2429 4374 nunc
2478 4318 2747 4389 pertendit,
2780 4318 2845 4369 Et
2877 4322 3043 4386 [actus
3087 4326 3159 4369 est
3201 4316 3326 4368 mihi
3358 4315 3607 4368 Dominus

2022 4414 2075 4467 in
2103 4414 2375 4484 refugium,
2398 4421 2444 4465 et
2471 4412 2607 4464 Deus
2639 4427 2781 4464 meus
2811 4412 2863 4462 in
2895 4410 3146 4462 auxilium
3174 4409 3281 4478 spei
3308 4425 3450 4475 metu,
3482 4424 3607 4462 caue

2026 4519 2136 4556 sam
2170 4504 2330 4555 totius
2364 4502 2711 4555 Itassitatiouis
2738 4499 2984 4554 abscidit.

344 4594 427 4661 qui
471 4594 625 4663 ﬁngis
658 4594 880 4647 dolorem
916 4596 969 4647 in
1019 4595 1304 4664 prtecepm?
1332 4593 1586 4661 Negative
1638 4594 1917 4645 dicendum
1952 4578 1999 4636 D
2102 4594 2250 4645 Vcrs.
2282 4592 2371 4644 εὖ.
2398 4591 2463 4644 Ει
2496 4593 2670 4645 reddet
2714 4591 2818 4644 illis
2848 4591 3169 4659 iniquitatem
3205 4591 3454 4661 ipsorum,
3483 4599 3527 4642 et
3557 4591 3607 4643 in

344 4692 425 4737 cst
454 4700 467 4737 :
504 4682 752 4753 Nunquid
779 4686 1045 4752 particeps
1077 4688 1149 4738 tui
1182 4685 1285 4737 erit
1316 4685 1538 4738 thronus
1568 4683 1919 4737 insidiarum?

342 4776 471 4841 Quia
500 4776 646 4842 justo
675 4774 903 4829 Domino
946 4790 1051 4829 non
1095 4786 1269 4844 potest
1299 4776 1620 4842 proximare,
1648 4774 1749 4829 nisi
1776 4774 1914 4843 quod

340 4865 455 4932 ejus
476 4873 688 4919 constat
711 4866 903 4934 regulis
928 4867 1235 4920 convenire.
1263 4866 1351 4920 Sic
1384 4880 1481 4934 per
1509 4866 1740 4933 speciem
1771 4874 1917 4918 octa-

341 4973 456 5011 vam
482 4956 837 5021 definitionis,
870 4973 988 5027 qua:
1017 4958 1202 5012 Graece
1232 4958 1340 5012 κατ’
1368 4942 1625 5034 ἀφαίρεσιν
1648 4962 1741 5013 τοῦ
1771 4958 1912 5011 ivstu-

338 5052 467 5111 τίον,
500 5048 689 5103 Latine
720 5063 815 5116 per
844 5050 1159 5118 privantiam
1190 5049 1467 5113 contrarii,
1497 5049 1738 5117 negando
1770 5048 1913 5118 quod

342 5154 444 5193 non
472 5149 576 5203 est,
602 5140 853 5193 definitur
882 5140 1006 5207 quid
1060 5141 1127 5192 sit
1168 5140 1417 5193 Christus
1448 5140 1719 5193 Dominus.
1757 5139 1916 5195 Sedes

340 5231 481 5284 enim
514 5230 796 5298 iniquitatis
822 5239 904 5284 est
934 5230 1115 5283 mundi
1146 5232 1299 5283 istius
1326 5231 1642 5297 voluptuosa
1695 5244 1912 5297 posses-

340 5321 441 5387 sio,
467 5336 585 5389 qua:
614 5320 835 5374 Domino
863 5320 1137 5375 adhaerere
1168 5337 1271 5375 non
1305 5330 1499 5388 potest,
1529 5320 1743 5390 quando
1787 5335 1915 5374 suos

341 5412 502 5482 318
532 5412 780 5476 famulos,
828 5427 893 5466 ne
922 5413 1083 5467 rebus
1130 5413 1322 5466 talibus
1371 5423 1690 5480 caperentur
1721 5412 1912 5465 admo-

343 5503 471 5555 nuit.
512 5501 838 5567 Praeceptum
868 5503 1008 5556 enim
1040 5503 1208 5570 ipsius
1235 5502 1514 5556 continet:
1550 5500 1697 5554 Beati
1722 5503 1807 5569 qui
1835 5506 1914 5553 tu-

340 5604 476 5664 gent,
508 5595 748 5660 quoniam
792 5595 893 5664 ipsi
932 5595 1360 5659 consolabuntur;
1404 5604 1458 5648 et
1495 5596 1685 5649 iterum
1723 5614 1734 5646 :
1772 5593 1928 5647 Beati

343 5685 426 5751 qui
443 5685 842 5753 persecutionem
864 5686 1130 5753 patiuntur
1151 5695 1355 5753 propter
1369 5685 1649 5756 justitiam,
1674 5685 1918 5753 quoniam

346 5790 569 5839 Ipsarum
616 5784 687 5827 est
717 5789 927 5844 regnum
954 5777 1189 5830 calorum
1232 5775 1449 5841 (.ilatt/t.
1476 5792 1527 5840 v,
1564 5778 1613 5839 5,
1648 5777 1754 5847 Itl).
1792 5772 1920 5828 Fin-

2027 4687 2221 4739 malitia
2242 4702 2415 4738 eorum
2437 4684 2693 4752 disperdet
2712 4699 2795 4735 eos
2817 4681 3065 4734 Dominus
3090 4680 3229 4734 Deus
3248 4692 3437 4734 noster.
3467 4681 3606 4735 Ecce

2024 4780 2198 4832 omnis
2246 4776 2510 4829 dubitatio
2556 4774 2911 4827 saluberrimo
2959 4775 3062 4827 fine
3112 4782 3292 4826 curata
3336 4781 3443 4826 est.
3475 4772 3603 4823 Nam

2025 4868 2145 4921 illos
2176 4882 2310 4935 quos
2339 4866 2618 4919 dicebatur
2654 4865 2910 4917 Dominus
2952 4879 3056 4917 non
3082 4863 3287 4924 videre,
3318 4875 3491 4929 neque
3522 4862 3602 4913 itt-

2024 4958 2283 5027 telligere,
2314 4963 2615 5024 opportuno
2643 4964 2884 5022 tempore
2917 4953 3176 5007 retribuet
3206 4951 3307 5003 illis
3338 4950 3605 5016 operatio-

2020 5064 2116 5103 nes
2143 5064 2286 5102 suas.
2311 5047 2417 5102 Sed
2447 5047 2805 5115 intelligamus
2828 5046 2953 5116 quid
2984 5047 3054 5098 sit
3075 5043 3213 5113 quod
3243 5043 3394 5106 dicit,
3420 5052 3463 5094 et
3491 5042 3609 5094 red-

2019 5140 2100 5191 det
2127 5140 2228 5192 illis
2276 5139 2592 5207 iniquitatem
2618 5138 2871 5205 ipsorum,
2927 5135 2978 5188 id
3014 5142 3097 5189 est
3143 5132 3406 5186 retribuet
3452 5132 3605 5183 malis

2016 5230 2306 5283 secundum
2349 5212 2472 5281 vota
2518 5227 2771 5295 nequitia:
2803 5239 2948 5289 suae,
2993 5238 3097 5277 non
3140 5222 3432 5276 secundum
3476 5218 3604 5272 illud

2018 5318 2213 5372 bonum
2264 5320 2402 5387 quod
2452 5318 2699 5372 videntur
2747 5317 2924 5370 facere
2976 5315 3293 5369 nescientes.
3341 5313 3469 5366 Nam
3513 5314 3603 5379 qui

2020 5410 2389 5464 sanctissimos
2432 5419 2843 5479 persequuntur,
2877 5409 2940 5462 ad
2974 5409 3232 5463 caelorum
3264 5406 3479 5475 quidem
3512 5421 3603 5459 re-

2015 5514 2121 5567 gna
2147 5500 2540 5564 transmittunt;
2571 5502 2662 5554 sed
2692 5499 2916 5554 credunt
2956 5514 3013 5552 se
3046 5496 3288 5565 perdere,
3319 5511 3453 5563 quos
3495 5504 3603 5547 sta-

2020 5594 2220 5649 tuerint
2250 5591 2429 5661 iniqua
2458 5593 2733 5646 voluntate
2766 5590 3055 5645 trucidare.
3094 5589 3288 5641 Verum
3333 5588 3421 5641 isti
3468 5588 3601 5640 tales

2022 5685 2076 5738 in
2107 5684 2191 5737 illa
2221 5691 2368 5751 parte
2398 5682 2671 5753 judicandi
2717 5691 2860 5745 sunt,
2897 5682 2949 5734 itt
2982 5695 3082 5749 qua
3116 5679 3372 5732 malitiam
3402 5691 3597 5732 conce-

2025 5776 2165 5842 pisse
2196 5784 2506 5831 noscuntur.
2552 5776 2617 5831 Et
2668 5784 2790 5830 uota
2841 5774 2978 5845 quod
3033 5774 3131 5827 hoc
3170 5788 3364 5829 nomen
3394 5770 3600 5825 malitia
