3952 6162
458 350 551 406 071
1524 362 1527 363 ⁷
1660 346 1727 400 Μ.
1775 346 2025 401 AURELI

2141 344 2503 401 ASSIODORI
3562 364 3644 419 (ηρ

458 466 692 518 omnium
738 463 1020 515 criminum
1066 473 1231 528 capax
1280 472 1399 513 esse
1453 458 1674 513 dicatur.
1726 460 1856 513 Nam
1890 462 2028 514 sicut
2056 466 2102 522 Α
2134 462 2277 513 mino
2311 474 2413 513 non
2445 462 2731 517 reddantur
2762 464 3031 531 absentes,
3056 468 3300 534 quoniam
3332 470 3502 539 ubique
3528 484 3644 532 totus

456 557 687 609 Charitas
715 552 1029 606 multifarias
1063 552 1283 605 virtutes
1315 551 1574 614 continet,
1608 551 1680 603 ita
1708 552 1901 603 malitia
1925 553 2029 605 cri-

461 652 599 701 mina
627 649 835 700 diversa
878 645 1268 713 complectitur.
1320 642 1589 706 Disperdet
1628 660 1734 708 eos,
1768 644 1817 697 id
1862 652 1966 708 est,
2001 661 2026 694 a

459 754 556 791 suo
584 753 745 805 regno
774 738 971 790 efﬁciet
1018 737 1243 801 alienos,
1299 737 1388 789 ubi
1436 737 2026 804 incomprehensibilem

460 843 665 895 patriam
694 826 963 880 sustinent
982 826 1127 891 mali,
1160 841 1280 880 cum
1309 840 1336 877 a
1363 835 1509 880 tanto
1541 841 1761 880 munere
1792 827 2025 881 reddun-

459 930 540 974 tur
566 921 823 974 extranei.

995 1015 1262 1068 Conclusio
1290 1014 1492 1083 psalmi.

530 1129 901 1189 Resoiciamus
954 1130 1091 1181 hunc
1122 1130 1379 1197 psalmum
1422 1143 1525 1195 quo
1556 1128 1747 1181 decore
1789 1127 2026 1193 rQSplen-

458 1225 618 1276 deat:
652 1221 1096 1291 quemadmodum
1128 1222 1203 1274 illi
1232 1222 1633 1273 murmurationi
1663 1229 2030 1288 competenter

460 1317 703 1382 objectus
733 1324 838 1380 est,
864 1330 963 1381 qua
1000 1314 1231 1367 maxime
1262 1313 1467 1365 laborat
1494 1312 1810 1364 humanitas.
1844 1311 2028 1364 Nullus

457 1406 697 1458 invideat
741 1406 1024 1473 perituris;
1076 1404 1251 1457 nullus
1297 1403 1476 1457 felices
1525 1406 1752 1456 aestimet
1795 1404 1881 1469 qui
1932 1406 2029 1458 sub

456 1495 754 1547 aeternitate
780 1492 1066 1545 damnandi
1098 1501 1242 1545 sunt.
1278 1494 1533 1545 Amemus
1566 1494 1739 1571 potius
1772 1494 2031 1563 afﬂictio-

457 1602 571 1649 nes,
604 1602 725 1653 quze
772 1585 971 1639 faciunt
1021 1592 1276 1654 perpetuo
1326 1584 1525 1638 felices.
1555 1584 1683 1637 Nam
1716 1588 1757 1639 si
1792 1601 2025 1638 amaram

457 1670 645 1729 medici
678 1676 944 1744 potionem
977 1690 1079 1727 non
1114 1673 1435 1741 respuimus,
1472 1682 1529 1727 ut
1558 1689 1856 1728 mereamur
1889 1684 2026 1728 tem-

457 1766 694 1835 poralem
738 1766 1010 1832 suscipere
1037 1764 1369 1830 sospitatem,
1401 1764 1520 1830 quis
1551 1764 1688 1818 istud
1721 1780 1863 1817 sanie
1888 1781 2019 1819 men-

454 1858 799 1926 tis_ali‘ectare
841 1872 945 1908 non
1001 1856 1213 1921 debeat,
1264 1855 1404 1924 quod
1457 1870 1515 1909 se
1564 1864 1782 1924 propter
1829 1866 2025 1910 mterna

452 1947 640 2011 gaudia
670 1946 850 1999 subire
876 1958 1030 2013 posse
1060 1936 1385 2012 cognoscat;
1414 1946 1642 1999 maxime
1670 1962 1789 2001 cum
1820 1948 1871 1999 in
1901 1948 2028 2014 ipsis

455 2039 681 2090 miseriis
710 2038 938 2106 amplius
970 2038 1263 2106 opituletur
1292 2038 1446 2090 nobis
1477 2037 1697 2091 dextera
1721 2037 2028 2091 Creatoris?

458 2129 521 2181 Et
551 2129 669 2183 ideo
700 2144 802 2182 non
832 2129 1089 2182 debemus
1127 2144 1245 2181 esse
1271 2128 1505 2191 solliciti,
1536 2129 1655 2195 quia
1686 2144 1789 2181 non
1818 2144 1915 2183 nos
1946 2138 2028 2181 ta-

459 2221 522 2272 lis
553 2222 847 2289 impugnat,
878 2220 1049 2288 qualis
1072 2228 1153 2272 est
1185 2219 1270 2272 ille
1296 2218 1387 2287 qui
1420 2219 1668 2272 vindicat.

720 2329 1080 2385 EXPOSITIO
1120 2328 1182 2382 IN
1222 2328 1541 2383 PSALMUM
1584 2328 1760 2383 XCIV.

898 2441 1034 2496 Laus
1063 2444 1248 2496 cantici
1276 2444 1373 2513 ipsi
1396 2443 1582 2497 David.

531 2557 711 2611 Virtus
741 2558 932 2626 psalmi
976 2558 1130 2615 istius
1160 2572 1259 2611 nec
1286 2558 1510 2612 obscura
1542 2557 1814 2611 nominum
1858 2559 2027 2613 inter-

458 2649 757 2712 pretatione
785 2649 1111 2716 praedicitur,
1138 2665 1235 2703 nec
1267 2650 1504 2703 historia:
1528 2650 1750 2718 alicujus
1781 2651 2028 2704 similitu-

457 2739 582 2790 dine
611 2739 945 2803 declaratur;
980 2740 1071 2792 sed
1105 2740 1203 2793 hoc
1230 2750 1413 2809 aperte
1443 2741 1777 2808 breviterque
1808 2758 1914 2810 pra:
1944 2741 2025 2795 fo-

459 2829 607 2883 ribus
633 2829 845 2899 legitur,
874 2829 1012 2899 quod
1061 2830 1113 2883 in
1148 2831 1507 2897 penetralibus
1537 2831 1823 2886 invenitur.
1866 2832 2026 2897 Laus,

457 2920 599 2975 vocis
627 2923 888 2991 signiﬁcat
917 2922 1249 2978 devotionem
1273 2941 1286 2987 ;
1316 2926 1591 2990 canticum,
1627 2926 1820 2979 mentis
1848 2925 2030 2979 hilari-

456 3024 655 3079 tatem;
710 3015 848 3081 quod
900 3016 950 3069 in
994 3031 1157 3081 opere
1206 3017 1516 3084 psalmodite
1557 3027 1839 3086 utrumque
1869 3018 2031 3072 debet

454 3120 574 3159 esse
600 3106 880 3171 sociatum,
910 3116 1173 3174 quatenus
1204 3106 1439 3161 ofﬁcium
1470 3107 1661 3175 lingua}
1684 3116 1879 3161 nostra;
1901 3122 2030 3161 con-

455 3196 635 3262 iuncto
660 3197 853 3265 gaudio
882 3198 1231 3266 compleatur.
1264 3196 1375 3266 Ipsi
1396 3196 1590 3259 David,
1634 3198 1895 3267 signiﬁcat
1926 3197 2030 3250 Do—

458 3284 657 3337 mimtm
685 3284 1042 3347 Salvatorem,
1076 3284 1160 3338 cui
1190 3285 1300 3337 laus
1328 3285 1426 3338 ista
1449 3295 1710 3340 cantatur.
1744 3287 1873 3340 Nam
1897 3288 2031 3355 prin-

456 3376 591 3443 cipia
621 3376 807 3444 psalmi
838 3376 903 3429 de
933 3377 1050 3443 ipso
1079 3384 1302 3441 canunt;
1340 3378 1635 3444 posteriora
1666 3393 1793 3431 vero
1822 3380 1886 3433 ab
1910 3378 2029 3446 ipso

460 3465 683 3517 Domino
708 3466 1068 3533 proferuntur.
1093 3466 1382 3520 Considera
1412 3467 1533 3536 quia
1567 3468 1747 3522 laudes
1782 3469 2028 3522 humana:

459 3555 759 3620 augmeulis
804 3563 855 3606 et
900 3556 1397 3623 exaggerationibns
1450 3555 1784 3610 efferuntur:
1821 3573 2028 3623 [πένθος

461 3643 607 3694 nium
640 3658 764 3695 vero
800 3644 1033 3697 divitum
1065 3646 1299 3711 qualibet
1331 3646 1653 3700 extelleutia
1682 3649 1911 3716 dicatur,
1943 3666 2027 3705 re-

461 3743 745 3787 tractatum
776 3744 952 3788 tamen
984 3751 1195 3803 semper
1223 3737 1387 3789 altius
1420 3738 1707 3792 invenitur.

1040 3851 1233 3904 Diusio
1261 3854 1462 3921 psalmi.

534 3961 841 4015 Prtevidens
897 3963 1153 4029 propheta
1205 3965 1413 4016 turbam
1466 3964 1770 4018 .ludaaornm
1821 3964 2034 4021 Christo

462 4050 685 4105 Domino
708 4068 864 4120 posse
904 4055 1178 4118 resistere,
1227 4056 1395 4119 primo
1428 4056 1667 4122 ingressu
1700 4057 1762 4107 atl
1798 4058 2031 4124 psalmo-

460 4145 600 4196 diam
655 4144 842 4199 invitat
882 4148 1104 4213 populos
1160 4146 1535 4211 llebrazorum,
1589 4148 1772 4201 laudes
1827 4150 2031 4203 Domini

461 4236 770 4289 dulcissima
805 4240 1029 4291 veritate
1075 4239 1405 4291 describens.
1440 4238 1688 4292 Secundo
1718 4240 1831 4307 ipse
1858 4239 2029 4309 loqui-

461 4338 547 4379 tur
594 4328 847 4381 Dominus
877 4329 1151 4391 Christus,
1209 4345 1274 4382 ne
1320 4345 1413 4383 cor
1446 4346 1598 4383 suum
1632 4331 1846 4385 induret
1893 4332 2031 4386 idem

463 4419 687 4484 populus
717 4417 1043 4484 Iudaeorum,
1072 4429 1127 4472 et
1153 4419 1254 4473 hoc
1278 4419 1358 4473 eis
1399 4422 1671 4489 contingat
1708 4425 1846 4491 quod
1876 4425 2035 4489 patri-

464 4508 562 4558 bus
593 4520 800 4569 eorum,
834 4508 924 4574 qui
952 4523 1057 4561 non
1089 4519 1397 4563 meruerunt
1429 4520 1625 4564 terram
1660 4515 2036 4580 reprotnissio-
2065 4496 2114 4555 D

464 4598 545 4647 nis
576 4596 792 4651 intrare.
819 4598 905 4652 Sic
931 4598 1159 4651 mirabili
1186 4599 1585 4665 diSpensatione
1616 4604 1904 4669 perfectum
1928 4613 2029 4669 est,

465 4696 521 4739 ut
552 4687 954 4742 invitationibus
997 4688 1207 4743 blandis
1258 4690 1486 4757 primum
1521 4696 1777 4761 propheta
1811 4696 2033 4762 p0pulos

463 4776 801 4843 hortaretur;
860 4779 1054 4831 deinde
1106 4780 1221 4847 ipse
1273 4780 1528 4833 Dominus
1584 4782 2035 4840 ob-tinatissimos

462 4868 794 4934 admoneret,
828 4877 1089 4936 quatenus
1119 4869 1280 4921 eorda
1321 4885 1503 4921 eorum
1536 4871 1739 4937 lapidea
1786 4875 2033 4927 conside-

463 4968 573 5013 rata
606 4958 815 5012 Domini
838 4962 915 5013 sui
950 4958 1225 5027 majestate
1258 4962 1675 5016 mollescerentx

888 5072 937 5140 3
951 5073 1050 5140 19
1095 5069 1360 5139 Expositio
1398 5062 1600 5141 psalmi.

538 5184 688 5239 Vers.
714 5186 764 5237 1.
797 5183 995 5249 Venite,
1027 5188 1333 5237 cxsultemus
1358 5184 1606 5248 Domino;
1630 5185 1905 5253 jubilcmus
1930 5185 2037 5240 Deo

462 5278 679 5329 salutari
710 5286 901 5329 nostro.
935 5276 1088 5330 Velut
1123 5276 1333 5343 quidam
1372 5291 1546 5342 praeco
1579 5278 1807 5344 judicis,
1841 5280 2036 5333 excita-

465 5376 548 5418 tor
594 5356 767 5432 populi
816 5366 985 5435 gallus
1031 5365 1280 5419 Ecclesia:
1325 5376 1540 5419 orantes
1592 5367 1809 5431 invitat,
1859 5378 1917 5421 ut
1972 5370 2037 5423 de

464 5471 652 5507 somno
680 5455 837 5525 hujus
878 5457 1055 5509 stuenli
1088 5456 1426 5524 evigilantes,
1475 5456 1657 5511 laudes
1689 5458 1911 5512 Domino
1947 5460 2040 5513 dc—

468 5548 881 5615 heantjucunda
927 5549 1283 5602 exsultatione
1325 5550 1629 5603 concinere.
1688 5549 1860 5603 Venite
1898 5553 2039 5605 enim

468 5637 570 5689 illis
602 5638 815 5702 dicitur,
844 5640 932 5705 qui
972 5640 1122 5707 longe
1157 5638 1314 5707 positi
1341 5640 1660 5702 sentiuntur,
1695 5641 1779 5707 qui
1823 5656 1882 5694 se
1912 5656 2037 5694 nec-

470 5730 592 5779 dutn
626 5728 746 5779 ﬁdei
779 5730 1079 5794 integritate
1104 5731 1409 5796 junxerunt.
1452 5730 1578 5782 Nam
1624 5731 1861 5797 quamvis
1885 5745 1912 5782 a
1943 5732 2041 5785 lio-

2132 562 2233 616 est,
2264 562 2439 607 tamen
2474 554 2745 623 longinqui
2774 556 3059 623 efficimur,
3091 574 3210 611 cum
3251 571 3442 615 actuum
3471 581 3646 624 nostro-

2136 662 2247 699 rum
2272 647 2617 716 qualitatthus
2645 651 3056 714 submovemur,
3095 652 3231 704 sicut
3270 669 3354 721 per
3385 660 3645 724 prophetam

2136 738 2387 791 Dominus
2414 739 2541 791 dicit
2573 757 2584 791 :
2621 739 2853 807 Populus
2901 743 2982 793 Itic
3024 743 3172 794 labiis
3214 761 3287 795 me
3327 746 3545 814 honorat,
3581 772 3648 805 τοι

2130 838 2293 881 autem
2324 845 2495 880 eorum
2518 830 2657 899 longe
2694 842 2765 883 est
2788 849 2817 882 a
2840 848 2916 883 me
2948 830 3079 897 (Isti.
3110 848 3252 899 xxix,
3282 835 3384 903 15).
3410 837 3581 895 Deinde
3598 846 3647 896 ad

2132 932 2263 986 quas
2293 918 2475 986 epulas
2527 920 2713 974 invitet
2753 922 3017 985 ostendit;
3055 924 3129 975 ait
3169 925 3327 988 enim,
3369 932 3649 985 exsultenms.

2136 1007 2238 1062 Sed
2279 1010 2525 1075 quoniam
2576 1020 2658 1064 est
2699 1021 2752 1067 et
2799 1012 2980 1064 saeculi
3029 1014 3181 1067 istius
3224 1018 3520 1081 exsultatio,
3557 1038 3650 1089 qua

2135 1098 2360 1150 maxime
2386 1100 2595 1152 animos
2626 1111 2852 1167 occupat
2885 1101 3150 1168 inﬁdeles,
3179 1104 3397 1173 addidit,
3428 1106 3613 1163 Domino
3639 1130 3653 1166 :

2132 1186 2198 1241 de
2226 1203 2330 1256 quo
2360 1204 2483 1241 vera
2529 1191 2943 1259 praesumptione
2974 1193 3252 1261 gaudetur,
3284 1195 3369 1249 ubi
3412 1200 3653 1253 exsultatio

2135 1278 2541 1333 tcdilicalionem
2570 1282 2785 1346 reperit,
2814 1297 2917 1334 non
2951 1283 3139 1350 utique,
3172 1287 3396 1339 ruinam.
3423 1286 3655 1355 Sequitur,

2133 1364 2413 1419 Jubilcmus
2442 1367 2546 1421 Deo
2574 1370 2790 1421 salutari
2821 1380 3012 1423 nostra.
3050 1371 3282 1424 Jubilare
3308 1386 3443 1443 smpe
3466 1376 3657 1431 diximus

2135 1472 2381 1524 magnum
2427 1469 2626 1511 motum
2672 1459 2816 1528 [ed.,
2866 1459 3120 1529 modum]
3170 1475 3289 1515 esse
3339 1461 3547 1531 lmtitiae,
3587 1467 3658 1533 qui

2134 1551 2373 1617 quamvis
2426 1552 2603 1604 verbis
2652 1562 2879 1619 nequeat
2926 1553 3213 1620 explicari,
3270 1564 3437 1607 tamen
3479 1558 3660 1624 amplis-

2132 1643 2264 1695 sima
2293 1659 2421 1697 voce
2442 1644 2765 1705 declaratur,
2800 1644 2943 1697 intus
2983 1660 3101 1698 esse
3131 1645 3414 1714 designans
3452 1650 3662 1716 gaudium

2128 1736 2211 1788 cui
2236 1749 2414 1789 sermo
2445 1752 2546 1789 non
2568 1734 2783 1790 sufﬁcit.
2810 1736 2937 1789 Nam
2960 1751 3079 1789 cum
3104 1736 3255 1799 dicit,
3282 1739 3484 1790 salutari
3503 1750 3663 1807 nostro,

2061 1821 2103 1877 Β
2134 1826 2397 1892 signiﬁCaL
2428 1826 2707 1879 Dominum
2754 1825 3079 1879 Salvatorem
3102 1870 3115 1892 ,
3164 1829 3254 1893 qui
3298 1828 3443 1880 nobis
3479 1832 3664 1881 salutem

2137 1917 2413 1971 moriendo
2435 1918 2720 1980 Concessit,
2758 1918 3003 1985 patiendo
3044 1919 3348 1986 exemplum
3388 1919 3567 1981 tribuit,
3602 1935 3667 1972 re-

2135 2008 2400 2077 surgendo
2447 2009 2697 2061 salutaria
2754 2024 2969 2060 munera
3013 2008 3355 2062 condonavit.
3411 2010 3511 2062 Hoc
3550 2010 3666 2062 enini

2138 2101 2303 2152 verbo
2334 2098 2464 2151 satis
2496 2099 2809 2167 abundeque
2856 2109 3212 2151 monstratum
3243 2109 3326 2155 est
3352 2102 3434 2153 cui
3462 2100 3563 2152 laus
3591 2101 3668 2152 ista

2140 2192 2426 2244 diceretur.

2214 2280 2362 2333 Vcrs.
2388 2280 2443 2333 2.
2478 2278 2897 2345 Prwoccnpemus
2928 2280 3110 2347 {aciem
3137 2282 3254 2350 ejus
3288 2282 3338 2334 in
3377 2282 3670 2350 cowfcssione,

2137 2380 2181 2422 et
2211 2371 2264 2421 in
2305 2371 2512 2438 psalmis
2543 2370 2820 2440 jubilemus
2850 2373 2915 2424 ei.
2959 2370 3333 2441 Pra‘occupare
3361 2383 3438 2426 est
3462 2387 3572 2425 ante
3597 2376 3672 2424 ali-

2139 2461 2262 2530 quid
2307 2461 2478 2514 facere
2511 2476 2665 2529 quam
2696 2461 2784 2515 illc
2814 2462 2979 2515 videri
3014 2463 3180 2529 possit
3234 2462 3324 2531 qui
3363 2463 3577 2517 creditur
3602 2462 3674 2515 ad.

2137 2554 2336 2607 venire.
2367 2551 2577 2606 Faciem
2604 2542 2733 2607 dicit
2773 2566 3117 2623 contSpcctum
3148 2554 3301 2623 ejus,
3335 2556 3534 2623 quando
3568 2564 3672 2606 tcm-

2136 2662 2263 2711 pore
2288 2644 2477 2713 judicii
2517 2645 2600 2699 sui
2640 2644 2843 2699 cunctis
2884 2646 3059 2713 impiis
3106 2647 3369 2700 terribilis
3418 2647 3677 2714 apparebit.

2132 2740 2511 2809 Con/cssionem
2541 2756 2670 2795 vero
2699 2741 2932 2794 diximus
2967 2740 3175 2793 duobus
3211 2741 3385 2794 modis
3417 2739 3573 2807 accipi
3598 2739 3680 2790 de-

2135 2832 2282 2886 bere.
2312 2832 2641 2885 Couﬁtemur
2665 2831 2830 2895 enim,
2855 2845 2972 2884 cum
3006 2832 3095 2884 Dei
3127 2830 3319 2885 laudes
3345 2833 3578 2900 religiosa
3602 2828 3682 2881 de-

2133 2925 2348 2977 votione
2381 2923 2755 2991 persolvimus.
2788 2920 3115 2976 Conlitemur
3143 2924 3315 2976 etiam
3348 2922 3552 2989 quando
3579 2932 3681 2986 pec-

2134 3024 2248 3069 cata
2273 3026 2451 3068 nostra
2481 3016 2804 3082 pteniteutia:
2826 3014 3188 3069 satisfactione
3212 3010 3681 3078 damnamusQuod

2134 3105 2222 3160 bic
2249 3108 2502 3160 admonet
2530 3106 2647 3159 ﬁeri
2678 3107 2895 3173 debere,
2926 3117 2980 3159 ut
3012 3115 3136 3161 ante
3162 3108 3476 3175 jndicialent
3511 3105 3682 3158 adven-

2059 3174 2102 3235 C
2137 3211 2244 3254 tum
2272 3201 2563 3255 debeamus
2594 3211 2773 3253 nostra
2808 3200 3039 3253 facinora
3074 3201 3325 3255 conﬁteri
3360 3219 3370 3251 :
3400 3214 3463 3252 ne
3492 3197 3683 3250 Veniens

2133 3292 2542 3361 discutiatquod
2587 3306 2683 3345 nos
2711 3293 2827 3345 sine
2871 3291 3204 3346 dubitatione
3244 3292 3573 3346 condemnat.
3603 3288 3685 3341 Se-

2134 3383 2335 3450 quitur,
2363 3390 2408 3433 et
2441 3384 2490 3434 in
2519 3382 2725 3448 psalmis
2752 3381 3027 3451 jubilemns
3059 3381 3121 3432 ei.
3160 3381 3373 3448 Inspice
3398 3395 3499 3447 quo
3525 3375 3685 3430 mode-

2136 3474 2339 3527 ramine
2377 3482 2565 3527 cuncta
2607 3473 2856 3541 disponat
2904 3487 2919 3525 :
2964 3472 3279 3541 confessioni
3324 3468 3687 3524 tribulationem

2136 3563 2300 3624 dedit,
2330 3564 2629 3631 juhilationi
2661 3562 2919 3627 lattitiam,
2953 3572 3009 3613 ut
3039 3570 3267 3631 utraque
3299 3576 3473 3615 rerum
3504 3555 3686 3611 vicissi-

2138 3653 2317 3706 tudine
2347 3654 2655 3720 del’aecatus,
2682 3652 2915 3707 ﬁdelium
2945 3652 3169 3706 devotus
3199 3653 3418 3706 animus
3444 3649 3690 3703 oﬁeratur.

2134 3742 2243 3797 Nec
2274 3759 2421 3797 vacat
2462 3746 2602 3811 quod
2646 3746 2837 3797 iterum
2859 3744 3137 3814 jubilemus
3182 3746 3296 3807 ait;
3331 3753 3391 3796 ut
3419 3756 3527 3796 rem
3558 3738 3691 3793 nimis

2138 3837 2491 3891 necessrium
2523 3853 2585 3887 ex
2614 3836 2725 3902 ipsa
2760 3836 3076 3901 repetitione
3097 3848 3479 3905 cognosceres.

2210 3922 2361 3976 Vers.
2395 3925 2447 3976 5.
2492 3923 2743 3987 Quoniam
2788 3922 2923 3976 Dens
2962 3939 3175 3993 magnus
3222 3923 3507 3985 Dominus,
3535 3930 3577 3973 et
3604 3916 3695 3969 Rex

2140 4028 2353 4082 magnus
2384 4030 2534 4082 super
2563 4032 2732 4066 omnes
2761 4016 2899 4066 deos.
2930 4014 3060 4066 Hinc
3094 4012 3206 4081 jam
3254 4029 3354 4082 per
3398 4025 3504 4066 tres
3535 4022 3697 4064 versus

2137 4120 2309 4159 causa:
2338 4107 2637 4159 referuntur
2658 4122 2823 4174 quare
2851 4106 3042 4158 debeat
3069 4105 3305 4159 Domino
3329 4104 3563 4174 jubilari.
3586 4100 3695 4167 Qua:

2139 4194 2305 4262 ﬁgura
2335 4194 2525 4248 dicitur
2569 4196 2856 4264 aztiologia,
2893 4196 2943 4248 id
2987 4207 3071 4250 est
3108 4210 3291 4250 causae
3333 4195 3580 4251 redditio.
3626 4188 3699 4244 Di-

2137 4286 2305 4339 cendo
2324 4286 2487 4349 enim,
2514 4286 2767 4351 Quoniam
2790 4285 2924 4339 Deus
2946 4303 3158 4356 magnus
3180 4287 3465 4351 Dominus,
3489 4280 3699 4337 ostendit

2139 4377 2340 4429 nullum
2378 4390 2495 4429 esse
2534 4378 2815 4444 potiorem.
2868 4375 3085 4444 Magnus
3127 4378 3331 4443 quippe
3364 4390 3468 4428 non
3507 4372 3699 4430 dicitur,

2140 4464 2236 4517 nisi
2270 4465 2356 4533 qui
2388 4480 2609 4517 summa:
2642 4466 2916 4533 potestatis
2946 4481 3120 4519 arcem
3152 4475 3350 4520 tenere
3376 4472 3698 4518 monstratur.

2140 4555 2410 4623 Sequitur,
2444 4568 2490 4607 et
2522 4556 2631 4609 Rex
2650 4573 2861 4626 magnus
2883 4573 3034 4625 super
3062 4572 3237 4609 omnes
3267 4558 3417 4609 deos.
3455 4558 3578 4606 Deos
3607 4553 3698 4602 fre-

2139 4652 2363 4710 quenter
2400 4644 2622 4713 legimus
2662 4646 2727 4697 ab
2759 4645 3064 4697 hominibus
3094 4648 3397 4712 conﬁctos,
3434 4654 3492 4700 ut
3517 4644 3701 4699 Jovem.

2140 4733 2383 4795 Martem,
2417 4736 2724 4798 Saturnum,
2754 4743 3053 4803 caeteraque
3075 4736 3211 4788 idola
3232 4778 3247 4799 ,
3272 4738 3417 4789 sicut
3442 4748 3495 4789 et
3518 4735 3570 4786 iu
3596 4731 3703 4783 sub-

2141 4823 2381 4890 sequenli
2414 4827 2615 4891 psalmo
2642 4824 2882 4877 dicturus
2915 4841 2926 4875 :
2957 4826 3213 4887 Quoniam
3256 4843 3438 4879 omnes
3494 4825 3561 4877 dii
3600 4836 3708 4890 geu-

2141 4916 2267 4963 tium
2298 4913 2578 4976 dwmonia;
2618 4912 2861 4965 Dominus
2884 4924 3050 4967 autem
3072 4916 3219 4968 caelos
3245 4917 3372 4985 fecit
3395 4915 3563 4984 (Psal.
3592 4926 3701 4976 ιον,

2140 5002 2232 5070 5).
2287 5002 2534 5070 Legimus
2574 5005 2729 5055 etiam
2779 5005 2926 5068 deos,
2974 5016 3186 5057 sanctos
3228 5008 3378 5059 viros
3429 5022 3457 5057 a
3506 5003 3707 5057 Domino

2139 5099 2476 5157 constitutos,
2514 5105 2568 5148 ut
2596 5106 2676 5147 est
2703 5096 2828 5149 illud
2855 5114 2868 5149 :
2904 5096 3035 5149 Deus
3065 5097 3198 5148 stetit
3236 5099 3291 5148 in
3315 5113 3577 5167 synagoga
3600 5095 3706 5144 dco—

2138 5200 2282 5248 rum;
2315 5187 2366 5237 in
2401 5187 2565 5237 medio
2604 5194 2773 5238 autem
2804 5176 2919 5238 deos
2949 5187 3189 5239 discernit
3216 5186 3398 5254 (l’sal.
3440 5202 3613 5251 Lxxn,
3642 5183 3701 5246 f).

2142 5277 2314 5345 Super
2346 5279 2466 5331 illos
2492 5288 2688 5339 autem,
2723 5280 2832 5331 sive
2863 5294 2995 5347 quos
3029 5278 3271 5331 homines
3295 5280 3585 5337 ﬁnxerunt,
3609 5274 3707 5327 sive

2144 5384 2276 5434 quos
2308 5372 2418 5437 ipse
2443 5370 2589 5434 fecit,
2624 5368 2731 5422 Rex
2749 5379 2829 5423 est
2856 5386 3067 5438 magnus
3091 5370 3438 5436 omnipotens
3460 5367 3707 5422 Christus,

2144 5459 2232 5525 qui
2272 5474 2365 5511 eos
2393 5460 2621 5526 amplius
2657 5460 2903 5523 excellit,
2935 5475 3090 5527 quam
3125 5468 3301 5527 potest
3332 5459 3554 5526 privatis
3583 5451 3706 5518 regia

2146 5560 2378 5617 potestas
2423 5552 2677 5605 eminere.
2713 5551 2809 5617 Qui
2862 5567 3048 5604 revera
3097 5551 3307 5619 proprie
3358 5548 3554 5603 dicitur
3592 5544 3710 5604 Rex,

2148 5646 2395 5712 quoniam
2440 5656 2491 5699 et
2520 5657 2665 5699 creat
2696 5647 2895 5710 omnia,
2924 5657 2975 5701 et
3006 5648 3141 5715 regit
3169 5645 3447 5698 universa.

2222 5736 2369 5791 Vcrs.
2415 5736 2465 5789 4.
2521 5736 2773 5799 Quoniam
2833 5753 2929 5789 non
2976 5737 3167 5803 repellit
3215 5734 3478 5790 Dominus
3530 5731 3710 5795 ptcbclu
