4046 6174
387 213 485 267 ο)ῗῦ

1311 211 1663 266 ΕΧΙὌΞΣΤᾸ.)
1705 211 1764 264 l-N
1811 211 2264 267 PSALTERlUM.
2312 213 2498 268 l’SAL.
2545 214 2714 271 Χίῑιν.

3541 219 3635 269 GT!

386 339 565 390 suain;
592 329 832 386 quoniam
855 328 915 377 in
944 337 1095 373 manu
1127 323 1234 389 ejus
1265 337 1435 373 omnes
1467 322 1591 386 ﬁnes
1616 332 1781 384 terrm,
1815 331 1858 372 et
1888 323 1970 372 αι·
2004 325 2050 382 Α
2080 323 2310 391 ponitur.
2339 324 2567 393 Adjecit,
2599 336 2643 378 et
2668 327 2923 394 ploremus
2950 337 3066 378 ante
3097 326 3394 394 Dominum,
3418 333 3507 400 qui
3528 311 3644 400 fecit

388 414 631 466 titudiues
675 414 920 465 montium
967 413 1128 479 ipsius
1176 422 1312 464 sunt.
1373 412 1495 464 Post
1545 413 1962 480 magnitudinem

391 507 606 561 Domini
651 507 994 574 praedictam,
1042 507 1186 558 venit
1214 507 1278 558 ad
1309 506 1425 572 ejus
1457 505 1752 559 mirabilem
1786 506 1964 558 inﬁni-

388 609 606 665 tatuque
645 598 1006 650 clementiam.
1039 595 1176 648 Dicit
1205 595 1344 648 enim
1372 595 1608 648 Judaeum
1641 594 1835 664 plebem
1865 594 1967 647 Do-

388 689 581 738 minum
612 703 712 738 non
745 683 1004 754 repellere,
1039 700 1194 753 quam
1229 684 1328 736 sibi
1359 685 1698 750 cognoscitur
1719 684 1966 752 elegisse.

392 778 518 829 lude
571 775 712 827 enim
747 774 1048 842 prophetae,
1080 772 1202 826 inde
1230 772 1457 841 apostoli
1489 785 1538 826 et
1571 775 1717 826 multi
1753 775 1963 838 ﬁdeles,

392 871 480 938 qui
519 868 748 922 Domino
789 866 998 922 sincera
1042 876 1220 920 mente
1264 867 1636 932 crediderunt,
1679 869 1817 922 sicut
1847 869 1974 922 dicit

393 961 726 1030 Apostolus:
765 960 903 1023 Quid
943 961 1193 1023 dicemus,
1238 961 1420 1029 fratres
1455 977 1472 1014 :
1517 961 1744 1030 nunquid
1791 961 1974 1032 repulit

403 1053 653 1106 Dominus
680 1053 870 1120 plebem
905 1069 1081 1118 suam,
1123 1069 1275 1122 quant
1320 1054 1605 1119 pra'scivit?
1645 1055 1804 1107 Αιυεῐι.
1842 1055 1977 1106 Nam

396 1161 490 1211 ego
520 1142 760 1196 Israelita
790 1160 904 1196 sum
935 1160 995 1196 ea:
1031 1145 1218 1196 semine
1258 1142 1546 1208 Abraham,
1587 1145 1648 1195 de
1683 1145 1812 1195 tribu
1847 1143 1976 1196 Ben-

393 1238 559 1310 jamin
595 1236 768 1305 (Rom.
805 1252 874 1298 ιι,
917 1237 966 1299 1,
1002 1236 1079 1305 ‘2).
1111 1235 1390 1305 Sequitur,
1423 1237 1543 1305 quia
1580 1237 1631 1289 in
1672 1253 1824 1289 manu
1864 1243 1972 1307 ejus
2049 1271 2054 1274 -

398 1343 567 1379 oumes
590 1327 715 1393 ﬁnes
742 1334 911 1380 terrae.
940 1326 1080 1379 lsmd
1103 1326 1168 1380 ad
1197 1336 1382 1394 gentes
1415 1327 1644 1394 pertinet
1675 1331 1968 1391 universas,

397 1434 516 1484 qua:
543 1417 754 1470 Christo
793 1417 1018 1470 Domino
1048 1416 1190 1471 ﬁdeli
1222 1417 1510 1472 devotione
1549 1418 1802 1485 subjectae
1830 1431 1971 1471 sunt.

404 1508 548 1562 Unus
569 1509 709 1562 enim
746 1511 919 1578 paries
948 1509 1043 1562 l'uit
1067 1511 1213 1579 plebs
1239 1509 1567 1572 Judaeorum,
1601 1511 1733 1563 alter
1765 1511 1975 1563 vocatio

401 1599 670 1664 gentium,
715 1599 802 1668 qui
841 1600 892 1653 in
924 1600 1163 1668 angulari
1212 1599 1417 1668 lapide,
1467 1599 1515 1652 id
1558 1607 1640 1652 est
1681 1598 1731 1652 in
1763 1597 1975 1652 Christo

2072 433 2180 468 nos.
2228 417 2413 486 Magna
2461 417 2651 470 ﬁdat-ia
2691 428 2770 471 est
2814 429 2936 472 ante
2979 419 3124 472 illum
3167 437 3382 486 gemere
3421 425 3509 493 qui
3549 440 3647 480 nos

2072 506 2315 574 dignatus
2343 517 2423 559 est
2464 522 2557 559 sua
2593 509 2786 575 pietate
2827 508 3105 574 plasmarc.
3139 511 3255 561 (lito
3284 513 3424 564 enim
3453 528 3645 583 cognoo

2073 597 2172 651 scit
2205 597 2460 651 facturam
2486 613 2656 660 suam,
2680 599 2723 651 si
2753 599 2816 651 ad
2841 614 2897 652 se
2922 611 3097 653 nostra
3126 601 3310 654 viderit
3331 605 3492 656 corda
3513 621 3646 660 con-

2074 703 2244 741 versa.
2295 689 2421 740 Ante
2467 687 2737 740 Dominum
2783 697 2866 742 est
2907 705 3033 757 ergo
3069 692 3294 756 plorare,
3339 694 3450 758 pios
3492 694 3648 748 ﬂetus

2074 776 2368 840 eﬂ‘undere,
2406 787 2459 830 et
2502 781 2725 844 pessima
2773 778 2904 830 facta
2938 779 3224 844 damnare;
3268 791 3323 834 ut
3352 797 3532 836 earum
3565 800 3648 837 re-

2075 884 2189 921 rum
2233 867 2610 936 indulgentiam
2663 883 2990 930 mereamur,
3032 885 3162 936 quas
3211 870 3416 925 Domini
3460 874 3650 927 timore

2074 957 2391 1012 deserimus.
2429 957 2560 1010 Nam
2592 959 2634 1010 si
2671 969 2774 1010 tota
2811 961 2988 1012 cordis
3018 962 3246 1028 puritate
3277 964 3646 1032 deprecemur,

2079 1049 2232 1102 facile
2263 1063 2357 1100 nos
2390 1050 2477 1115 qui
2511 1047 2633 1102 fecit
2661 1059 2712 1102 et
2745 1050 2970 1103 reﬁciet.
3018 1053 3105 1104 Sic
3147 1068 3239 1118 per
3282 1056 3498 1123 figuram
3525 1057 3650 1110 cha-

2080 1140 2427 1192 racterismon
2458 1140 2726 1192 orantium
2758 1139 2930 1205 imago
2953 1141 3214 1210 descripta
3245 1153 3346 1196 est.

2152 1228 2302 1282 Vers.
2333 1230 2383 1280 7.
2421 1230 2552 1292 Quia
2587 1231 2692 1297 ipse
2718 1240 2788 1282 est
2821 1231 3068 1284 Dominus
3106 1233 3237 1284 lleus
3271 1244 3469 1298 noster;
3495 1245 3540 1288 et
3563 1253 3652 1288 nos

2082 1322 2298 1388 papulas
2326 1321 2457 1387 ejus,
2492 1329 2538 1371 et
2565 1336 2676 1372 oves
2699 1335 2900 1388 pascua!
2922 1323 3049 1391 ejus.
3086 1321 3253 1375 Hodie
3283 1324 3326 1374 si
3356 1340 3519 1376 uocem
3542 1330 3652 1392 ejus

2081 1410 2363 1462 audieritis.
2396 1409 2610 1477 Triplex
2643 1425 2799 1462 causa
2825 1411 3064 1464 redditur
3087 1429 3250 1481 quare
3285 1415 3538 1468 Dominus
3562 1419 3652 1466 de.

2085 1501 2206 1554 beat
2232 1500 2461 1554 adorari.
2497 1502 2760 1564 Primum,
2811 1504 2944 1567 Quia
2983 1506 3086 1573 ipse
3127 1515 3199 1558 est
3241 1505 3484 1560 Dominus
3519 1509 3650 1561 Dens

2085 1603 2272 1653 noster,
2303 1599 2358 1642 ut
2379 1589 2519 1657 justo
2545 1591 2620 1642 illi
2645 1591 3090 1647 videaturmmius
3112 1596 3648 1653 adorationisoﬂerri.

411 1687 635 1741 Domino
675 1688 949 1742 venientes
992 1703 1082 1742 ora
1129 1687 1522 1757 quodammodo
1565 1703 1656 1740 sua
1709 1687 1976 1742 insolubili
2011 1680 2056 1737 Β
2088 1680 2310 1740 Deinde,
2351 1680 2472 1747 quia
2512 1697 2604 1732 nos
2645 1697 2829 1734 sumus
2872 1689 3091 1747 populi“
3130 1686 3260 1754 ι’]ιιδο
3295 1687 3566 1755 Sequitur.
3605 1699 3651 1742 σι

400 1779 661 1833 charitate
691 1777 1008 1848 junxerunt;
1041 1779 1107 1834 de
1144 1795 1249 1846 quo
1279 1780 1534 1848 scriptum
1567 1787 1651 1832 est
1685 1795 1697 1832 :
1732 1778 1978 1848 Lapidem

398 1885 547 1934 quem
578 1869 969 1938 reprobaverunt
1002 1871 1334 1937 wdi/icantes,
1367 1871 1445 1922 hic
1474 1872 1637 1940 factus
1661 1881 1729 1922 est
1751 1872 1802 1924 in
1827 1879 1979 1938 raput

398 1962 578 2032 anguli
604 1962 622 2031 (
647 1960 792 2014 Psat.
816 1978 980 2025 cxvii,
1007 1962 1098 2025 2|,
1131 1971 1176 2014 et
1222 1961 1408 2015 Matth.
1444 1978 1553 2025 ut,
1588 1963 1712 2031 42).
1747 1963 1974 2028 Adiecit,

399 2062 443 2102 et
475 2051 770 2104 altitudines
799 2054 1042 2105 montium
1065 2053 1225 2120 ipsius
1245 2064 1379 2106 sunt.
1406 2051 1710 2108 Attitudines
1733 2059 1978 2106 mou'tum

399 2149 526 2193 sunt
554 2149 847 2208 potestates
876 2144 1055 2196 steculi
1083 2143 1421 2210 honoresque
1452 2146 1669 2209 terreni,
1702 2160 1832 2212 quos
1859 2145 1976 2198 ideo

398 2229 526 2284 dicit
549 2246 669 2284 esse
701 2230 932 2295 Domini,
965 2248 1031 2286 ne
1062 2234 1128 2287 de
1159 2233 1391 2302 ipsorum
1416 2236 1645 2289 elatione
1678 2235 1975 2288 tnrbcmur.

398 2320 529 2374 Nam
559 2321 682 2376 licet
710 2338 856 2377 inare
878 2325 1052 2378 ventis
1079 2324 1421 2378 saivicntibus
1455 2325 1790 2391 intumescat,
1821 2325 1978 2378 habet

400 2422 579 2467 tamen
616 2415 898 2468 terminum
944 2415 1091 2469 littus
1124 2432 1276 2469 suum
1309 2434 1320 2466 :
1353 2417 1429 2470 sic
1473 2426 1762 2486 potestates
1791 2418 1977 2472 saeculi

402 2518 708 2556 mensuram
737 2503 1114 2558 dominatioiiis
1156 2507 1440 2574 accipiunt,
1473 2507 1718 2574 quamvis
1760 2507 1975 2562 incaute

399 2591 466 2646 de
492 2607 586 2645 sua
629 2603 889 2660 potestate
917 2595 1228 2664 glorientur.

472 2683 625 2738 Vera.
650 2683 702 2736 5.
739 2685 994 2748 Quoniam
1023 2687 1181 2755 ipsius
1219 2697 1287 2738 est
1337 2703 1506 2750 mare,
1553 2697 1596 2739 et
1627 2690 1734 2756 ipse
1769 2689 1885 2756 fecit
1913 2691 1974 2741 il-

401 2769 494 2823 lud
512 2788 529 2835 ;
560 2781 609 2825 et
634 2773 835 2826 aridam
857 2791 1037 2827 manus
1067 2779 1176 2844 ejus
1206 2775 1565 2845 fundaverant.
1603 2776 1747 2830 Mare
1775 2779 1978 2846 signiﬁ-

402 2870 485 2913 cat
513 2873 719 2930 gentes,
749 2880 867 2933 quae
904 2867 955 2917 iu
1001 2867 1101 2919 hoc
1127 2867 1321 2919 saeculo
1345 2867 1574 2921 diversis
1603 2871 1850 2922 vitiorum
1885 2871 1976 2922 ﬂa-

404 2953 540 3006 tihus
566 2965 996 3019 commoventur;
1029 2972 1160 3024 quas
1184 2958 1302 3011 ideo
1333 2959 1460 3011 dicit
1483 2959 1644 3012 tactas
1671 2973 1701 3012 a
1727 2959 1950 3012 Domino

405 3056 460 3098 ut
487 3050 664 3100 omnia
696 3047 951 3102 voluntati
988 3051 1150 3117 ipsius
1179 3049 1415 3118 subjecta
1448 3065 1566 3104 esse
1604 3065 1973 3120 cognosceres.

403 3138 588 3195 Omnis
608 3141 748 3194 enim
772 3145 860 3210 qui
888 3158 974 3195 res
997 3143 1201 3210 aliquas
1222 3155 1494 3212 cperatur,
1519 3145 1570 3197 in
1597 3158 1689 3198 sua
1715 3155 1978 3214 potestate

407 3229 564 3282 habet
604 3229 690 3283 illa
720 3247 839 3300 quae
878 3231 1028 3296 facit,
1076 3234 1212 3286 sicut
1251 3244 1305 3288 et
1341 3236 1477 3288 alius
1523 3235 1758 3304 psalmus
1799 3237 1927 3290 dicit
1960 3253 1972 3289 :

408 3319 597 3371 Omnes
629 3331 798 3389 gentes
825 3338 1146 3386 quascunque
1178 3325 1338 3394 fecisti
1370 3326 1583 3389 venient,
1615 3337 1659 3378 et
1692 3328 1980 3381 adorabunt

401 3428 576 3464 coram
607 3423 673 3475 te,
701 3412 915 3466 Domine
940 3413 1111 3479 (Psat.
1145 3431 1342 3479 Lxxxv,
1375 3417 1450 3486 9).
1496 3417 1767 3486 Sequitur,
1801 3427 1847 3471 et
1875 3419 1976 3471 ari-

403 3505 525 3555 dam
549 3520 722 3556 manus
745 3506 854 3574 ejus
875 3505 1148 3572 ﬁnxerunt.
1181 3506 1349 3570 Dixit,
1381 3522 1556 3571 mare;
1588 3523 1726 3560 nunc
1755 3507 1903 3572 dicit,
1929 3517 1975 3560 et

403 3596 637 3659 aridam,
679 3610 796 3663 qua:
845 3605 983 3648 terra
1025 3598 1216 3650 merito
1261 3597 1597 3665 intelligitur,
1640 3599 1760 3666 quia
1796 3613 1887 3664 per
1917 3614 1974 3652 se

404 3699 618 3753 semper
648 3686 792 3738 arida
825 3695 936 3749 est,
979 3685 1080 3738 nisi
1110 3697 1198 3738 aut
1242 3687 1561 3751 ﬂuviorum,
1600 3697 1690 3740 aut
1728 3687 1974 3741 imbrium

404 3779 751 3832 inundatione
802 3781 1020 3848 rigetur.
1070 3779 1162 3834 Sic
1203 3791 1256 3834 et
1293 3780 1455 3834 corda
1496 3791 1676 3833 nostra
1712 3782 1776 3833 ad
1809 3780 1976 3834 bonos

407 3869 611 3922 fructus
654 3871 850 3923 sterilia
893 3881 1051 3939 atque
1081 3872 1224 3923 arida
1247 3881 1405 3931 sunt.
1442 3871 1541 3924 nisi
1575 3872 1781 3924 Domini
1814 3873 1974 3926 mise-

405 3960 632 4014 ricordia
663 3961 1066 4028 compluautur,
1108 3971 1159 4014 et
1200 3962 1476 4014 instabiles
1516 3977 1611 4014 nos
1651 3973 1810 4030 atque
1855 3963 1976 4015 titu-

406 4053 593 4106 bantes
637 4053 780 4106 dono
837 4069 946 4106 sine
1004 4054 1383 4106 niiseric0rdice
1435 4054 1655 4106 t‘undare
1707 4055 1972 4122 digni-tur.

407 4143 758 4210 Quapropter,
791 4144 926 4196 sicut
955 4149 1200 4210 superius
1246 4145 1441 4198 dictum
1480 4151 1592 4208 est,
1626 4143 1706 4195 bis
1735 4144 1978 4197 omnibus

407 4237 858 4311 jungendumpst,
882 4236 1160 4308 jubilemus
1189 4236 1246 4288 ei.

481 4324 632 4379 Vers.
661 4327 712 4379 6.
760 4323 950 4390 Venite,
978 4326 1244 4378 adoremus
1273 4334 1320 4380 et
1347 4327 1668 4393 procidamus
1699 4336 1814 4379 ante
1837 4344 1978 4392 etme;

411 4421 662 4486 ploremus
705 4429 821 4472 ante
865 4419 1169 4485 Dominum,
1210 4421 1294 4486 qui
1336 4422 1452 4488 fecit
1484 4437 1593 4473 nos.
1633 4419 1690 4472 In
1723 4420 1983 4488 principio

413 4510 598 4578 psalmi
631 4510 818 4562 invitat
851 4509 1097 4578 populum
1125 4510 1189 4562 ad
1212 4509 1600 4578 jubilationem,
1635 4523 1772 4562 nunc
1804 4509 1983 4562 horta-

412 4611 494 4655 tur
523 4601 588 4652 ad
622 4600 944 4668 paenitentia:
985 4600 1322 4668 sospitatem:
1354 4602 1564 4665 merito,
1598 4600 1718 4667 quia
1745 4599 1891 4666 prius
1915 4599 1979 4652 ad

411 4690 816 4744 exsultationem
849 4689 1006 4742 rudes
1037 4690 1258 4756 populos
1292 4689 1550 4750 invitavit,
1582 4703 1646 4740 ne
1672 4688 1844 4740 adhuc
1877 4699 1982 4740 tre-

413 4780 714 4848 pidantibus
736 4779 1050 4846 imponeret,
1068 4779 1207 4846 quod
1234 4793 1514 4846 pavescere
1539 4778 1850 4846 potuissent.
1877 4775 1981 4830 Sed

415 4881 688 4938 postquam
743 4869 948 4922 Domini
995 4870 1162 4938 gloria
1213 4869 1553 4937 potentiaque
1603 4880 1810 4921 narrata
1862 4880 1979 4930 est,

412 4971 531 5030 apte
560 4960 948 5013 confessionem
980 4961 1296 5028 plorationis
1340 4959 1608 5028 imposuit,
1652 4959 1865 5027 quando
1903 4959 1981 5012 in-

411 5061 644 5107 structus
672 5053 880 5104 animus
897 5066 998 5104 non
1029 5053 1286 5120 potuisset
1307 5065 1558 5116 respuere
1575 5050 1982 5103 saluberrimam

415 5145 704 5212 potionem.
741 5142 804 5195 Et
832 5153 953 5196 nuta
984 5143 1124 5212 quod
1170 5143 1256 5195 hic
1286 5152 1484 5194 sancta:
1525 5142 1784 5194 orationis
1816 5142 1981 5194 forma

417 5235 682 5286 tribuitur.
736 5231 1015 5285 Adoremus
1060 5233 1201 5286 enim
1257 5233 1416 5298 dicit,
1472 5236 1710 5298 corporis
1765 5246 1861 5284 nos
1909 5233 1988 5284 in-

415 5323 640 5377 ﬂexiOne
679 5337 980 5376 curvemus.
1023 5321 1362 5375 Procidamus
1409 5331 1618 5386 autem,
1659 5333 1782 5376 ante
1814 5322 1985 5390 ipsum

417 5430 510 5470 uos
537 5413 699 5482 320
738 5421 1165 5480 prosternatnus,
1213 5422 1426 5481 totaque
1471 5411 1826 5465 membrorum
1856 5410 1987 5464 eﬂ‘u-

416 5502 564 5555 sione
593 5500 900 5564 teudamur;
929 5503 1069 5568 quod
1104 5501 1215 5554 ﬁeri
1241 5501 1397 5567 solet,
1428 5501 1637 5570 quando
1665 5503 1874 5554 animus
1904 5499 1986 5553 ni-

414 5601 515 5656 tnia
541 5603 954 5671 compunctione
978 5600 1297 5668 ﬂammatus,
1325 5615 1540 5670 precum
1574 5593 1866 5654 humilitate
1897 5599 1984 5654 de-

1958 2999 2048 3059 ’C

2014 4367 2061 4424 D

2085 1787 2196 1823 ores
2229 1787 2429 1836 pascuae
2468 1772 2610 1839 ejus;
2655 1771 2754 1824 hoc
2780 1782 2860 1824 est
2892 1776 3100 1826 tertium
3131 1777 3268 1842 quod
3300 1788 3506 1830 constat
3535 1794 3652 1832 esse

2083 1860 2428 1925 promissum.
2463 1861 2663 1912 Dicitur
2697 1861 2836 1912 enim
2881 1852 3072 1914 iterum
3121 1863 3246 1930 quid
3291 1866 3398 1918 sint
3437 1867 3645 1926 ﬁdeles.

2083 1952 2265 2021 utique
2295 1967 2407 2006 oves
2448 1969 2649 2022 pascua:
2692 1955 2924 2008 Domini.
2975 1954 3179 2008 Pascua
3224 1957 3522 2026 signiﬁcant
3563 1975 3652 2013 sn-

2085 2056 2242 2108 perna
2271 2042 2434 2106 dona,
2458 2043 2646 2110 quibus
2668 2046 2841 2097 anima
2868 2047 3014 2098 suavi
3037 2047 3335 2116 epulatione
3359 2049 3650 2116 saginatur.

2088 2131 2150 2185 Et
2178 2131 2311 2187 bene
2340 2134 2614 2187 detinitum
2657 2143 2738 2188 est
2780 2135 2903 2202 quid
2942 2137 3009 2188 sit
3041 2137 3264 2202 papulus
3294 2138 3647 2202 Christianus,

2082 2236 2192 2274 oves
2220 2238 2440 2289 passure,
2470 2224 2594 2290 quia
2628 2225 2841 2277 internis
2881 2225 3086 2279 delicds
3131 2226 3266 2282 felici
3307 2237 3450 2282 sorte
3485 2229 3649 2281 satia-

2083 2323 2186 2369 tur.
2224 2313 2351 2368 Oves
2385 2315 2685 2384 signilieant
2719 2318 2898 2370 cordis
2932 2319 3346 2386 simplicitatem,
3375 2335 3529 2388 quam
3562 2321 3650 2373 ha-

2082 2407 2210 2459 bere
2237 2416 2443 2460 constat
2473 2410 2722 2476 pupulum
2753 2410 2841 2475 qui
2872 2410 3068 2475 pastori
3103 2425 3199 2462 suo
3239 2423 3512 2464 mansueta
3542 2415 3652 2480 pie-

2081 2504 2190 2549 tate
2236 2498 2526 2550 consentit.
2589 2499 2693 2553 Sed
2735 2499 2829 2552 .his
2883 2500 3129 2553 omnibus
3177 2504 3489 2570 proponitur
3547 2521 3647 2557 una

2078 2589 2315 2642 cOuditio
2363 2607 2379 2645 :
2431 2589 2602 2644 Hodie
2649 2593 2694 2644 si
2738 2608 2901 2644 uocem
2945 2597 3054 2664 ejus
3101 2595 3398 2659 audieritis;
3444 2597 3648 2651 scilicet

2078 2697 2234 2748 quam
2264 2684 2446 2736 subter
2475 2685 2710 2738 dicturus
2733 2693 2828 2737 est.
2863 2686 2992 2740 Nam
3019 2689 3106 2756 qui
3130 2703 3312 2740 vocem
3342 2690 3508 2758 ipsius
3538 2706 3646 2742 non

2079 2774 2244 2838 audit,
2277 2789 2373 2828 nec
2404 2791 2530 2845 grex
2571 2779 2735 2844 ipsius
2770 2776 2983 2841 dicitur,
3021 2793 3118 2831 nec
3157 2777 3208 2829 in
3251 2781 3459 2845 pascuis
3487 2780 3651 2831 collu-

2078 2875 2260 2928 catur,
2290 2865 2425 2917 sicut
2453 2865 2503 2918 in
2540 2867 2822 2933 Evangelio
2867 2867 3057 2935 legitur
3101 2884 3113 2919 :
3161 2869 3287 2920 Oves
3328 2883 3450 2920 mele
3482 2886 3648 2921 uocem

2081 2971 2239 3008 meam
2266 2957 2502 3021 audiunt,
2535 2968 2580 3008 et
2620 2968 2895 3026 sequuntur
2925 2974 3001 3010 me
3036 2973 3179 3020 mea,
3206 2969 3252 3012 et
3280 2974 3371 3029 ego
3404 2974 3650 3027 cognosco

2084 3062 2196 3111 eas,
2229 3056 2276 3100 et
2315 3047 2487 3102 nullus
2516 3054 2648 3118 rapit
2679 3065 2765 3102 eas
2793 3051 2854 3103 de
2895 3065 3051 3102 manu
3085 3067 3195 3102 mea
3224 3049 3413 3118 (Joan.
3463 3067 3514 3114 x,
3559 3051 3648 3119 27,

2083 3137 2220 3206 28),
2255 3153 2357 3194 etc.
2393 3140 2563 3194 Hodie
2605 3142 2870 3211 signiﬁcat
2906 3157 3146 3211 semper,
3191 3143 3310 3212 quia
3337 3143 3534 3212 jugiter
3558 3159 3652 3196 au-

2085 3229 2308 3283 diendus
2351 3240 2435 3282 est
2469 3231 2555 3297 qui
2597 3231 2900 3286 salutariter
2940 3241 3140 3285 mouet.
3184 3231 3348 3300 Cujus
3391 3236 3653 3285 sermonis

2084 3325 2188 3376 vim
2232 3325 2514 3391 Apostolus
2545 3335 2790 3392 potenter
2817 3329 3081 3394 expressit
3120 3344 3130 3378 :
3163 3326 3268 3382 Sed
3308 3327 3652 3381 adhortamini

2083 3415 2407 3482 vosmetipsos
2431 3431 2520 3482 per
2541 3417 2769 3483 singulos
2808 3417 2934 3482 dies,
2967 3416 3125 3468 donec
3151 3417 3302 3468 hodie
3331 3419 3654 3486 cognomina-

2083 3517 2164 3559 tur
2195 3506 2398 3575 (Hebr.
2434 3523 2522 3572 ut,
2557 3508 2676 3574 15).
2723 3508 2988 3562 Hactenus
3027 3511 3282 3578 propheta
3317 3510 3524 3564 locutus
3551 3521 3653 3575 est,

2084 3613 2224 3650 nunc
2249 3599 2624 3666 subsequentia
2656 3600 2954 3653 videamus.

2157 3687 2305 3741 Vers.
2335 3689 2386 3742 8.
2422 3689 2598 3742 Nolite
2626 3690 2876 3744 obdurare
2907 3692 3064 3742 corda
3094 3701 3278 3756 vestra,
3304 3693 3431 3744 sicut
3453 3693 3502 3744 in
3531 3709 3655 3745 emo

2082 3779 2367 3830 cerbatione
2407 3780 2681 3833 secundum
2711 3781 2841 3834 diem
2874 3785 3165 3837 tentationis
3200 3785 3251 3836 in
3277 3785 3498 3836 deserto.
3534 3786 3652 3838 l’cr-

2083 3877 2296 3921 ventum
2327 3875 2407 3922 est
2427 3869 2491 3920 ad
2518 3869 2812 3936 ingressum
2844 3872 3160 3934 secundum,
3193 3873 3277 3927 ubi
3318 3873 3528 3926 .ludzcos
3562 3877 3653 3928 Du.

2086 3957 2258 4009 minus
2306 3957 2558 4010 Salvator
2606 3959 2929 4028 alloquitur,
2983 3975 3050 4015 ne
3105 3971 3379 4029 parentum
3435 3979 3652 4017 suorum

2083 4047 2528 4102 obstinationibus
2568 4049 2812 4113 imitatis,
2845 4066 2876 4104 a
2919 4051 3100 4120 requie
3130 4052 3336 4109 Domini
3367 4054 3652 4106 reddantur

2084 4139 2263 4193 alieni.
2295 4139 2432 4192 Dicit
2457 4140 2622 4203 enim,
2651 4139 2830 4193 Nolite
2853 4141 3101 4194 obdurare
3129 4143 3281 4196 corda
3314 4154 3503 4206 vestra,
3534 4147 3654 4212 quia

2086 4245 2192 4284 non
2233 4231 2562 4284 credentium
2609 4231 2768 4284 corda
2798 4233 3016 4286 omnino
3047 4233 3252 4302 lapidea
3275 4244 3415 4296 sunt,
3451 4243 3504 4287 ct
3533 4251 3655 4289 vere

2087 4323 2323 4376 silicibus
2398 4323 2786 4390 comparanda,
2846 4339 2964 4392 qua:
3042 4326 3267 4379 imbrem
3325 4325 3656 4380 fructiferum

2091 4430 2194 4468 non
2237 4415 2526 4482 recipiunt,
2569 4415 2690 4484 quia
2733 4415 3030 4470 sterilitatis
3067 4433 3177 4470 sua:
3218 4417 3462 4471 ariditate
3499 4417 3659 4471 dure-

2091 4518 2264 4560 scunt.
2296 4507 2449 4560 Ponit
2473 4522 2683 4576 quoque
2712 4509 2956 4574 exempla
2972 4509 3348 4570 celeberrima,
3381 4509 3544 4577 utqui
3567 4523 3661 4562 eos

2089 4597 2384 4651 obsdnatos
2413 4612 2531 4651 esse
2560 4608 2812 4661 noverat,
2844 4600 3118 4651 notissima
3160 4599 3462 4653 calamitate
3495 4609 3658 4652 terre-

2090 4700 2189 4743 ret.
2220 4689 2454 4742 Tentatio
2481 4690 2622 4742 enim
2653 4687 2873 4742 Judaica
2924 4691 3095 4756 (sicut
3135 4690 3185 4741 in
3230 4689 3410 4742 Exodo
3438 4689 3660 4756 legitur)

2089 4789 2272 4832 contra
2295 4781 2509 4848 Moysen
2539 4780 2685 4848 gravi
2713 4781 3131 4833 murmuratione
3160 4779 3408 4841 surrexit,
3441 4779 3659 4832 dicens:

2089 4869 2198 4924 Nec
2226 4885 2400 4922 escam
2444 4871 2542 4923 sibi
2590 4872 2641 4924 in
2678 4871 2894 4923 deserto
2925 4871 3062 4936 dari,
3109 4884 3205 4923 nec
3236 4884 3423 4935 aquam
3456 4869 3658 4936 potahio

2089 4961 2190 5013 lem
2219 4959 2393 5012 divna
2418 4961 2658 5029 largitate
2680 4961 2898 5014 eoncedi
2932 4960 3122 5030 (Exod.
3150 4975 3256 5022 xw,
3281 4959 3355 5029 3).
3382 4959 3514 5013 Rem
3539 4961 3656 5026 qui-

2089 5051 2208 5104 dem
2255 5055 2608 5104 necessariam
2645 5052 3010 5116 postulabant;
3043 5051 3135 5105 sed
3177 5051 3296 5104 ideo
3337 5050 3433 5104 fuit
3473 5065 3659 5102 eurum

2091 5141 2419 5194 tleteSIabilis
2466 5140 2731 5206 voluntas,
2765 5142 2887 5208 quia
2932 5156 3035 5194 non
3081 5150 3165 5194 est
3193 5140 3393 5194 credita
3437 5139 3485 5192 in
3517 5139 3658 5192 Divi-

2090 5233 2253 5284 nitate
2285 5232 2538 5298 potentia.
2571 5234 2906 5299 Quapropter
2935 5232 3089 5298 culpa
3121 5232 3228 5286 illis
3260 5241 3536 5298 parentum
3571 5245 3657 5284 ne—

2089 5324 2322 5374 cessarie
2352 5321 2632 5388 repetitur,
2664 5329 2720 5373 ut
2747 5321 2927 5374 debita
2950 5322 3178 5375 vindicta
3211 5324 3479 5374 timeatur.

2164 5409 2313 5462 Vers.
2343 5410 2397 5461 9.
2449 5408 2545 5462 Ubi
2585 5419 2896 5464 tentaverunt
2928 5429 3004 5464 me
3044 5423 3209 5482 patres
3251 5413 3435 5478 vestri;
3477 5413 3656 5481 proba-

2089 5509 2267 5552 uerunt
2294 5516 2390 5566 me,
2418 5511 2467 5553 et
2495 5501 2726 5554 uiderunt
2756 5518 2910 5569 Opera
2937 5519 3068 5554 mea.
3108 5503 3204 5556 Ubi
3233 5505 3393 5574 (sicut
3414 5505 3656 5572 superius

2091 5589 2254 5660 dixit)
2287 5591 2551 5660 significat
2579 5591 2632 5646 in
2673 5593 2914 5659 deserto;
2949 5594 3057 5648 illic
3087 5596 3229 5649 enim
3270 5596 3534 5667 fragilitas
3567 5597 3649 5651 hu-
