3952 6162
381 243 444 296 ’ῖἹ
1291 251 1643 308 ΕΧΡΟὲΠΙΟ
1687 252 1748 306 l.\"
1795 253 1939 312 PSAI

2047 257 2252 314 iRlUM.
2295 260 2488 316 PSAL.
2535 263 2689 318 XCV.

3516 269 3618 327 67Ξῦ

349 370 459 415 tere
499 361 716 415 homine
757 362 1025 430 deposzto,
1059 379 1153 434 per
1192 368 1414 435 gratiatn
1448 371 1780 438 baptismatis
1821 373 1936 427 feli-
1965 385 2010 437 Α
2043 385 2202 431 talem
2223 420 2235 442 ,
2268 384 2515 458 quoniam
2549 381 2671 432 dum
2704 394 2942 432 essemus
2971 380 3198 448 captivi,
3230 383 3462 449 pretioso
3491 399 3616 438 san-

350 453 480 504 riter
509 451 812 506 innovatur.
840 453 909 507 Et
939 464 1066 510 tunc
1098 458 1163 510 de
1201 457 1318 526 ipso
1345 460 1534 514 domus
1569 462 1776 517 Domini
1809 466 1939 518 ardi-

328 544 558 606 ’licatur,
592 541 806 610 quando
838 553 957 612 post
1005 546 1288 612 imperium
1331 549 1526 603 diaboli
1567 551 1619 604 in
1654 568 1934 606 numerum

348 635 673 688 beatissima:
696 638 1126 704 congregationis
1152 639 1465 706 acquiritur.
1502 640 1606 694 iste
1638 651 1826 695 cantus
1856 652 1939 695 est

350 729 437 793 qui
471 737 705 782 mentem
745 729 1082 796 purissimam
1125 732 1464 799 eonsolatur;
1513 735 1607 786 isti
1649 735 1938 787 modulatio

350 835 466 886 quae
487 820 798 874 medullitus
836 822 1087 883 delectat,
1128 824 1342 889 quando
1368 839 1497 878 vcre
1522 834 1702 878 cantat
1731 828 1932 888 anima,

351 925 463 979 quas
491 924 551 964 se
575 926 605 964 a
631 912 867 978 peccatis
895 928 988 980 per
1015 913 1107 966 Dei
1135 916 1360 982 gratiam
1391 916 1622 968 aestimat
1659 931 1780 969 esse
1806 917 1938 970 libe-

351 1002 592 1058 randam.
621 1000 895 1070 Sequitur,
928 1012 1133 1056 cantate
1167 1004 1418 1066 Domino,
1452 1007 1614 1058 omnis
1646 1016 1800 1058 terra.
1839 1007 1941 1060 lte-

352 1092 538 1158 petitio
565 1092 677 1159 ipsa
705 1093 885 1144 suavis
914 1102 1028 1155 est,
1061 1108 1158 1147 nec
1185 1094 1236 1146 in
1272 1097 1361 1147 tali
1407 1096 1570 1148 verbo
1610 1104 1786 1164 potest
1821 1111 1939 1148 (θεςο

353 1182 644 1246 fastidium,
679 1183 765 1237 ubi
798 1198 858 1237 se
898 1183 1096 1236 nullius
1127 1184 1342 1254 explere
1383 1187 1525 1238 valet
1571 1187 1814 1239 alicctns.
1847 1186 1940 1239 Di—

353 1275 518 1328 eendo
573 1275 749 1339 enim,
811 1275 974 1328 omnis
1028 1284 1198 1341 terra,
1247 1277 1564 1331 catholicam
1617 1276 1940 1343 signiﬁcavit

358 1365 686 1429 Ecclesiain,
731 1382 851 1435 qua:
885 1382 977 1434 per
1013 1377 1263 1420 cunctum
1318 1367 1505 1420 urbem
1553 1367 1789 1420 noscitur
1819 1381 1939 1420 esse

355 1456 564 1510 diﬂ'usa.
598 1457 756 1510 Brevi
780 1459 922 1510 enim
942 1473 1081 1524 com]
1104 1458 1262 1512 endio
1281 1467 1334 1512 ct
1353 1457 1596 1511 Judaeum
1620 1458 1935 1519 confutavit,

358 1550 471 1614 quia
506 1557 693 1616 gentes
723 1548 971 1610 admisit;
1011 1557 1066 1603 et
1094 1550 1353 1602 Donatum
1383 1549 1667 1612 destruxit,
1700 1549 1818 1616 quia
1847 1565 1940 1618 ge-

363 1638 620 1692 neralitati
653 1639 1007 1693 confessionis
1035 1640 1264 1710 gratiam
1302 1655 1405 1692 non
1451 1641 1682 1709 negavit.
1716 1640 1847 1692 Nam
1879 1646 1939 1692 ut

363 1730 600 1783 homines
647 1731 1002 1800 intelligi-res,
1036 1743 1237 1785 cantate
1270 1733 1438 1796 dixit,
1477 1733 1565 1801 qui
1600 1747 1786 1786 revera
1819 1748 1940 1800 pos-
1971 1713 2016 1770 Β

362 1831 478 1874 sunt
510 1821 695 1874 laudes
736 1822 945 1876 Domini
976 1837 1292 1891 personare;
1320 1824 1510 1878 deinde
1533 1824 1653 1893 quia
1682 1826 1938 1892 pluralem

363 1927 637 1965 numerum
661 1916 866 1980 aptavit
886 1914 950 1966 ad
984 1922 1206 1980 terram,
1236 1916 1376 1984 quod
1404 1919 1584 1985 utique
1614 1933 1718 1970 non
1749 1931 1942 1972 conve-

365 2001 517 2065 niret,
548 2002 591 2056 si
623 2003 867 2057 tellurem
887 1999 1156 2058 "voluisset
1191 2006 1432 2074 intelligi.

434 2093 580 2148 Vers.
613 2094 668 2147 2.
696 2093 908 2148 Cantate
933 2093 1179 2162 Domino,
1205 2107 1250 2149 et
1279 2095 1558 2150 benedicite
1587 2113 1768 2151 nomen
1795 2098 1941 2166 ejus;

363 2185 476 2236 bene
497 2185 732 2238 nuntiate
761 2185 820 2237 de
845 2185 929 2238 die
966 2187 1020 2238 in
1043 2185 1178 2239 diem
1216 2187 1443 2240 salutare
1482 2190 1615 2257 ejus.
1647 2187 1760 2240 Non
1792 2196 1942 2241 vacat

361 2275 493 2340 quod
519 2275 617 2328 ista
649 2277 893 2344 repetitio
915 2277 1056 2330 trino
1093 2277 1292 2330 decore
1328 2285 1631 2330 constructa
1661 2286 1763 2331 est.
1797 2277 1938 2330 Laus

360 2366 496 2419 enim
521 2364 721 2420 Christi
753 2368 913 2421 totius
939 2366 1110 2421 h0n0r
1127 2377 1212 2421 est
1232 2367 1526 2421 Trinitatis.
1551 2367 1720 2436 Ipsius
1741 2369 1939 2437 quippe

363 2471 555 2510 nomen
600 2456 997 2520 benedicimus,
1044 2457 1257 2524 quando
1301 2457 1535 2511 salutare
1573 2469 1812 2510 nostrum
1843 2472 1938 2526 per

362 2548 533 2599 omnia
581 2547 919 2600 conlitemur.
961 2547 1088 2612 Quae.
1133 2546 1295 2616 ligura
1338 2549 1532 2602 dicitur
1559 2549 1836 2616 epimone,
1887 2549 1938 2602 id

362 2647 461 2702 est,
484 2640 735 2706 repetitio
763 2638 948 2692 crebra
984 2639 1285 2703 sententiae,
1309 2655 1430 2708 qua:
1452 2641 1564 2694 sive
1593 2641 1644 2694 in
1675 2641 1937 2702 laudibus,

366 2727 476 2782 sive
513 2730 566 2783 in
596 2730 1076 2798 vituperationibus
1108 2731 1362 2784 decenter
1398 2731 1659 2798 adhibita,
1690 2747 1940 2802 magnam

363 2823 464 2875 vim
494 2824 930 2894 exaggeratiOnis
967 2825 1288 2876 accumulat.
1333 2823 1610 2892 Sequitur,
1653 2823 1773 2876 bene
1810 2841 1942 2877 nun-

364 2917 483 2967 tiate
522 2913 587 2966 de
616 2914 696 2966 die
736 2915 788 2966 in
831 2914 965 2966 diem
992 2914 1220 2966 salutare
1262 2917 1397 2982 ejus.
1431 2913 1551 2966 Dies
1583 2915 1646 2968 de
1674 2915 1774 2977 die,
1807 2915 1942 2970 duos

365 3005 627 3075 significat
679 3005 794 3060 dies
854 3006 1128 3070 absolute;
1168 3007 1309 3075 quod
1373 3008 1641 3072 pertinere
1683 3008 1747 3061 ad
1796 3007 1942 3062 Scri-

2039 466 2198 527 guine
2229 483 2321 520 nos
2356 459 2598 521 redemit.
2642 469 2808 520 Nimis
2840 482 3015 520 autem
3050 471 3294 537 congruit
3321 471 3387 524 ad
3413 487 3616 526 utrum-

2040 573 2162 626 quo,
2195 559 2314 624 quia
2343 575 2438 612 nec
2468 570 2720 626 quantum
2749 577 2982 628 nmgnus,
3011 576 3105 613 nec
3135 573 3388 630 quantum
3427 565 3613 616 lauda-

2041 648 2774 714 biissit-poteratexi-lirari.
2820 650 2924 703 Sed
2965 651 3214 717 (muniam
3256 655 3617 706 consideranti

2041 737 2324 788 :cstimatio
2369 737 2580 802 deﬁcit,
2634 740 2853 805 pulchre
2900 739 3102 792 addidit
3157 741 3324 792 nimis.
3384 741 3457 794 Ita
3509 759 3612 795 non

2041 828 2358 894 exponendo
2390 829 2529 895 quod
2576 830 2918 893 intendebat,
2961 831 3277 898 signiﬁcavit
3323 833 3615 898 uberrime,

2041 926 2094 968 et
2123 916 2417 969 declaravit
2446 933 2548 970 non
2577 919 3082 986 enniprehendendo
3113 923 3251 989 quod
3285 924 3470 979 voluit.
3519 927 3616 978 Se-

2040 1005 2239 1072 quitur,
2275 1006 2514 1059 terribilis
2553 1017 2624 1060 est
2660 1024 2811 1076 super
2839 1025 3010 1063 omnes
3050 1014 3190 1063 deos.
3231 1013 3324 1067 llic
3358 1014 3617 1069 debemus

2039 1098 2319 1149 advertere
2353 1099 2474 1150 deos
2515 1114 2648 1167 quos
2694 1101 2791 1153 sibi
2841 1102 3116 1170 gentilitas
3158 1105 3317 1172 impia
3359 1122 3618 1175 praesum-

2043 1190 2223 1252 ptione
2249 1189 2568 1255 εοιι-ιρυειιὶι.
2604 1189 2732 1242 Nam
2763 1207 2856 1244 eos
2888 1192 2939 1246 in
2975 1199 3216 1264 sequenti
3261 1217 3415 1255 versu
3451 1205 3620 1257 mani-

2042 1272 2222 1339 festat,
2251 1277 2500 1343 quoniam
2530 1281 2774 1345 quamvis
2821 1282 2897 1335 illi
2923 1285 3098 1339 stultis
3130 1290 3397 1344 mentibus
3423 1293 3616 1346 adora-

2041 1365 2174 1416 biles
2205 1363 2340 1436 [ed.,
2374 1367 2711 1440 exorabiles]
2745 1382 2795 1424 et
2838 1376 3108 1430 metuendi
3163 1394 3283 1434 esse
3312 1383 3615 1452 videantur,

2041 1455 2208 1507 multo
2239 1459 2528 1511 terribilior
2557 1468 2642 1514 est
2683 1463 2972 1528 Dominus,
3004 1466 3156 1533 cujus
3200 1484 3298 1524 nec
3340 1475 3620 1528 multitudo

2040 1546 2417 1600 miraculorum
2444 1558 2616 1617 potest
2639 1552 2882 1620 intelligi,
2908 1571 3007 1609 nec
3031 1558 3305 1626 plenitudo
3328 1565 3619 1630 majestatis

2039 1641 2280 1708 agnosci.

2118 1730 2271 1785 Vers.
2304 1733 2358 1786 5.
2407 1733 2658 1796 Quoniam
2703 1751 2875 1789 omnes
2919 1740 2993 1790 dii
3025 1742 3250 1808 gentium
3300 1745 3550 1799 daemonia
3600 1764 3618 1801 :

2047 1821 2294 1876 Dominus
2337 1836 2504 1877 autem
2544 1828 2694 1879 castos
2734 1830 2872 1896 fecit.
2919 1831 3229 1886 Mirabiliter
3259 1850 3352 1902 per
3381 1841 3616 1905 quintam

2044 1917 2275 1980 Speciem
2312 1917 2658 1982 deﬁnitionis,
2697 1936 2816 1988 qua:
2843 1921 3030 1975 Graece
3060 1928 3189 1979 κατὰ
3217 1933 3306 1984 τήν
3333 1929 3481 1992 λέξιν,
3514 1930 3618 1984 La-

2045 2007 2152 2059 tine
2175 2007 2239 2060 ad
2273 2009 2490 2062 verbum
2523 2010 2736 2073 dicitur,
2770 2016 3215 2081 comprehensum
3249 2027 3334 2072 est
3357 2022 3480 2088 quid
3512 2022 3618 2075 sint

2045 2096 2116 2149 dii
2145 2099 2399 2166 gentium,
2434 2099 2482 2152 id
2520 2109 2602 2153 est
2642 2101 2919 2155 dwmonia.
2969 2103 3233 2158 υίεηιοηὶα
3273 2120 3396 2161 sunt
3441 2111 3616 2172 enim.

2044 2202 2160 2256 qua:
2194 2189 2319 2242 nulli
2351 2200 2638 2257 praestant;
2669 2195 2760 2245 sed
2793 2194 2843 2246 in
2875 2210 2933 2248 se
2969 2198 3250 2251 credentes
3281 2215 3493 2270 semper
3521 2203 3615 2257 de-

2045 2279 2279 2346 cipiunt,
2315 2297 2526 2349 semper
2571 2283 2817 2336 idudunt.
2871 2288 2999 2337 Nam
3041 2279 3282 2355 quamvis
3314 2290 3616 2357 dwmones,

2047 2369 2234 2423 Latine
2258 2370 2487 2424 rcientes
2513 2385 2786 2436 vocentur,
2812 2374 2962 2442 qua-i
2987 2375 3058 2428 dii
3085 2393 3266 2432 manes
3290 2379 3418 2450 [ed.,
3439 2380 3616 2453 δαήμο·

2048 2457 2204 2531 uec],
2272 2462 2323 2514 in
2373 2463 2606 2516 humano
2652 2473 2825 2517 tamen
2871 2481 3118 2521 sermone
3162 2471 3458 2524 convicium
3505 2483 3617 2538 ist,

2045 2549 2171 2602 dttm
2202 2550 2274 2603 ita
2305 2551 2533 2604 dicimus
2564 2567 2695 2620 quos
2719 2557 3090 2610 exsecratione
3115 2557 3302 2626 dignos
3333 2576 3451 2615 esse
3475 2561 3617 2630 judi-

2046 2654 2248 2693 camus.
2275 2641 2388 2695 Non
2422 2642 2718 2706 immetito,
2741 2645 2994 2713 quoniam
3026 2648 3075 2699 in
3107 2647 3214 2702 illis
3241 2665 3366 2702 vera
3393 2655 3615 2706 scientia

2045 2747 2148 2785 non
2177 2741 2278 2798 est,
2312 2750 2430 2800 qnze
2458 2735 2727 2788 Creatoris
2756 2738 2836 2790 sui
2879 2755 2982 2791 non
3010 2739 3339 2794 obseeundat
3368 2744 3616 2797 arbitrio.

2045 2822 2136 2875 Sic
2171 2833 2224 2875 et
2252 2825 2520 2888 sapientes
2561 2825 2907 2892 philosophos
2939 2842 3057 2880 esse
3095 2829 3354 2894 dicimus;
3397 2835 3487 2884 sed
3523 2840 3616 2884 nos

2041 2914 2383 2982 consequitur
2419 2916 2656 2982 Apostoli
2701 2915 2970 2970 definitiva
3011 2926 3272 2972 sententia
3309 2938 3322 2972 :
3353 2923 3617 2990 Sapientia

2041 3007 2194 3077 Itujus
2224 3008 2399 3059 mundi
2429 3009 2642 3061 stultitia
2673 3020 2745 3062 est
2785 3013 2923 3080 apud
2952 3012 3113 3066 Deum
3155 3019 3173 3085 (
3199 3013 3226 3066 I
3255 3015 3372 3068 Cor.
3408 3033 3452 3080 t,
3483 3020 3551 3073 :20
3576 3023 3618 3086 ).

361 3112 540 3164 piuras
571 3097 899 3152 Tcstamcnti
932 3097 1061 3151 Novi
1099 3106 1153 3152 et
1185 3099 1392 3153 V‘eteris
1429 3100 1776 3161 aestimamus,
1811 3101 1934 3168 quia
1960 3102 2008 3164 ο
2045 3099 2196 3154 Unde
2221 3114 2439 3154 necesse
2469 3110 2552 3155 est
2575 3113 2631 3155 ut
2662 3101 2758 3156 hos
2795 3105 3025 3158 scientes
3056 3121 3151 3175 pro
3181 3123 3282 3160 non
3317 3109 3618 3177 intelligen-

361 3201 596 3256 otmque
624 3189 814 3244 aeterni
855 3189 994 3244 Solis
1037 3190 1279 3244 claritate
1310 3192 1673 3259 reSpIendeut.
1713 3192 1778 3244 Et
1813 3191 1936 3246 inde

361 3282 477 3333 bene
507 3284 775 3333 nuntiatur
803 3282 1044 3334 salutaris
1079 3283 1362 3350 Dominus,
1406 3300 1500 3350 pi-r
1538 3298 1669 3351 quas
1709 3292 1762 3337 et
1810 3299 1940 3337 ven-

362 3379 509 3423 turus
559 3380 614 3424 et
657 3373 869 3426 venisse
917 3381 1242 3426 monstratus
1291 3383 1394 3427 est.
1447 3373 1728 3442 Propheta;
1778 3375 1940 3442 siqui-

360 3462 477 3514 dem
503 3463 871 3530 promiserunt
896 3464 1208 3526 adventum,
1240 3464 1577 3532 evangelista-
1607 3466 1816 3517 venisse
1847 3466 1940 3519 de-

363 3553 882 3623 clararunt.'ltaque
929 3554 1122 3607 factum
1161 3563 1244 3607 est
1287 3563 1344 3607 ut
1393 3556 1499 3606 duo
1543 3557 1790 3608 emlestes
1832 3554 1941 3607 dies

363 3645 707 3698 annuntiasse
729 3645 844 3711 ejus
874 3645 1096 3713 gloriam
1125 3645 1562 3712 comprobentur.

432 3733 584 3788 Vers.
627 3734 683 3788 5.
727 3737 1042 3787 Annuntiate
1083 3735 1213 3787 inter
1253 3744 1424 3805 gentes
1458 3736 1676 3804 gloriam
1717 3737 1858 3806 ejus,
1889 3735 1942 3788 in

366 3827 589 3880 omnibus
617 3829 823 3897 populis
852 3826 1106 3879 mirabilia
1135 3828 1266 3898 ejus.
1293 3828 1423 3879 Cum
1454 3827 1698 3894 superius
1721 3826 1940 3890 dixerit,

363 3920 586 3970 nuntiate
617 3915 844 3970 salutare
882 3919 1021 3988 ejus,
1056 3919 1140 3972 hic
1177 3917 1338 3980 dcit,
1380 3918 1690 3970 Annuntiate
1730 3917 1944 3986 gloriam

361 4012 506 4078 ejus;
546 4008 688 4078 quod
718 4019 1001 4078 utrumque
1049 4009 1324 4077 aptissime
1359 4007 1586 4078 positum
1615 4016 1716 4061 est.
1767 4008 1943 4060 Domi-

363 4115 461 4153 nus
489 4102 634 4155 enim
673 4100 922 4155 Salvator
961 4102 1280 4155 nuntiandus
1311 4109 1455 4164 erat;
1483 4099 1648 4172 gloria
1676 4116 1800 4152 vero
1833 4102 1941 4166 ejus

360 4195 719 4246 annuntianda
745 4210 837 4262 per
857 4196 1182 4265 gentes,quia
1201 4195 1332 4248 tanti
1358 4195 1596 4247 miraculi
1621 4194 1944 4262 prmdirabat

359 4294 660 4338 auctorem.
701 4284 900 4338 Audiat
943 4285 1184 4347 Judaeus,
1231 4299 1396 4353 seque
1451 4284 1712 4352 intelligat
1751 4290 1940 4335 cont-i-

2043 3191 2182 3243 tibus
2205 3189 2516 3244 habeamus.
2558 3192 2864 3246 Dmmonum
2895 3203 2976 3248 est
3004 3196 3164 3263 igitur
3191 3214 3219 3250 a
3253 3199 3360 3252 Deo
3384 3200 3618 3268 quidem,

2041 3279 2178 3335 sient
2201 3293 2247 3333 et
2273 3283 2530 3335 bonorum
2555 3285 2862 3353 angelorum
2887 3287 3155 3340 excellens
3181 3290 3422 3344 homines
3436 3301 3617 3346 creata

2042 3372 2360 3437 substantia,
2385 3388 2504 3441 qua:
2535 3375 2776 3442 (propria
2810 3363 3038 3429 faciente
3064 3380 3338 3448 superbia)
3378 3396 3616 3450 eousque

2045 3462 2307 3529 pervenit,
2341 3471 2398 3514 ut
2425 3464 2650 3515 naturali
2682 3463 2943 3530 dignitate
2971 3465 3210 3532 deposita
3231 3510 3245 3533 ,
3296 3470 3452 3521 malis
3494 3487 3621 3538 ope-

2047 3551 2193 3605 ribus
2219 3565 2433 3618 semper
2462 3552 2691 3605 insistat.
2728 3552 2852 3606 llaec
2893 3562 3017 3606 sunt
3059 3555 3312 3608 dwmonia
3345 3573 3461 3625 qua:
3488 3559 3620 3614 alios

2042 3643 2358 3711 perdunt,et
2385 3644 2558 3710 scipsa
2587 3645 2876 3712 decipiunt.
2905 3647 3027 3699 ΙΙωο
3054 3657 3179 3701 sunt
3203 3649 3383 3716 utique
3406 3652 3480 3702 dii
3500 3669 3621 3717 gen-

2043 3735 2200 3800 tium,
2250 3736 2338 3802 qui
2373 3749 2465 3802 per
2495 3733 2850 3787 infructuosae
2893 3736 3297 3793 vaticinationes
3325 3747 3381 3794 et
3419 3741 3621 3794 futuro-

2046 3837 2162 3874 rum
2190 3836 2323 3874 vana
2368 3823 2632 3890 praestigia
2679 3823 2935 3876 festinant
2972 3827 3177 3879 animas
3213 3828 3460 3893 decipere
3492 3846 3622 3884 con-

2047 3911 2356 3965 sulentium.
2413 3913 2695 3980 Sequitur,
2755 3914 3002 3967 Dominus
3051 3926 3220 3969 autem
3272 3918 3423 3973 caelos
3482 3923 3620 3987 fecit.

2045 4003 2183 4058 Ecce
2214 4018 2397 4056 reVera
2431 4004 2634 4056 Domini
2680 4005 2835 4072 digna
2867 4008 3120 4058 laudatio.
3153 4006 3282 4060 Nam
3310 4026 3430 4063 eum
3460 4012 3623 4079 dicit,

2044 4099 2194 4149 ctelos
2225 4097 2364 4164 fecit,
2398 4111 2585 4149 omnes
2612 4095 2663 4148 iii
2694 4099 2822 4164 ipsis
2855 4097 3017 4150 iactas
3048 4107 3325 4152 creaturas
3348 4102 3622 4156 sul‘lieieu-

2045 4199 2126 4243 ter
2147 4190 2400 4242 ostendit.
2423 4189 2509 4242 Sic
2531 4189 2672 4241 enim
2699 4191 2748 4240 in
2774 4188 3066 4257 majoribus
3091 4195 3292 4243 tuinora
3317 4195 3622 4260 complecti-

2048 4297 2195 4345 mur,
2242 4297 2362 4333 cttnt
2412 4281 2640 4334 dicimus
2688 4281 2959 4334 civitatem
3009 4281 3358 4349 a~dilicatam,
3405 4283 3624 4338 domum

358 4377 547 4429 macia:
579 4387 692 4428 sua:
725 4375 1005 4444 iniquitate
1055 4385 1442 4443 contemptura,
1500 4376 1621 4443 quia
1679 4390 1782 4427 non
1815 4375 1942 4428 dicit
1968 4390 2018 4450 ι)
2046 4379 2434 4434 constructam;
2480 4370 2550 4424 ibi
2593 4372 2736 4425 enim
2781 4371 2997 4438 reliquze
3047 4380 3228 4440 partes
3270 4379 3622 4442 comprehen-

357 4466 621 4532 |lebra:is,
654 4466 984 4528 Annuntiate,
1018 4469 1110 4520 sed
1153 4466 1416 4534 gentibus.
1453 4467 1516 4519 Et
1553 4483 1616 4519 ne
1655 4465 1754 4518 hoc
1786 4464 1835 4517 al
1861 4473 1942 4517 ter

355 4559 530 4624 possis
560 4556 863 4624 advertere,
887 4558 1088 4611 addidit
1110 4572 1340 4626 quoque,
1367 4561 1419 4610 in
1448 4558 1680 4610 omnibus
1705 4555 1943 4624 papulis;

349 4666 462 4719 quo
507 4650 656 4705 dicto
702 4650 974 4706 universas
1017 4662 1203 4720 gentes
1251 4651 1492 4704 absoluta
1543 4655 1749 4704 ratione
1797 4666 1943 4704 com-

354 4743 548 4806 plexus
577 4751 679 4796 est.
713 4743 985 4812 Sequitur,
1019 4745 1274 4796 mirabilia
1301 4746 1446 4815 -ejus,
1480 4741 1532 4795 id
1575 4753 1656 4796 est
1682 4743 1941 4794 incarna-

355 4835 522 4888 tionis
550 4834 668 4904 cjus
711 4850 1000 4900 arcanum;
1032 4835 1123 4902 qui
1149 4835 1274 4888 dum
1327 4836 1398 4888 sit
1427 4835 1742 4898 altissimus,
1777 4834 1943 4887 lactus

353 4935 438 4980 est
483 4941 585 4995 pro
634 4926 788 4978 nobis
839 4927 1129 4979 liberandis
1182 4925 1530 4979 humillimus.
1582 4923 1942 4992 lntelligamus

358 5030 536 5070 autent
571 5027 826 5086 quantum
859 5018 1145 5087 proiecerit
1174 5018 1456 5070 aulilicatio
1501 5025 1697 5070 sanctae
1729 5018 1936 5080 domus,

357 5123 475 5175 qua:
501 5119 670 5159 totum
704 5108 886 5160 orbem
920 5107 1156 5160 nuscitur
1183 5109 1458 5173 complexa
1491 5115 1773 5158 terrarum.

430 5195 585 5250 γεγε.
619 5197 674 5250 ἆ.
712 5196 964 5262 Quoniam
997 5214 1207 5265 magnus
1244 5196 1523 5258 Dominus,
1565 5206 1612 5248 et
1664 5196 1939 5247 laudabilis

359 5287 544 5350 nimis;
586 5289 822 5342 terribilis
849 5300 920 5340 est
947 5305 1100 5356 super
1123 5305 1291 5341 omnes
1323 5289 1459 5340 deos.
1496 5289 1588 5341 ll.c
1620 5288 1745 5341 dicit
1776 5304 1941 5357 quare

358 5379 617 5434 miracula
647 5379 762 5450 ejus
791 5381 1020 5436 debeant
1050 5391 1102 5435 ct
1128 5383 1296 5449 gloria
1337 5381 1612 5448 prmdicari
1639 5421 1653 5443 ,
1688 5383 1938 5446 Quoniam

357 5486 573 5541 magnus
588 5481 661 5525 est
685 5471 1071 5540 Dominus.Qtti
1108 5476 1270 5539 ligura
1289 5474 1480 5526 dicitur
1494 5474 1753 5541 a'tiologia
1765 5518 1778 5540 ,
1797 5473 1844 5526 id
1859 5484 1935 5526 est

358 5573 537 5614 Causa:
561 5564 807 5617 redditio.
830 5564 1050 5635 Magnus
1074 5565 1135 5618 ad
1160 5566 1318 5635 322
1341 5574 1653 5633 potestatein
1682 5568 1933 5634 pertinet,

361 5650 480 5718 quia
515 5667 679 5721 super
721 5665 906 5710 cuncta
939 5657 1206 5725 potentior
1235 5665 1336 5711 cst.
1381 5655 1678 5711 Laudabili:
1721 5658 1784 5710 ad
1824 5657 1936 5724 pie-

2049 4462 2262 4526 duntur,
2297 4463 2386 4514 ubi
2424 4463 2671 4530 generale
2697 4462 2894 4516 dicitur
2936 4479 3154 4516 nomen.
3191 4465 3258 4516 Et
3283 4468 3489 4534 respice
3517 4483 3626 4535 quo

2049 4553 2253 4616 tendat,
2285 4556 2434 4608 talos
2475 4556 2614 4622 fecit.
2651 4555 2726 4607 Dii
2759 4554 2887 4606 falsa
2927 4553 3202 4607 hominum
3246 4556 3626 4626 imaginatione

2048 4647 2246 4714 reperti
2287 4653 2413 4699 sunt
2444 4663 2456 4697 :
2490 4647 2629 4700 Deus
2675 4655 2854 4700 autem
2893 4648 3042 4699 catos
3087 4647 3232 4714 fecit,
3279 4651 3365 4702 ubi
3415 4650 3493 4704 illi
3526 4667 3625 4705 nec

2049 4737 2333 4803 accedere,
2379 4751 2476 4789 nec
2532 4737 2775 4790 habitare
2822 4747 3214 4805 promerentur.
3268 4742 3394 4794 Sive
3439 4744 3621 4809 catos,

2051 4828 2323 4896 apostolos
2349 4839 2400 4880 et
2430 4842 2543 4879 sam
2563 4838 2645 4881 tos
2686 4829 2827 4880 viros
2855 4829 3141 4896 siguilicat,
3173 4829 3262 4898 qui
3290 4831 3626 4886 (immunibus

2051 4919 2314 4986 imperare
2354 4919 2562 4973 Domini
2613 4935 2832 4972 munere
2873 4929 3219 4973 consuerant.
3270 4923 3357 4975 Sic
3405 4923 3626 4977 demon-

2047 5013 2324 5066 strativum
2367 5012 2580 5065 dicendi
2633 5027 2801 5080 genus
2845 5015 2944 5063 sub
2996 5013 3257 5067 brevitate
3299 5018 3624 5084 completum

2046 5117 2144 5160 est.
2168 5106 2497 5174 Vituperavit
2513 5108 2652 5159 enim
2678 5107 2920 5173 superius
2943 5107 3071 5160 deos
3089 5107 3344 5173 gentium,
3365 5119 3417 5160 et
3441 5109 3628 5161 laudes

2051 5199 2254 5251 Domini
2306 5200 2692 5261 sub~equcnter
2741 5198 2982 5265 adjnnvit
3035 5218 3048 5251 :
3096 5200 3215 5264 quia
3267 5199 3470 5266 gratior
3516 5201 3625 5253 diei

2047 5291 2299 5357 splendor
2326 5301 2424 5351 est,
2451 5305 2569 5342 cum
2602 5304 2705 5342 nox
2736 5290 2960 5342 obscura
2989 5290 3338 5354 pra'eesserit.

2120 5379 2272 5433 V'ers.
2314 5381 2365 5432 6.
2414 5379 2672 5449 Confessio
2721 5388 2767 5431 et
2821 5380 3010 5446 species
3055 5380 3107 5429 in
3155 5388 3426 5439 conspectu
3473 5379 3622 5448 ejus;

2046 5473 2289 5526 sanctitas
2320 5482 2366 5524 et
2399 5472 2778 5541 magniﬁcentia
2824 5471 2875 5522 in
2916 5472 3316 5527 sanctiﬁcatione
3345 5473 3476 5541 ejus.
3521 5470 3616 5525 Ge-

2049 5561 2376 5614 neralitatcm
2410 5577 2566 5628 quam
2599 5562 2829 5613 instituit
2876 5559 3164 5613 admonere
3207 5561 3488 5615 utilitatem
3527 5576 3624 5616 ca-

2048 5653 2257 5708 tholica:
2285 5653 2555 5722 religionis
2596 5653 2849 5707 ostendit.
2907 5651 3042 5704 Dicit
3090 5653 3230 5708 enim
3277 5651 3624 5723 quemadmo-
