3952 6162
413 248 509 302 679

1639 236 1710 290 Μ.
1760 231 2004 288 AUilElJ

2114 233 2160 284 Α
2170 229 2480 287 SSIODOR]
2945 241 2948 244 '
3193 261 3202 268 ί
3545 231 3634 290 ξω

412 370 538 417 dum
567 372 620 416 et
644 359 870 429 speciosi
897 367 948 412 ct
975 355 1237 424 magnifici
1263 352 1576 414 reddantur,
1605 350 1693 420 qui
1718 349 1784 403 ad
1819 349 1993 402 iudul-
2022 356 2068 408 Α
2101 350 2266 414 mina,
2311 349 2453 404 unde
2496 362 2602 402 non
2649 347 2866 415 sanguis
2895 354 3113 411 currat,
3163 343 3251 400 sed
3297 348 3394 413 pia:
3420 347 3640 421 lacrymat

411 456 645 523 gentiam
680 462 1019 521 peccatorum
1050 449 1332 516 pervenire
1360 445 1676 500 meruerint.
1703 442 1994 514 Confessio-

412 563 526 599 nem
557 544 818 612 siquidem
850 541 985 593 bene
1015 546 1255 606 sequitur
1279 535 1641 604 pulchritudo,
1689 535 1810 601 quia
1840 549 1996 588 nemo

414 644 590 704 potest
621 649 741 687 eSse
775 631 1084 698 Speciosus,
1139 628 1239 682 nisi
1281 626 1369 695 qui
1406 623 1614 678 Domini
1646 625 1804 678 fuerit
1838 623 1999 677 mise-

416 732 620 784 ratione
637 726 944 780 mundatus.
975 725 1172 778 Ftedos
1193 737 1290 776 nos
1316 729 1531 788 peccata
1556 729 1737 773 nostra
1768 719 1994 783 faciunt;

414 820 506 874 sed
551 818 878 887 pmuileutiu}
924 815 1158 868 reddunt
1204 814 1414 865 lavacra
1463 812 1710 865 decoros.
1766 811 1830 864 Et
1879 810 1998 865 ideo

415 911 822 965 mundissimam
855 907 1073 976 speciem
1107 917 1229 958 ante
1261 903 1467 956 Domini
1512 902 1640 956 dicit
1688 912 1834 956 stare
1873 917 2000 955 cou-

413 1009 679 1071 spectum,
713 1015 830 1066 qua:
861 997 1022 1050 fuerit
1065 993 1209 1048 ﬁdeli
1249 992 1590 1046 confessione
1631 1001 1871 1059 purgata.
1906 993 2002 1043 Se-

413 1097 623 1162 quitur,
671 1091 930 1161 sanctitas,
963 1097 1010 1142 et
1061 1087 1445 1157 magniﬁcentia
1492 1085 1546 1137 in
1596 1084 2004 1150 sanctiﬁcatione

412 1195 546 1256 ejus.
601 1182 811 1237 Excolit
857 1179 998 1247 quod
1049 1178 1295 1245 superius
1339 1176 1492 1229 dixit.
1556 1174 1672 1241 lpsa
1723 1183 1806 1226 est
1858 1174 2001 1225 enim

413 1276 604 1341 species
654 1289 774 1341 qua:
821 1269 1068 1324 fidelibus
1097 1269 1275 1330 datur,
1308 1266 1558 1319 sanctitas
1586 1275 1634 1317 et
1672 1264 1999 1333 magniﬁcem

414 1368 508 1430 tia,
541 1363 592 1418 id
625 1371 707 1417 est
737 1363 910 1414 honor
933 1366 988 1413 et
1019 1357 1291 1412 beatitudo
1318 1364 1594 1424 perpetua.
1624 1353 1686 1405 In
1709 1353 2002 1418 sancti/ica-

415 1461 548 1512 tione
575 1472 703 1512 vero
727 1456 866 1523 ejus,
897 1453 1162 1522 signiﬁcat
1188 1450 1333 1503 illam
1362 1462 1547 1501 vocem
1581 1462 1736 1515 quam
1767 1444 1998 1498 audituri

413 1559 536 1603 sunt
559 1546 716 1601 electi
742 1564 754 1599 :
797 1545 994 1609 Venite,
1023 1541 1268 1595 benedicti
1299 1538 1472 1591 Patris
1495 1538 1612 1602 mei,
1641 1537 1885 1604 percipte
1920 1551 2000 1588 re-

414 1656 568 1711 gnum
598 1639 735 1710 quod
757 1637 895 1690 vobis
923 1644 1157 1705 paratum
1185 1640 1259 1685 est
1279 1631 1340 1684 ab
1363 1630 1555 1700 origine
1586 1629 1763 1681 mundi
1783 1627 1994 1698 (Matth.

414 1748 540 1796 xxv,
571 1730 689 1786 δι).
725 1729 863 1781 Ecce
888 1725 1080 1794 species
1107 1738 1225 1792 qua}
1255 1736 1354 1776 nec
1382 1721 1500 1773 sole
1543 1719 1796 1772 reddatur
1825 1717 1994 1782 fusca,

413 1842 514 1880 nec
536 1832 804 1879 vetustate
832 1819 1109 1874 deterior:
1146 1829 1360 1882 semper
1391 1812 1579 1881 fulget,
1619 1825 1834 1879 semper
1857 1823 1996 1862 nova

412 1926 527 1982 est;
554 1929 650 1969 nec
678 1911 878 1981 aliquid
906 1908 1134 1963 sustinet
1154 1905 1460 1967 adversum,
1518 1917 1638 1970 quae
1681 1915 1788 1954 non
1839 1900 2001 1952 habet

413 2010 465 2062 iu
493 2005 823 2074 perennitate
849 2001 1138 2056 defectum.
1168 1996 1299 2051 Nam
1332 1995 1471 2064 quod
1503 1993 1640 2047 dixit
1668 2001 1715 2046 et
1759 1990 2000 2061 magniﬁ-

413 2099 602 2160 centia,
655 2094 784 2148 illud
837 2089 1121 2162 significat,
1180 2086 1303 2156 quia
1349 2098 1568 2151 semper
1617 2083 1795 2150 magni
1848 2087 1995 2145 sunt,

413 2205 626 2258 semper
656 2187 876 2250 excelsi,
909 2183 1001 2253 qui
1024 2179 1277 2236 honorari
1302 2178 1421 2247 ejus
1449 2174 1872 2230 sanctiﬁcatione
1899 2187 2006 2226 me-

419 2289 659 2335 ruerunt.

489 2371 640 2422 Vers.
666 2368 717 2420 Ἰ.
745 2363 937 2430 Alferte
969 2363 1210 2425 Domino,
1240 2357 1682 2430 patrimgentium,
1707 2353 1884 2421 afferte
1901 2353 2006 2406 Do-

415 2463 550 2514 mino
578 2461 796 2528 gloriam
819 2469 863 2510 et
878 2456 1142 2510 honorem.
1174 2454 1461 2520 Postquam
1492 2446 1755 2517 magnalia
1787 2445 2000 2499 Domini

417 2563 474 2608 et
494 2552 768 2605 beatorum
798 2547 935 2600 dona
964 2543 1296 2614 prmdicavit,
1330 2541 1382 2595 iu
1414 2537 1652 2593 secunda
1684 2544 1835 2605 parte
1889 2544 2001 2588 stu-

415 2640 620 2696 diosius
650 2643 958 2693 commonet
985 2643 1170 2704 gentes
1202 2640 1280 2697 ut,
1307 2631 1451 2684 omni
1475 2628 1817 2682 cunctatione
1845 2628 2001 2694 depoi

417 2738 537 2801 sita,
567 2731 797 2800 Alferant
830 2728 1051 2782 Domino
1081 2725 1300 2797 gloriam
1331 2731 1376 2776 et
1401 2721 1666 2775 honorem.
1702 2718 1832 2772 Nam
1879 2732 1996 2771 cum

416 2825 567 2886 dicit,
595 2825 773 2894 patrita
794 2819 1041 2890 gentium,
1078 2817 1196 2886 plus
1224 2812 1491 2883 signiﬁcat
1545 2824 1704 2880 quam
1756 2809 1802 2862 si
1855 2809 1998 2862 solas

418 2915 618 2969 diceret
647 2919 852 2980 gentes.
889 2906 1022 2962 Gens
1049 2906 1194 2960 enim
1228 2904 1434 2972 aliquos
1467 2907 1642 2969 potest
1668 2899 1867 2951 habere
1910 2911 2002 2964 pe-

2106 439 2361 494 deﬁnant.
2412 440 2533 493 Ista:
2578 448 2706 493 sunt
2753 437 2929 490 hostia:
2964 450 3098 505 quas
3143 436 3193 489 in
3241 435 3640 506 quinquagesimo

2109 531 2314 600 psalmo
2337 531 2470 584 dixit
2500 547 2512 582 :
2549 528 2648 582 Cor
2675 529 2954 581 contritum
2991 534 3036 579 et
3061 524 3372 579 humiliatum
3399 526 3521 582 Deus
3555 547 3642 585 non

2107 622 2296 688 spernit
2329 618 2501 686 (Psal.
2543 635 2594 682 ι»,
2633 615 2742 687 l9).
2779 616 2883 670 Sed
2919 615 3195 670 considera
3237 617 3354 684 quia
3390 618 3524 684 prius
3560 634 3640 686 po-

2107 710 2233 773 suit,
2265 709 2445 771 tollite,
2478 717 2529 761 et
2561 707 2639 759 sic
2666 707 2872 758 introite
2895 721 2912 757 :
2936 707 3058 773 quia
3089 705 3176 772 qui
3211 704 3340 758 tales
3360 705 3536 760 hostias
3555 723 3645 762 nou

2112 807 2344 866 portant,
2370 801 2421 850 in
2450 798 2585 850 atria
2620 796 2828 850 Domini
2863 812 2966 847 non
2995 795 3298 864 judicantur
3323 797 3523 858 intrare.
3550 798 3644 850 Non

2101 901 2182 945 est
2210 903 2388 944 autem
2418 890 2589 943 otiose
2616 885 3042 956 suscipiendum,
3081 885 3220 953 quod
3247 884 3427 951 plurali
3454 902 3650 941 numero

2106 983 2282 1052 posuit
2325 984 2480 1035 atria.
2524 982 2671 1034 Atria
2718 980 2863 1034 enim
2915 978 3129 1032 Domini
3170 984 3295 1031 sunt
3339 979 3548 1046 apostoli
3582 981 3652 1034 vel

2106 1074 2406 1142 prophetae,
2457 1087 2553 1142 per
2583 1087 2715 1142 quos
2767 1071 2940 1126 hdelis
2989 1067 3215 1139 populus
3255 1069 3416 1123 intrat
3461 1069 3521 1122 ad
3566 1068 3653 1123 Do-

2108 1183 2335 1221 mtuum.

2177 1279 2337 1349 323
2375 1277 2527 1333 Vers.
2563 1277 2616 1332 9.
2678 1277 2902 1331 Adorate
2928 1277 3203 1330 Dominum
3243 1276 3296 1328 in
3339 1280 3466 1328 atrio
3506 1287 3656 1330 sancto

2105 1369 2248 1436 ejus;
2287 1378 2659 1421 commoveatur
2683 1384 2715 1420 a
2762 1368 2893 1436 {acie
2923 1372 3033 1436 ejus
3075 1367 3307 1419 universa
3336 1374 3488 1419 terra.
3527 1365 3657 1421 Tunc

2105 1476 2294 1515 revera
2315 1460 2566 1513 Dominus
2587 1462 2852 1525 adoratur,
2873 1458 3083 1527 quando
3103 1458 3300 1511 fuerint
3317 1459 3496 1512 hostia:
3515 1469 3659 1526 porta-

2104 1564 2192 1618 tae,
2217 1569 2348 1623 quas
2367 1554 2612 1622 superius
2635 1554 2927 1614 intimavit;
2957 1561 3014 1606 ut
3033 1553 3353 1622 supplicatio
3387 1553 3660 1606 conﬁtentis

2107 1654 2376 1699 mereatur
2424 1645 2490 1698 ad
2517 1658 2675 1698 aures
2724 1644 3004 1712 pervenire.
3042 1643 3335 1697 Creatoris.
3386 1643 3488 1698 Nec
3532 1653 3664 1697 vacat
3740 1662 3751 1671 ·

2105 1736 2245 1804 quod
2275 1736 2328 1789 in
2358 1735 2628 1788 anteriore
2653 1749 2810 1788 versu
2833 1735 2964 1788 atria
2991 1734 3206 1802 posuit;
3250 1733 3338 1788 hic
3367 1749 3487 1787 vero
3508 1739 3666 1802 singu-

2110 1827 2292 1880 lariter
2314 1826 2503 1879 atrium
2525 1825 2690 1890 dicit,
2720 1825 2839 1894 quia
2866 1841 2931 1878 ex
2958 1825 3066 1878 illis
3087 1825 3258 1888 atriis,
3283 1823 3332 1876 id
3356 1833 3451 1885 est,
3477 1823 3668 1892 patriar-

2107 1916 2246 1983 chis,
2274 1917 2532 1986 apostolis
2557 1925 2612 1972 et
2640 1916 2911 1986 prophetis
2939 1918 2990 1970 in
3016 1916 3162 1971 istud
3195 1916 3382 1968 atrium
3419 1914 3668 1970 catholica:

2107 2009 2370 2062 duntaxat
2387 2009 2641 2062 Ecclesiae
2669 2007 2997 2076 pervenitur,
3022 2007 3110 2060 ubi
3138 2007 3258 2076 ejus
3282 2007 3505 2075 potentia
3527 2006 3671 2074 maje-

2107 2101 2261 2180 statis
2304 2100 2582 2152 aduratur.
2617 2098 2895 2168 Sequitur,
2931 2108 3314 2151 commoveatur
3341 2115 3373 2149 a
3416 2098 3539 2166 facie
3579 2099 3673 2166 ejus

2109 2190 2346 2242 universa
2375 2199 2532 2242 terra.
2562 2189 2825 2257 Quoniam
2856 2190 3066 2244 dixerat
3095 2189 3349 2243 ﬁdelibus
3377 2188 3507 2242 bona
3533 2203 3672 2255 opera

2109 2284 2291 2348 tollite,
2339 2294 2386 2338 et
2412 2284 2614 2338 introite
2634 2325 2651 2350 ,
2683 2299 2825 2338 nunc
2855 2283 2981 2338 dicit
3011 2300 3042 2335 a
3069 2283 3210 2351 facie
3242 2281 3407 2350 ipsius
3441 2290 3677 2333 amatores

2106 2375 2285 2429 saeculi
2333 2374 2752 2430 submovendus.
2795 2376 2909 2428 Non
2957 2373 3097 2428 enim
3131 2373 3291 2438 dixit,
3339 2381 3679 2424 commoveatur

2105 2475 2230 2520 ante
2273 2467 2460 2520 faciem
2507 2465 2625 2534 ejus
2672 2466 2907 2518 universa
2955 2473 3119 2529 terra,
3173 2465 3271 2518 sed
3315 2480 3348 2516 a
3391 2464 3514 2532 [acie
3553 2463 3680 2526 eius;

2109 2559 2252 2629 quod
2297 2557 2562 2627 hodieque
2613 2558 2718 2612 illis
2743 2557 2988 2620 dicimus,
3027 2573 3168 2627 quos
3200 2573 3228 2608 a
3273 2563 3555 2623 conspectu
3596 2567 3681 2606 no-

2109 2659 2222 2704 stro
2259 2649 2536 2704 reddimus
2589 2648 2814 2702 alienos.
2855 2647 2954 2713 Qui
3002 2647 3146 2701 bene
3201 2657 3341 2700 terra
3392 2644 3514 2699 dicti
3555 2654 3683 2707 sunt,

2109 2742 2227 2812 quia
2258 2750 2467 2797 terrena
2498 2742 2626 2796 vitia
2667 2757 2770 2796 non
2812 2741 3144 2810 relinquunt.
3194 2739 3453 2806 Quamvis
3485 2738 3579 2791 hoc
3605 2735 3682 2788 alii

2110 2839 2161 2889 in
2206 2836 2398 2890 bonam
2448 2844 2650 2904 partem
2694 2833 2862 2904 accipi
2908 2833 3111 2889 debere
3154 2834 3442 2896 dixerunt,
3484 2839 3538 2884 ut
3578 2839 3686 2882 tunc

2113 2938 2248 2983 terra
2295 2938 2688 2995 commoveatur,
2720 2928 2932 2998 quando
2962 2937 3221 2994 peccator
3252 2926 3319 2980 ad
3353 2923 3687 2994 ptenilentiaut

417 3005 657 3076 τθῧτίθθδ
677 3043 692 3066 ο
753 3009 809 3056 et
855 2999 978 3053 dum
1023 3007 1170 3051 nam
1200 2993 1414 3055 mmmr’
1436 3006 1569 3088 _"°“
1599 2989 1832 3088 advef'aé
1862 3001 2004 3088 FOT'
2034 2995 2080 3056 (ἶ
2114 3023 2288 3087 fuerit,
2312 3021 2423 3076 Deo
2446 2989 2752 3087 miserante,
2772 2989 3081 3088 perductus.
3101 3017 3198 3073 Sic
3213 2989 3504 3086 Scriptura:
3519 3012 3687 3068 divinat

420 3097 719 3167 plcetimur,
751 3093 845 3148 sed
878 3100 1082 3145 tantum
1115 3097 1326 3156 gentem
1361 3083 1516 3137 unius
1566 3079 1838 3150 sanguinis
1869 3078 2003 3132 indi-

420 3203 620 3244 camus.
649 3189 744 3238 llic
769 3198 893 3238 iero
925 3181 1128 3234 dictum
1155 3187 1257 3238 est,
1292 3174 1476 3245 patriae
1503 3173 1750 3242 gentium,
1784 3177 1841 3222 ut
1883 3167 2003 3221 nul.

422 3282 502 3334 lus
543 3278 810 3344 indigena,
845 3272 1020 3326 nullus
1069 3270 1284 3333 hospes,
1341 3263 1514 3317 nullus
1547 3261 1861 3330 peregrinus
1893 3258 2005 3312 red-

417 3375 633 3422 deretur
659 3370 933 3431 exceptus.
974 3358 1159 3411 Patria
1188 3356 1333 3410 enim
1366 3353 1504 3406 dicta
1535 3362 1620 3405 est
1659 3349 1809 3418 quad
1841 3349 2004 3416 patris

419 3459 573 3515 atria.
623 3457 898 3525 Sequitur,
934 3449 1125 3516 A/ferte
1160 3445 1384 3500 Domino
1413 3443 1629 3513 gloriam
1656 3449 1701 3492 et
1742 3441 2003 3493 honorem.

422 3551 685 3604 Admonet
721 3545 881 3601 etiam
914 3551 972 3595 ut
1017 3541 1105 3594 illa
1159 3536 1483 3608 generalitas
1523 3532 1742 3586 Domino
1787 3531 2004 3600 gloriam

416 3641 599 3708 afferat
621 3647 666 3692 et
699 3639 962 3689 honorem.
998 3630 1178 3685 Gloria
1204 3636 1287 3682 est
1322 3626 1557 3685 Domini,
1589 3640 1709 3676 cum
1739 3637 1798 3676 se
1814 3621 2004 3689 aliquis

425 3730 674 3786 laudabili
698 3723 1108 3781 conversatione
1139 3717 1470 3772 tractaverit.
1498 3713 1842 3768 Gl0rilicatur
1863 3711 2005 3764 enim

423 3826 678 3878 Dominus
709 3820 761 3872 in
792 3816 1014 3876 talibus,
1047 3810 1264 3882 quando
1294 3807 1363 3861 de
1408 3805 1642 3860 fidelium
1678 3803 1838 3856 fuerit
1877 3816 2007 3855 cou-

424 3915 722 3969 versatione
765 3908 1052 3970 laudatus,
1099 3903 1239 3956 sicut
1290 3902 1340 3953 in
1387 3896 1679 3965 Evangelio
1731 3893 2008 3962 discipulis

423 4007 532 4061 suis
561 4003 686 4057 dicit
719 4019 732 4055 :
768 3999 858 4055 Sic
888 3997 1052 4050 luceat
1089 3995 1180 4046 tua:
1207 3999 1372 4044 vestra
1398 4002 1571 4040 coram
1611 3984 1922 4045 hominibus,
1955 3993 2008 4034 ut

423 4096 624 4150 videant
654 4101 816 4144 vestra
838 4088 968 4140 bona
985 4099 1159 4153 opera,
1180 4090 1225 4134 et
1257 4078 1538 4150 gloriﬁcent
1566 4074 1770 4128 Patrem
1790 4083 2007 4125 vestrum

424 4188 508 4256 qui
537 4195 610 4239 est
637 4184 690 4237 in
715 4182 850 4237 cwlis
878 4177 1094 4247 (Matth.
1127 4190 1182 4241 v,
1215 4172 1329 4242 16).
1387 4169 1571 4223 Honor
1591 4174 1675 4222 est
1698 4175 1874 4219 autem
1911 4165 2011 4216 Do-

425 4282 579 4343 mini,
607 4275 821 4348 quando
843 4274 894 4326 iu
923 4270 1086 4325 donis
1106 4269 1217 4322 suis
1240 4269 1288 4320 ei
1319 4262 1516 4332 gratias
1540 4259 1861 4322 referimus;
1889 4266 1944 4311 et
1965 4257 2008 4310 si

2115 3113 2673 3182 incomprehensibilis
2731 3111 3098 3180 profunditas,
3153 3120 3208 3166 et
3262 3109 3494 3164 diversis
3543 3105 3690 3160 modis

2116 3203 2449 3274 intelligitur,
2476 3213 2528 3258 et
2552 3217 2656 3257 una
2681 3212 2928 3257 constare
2954 3201 3192 3256 veritate
3221 3209 3566 3255 monstratur.

2189 3314 2342 3368 Vers.
2376 3312 2463 3369 10.
2507 3311 2673 3367 Dicite
2707 3313 2766 3366 in
2792 3311 3080 3366 nationibus
3101 3327 3121 3365 :
3152 3311 3412 3364 Dominus
3435 3306 3644 3378 regnarit
3666 3319 3693 3354 a

2115 3407 2254 3477 ligno
2268 3422 2286 3470 ;
2314 3407 2497 3459 etenim
2536 3405 2755 3459 correxit
2777 3405 2947 3458 orbem
2972 3412 3126 3458 terra:
3146 3404 3240 3473 qui
3262 3419 3367 3455 non
3389 3394 3696 3454 commovebi-

2109 3511 2226 3564 tur;
2245 3501 2504 3572 judicabit
2527 3499 2746 3572 papulas
2772 3499 2825 3550 in
2857 3497 3119 3566 wquitate,
3152 3509 3203 3550 et
3230 3506 3406 3566 gentes
3435 3495 3486 3546 in
3508 3493 3581 3543 ira
3599 3504 3692 3542 sua.

2114 3571 2814 3646 Illosadmonetretierenda
2841 3587 3095 3654 mysteria
3123 3585 3384 3655 gentibus
3409 3581 3696 3652 praedicare.

2113 3699 2246 3753 quos
2273 3685 2325 3737 in
2359 3682 2495 3736 atrio
2531 3691 2717 3756 sancto
2764 3679 3044 3734 Dominum
3076 3678 3323 3732 adorare
3349 3675 3626 3744 pratcepit;
3655 3680 3701 3721 ut

2111 3777 2164 3830 in
2187 3774 2473 3828 nationibus
2511 3790 2542 3842 (ι
2575 3773 2715 3846 ligno
2744 3773 2918 3827 crucis
2962 3770 3257 3824 Dominum
3289 3770 3522 3824 debeant
3557 3766 3702 3818 dicere

2112 3879 2465 3937 regnaturum,
2491 3881 2598 3920 non
2626 3864 2808 3919 abillo
2834 3864 2976 3934 ligno
3006 3863 3282 3932 paradisi,
3313 3862 3459 3916 unde
3482 3857 3704 3914 diabolus

2118 3974 2283 4029 genus
2315 3959 2602 4011 humanum
2646 3955 2925 4010 videbatur
2958 3964 3148 4010 tenere
3172 3957 3492 4024 captivum;
3535 3949 3622 4005 sed
3651 3948 3705 4001 ab

2118 4054 2220 4106 isto
2245 4053 2450 4106 scilicet
2480 4052 2620 4120 ligno
2661 4049 2803 4104 unde
2839 4049 3058 4102 libertas
3083 4057 3262 4117 caput
3300 4047 3518 4111 extulit,
3547 4052 3598 4098 et
3618 4044 3708 4095 vita

2120 4145 2375 4198 surrexit.
2405 4143 2459 4197 In
2489 4143 2581 4196 illo
2610 4141 2874 4211 siquidem
2905 4141 3042 4211 ligno
3090 4155 3250 4194 mors
3283 4131 3708 4210 transgressionis

2120 4234 2394 4305 pependit,
2449 4235 2500 4288 in
2549 4234 2650 4288 isto
2698 4233 2834 4288 ﬁdes
2877 4232 3248 4287 confessionis
3301 4229 3551 4287 emicuit:
3601 4223 3709 4280 "illi."

426 4314 579 4343 .......,
608 4314 820 4348 qua...”
925 4314 1086 4325 ψη.--
1107 4314 1216 4322 η.-
1244 4314 1288 4320 --
1320 4314 1360 4332 ac
1463 4314 1472 4316 ,
1501 4314 1509 4315 ,
1849 4314 1860 4322 ν

426 4370 550 4440 quid
582 4367 706 4422 boui
737 4363 1094 4430 suscepimus,
1127 4359 1193 4411 ab
1224 4358 1340 4426 ipso
1366 4355 1680 4424 proﬁtemur
1700 4366 1820 4404 esse
1841 4350 2004 4404 colla-

2123 4327 2372 4394 perduxit
2404 4326 2469 4379 ad
2503 4325 2726 4392 inferos,
2757 4324 2898 4379 istud
2928 4324 3093 4378 mittit
3120 4323 3192 4378 ad
3241 4324 3440 4379 cenios.
3487 4314 3710 4390 Regnavit

2116 4439 2120 4440 ,
2149 4430 2198 4440 -.ι
2221 4434 2286 4440 ----
2337 4417 2691 4440 ξ...ΑΙΙΪΑ.Α-....Α
2717 4416 2939 4440 ξη-Αι..ει
2994 4416 3217 4440 -ιιιι-..ΙΑ
3246 4415 3453 4440 ..-ι-.-.Α
3486 4412 3710 4440 nnmhulc

427 4472 570 4525 tum,
600 4458 737 4512 sicut
766 4454 820 4507 in
861 4449 1150 4520 Evangelio
1180 4448 1374 4516 legitur
1402 4463 1414 4497 :
1445 4443 1632 4496 Nonne
1660 4442 1831 4494 decem
1854 4457 2008 4493 mun-

427 4551 534 4602 dati
561 4547 714 4601 sunt?
742 4553 787 4598 et
824 4559 924 4595 non
945 4556 1016 4594 est
1043 4541 1274 4592 inventus
1303 4537 1386 4604 qui
1412 4535 1556 4587 daret
1590 4533 1831 4585 honorent
1883 4530 2008 4595 Deo,

428 4639 524 4692 nisi
552 4637 633 4688 hic
675 4633 1031 4690 Samaritanus
1059 4627 1210 4694 (Luc.
1242 4642 1371 4692 xvu,
1408 4624 1494 4688 Π,
1526 4622 1639 4691 18).

499 4729 650 4783 Vers.
675 4727 728 4780 8.
754 4722 942 4790 A/Ierte
967 4719 1186 4774 Domino
1216 4716 1437 4788 gloriam
1458 4713 1651 4765 nomini
1681 4712 1828 4783 ejus;
1853 4711 2018 4763 tollite

433 4821 640 4884 hostias,
670 4826 715 4872 et
744 4815 946 4869 introite
971 4813 1027 4866 in
1051 4811 1185 4864 atria
1205 4811 1337 4880 ejus.
1361 4806 1511 4860 Sicut
1539 4818 1698 4871 supra
1719 4803 1851 4855 dixit
1875 4802 2010 4854 trina

428 4910 744 4983 repetitione
785 4912 986 4959 cantate
1010 4943 1025 4967 ,
1070 4902 1140 4954 ita
1180 4899 1266 4952 hic
1307 4895 1467 4952 tertio
1518 4896 1663 4963 ponit
1710 4891 1920 4958 Ali'erte,
1958 4900 2013 4942 ut

429 5012 763 5062 sacramenta
787 5006 985 5054 sanctzn
1018 4993 1300 5050 Trinitatis
1332 4990 1384 5044 iu
1417 4991 1668 5058 dogmate
1707 4983 2014 5040 Christiano

431 5099 608 5154 inesse
627 5107 840 5162 semper
864 5101 1203 5158 agnosceres.
1236 5083 1471 5151 A/Terunt
1495 5085 1673 5148 itaque
1695 5077 1910 5148 gloriam
1935 5092 2017 5128 no-

430 5187 557 5239 ani
607 5185 746 5254 ejus,
796 5178 884 5248 qui
932 5175 1235 5231 devotionis
1283 5171 1461 5225 studio
1513 5173 1912 5222 commutantur
1958 5163 2013 5216 in

431 5275 643 5337 melius,
686 5281 740 5325 et
767 5263 1279 5325 consubstantialem
1326 5261 1427 5314 sibi
1475 5257 1800 5311 Trinitatem
1846 5261 2011 5322 atque

428 5367 852 5435 omnipotentem
893 5375 988 5431 per
1017 5357 1196 5412 omnia
1224 5353 1571 5417 conﬁtentur,
1612 5349 1863 5419 personis
1893 5356 2016 5402 tan-

432 5466 567 5522 tum,
600 5470 705 5509 non
735 5460 942 5508 natura:
983 5447 1296 5503 diversitate
1336 5444 1645 5498 discretam.
1693 5439 1954 5510 Sequitur
1997 5455 2012 5492 :

433 5545 622 5600 Tollite
647 5544 870 5609 hostias,
903 5549 950 5596 et
988 5541 1194 5594 introite
1232 5537 1286 5590 in
1324 5536 1455 5588 atria
1500 5534 1631 5604 ejus.
1667 5531 1874 5584 Hostias
1907 5545 2013 5585 non

435 5638 676 5692 victimas
701 5635 968 5707 pecudum
1006 5633 1157 5697 dicit,
1199 5628 1295 5687 sed
1339 5625 1685 5684 conscientia:
1721 5638 1852 5696 pura
1879 5620 2013 5678 liba-

2114 4430 2312 4480 autem,
2337 4417 2694 4486 intelligamus
2717 4416 2965 4482 innotuit,
2990 4416 3222 4486 quando
3246 4415 3456 4470 mundo
3486 4412 3714 4468 Dominus

2116 4513 2360 4568 Salvator
2409 4508 2670 4578 apparuit.
2728 4508 2856 4562 Nam
2899 4509 3117 4577 quando
3171 4507 3272 4563 ille
3322 4502 3708 4576 nou-regnarit,

2119 4608 2206 4675 qui
2259 4619 2472 4673 semper
2515 4619 2636 4659 cum
2667 4603 2823 4656 Patre
2867 4612 2920 4657 et
2951 4602 3165 4672 Spiritu
3224 4611 3424 4656 sancto
3474 4607 3717 4670 potestate

2119 4715 2230 4755 suae
2273 4698 2676 4768 omnipotentiae
2717 4695 3068 4765 perseverat?
3121 4696 3169 4748 Α
3197 4697 3352 4764 ligno
3399 4693 3492 4746 alii
3522 4689 3714 4760 quidem

2124 4809 2231 4846 non
2279 4793 2477 4846 habent
2525 4793 2905 4853 translatores;
2950 4787 3043 4842 sed
3099 4788 3269 4843 nobis
3332 4787 3538 4843 sufﬁcit
3589 4778 3717 4852 quod

2123 4884 2462 4952 Septuaginta
2525 4881 2880 4949 Interpretum
2928 4879 3267 4934 auctoritate
3310 4879 3578 4933 ﬁrmatum
3626 4881 3715 4925 est.

2121 4975 2261 5028 Crux
2290 4973 2429 5026 enim
2462 4972 2667 5027 Domini
2714 4986 2932 5040 pravum
2959 4978 3126 5038 atque
3175 4969 3476 5024 distortum
3516 4962 3717 5019 correxit

2123 5065 2294 5116 orbem
2316 5073 2482 5125 teme,
2509 5063 2632 5113 dum
2661 5077 2754 5128 per
2773 5061 3010 5130 regulam
3037 5058 3176 5113 fidei
3207 5073 3544 5129 paganorum
3570 5051 3716 5108 corda
3745 5079 3751 5085 -

2123 5156 2404 5210 convertit.
2454 5153 2668 5206 Terram
2711 5153 2857 5207 enim
2889 5151 2976 5206 hic
3006 5150 3064 5204 in
3110 5150 3268 5204 bono
3300 5150 3562 5204 debemus
3592 5141 3718 5198 acci-

2123 5262 2272 5315 pere,
2302 5245 2521 5315 quodin
2554 5245 2845 5312 Scripturis
2874 5240 3075 5295 divinis
3105 5239 3440 5310 frequenter
3473 5251 3564 5305 pro
3593 5237 3717 5286 loco-

2121 5357 2236 5395 rum
2284 5323 2552 5410 qualitate‘
2581 5339 2792 5392 invenis
2824 5350 2944 5390 esse
2990 5335 3300 5389 variatum.
3359 5333 3509 5388 lianc
3557 5335 3715 5383 autem

2120 5443 2307 5485 terram
2337 5430 2465 5484 dicit
2495 5445 2595 5482 non
2623 5443 2730 5481 esse
2777 5427 2991 5496 penitus
3033 5427 3500 5485 commovendam,
3529 5433 3640 5489 quze
3668 5421 3712 5472 in

2120 5525 2390 5580 soliditate
2419 5521 2544 5577 ﬁdei
2573 5527 2911 5591 perseverat;
2947 5531 3051 5571 non
3079 5516 3231 5572 sicut
3261 5517 3356 5571 illa
3384 5528 3540 5584 quam
3573 5524 3717 5576 supe-

2121 5617 2232 5672 rius
2269 5613 2420 5684 dicit,
2449 5612 2834 5670 Commoveatur
2863 5627 2893 5664 a
2925 5607 3056 5679 facie
3083 5609 3208 5672 eius
3241 5608 3415 5663 omnis
3452 5615 3600 5659 terra.
3631 5596 3710 5650 llla
