4046 6174
249 264 351 317 USI

1200 268 1560 324 EXPOMTIO
1603 266 1663 321 lN
1705 267 2166 324 I’SALTERIUM.
2210 269 2404 324 PSAL.
2452 267 2611 324 XCV.

3425 272 3531 324 682

256 391 616 447 commovetur,
664 393 720 438 ut
763 400 791 439 a
823 385 977 441 malis
1025 398 1363 442 convertatur
1409 386 1694 454 operibus;
1732 384 1832 438 ista
1866 386 1910 443 Α
1938 397 2084 451 gere,
2113 395 2270 451 quem
2304 381 2476 437 adhuc
2507 382 2776 436 nascimur
2805 383 3094 441 sustinere.
3129 387 3204 443 De
3231 402 3336 458 quo
3363 390 3524 443 etiam

250 489 350 524 non
375 485 739 538 commovetur,
772 491 890 546 quas
919 493 1058 533 vera:
1101 477 1222 542 lidei
1268 479 1537 532 soliditate
1563 477 1828 531 consistit.

257 564 525 632 Sequitur,
554 569 809 635 judicabit
838 574 1054 639 populos
1097 572 1149 623 in
1177 573 1436 638 (equitate.
1490 570 1718 638 Populos
1750 571 1836 624 hic

255 659 456 710 mavult
489 657 732 712 homines
767 660 952 716 ﬁdeles
995 662 1240 738 intelligi.
1297 663 1672 735 quijudicandi
1720 671 1837 716 sunt

254 748 352 802 sub
399 751 787 818 tranquillitate
814 767 1058 821 supernte
1086 755 1489 819 misericordiae,
1521 755 1732 826 quando
1757 756 1836 812 eis

254 840 468 908 prmmia
499 843 766 908 promissa
795 845 1058 899 restituet.
1086 844 1216 900 Nam
1239 847 1380 915 quod
1407 847 1633 912 addidit,
1661 857 1837 918 gentes

252 931 402 982 inira
425 938 538 996 sua,
573 933 838 999 superbos
870 934 1185 1005 iniquosque
1215 935 1482 1007 designat,
1520 938 1610 1008 qui
1638 941 1839 1008 portio-

253 1036 370 1075 nem
399 1038 523 1076 eum
553 1022 765 1078 diabolo
789 1026 1113 1080 sortiuntur.
1143 1027 1207 1079 Et
1238 1027 1361 1081 vide
1385 1026 1836 1096 quemadmodum

253 1113 459 1168 duobus
485 1116 827 1170 sermonibus
850 1124 1118 1172 tantarum
1142 1132 1320 1173 rerum
1343 1118 1586 1188 designat
1615 1133 1834 1173 arcana.

255 1201 498 1272 Equitas
526 1206 755 1274 pertinet
780 1205 848 1260 ad
878 1206 1066 1262 beatos
1085 1248 1098 1272 ,
1131 1209 1212 1261 ira
1237 1208 1303 1262 ad
1338 1223 1522 1276 pinnas
1551 1219 1836 1279 perpetuas

254 1296 566 1362 impiorum.
617 1296 686 1352 Et
712 1307 838 1353 nata
866 1299 988 1368 quia
1023 1314 1116 1369 per
1155 1301 1333 1354 omnia
1357 1311 1621 1354 commata
1651 1316 1838 1356 versus

251 1386 403 1457 hujus
418 1387 755 1457 jungendum
797 1399 880 1444 cst
910 1405 938 1442 a
955 1393 1256 1445 communi:
1281 1392 1440 1447 Dicite
1456 1393 1508 1446 in
1523 1392 1836 1448 nationibus.

320 1478 479 1533 Vers.
515 1481 602 1534 Η.
646 1480 908 1534 Lcetentur
929 1483 1037 1534 caeli
1068 1490 1114 1534 et
1135 1480 1352 1536 exsultet
1374 1491 1546 1546 terra;
1575 1493 1839 1536 moveatur

249 1586 385 1626 mare
446 1581 497 1625 et
549 1572 810 1640 plenitudo
856 1571 985 1640 ejus.
1037 1573 1300 1638 Quoniam
1360 1572 1610 1641 superius
1666 1573 1835 1627 dixit:

248 1659 507 1716 ludicabit
557 1663 773 1731 populos
812 1663 866 1716 in
913 1664 1166 1730 (equitate,
1216 1672 1262 1716 et
1299 1674 1471 1735 gentes
1514 1665 1565 1716 in
1606 1667 1686 1718 ira
1720 1681 1835 1728 sua,

1942 469 2188 524 Ezechiel
2225 473 2478 540 prOpln-ta
2511 483 2732 527 testatur
2760 491 2772 526 :
2805 473 2932 528 Iltec
2954 476 3076 529 dicit
3106 477 3354 533 Dominus
3387 479 3528 536 Deus

1941 559 2136 611 arcibus
2161 559 2274 614 istis
2297 579 2315 614 :
2350 560 2479 615 Ecce
2508 579 2599 632 ego
2623 565 2813 617 induco
2844 567 2894 618 in
2925 582 3012 621 vos
3033 569 3291 637 spiritum,
3323 583 3368 626 et
3396 574 3530 627 rive-

1942 649 2023 701 tis.
2061 648 2122 701 Et
2144 650 2274 704 dabo
2300 652 2350 704 in
2374 668 2458 705 t'os
2482 669 2678 719 nervos,
2713 665 2757 707 rt
2784 656 3019 709 inducam
3041 674 3194 727 super
3225 677 3311 714 ros
3337 663 3530 717 viscera

1939 740 2130 807 carnis,
2157 751 2205 793 et
2225 743 2495 796 extendam
2525 760 2677 814 super
2700 761 2784 798 cos
2816 758 3016 814 cutem;
3045 759 3094 803 et
3121 749 3250 804 dabo
3288 754 3526 823 spiritum

1941 847 2108 884 meum
2140 834 2190 886 in
2218 848 2322 896 vos,
2355 845 2401 887 et
2431 836 2621 900 vinetis,
2651 847 2699 891 et
2726 839 2892 892 scietis
2919 841 3037 906 quia
3067 858 3159 913 ego
3197 860 3310 898 sum
3343 845 3528 899 Domi-

1941 936 2036 974 nus
2065 920 2276 991 (Ezec/t.
2312 939 2511 989 xxxvii,
2562 927 2616 992 5,
2649 926 2722 996 6).
2758 928 2943 984 Daniel
2986 947 3197 1004 quoque
3241 933 3411 990 dicit:
3457 937 3529 992 Et

1941 1013 2091 1064 multi
2136 1013 2495 1069 dormientium
2522 1017 2574 1069 in
2604 1027 2740 1071 terra
2776 1037 2867 1088 per
2906 1021 3120 1088 ﬁssuras
3139 1037 3432 1097 exsurgent,
3477 1031 3530 1083 hi

1939 1102 1991 1154 in
2016 1103 2168 1156 vitam
2183 1117 2446 1172 cateruam,
2471 1119 2519 1161 et
2547 1108 2602 1161 hi
2629 1110 2684 1163 in
2728 1113 3056 1182 opprobrium
3104 1126 3152 1169 et
3176 1120 3528 1188 confusionem

1934 1191 2103 1264 (Dan.
2153 1211 2248 1264 xt-t,
2292 1196 2372 1265 ‘2).
2415 1197 2629 1252 Terram
2671 1216 2798 1255 vero
2847 1200 2934 1256 hic
2979 1205 3288 1263 universum
3343 1212 3527 1266 mundi

1939 1288 2191 1352 populum
2239 1285 2405 1354 dicit;
2454 1297 2511 1342 ut
2555 1290 2712 1344 bonis
2769 1293 3016 1360 prsentia,
3069 1297 3221 1350 malis
3266 1300 3525 1369 supplicia

1941 1382 2139 1429 aeterna
2180 1377 2446 1431 restituat.
3063 1381 3074 1390 '

2015 1468 2165 1522 Vers.
2210 1469 2295 1524 Η.
2347 1469 2610 1545 Ju’icablt
2657 1474 2827 1528 orbem
2876 1485 3026 1533 terra:
3072 1479 3125 1532 in
3170 1482 3424 1551 a'quitate,
3477 1494 3525 1538 et

1940 1555 2154 1624 papulas
2169 1557 2221 1609 in
2236 1559 2444 1612 veritate
2462 1577 2575 1613 sua.
2600 1562 2747 1616 Prius
2769 1567 2937 1632 posita
2955 1580 3034 1622 est
3054 1571 3353 1638 complexio
3372 1589 3524 1642 gene-

1942 1647 2068 1702 ralis
2093 1687 2106 1712 ,
2155 1649 2275 1717 quia
2305 1651 2474 1703 orbem
2519 1647 2791 1718 térrarum,
2823 1655 2872 1709 id
2902 1664 2984 1711 est
3014 1661 3320 1716 universum
3349 1663 3524 1718 homi-

251 1767 344 1822 ρετ
394 1767 515 1822 qua;
563 1752 724 1807 futuri
769 1752 956 1821 iudicii
1005 1764 1213 1820 tempus
1261 1755 1536 1821 ostendit,
1589 1756 1749 1810 modo
1781 1757 1838 1812 ηε
1871 1755 1916 1814 Β
1945 1754 2065 1793 nem
2095 1742 2316 1810 aequ-itas
2347 1741 2523 1797 divina
2564 1745 2840 1814 judicabit.
2889 1748 3289 1821 Subsequenter
3338 1741 3518 1811 autem

249 1843 467 1911 pulchra
518 1843 674 1897 nimis
704 1851 755 1897 et
781 1842 1013 1911 jucunda
1043 1843 1326 1912 digreSsio.
1370 1844 1499 1898 Dicit
1530 1847 1673 1900 enim
1705 1854 1831 1901 tunc

248 1937 412 1990 lictori
454 1937 629 2002 oculos,
655 1946 702 1989 et
734 1936 990 1991 exsultare
1031 1947 1240 2003 terram,
1272 1948 1318 1992 et
1345 1941 1644 1992 commoveri
1672 1957 1828 1993 mare.

247 2026 410 2081 Coelos
442 2026 912 2097 signiﬁcatlsicut
937 2042 1081 2094 saepe
1109 2028 1310 2083 dictum
1341 2028 1442 2099 est)
1476 2029 1748 2097 apostolos
1777 2041 1835 2085 et

245 2118 558 2187 prophetas,
589 2117 675 2171 vel
708 2118 940 2186 reliquos
971 2117 1178 2181 ﬁdeles,
1209 2134 1341 2188 quos
1369 2120 1546 2174 divina
1579 2121 1834 2190 majestas

243 2221 496 2279 tanquam
528 2209 722 2265 emlum
751 2210 988 2264 noscitur
1013 2210 1279 2274 insidere;
1312 2221 1445 2266 terra
1477 2227 1605 2267 vero
1638 2213 1835 2268 indicat

243 2313 594 2370 peceatores,
651 2304 738 2372 qui
768 2312 942 2358 tamen
1004 2303 1381 2358 satisfactionis
1447 2305 1712 2362 beneﬁcio
1765 2308 1831 2362 ad

241 2400 465 2468 gratiam
511 2397 717 2452 Domini
769 2397 944 2453 redire
989 2409 1318 2453 meruerunt.
1361 2399 1477 2468 ipsa
1517 2399 1665 2454 extim
1696 2409 1834 2454 terra

241 2488 502 2541 exsultare
553 2495 724 2556 potest
773 2488 825 2540 in
875 2487 1106 2542 adventu
1154 2488 1356 2543 Judieis
1386 2491 1489 2556 sui,
1541 2507 1660 2560 qum
1714 2506 1772 2545 se
1803 2505 1831 2544 a

244 2587 477 2656 peccatis
522 2587 752 2655 propriis
784 2584 1027 2654 intelligit
1058 2585 1377 2640 absolutam.
1409 2586 1683 2656 Sequitur,
1717 2604 1829 2640 mo-

240 2688 417 2733 veatur
445 2695 585 2731 mare
627 2687 672 2732 et
715 2677 979 2744 plenitudo
1009 2679 1137 2747 ejus.
1173 2676 1318 2730 Mure
1365 2678 1449 2732 hic
1494 2693 1592 2748 pro
1624 2680 1832 2748 populis

241 2770 409 2839 ponit,
456 2769 548 2839 qui
594 2771 648 2823 in
679 2771 794 2822 salo
840 2767 998 2835 hujus
1027 2768 1206 2821 saeculi
1252 2770 1550 2834 constituti,
1601 2768 1832 2824 diversis

243 2862 653 2930 tempestatibus
700 2861 988 2930 agitantur.
1044 2860 1134 2913 Isti
1166 2870 1426 2912 morentur
1455 2859 1519 2913 ad
1550 2860 1828 2930 gaudium,

239 2954 454 3024 quando
483 2954 853 3009 conversionis
879 2953 1018 3023 dona
1051 2952 1404 3020 susceperint.
1437 2951 1568 3005 Nam
1617 2964 1674 3005 ut
1709 2953 1830 3007 uni-

238 3047 551 3101 versitatem
607 3045 844 3114 gentium
911 3043 1207 3112 intelligere
1253 3041 1574 3112 debuisses,
1627 3046 1825 3112 posuit,

240 3137 506 3208 plenitudo
546 3141 678 3206 ejus.

310 3230 467 3284 νει-ε.
506 3229 590 3282 i2.
632 3226 938 3282 Gaudebant
980 3228 1168 3296 campi,
1196 3237 1241 3280 et
1283 3227 1456 3280 omnia
1487 3244 1602 3298 quin
1648 3230 1701 3283 in
1753 3230 1823 3281 eis

244 3333 354 3373 sunt
378 3336 397 3372 :
429 3329 551 3372 tunc
579 3318 902 3372 exsultabant
931 3320 1102 3372 omnia
1135 3318 1273 3389 ligna
1311 3319 1576 3373 silvarum.
1605 3320 1822 3392 Campos

246 3412 324 3465 hic
363 3411 615 3464 similiter
660 3410 714 3463 in
763 3410 904 3464 bono
952 3409 1208 3465 debemus
1236 3411 1479 3479 accipere
1508 3451 1522 3476 ,
1564 3413 1683 3484 quia
1735 3413 1822 3466 illa

251 3503 397 3570 plana
446 3502 695 3568 dicimus,
725 3517 844 3571 qua:
889 3501 1240 3570 pulcherrima
1270 3503 1572 3570 aequalitate
1599 3503 1825 3558 tendun-

247 3603 342 3646 tur.
372 3592 598 3661 Campos
619 3607 748 3662 ergo
775 3592 904 3645 dicit
930 3593 1073 3644 viros
1100 3591 1323 3659 justitia:
1351 3592 1509 3647 laude
1535 3593 1818 3660 pollentes,

246 3698 342 3736 non
391 3681 645 3749 superbia
689 3683 938 3743 tumidos,
975 3697 1077 3736 non
1116 3696 1338 3750 asperos
1383 3681 1676 3746 iracundia,
1707 3685 1821 3738 sed

248 3784 519 3828 mansueta
549 3772 764 3827 lenitate
798 3773 1159 3843 planiss’mos.
1194 3773 1464 3841 Sequitur,
1497 3782 1616 3826 tunc
1645 3775 1822 3828 exsul-

246 3864 410 3916 tabant
450 3864 620 3917 omnia
668 3864 810 3934 ligna
838 3864 1102 3919 silvarum.
1154 3863 1318 3930 Tunc,
1367 3866 1662 3920 secundum
1695 3867 1826 3926 dicit

249 3955 552 4020 adventum,
593 3954 810 4023 quando
845 3955 1180 4024 judicaturus
1227 3967 1310 4010 est
1337 3955 1614 4014 mundum.
1660 3957 1824 4028 Ligna

246 4046 478 4097 silvarum
509 4061 603 4114 per
630 4061 687 4100 se
735 4061 947 4102 amaros
978 4058 1030 4101 et
1074 4049 1288 4102 steriles
1320 4049 1547 4104 alterunt
1593 4049 1819 4113 fruetus;

250 4137 338 4190 sed
371 4151 488 4191 cum
537 4137 730 4192 fuerint
775 4139 952 4204 insita,
987 4137 1295 4192 dulcissima
1327 4138 1572 4195 ubertate
1606 4142 1825 4209 pingue-

246 4238 412 4281 scant.
447 4230 534 4283 Sic
565 4239 774 4298 gentes,
796 4244 914 4298 quae
947 4232 1091 4297 prius
1116 4228 1321 4284 fuerant
1341 4231 1484 4285 velut
1504 4230 1644 4301 ligna
1669 4231 1824 4284 silva-

248 4333 377 4383 rum,
409 4318 472 4371 ad
501 4319 758 4372 culturam
803 4319 1131 4373 lructileram
1160 4321 1447 4389 perductae,
1479 4331 1602 4378 ante
1631 4321 1820 4378 faciem

248 4407 444 4464 Domini
469 4426 659 4482 magno
678 4422 803 4466 sunt
828 4413 1001 4481 gaudii
1024 4429 1246 4469 munere
1268 4413 1543 4469 laetatura}.
1571 4415 1820 4486 Sedcum

1940 1835 2696 1904 quemadmodumjudicetur,
2726 1841 2944 1909 expauit
2963 1844 3210 1910 dicendo,
3234 1849 3453 1914 populos
3474 1851 3526 1904 in

1941 1927 2152 1980 veritate
2179 1943 2272 1980 sua
2295 1943 2314 1980 :
2363 1932 2615 1998 quoniam
2650 1933 2701 1985 in
2745 1935 2831 1988 iila
2861 1940 3284 2006 scquestratione
3326 1942 3529 1998 dextra:

1937 2017 2103 2084 partis
2128 2029 2180 2072 et
2207 2019 2440 2074 sinistras
2467 2021 2574 2075 duo
2600 2034 2756 2077 erunt
2787 2028 2987 2095 populi,
3042 2029 3236 2098 quibus
3284 2035 3526 2090 veritatis

1936 2122 2047 2162 suae
2067 2107 2388 2165 sententiam
2415 2112 2547 2185 [cd.,
2569 2115 2860 2188 sententia]
2888 2119 3062 2186 dabit;
3095 2121 3260 2202 324
3279 2132 3336 2178 ut
3356 2129 3442 2196 qui
3473 2129 3528 2182 ei

1939 2201 2172 2257 lideliter
2221 2205 2600 2271 crediderunt,
2646 2209 2764 2277 ejus
2816 2211 2965 2279 regni
3021 2201 3349 2270 beatitudine
3399 2234 3528 2289 per-

1938 2290 2218 2358 fruantur;
2275 2296 2364 2364 qui
2417 2310 2545 2351 vero
2599 2299 2946 2367 pertinaciter
2996 2305 3179 2360 mundi
3230 2309 3352 2362 vitia
3399 2323 3527 2366 sunt

1937 2383 2133 2449 secuti,
2172 2398 2359 2452 poenas
2401 2386 2608 2443 debitas
2637 2404 2758 2448 cum
2791 2405 2888 2446 suo
2933 2404 3155 2452 auctore
3204 2402 3524 2458 sustineant.

1939 2473 2369 2543 Perquirendum
2417 2489 2500 2534 est
2527 2494 2656 2536 sane
2687 2483 2825 2550 quod
2855 2495 2909 2539 et
2938 2484 3023 2540 hic
3051 2490 3220 2541 orbam
3275 2501 3527 2548 terrarum

1936 2557 2099 2634 dicat,
2139 2576 2193 2623 et
2215 2569 2269 2623 in
2296 2574 2539 2639 sequenti
2566 2574 2771 2641 psalmo
2795 2587 2975 2645 ponat,
3003 2578 3284 2636 illuxerunt
3315 2585 3524 2656 fulgura

1936 2659 2058 2727 ejus
2089 2659 2197 2711 orbi
2239 2670 2417 2726 terrm,
2463 2672 2516 2716 et
2545 2665 2595 2718 iu
2627 2665 2748 2720 aliis
2775 2668 3021 2736 plurimis
3051 2670 3187 2726 locis
3219 2673 3335 2742 ipso
3366 2676 3523 2732 sche-

1943 2759 2086 2818 mate
2118 2759 2317 2805 terram
2354 2755 2632 2821 perhibent
2664 2772 2783 2814 esse
2829 2763 3166 2830 conclusam;
3224 2767 3524 2838 iterumque

1935 2843 2261 2899 centesimus
2291 2857 2472 2901 sextus
2503 2850 2734 2916 psalmus
2763 2863 2987 2918 quatuor
3025 2856 3333 2911 cardinibus
3359 2867 3520 2916 terra:

1935 2934 2106 3001 spatia
2145 2937 2590 3005 comprehendat,
2622 2939 2805 2994 dicens
2833 2959 2846 2993 :
2877 2944 2919 2994 Α
2951 2944 3070 2998 satis
3093 2955 3209 2998 ortu
3240 2957 3286 3000 et
3313 2964 3520 3016 occasu,

1935 3025 2001 3077 ab
2021 3026 2344 3094 ἀφιείσης-ει
2383 3029 2511 3081 ntari
2545 3027 2716 3098 (Psal.
2743 3045 2848 3096 cvt,
2881 3032 2958 3102 ὅ).
2991 3033 3152 3104 Cujus
3184 3037 3260 3090 rei
3302 3039 3523 3094 eviden-

1854 3133 1900 3193 ρ
1937 3119 2196 3173 tissimum
2241 3135 2451 3190 quoque
2502 3120 2773 3190 Evangelii
2819 3133 2995 3179 exstat
3040 3131 3376 3199 exemplum,
3427 3132 3519 3187 ubi

1931 3212 2084 3276 dicit,
2133 3211 2342 3266 Emittet
2382 3215 2589 3282 angelos
2615 3231 2733 3268 suos
2763 3231 2876 3268 cum
2923 3216 3044 3271 tuba
3074 3230 3120 3272 et
3148 3236 3263 3274 voce
3309 3239 3523 3294 magna,

1931 3315 1978 3358 et
2002 3305 2324 3376 cangrcgabit
2379 3305 2512 3375 [ed.,
2540 3306 2942 3379 congregabant]
2973 3326 3003 3360 a
3039 3322 3259 3380 quafuor
3308 3316 3514 3387 angulis

1931 3396 2320 3464 termUlotth.
2369 3413 2516 3463 sxw,
2549 3397 2659 3465 51).
2705 3398 2856 3454 Unde
2909 3403 3097 3456 merito
3144 3406 3353 3460 testimo
3399 3423 3520 3476 per-

1931 3489 2249 3559 quircndutn
2279 3492 2728 3559 quemadmodum
2762 3500 2919 3546 terra:
2945 3496 3113 3562 possit
3154 3508 3207 3550 et
3238 3497 3517 3566 quadratio

1931 3591 1986 3636 ct
2032 3583 2262 3638 circulus
2309 3584 2624 3650 convenire,
2678 3584 2802 3639 dum
2855 3587 3124 3642 schemata
3171 3591 3281 3658 ipsa
3338 3591 3514 3661 (sicut

1929 3675 2244 3742 geometrici
2278 3675 2481 3746 dicunt)
2537 3676 2814 3731 videantur
2840 3692 2960 3733 esse
2988 3678 3218 3736 diversa.
3268 3681 3516 3737 Formam

1935 3777 2094 3822 terra:
2146 3767 2265 3821 ideo
2311 3767 2588 3835 Scriptura
2621 3770 2806 3823 orbem
2854 3781 3140 3843 vocat,_'eo
3178 3775 3316 3842 quod
3349 3778 3516 3845 respi-

1933 3860 2197 3916 cientibus
2217 3862 2607 3916 extremitatem
2628 3862 2746 3931 ejus
2761 3864 2994 3918 circulus
3011 3879 3222 3936 semper
3239 3882 3513 3935 appareat,

1930 3967 2087 4020 quem
2105 3952 2365 4006 circulum
2389 3952 2558 4013 Graeci
2577 3952 2810 4028 ὁρίζοντα
2837 3966 3048 4010 vocant.
3073 3957 3308 4021 Quatuor
3329 3970 3510 4023 autem

1933 4042 2236 4098 cardinibus
2261 4058 2381 4098 earn
2415 4043 2646 4104 formari.
2665 4044 2814 4112 dicit,
2843 4049 2963 4114 quia
2989 4057 3215 4115 quatuor
3235 4050 3506 4115 cardines,

1929 4148 2158 4208 quatuor
2183 4139 2407 4208 angulos
2447 4137 2691 4206 quadrati
2723 4138 3045 4208 significant,
3078 4142 3165 4208 qui
3200 4143 3333 4195 intra
3367 4159 3507 4210 pro:-

1929 4230 2129 4286 dictutn
2154 4239 2308 4284 terrae
2331 4229 2590 4283 circulum
2617 4230 2944 4284 continetur.
2977 4231 3104 4286 Nam
3127 4233 3172 4286 si
3197 4233 3264 4286 ab
3284 4233 3509 4289 orientis

1928 4322 2147 4376 cardine
2178 4321 2228 4375 in
2257 4330 2497 4375 austrum
2527 4329 2580 4375 et
2628 4322 2679 4376 in
2705 4321 3007 4391 aquilonem
3057 4324 3290 4394 singulas
3333 4335 3510 4381 rectas

1930 4413 2098 4467 lineas
2127 4413 2317 4478 ducas,
2369 4412 2620 4468 similiter
2668 4429 2883 4484 quoque
2929 4425 2983 4470 et
3023 4416 3067 4470 si
3113 4417 3180 4470 ab
3217 4418 3510 4474 occidentis

245 4500 384 4565 dicit,
411 4503 580 4555 omnia
620 4503 780 4574 ligna,
833 4504 974 4556 illam
1028 4509 1232 4571 partem
1281 4505 1391 4557 vult
1436 4505 1654 4576 intelligi
1698 4521 1815 4576 qua:
1844 4517 1896 4576 ι)
1927 4505 2142 4560 cardine
2157 4505 2221 4557 ad
2243 4505 2526 4573 prazdictos
2547 4505 2813 4572 cardines,
2839 4505 2889 4559 id
2915 4515 2994 4559 est
3019 4516 3257 4562 austrum
3281 4519 3337 4565 et
3357 4511 3510 4579 aqui-

247 4594 396 4650 inseri
426 4598 581 4651 bonis
609 4595 888 4667 praeceptis
919 4598 1085 4666 potuit
1115 4613 1178 4651 ac
1209 4597 1421 4652 mutari.

316 4691 459 4744 \‘ers.
511 4692 598 4745 15.
649 4691 778 4744 Ante
829 4692 1011 4760 faciem
1059 4687 1289 4758 Domini,
1344 4693 1585 4761 quoniam
1637 4695 1813 4747 venit:

244 4781 473 4848 quoniam
499 4784 632 4834 venit
647 4781 886 4854 judicare
907 4791 1112 4835 terram.
1144 4782 1276 4849 Quia
1299 4783 1508 4837 dixerat
1533 4785 1814 4838 credentes

244 4884 352 4924 es-e
372 4867 668 4939 laetaturas,
699 4889 803 4927 non
832 4875 962 4929 dicit
990 4875 1044 4928 in
1077 4876 1305 4944 angulis,
1340 4892 1445 4930 non
1476 4877 1526 4931 in
1559 4879 1806 4942 secretis,

244 4963 328 5014 sed
374 4973 490 5018 ante
542 4964 721 5033 [aciem
768 4966 991 5033 Jud'cis,
1051 4967 1267 5037 quando
1324 4968 1708 5024 inatstimaltilis
1759 4978 1813 5023 et

244 5055 446 5120 copiosa
493 5057 672 5109 latitia
723 5068 824 5121 est,
874 5059 1084 5127 quando
1138 5060 1349 5126 pricn'tia
1397 5060 1716 5123 tribuuntur.
1762 5072 1816 5116 et

243 5150 492 5201 securitas
531 5150 644 5204 sine
674 5153 776 5204 line
821 5161 1120 5220 praestatur.
1177 5154 1241 5206 Et
1286 5169 1352 5206 ne
1396 5155 1623 5222 primum
1664 5155 1812 5207 illuni

246 5238 617 5293 incarnationis
651 5243 856 5296 Domini
906 5252 1122 5312 putares
1159 5244 1469 5311 adventum,
1498 5246 1660 5312 dicit,
1690 5264 1817 5316 quo-

245 5329 557 5395 niamrenit;
606 5339 660 5385 et
685 5335 1064 5404 subsequitur:
1122 5337 1376 5402 Quoniam
1408 5339 1538 5391 venit
1575 5339 1816 5409 judicare

242 5429 435 5474 terram.
484 5422 616 5477 Nam
657 5425 701 5478 si
733 5427 784 5479 iu
829 5427 920 5480 illo
952 5427 1123 5496 primo
1175 5439 1440 5483 commate
1491 5433 1810 5484 sententiam

203 5581 212 5587 1
242 5513 592 5581 terminasset,
615 5528 864 5585 potueras
886 5521 1032 5576 illum
1054 5523 1365 5587 adventum,
1389 5526 1475 5591 qui
1505 5525 1614 5592 jam
1639 5539 1814 5580 trans-

239 5610 379 5656 actus
409 5619 509 5672 est,
550 5611 685 5664 forte
735 5614 964 5677 sentire;
1017 5616 1110 5670 sed
1153 5631 1273 5672 cum
1309 5618 1532 5684 addidit,
1569 5620 1805 5685 quoniam

239 5694 362 5747 venit
374 5699 608 5766 judicare
631 5711 840 5768 terram,
877 5702 1026 5758 illum
1056 5721 1150 5761 nos
1177 5715 1379 5765 tantum
1411 5711 1575 5764 voluit
1602 5710 1798 5765 intelli-

509 5812 783 5872 Ριτιιοι.
833 5793 1045 5879 LXX.

1931 4597 2128 4661 Ionem,
2153 4595 2387 4665 singulas
2417 4606 2594 4651 rectas
2617 4597 2783 4650 lineas
2804 4598 3012 4662 lendas,
3039 4599 3168 4654 laris
3190 4601 3506 4668 quadratum

1929 4696 2086 4741 terra:
2123 4687 2260 4740 intra
2307 4685 2491 4740 orbem
2544 4675 2877 4754 prtedietuni.
2931 4688 3036 4744 Sed
3065 4689 3334 4758 quomodo
3375 4707 3508 4761 qua-

1925 4779 2108 4833 dratus
2127 4780 2170 4832 is
2195 4793 2226 4833 e
2270 4778 2716 4832 demonstrandus
2741 4779 2878 4834 intra
2924 4779 3183 4834 circulum
3223 4781 3380 4835 scribi
3415 4783 3510 4835 dc-

1927 4873 2071 4936 heat,
2103 4872 2195 4926 Eut
2218 4871 2351 4926 lides
2368 4871 2418 4924 in
2443 4880 2631 4939 quarto
2657 4872 2790 4927 libro
2810 4874 3210 4928 Elementorum
3224 4875 3510 4930 evidenter

1927 4964 2184 5016 insinuat.
2227 4963 2563 5030 Quapropter
2611 4974 2754 5017 recte
2800 4965 3074 5035 Scriptura
3105 4973 3284 5020 saneta
3317 4966 3508 5021 faciem

1925 5065 2106 5121 terrm,
2135 5064 2188 5110 et
2217 5056 2398 5110 orbem
2433 5067 2608 5123 vocat,
2640 5067 2695 5110 et
2740 5066 2968 5126 quatuor
3019 5073 3135 5112 eam
3161 5057 3228 5111 di.
3251 5057 3289 5112 it
3329 5056 3502 5112 cardi-

1927 5149 2082 5203 nibus
2108 5147 2397 5202 contineri.

2479 5289 2746 5346 Conclusio
2775 5293 2975 5362 psalmi.

1993 5431 2285 5485 Audiamus
2317 5447 2436 5499 quae
2468 5447 2560 5485 nos
2612 5432 2867 5501 propheta
2901 5443 3236 5487 commoneat
3289 5443 3509 5489 cantare

1916 5524 2163 5589 Domino,
2214 5526 2399 5580 alierte
2447 5528 2510 5580 ad
2557 5543 2679 5581 eum
2714 5529 2915 5581 hostias
2963 5529 3220 5585 viventes.
3266 5530 3381 5584 Non
3427 5533 3500 5588 sit

1914 5620 2066 5671 nobis
2098 5634 2219 5688 pars
2250 5633 2369 5672 cum
2399 5620 2636 5685 diabolo,
2669 5630 2723 5675 et
2751 5621 2851 5674 crit
2874 5621 2987 5674 sine
3012 5620 3347 5678 dubitatione
3375 5637 3498 5679 eum

1909 5712 2138 5768 Christo.
2174 5713 2321 5767 Tunc
2351 5714 2490 5768 enim
2527 5712 2686 5782 (sicut
2739 5713 2920 5767 titulus
2964 5713 3064 5782 ait)
3091 5725 3215 5784 post
3264 5731 3495 5788 captivi-

2720 5846 2746 5886 ς,
2971 5813 3048 5875 22
