3952 6162
486 320 589 376 685

1712 312 1779 364 Μ.
1823 304 2100 364 AURELII
2136 298 2534 359 CiSSlODORl

3648 296 3744 355 684

488 440 647 489 tatrm
694 439 1030 500 peccatorum
1082 427 1295 483 Domini
1342 427 1533 482 domus
1588 441 1651 481 ex
1698 424 1850 478 nobis
1897 431 2069 491 potest
2098 427 2143 481 Α
2175 425 2221 471 et
2234 414 2492 486 judicium
2519 412 2765 467 correctio
2795 412 2930 465 sedis
2977 411 3114 482 ejus.
3148 407 3202 462 In
3236 408 3336 461 hoc
3389 412 3743 500 versugqualis

487 525 763 588 ardilicari,
792 525 836 578 si
869 523 1226 578 meruerimus
1258 521 1363 575 vivi
1395 518 1599 590 lapides
1631 516 1877 573 inveniri.
1905 515 2075 570 Obse-

488 622 702 674 cremus
737 614 959 686 iugiter,
1008 614 1362 683 deprecemur
1408 610 1779 666 incessanter:
1823 614 2077 679 agnoscet

500 712 775 773 humilem,
811 718 931 762 Cum
963 707 1030 761 ad
1060 704 1420 761 damnandum
1452 702 1659 758 venerit
1682 710 2072 761 contumacem;

495 819 593 859 nec
620 801 804 873 puniet
834 809 1199 872 peccatorem,
1230 812 1353 853 cum
1382 795 1695 866 probaverit
1717 792 1915 864 jugiter
1944 804 2077 846 con-

494 902 755 952 titentem.

762 1002 1122 1061 EXPOSITIO
1162 1002 1227 1058 ΙΝ
1262 1000 1588 1059 PSALMUM
1630 999 1811 1055 XCVI.

566 1096 809 1152 Psalmus
830 1097 929 1167 ipsi
958 1096 1142 1165 David,
1168 1110 1285 1152 cum
1313 1106 1447 1151 terra
1466 1097 1577 1168 ejus
1600 1104 1886 1150 restaurata
1914 1104 2008 1148 est.

569 1210 811 1265 Psalmus
837 1210 935 1283 ipsi
959 1210 1149 1279 David,
1183 1218 1396 1265 constat
1414 1210 1481 1263 ad
1501 1207 1770 1263 Christum
1801 1206 2081 1263 Dominum

497 1318 616 1359 esse
645 1303 1004 1359 referendum.
1034 1303 1312 1373 Sequitur,
1334 1319 1452 1357 cum
1482 1312 1617 1356 terra
1647 1302 1763 1371 ejus
1799 1308 2084 1353 restaurata

498 1408 591 1463 est,
624 1396 676 1451 id
707 1404 808 1461 est,
832 1392 961 1449 cum
980 1405 1310 1464 peccatores,
1336 1394 1427 1463 qui
1455 1395 1521 1448 ab
1544 1393 1661 1463 ipso
1684 1392 2087 1445 deelinaverant

500 1503 684 1543 errore
715 1486 1014 1558 pravitatis,
1060 1485 1229 1557 gratia
1259 1484 1582 1555 suffragante
1609 1482 1677 1537 ad
1724 1482 1898 1551 ipsum
1925 1479 2088 1534 defat-

501 1590 615 1635 cata
649 1582 841 1637 mentis
867 1579 1177 1636 sinceritate
1201 1578 1511 1643 redierunt;
1540 1576 1679 1631 sicut
1698 1573 1897 1630 factum
1921 1580 2007 1627 est
2032 1571 2085 1625 in

502 1671 722 1737 Judaeis,
748 1671 836 1741 qui
862 1679 981 1739 post
1008 1670 1150 1724 illam
1182 1669 1510 1737 impietatem
1548 1666 1932 1730 cruciﬁxionis,
1954 1679 2087 1719 con-

502 1763 766 1818 versionis
807 1772 928 1817 sunt
976 1762 1206 1833 gratiam
1252 1758 1543 1816 consecuti.
1594 1759 1779 1814 Potest
1824 1770 1879 1813 et
1927 1757 2085 1812 aliter

503 1854 694 1923 accipi,
717 1864 772 1908 ut
794 1862 931 1908 terra
958 1862 1248 1908 restaurata
1277 1853 1681 1909 resurrectionis
1702 1851 1819 1922 ejus
1839 1852 2086 1907 videatur

510 1946 745 2000 indicare
777 1944 1054 2017 mySIeria.
1078 1944 1339 1999 Mortuum
1358 1954 1438 2000 est
1466 1945 1663 2014 quippe
1689 1957 1881 2013 corpus
1918 1942 2085 2012 ipsius

508 2038 622 2104 lege
641 2034 909 2089 communi
930 2073 946 2098 ,
976 2036 1068 2090 sed
1092 2042 1448 2090 restauratum
1470 2043 1553 2090 est
1578 2035 1629 2089 in
1657 2033 1841 2103 gloriae
1864 2046 2085 2087 munere

506 2128 780 2198 singulari.
813 2128 1151 2198 Quapropter
1196 2127 1600 2184 meminerimus
1632 2128 1773 2183 hunc
1820 2128 2084 2198 psalmum

506 2228 754 2288 quartum
802 2234 922 2275 esse
965 2221 1033 2275 de
1080 2220 1253 2291 primo
1301 2221 1418 2289 ejus
1462 2218 1732 2283 adventu,
1785 2231 1880 2286 per
1926 2229 2084 2285 quem

2179 508 2246 561 sit
2279 505 2535 559 Dominus
2564 503 2739 572 impiis
2768 502 3139 571 religiosisque
3167 508 3435 554 narratur.
3470 498 3745 558 Nnbilostts

2178 608 2230 653 et
2259 597 2585 669 caliginosus
2632 597 2869 651 cernitur
2914 593 3198 659 indevotis,
3242 593 3369 647 dum
3418 590 3566 646 cordi
3609 598 3748 647 tene-

2182 692 2341 745 broso
2387 688 2531 744 nulla
2586 687 2825 743 claritate
2855 684 3185 755 resplendet;
3230 683 3368 739 sicut
3396 683 3553 754 lippis
3588 683 3747 739 oculis

2181 788 2260 837 sol
2293 782 2577 836 umbrosus
2601 779 2859 849 aspicitur
2885 795 2897 830 :
2933 777 3058 847 quia
3079 776 3299 830 nebulas
3322 775 3439 829 illas
3466 789 3573 829 non
3597 773 3748 831 habet

2180 876 2333 944 origo
2365 873 2603 939 luminis,
2638 872 2733 925 sed
2760 870 3007 926 debilitas
3034 876 3308 924 contracta
3339 868 3592 933 carnalis,
3622 870 3753 924 sicut

2182 967 2298 1035 ipse
2324 964 2456 1019 dicit
2483 964 2536 1018 in
2586 962 2879 1033 Evangelio
2907 979 2921 1015 :
2959 960 3070 1032 Ego
3095 962 3149 1014 in
3180 961 3312 1014 hunc
3356 961 3600 1014 mundum
3629 964 3750 1029 veni,

2182 1068 2236 1110 ut
2282 1057 2369 1127 qui
2400 1072 2503 1110 non
2545 1054 2715 1108 uident
2758 1053 2987 1118 videant,
3028 1063 3075 1107 et
3121 1053 3209 1120 qui
3257 1052 3421 1106 vident
3467 1054 3590 1107 cwci
3630 1055 3755 1122 [iant

2185 1145 2368 1217 (Joan.
2403 1162 2475 1211 ιι,
2509 1146 2623 1217 40).
2654 1144 2850 1199 Contra
2896 1144 3256 1213 subsequitur,
3295 1142 3497 1213 justitia
3532 1152 3578 1197 et
3622 1146 3760 1212 judi—

2185 1241 2338 1293 cium.
2370 1237 2481 1294 Hoc
2508 1239 2615 1293 illis
2645 1238 2853 1292 videtur
2874 1236 3155 1304 Dominus,
3179 1234 3268 1306 qui
3298 1248 3420 1291 sunt
3449 1251 3579 1305 puro
3602 1238 3763 1292 corde

2186 1330 2545 1395 mundissimi,
2575 1344 2709 1399 quos
2755 1327 2893 1384 bene
2921 1329 3313 1383 correctionem
3363 1328 3593 1396 vocavit,
3644 1330 3763 1397 quia

2185 1436 2371 1477 errore
2391 1422 2667 1491 pravitatis
2693 1419 2860 1483 exuti,
2890 1419 3049 1474 sedes
3069 1426 3196 1474 sunt
3216 1417 3427 1472 Domini
3452 1417 3764 1485 Salvatoris,

2188 1526 2326 1583 quos
2355 1512 2445 1567 ille
2469 1526 2562 1567 sua
2582 1511 2873 1581 majestate
2916 1510 3029 1581 jam
3074 1510 3329 1580 possidet,
3364 1509 3501 1565 sicut
3538 1510 3767 1579 legitur:

2189 1604 2349 1660 Sedes
2391 1604 2655 1677 sapientia:
2699 1604 2871 1657 anima
2900 1602 3054 1674 justi.
3105 1602 3248 1657 Ordo
3280 1611 3454 1656 autem
3485 1602 3772 1657 verborum

2189 1700 2311 1755 talis
2338 1708 2441 1765 est,
2464 1699 2601 1753 sedis
2622 1698 2734 1769 ejus
2760 1697 3037 1762 correctio;
3065 1710 3274 1764 revera,
3298 1696 3419 1766 quia
3441 1695 3595 1751 tortis
3615 1712 3776 1750 men-

2117 1792 2160 1853 B
2188 1792 2328 1849 tibus
2348 1790 2508 1862 325
2536 1804 2641 1845 non
2674 1798 2846 1860 potest
2878 1788 3112 1844 insidere
3130 1788 3359 1858 justitia.
3394 1786 3458 1843 Et
3481 1795 3603 1842 nota
3632 1788 3778 1856 quoi

2193 1901 2290 1957 per
2306 1887 2463 1941 istum
2479 1893 2533 1939 et
2547 1893 2775 1956 quatuor
2791 1898 2975 1939 versus
2991 1883 3124 1937 alios
3145 1882 3233 1953 qui
3255 1889 3570 1951 sequuntur,
3590 1882 3785 1935 adven-

2196 1989 2281 2033 tus
2311 1976 2521 2032 Domini
2547 1976 2748 2047 primus
2779 1974 2945 2030 variis
2965 1974 3318 2030 allusionibus
3339 1973 3626 2028 indicatur.
3653 1972 3796 2040 Quae

2195 2069 2362 2139 ﬁgura
2388 2068 2582 2125 dicitur
2614 2067 3079 2133 characterismos,
3111 2082 3231 2139 qua:
3254 2066 3440 2121 Latine
3470 2066 3797 2121 informatio

2194 2164 2276 2219 vel
2306 2162 2600 2233 descriptio
2630 2171 2989 2232 nuncupatur.

2266 2254 2418 2309 Veis.
2460 2255 2512 2309 5.
2550 2253 2692 2325 Ignis
2722 2262 2839 2307 ante
2874 2254 3041 2324 ipsum
3079 2252 3311 2323 prwibit,
3353 2261 3400 2306 et
3439 2251 3806 2321 inﬂammabit

2194 2350 2245 2401 in
2274 2347 2488 2400 circuitu
2516 2345 2745 2399 inimicos
2770 2348 2905 2417 ejus.
2930 2344 3068 2398 Ante
3095 2343 3381 2398 adventum
3410 2342 3621 2398 Domini
3656 2344 3806 2414 ignis

2195 2440 2449 2510 prtecessit
2468 2479 2483 2503 ,
2514 2436 2729 2506 quando
2757 2437 3134 2507 praedicatione
3165 2437 3546 2507 prephetarum
3590 2435 3805 2491 inlide-

2196 2533 2324 2587 lium
2366 2532 2530 2587 corda
2572 2530 2943 2595 fremuerunt;
2985 2539 3041 2585 ut
3082 2530 3369 2585 iracundia:
3406 2529 3604 2584 ardore
3668 2544 3809 2584 suco

2195 2625 2383 2692 censi,
2437 2624 2504 2679 de
2546 2624 2948 2694 praedicandum
3008 2637 3140 2679 nece
3181 2632 3487 2679 tractarent.
3537 2624 3669 2692 Ipse
3720 2630 3815 2675 est

2193 2732 2321 2787 ergo
2363 2718 2497 2790 ignis
2540 2715 2632 2786 qui
2668 2725 2786 2771 ante
2826 2717 2993 2786 ipsum
3038 2715 3267 2784 prteibit,
3307 2715 3401 2769 sed
3444 2730 3573 2769 suos
3603 2714 3817 2785 potius

2194 2808 2526 2879 consumpsit
2549 2819 2795 2863 auctores
2815 2849 2831 2876 ,
2871 2808 3012 2862 sicut
3038 2807 3199 2862 lsaias
3229 2807 3484 2877 propheta
3515 2807 3695 2862 dicit:
3738 2805 3816 2859 Et

2196 2918 2330 2957 nunc
2356 2903 2489 2974 ignis
2517 2901 2835 2955 adversarios
2860 2907 3115 2953 consumet
3144 2897 3307 2969 (Isai.
3332 2914 3457 2953 xxvi
3475 2939 3489 2963 ,
3527 2899 3584 2953 il
3606 2901 3661 2969 ).
3697 2898 3815 2953 Se-

2196 2996 2394 3064 quitur,
2426 3004 2473 3048 et
2502 2993 2839 3064 inﬂammabit
2878 2992 2932 3045 in
2972 2992 3184 3046 circuitu
3227 2992 3459 3062 inimicos
3509 2993 3658 3062 ejus.
3707 2991 3815 3045 ln-

2197 3087 2479 3160 ﬂammabit
2526 3089 2703 3157 (sicut
2732 3084 2999 3155 diximus)
3049 3085 3115 3139 ad
3146 3085 3567 3156 indignationem
3622 3086 3815 3155 perti-

2200 3187 2322 3244 net,
2355 3186 2409 3232 et
2438 3177 2671 3232 subitum
2702 3176 2864 3231 animi
2894 3176 3126 3231 calorem
3148 3216 3164 3243 ,
3209 3192 3364 3246 quem
3406 3176 3497 3231 illo
3539 3185 3811 3245 tempore

2197 3280 2399 3327 sanctis
2455 3269 2707 3325 Ecclesiae
2754 3270 3093 3340 patiebantur
3138 3268 3358 3324 inimici.
3407 3266 3472 3322 In
3523 3271 3805 3329 circuitu,

2199 3361 2433 3429 undique
2458 3360 2714 3416 debemus
2745 3359 3049 3425 advertere,
3106 3362 3226 3429 quia
3255 3359 3379 3413 dum
3414 3360 3563 3423 pauci
3600 3366 3806 3413 essent

2198 3453 2610 3524 praedicatores,
2642 3451 3065 3508 adversariorum
3098 3462 3214 3508 erat
3241 3453 3575 3509 circumdatis
3611 3462 3671 3508 et
3714 3453 3801 3507 in—

510 2308 739 2363 mundus
769 2309 1008 2364 noscitur
1031 2323 1151 2366 esse
1179 2309 1457 2365 liberatus.

1091 2422 1286 2479 Divisio
1310 2424 1517 2495 psalmi.

583 2513 637 2568 in
660 2514 833 2583 primo
861 2517 1107 2572 membro
1129 2516 1318 2586 psalmi
1338 2515 1601 2587 propheta
1623 2529 1722 2585 per
1743 2514 2092 2571 resurrectio-

512 2618 631 2657 nem
701 2604 958 2669 Domini,
1008 2608 1233 2662 virtutes
1286 2608 1404 2678 ejus
1453 2607 1664 2663 diversa
1713 2606 2091 2677 prmdicatione

509 2694 859 2763 describens,
915 2697 1176 2753 idolorum
1229 2698 1461 2756 cultores
1516 2699 1674 2769 digna
1724 2699 2087 2766 increpatione

512 2788 805 2861 redarguit.
846 2788 1098 2845 Secundo
1142 2791 1208 2845 ad
1258 2791 1540 2846 Dominum
1588 2791 1748 2847 verba
1801 2790 2085 2857 convertit,

509 2879 745 2949 gaudens
795 2880 1090 2936 Ecclesiam
1153 2882 1472 2937 catholicam
1531 2883 1736 2937 auctori
1794 2896 1891 2937 suo
1942 2892 2088 2938 recte

510 2972 818 3028 credidisse.
869 2973 1185 3029 Commonet
1230 2975 1391 3029 etiam
1440 2974 1619 3029 ﬁdeles
1649 2983 1709 3030 ut
1762 2974 2008 3029 laetentur
2036 2974 2090 3028 in

512 3062 737 3119 Domino
763 3106 779 3129 ,
829 3063 951 3133 quia
994 3066 1273 3120 consuevit
1316 3078 1410 3121 cos
1456 3065 1667 3135 eripere
1713 3064 1803 3136 qui
1846 3064 2091 3120 videntur

510 3154 803 3210 crudelium
830 3156 1250 3211 inseeutionibus
1292 3148 1591 3227 subiacere.

1049 3264 1317 3338 Eapositio
1345 3268 1549 3337 psalmi.

584 3357 733 3411 Vera.
771 3358 821 3412 l.
868 3356 1115 3412 Dominus
1140 3359 1390 3430 "regnavit,
1422 3356 1638 3412 exsultet
1669 3368 1829 3423 terra,
1855 3357 2094 3412 laetentur

517 3448 700 3501 insula:
727 3449 923 3502 multa.
956 3448 1154 3503 Videris
1179 3448 1435 3518 propheta
1477 3448 1730 3503 mundum
1763 3446 2090 3502 exsecranda

512 3540 783 3593 hominum
833 3539 1214 3609 superstitione
1275 3538 1591 3606 confusum,
1645 3539 1829 3594 laudes
1877 3538 2088 3594 Domini

512 3631 737 3685 mirabili
760 3631 1015 3686 varietate
1055 3630 1344 3697 describit,
1377 3638 1434 3685 ut
1469 3629 1710 3686 inﬁdeles
1739 3640 2088 3701 agnoscentes

513 3737 700 3778 verum
728 3721 920 3785 Deum,
954 3721 1176 3777 ulterius
1205 3735 1354 3789 spem
1385 3722 1437 3776 in
1467 3721 1627 3777 rebus
1650 3720 1953 3777 vanissimis
1982 3734 2087 3775 non

510 3815 791 3869 haberent.
827 3814 1154 3883 Factumque
1193 3824 1276 3869 est
1306 3814 1537 3879 initium,
1567 3812 1710 3883 quod
1754 3822 1807 3867 et
1850 3811 2091 3867 breviter

514 3912 710 3959 cuncta
755 3904 1121 3971 concluderet,
1162 3912 1219 3958 et
1260 3903 1609 3959 deliramenta
1654 3902 1833 3956 omnia
1871 3902 2091 3957 submo-

510 4006 677 4052 veret.
730 3994 980 4050 Dominus
1021 3998 1270 4068 regnavit.
1321 3996 1452 4063 Quis
1496 4009 1623 4065 ergo
1653 3998 1791 4050 alter
1832 3995 2090 4051 colendus

510 4098 613 4153 cst,
637 4088 735 4143 nisi
756 4088 844 4144 ille
860 4090 947 4158 qui
967 4089 1115 4143 solus
1135 4090 1473 4159 cognoscitur
1494 4088 1790 4157 imperare?
1810 4088 2084 4159 Sequitur,

512 4181 746 4235 Exsulta
768 4189 924 4233 terra.
959 4179 1091 4246 Quid
1123 4179 1232 4247 jam
1268 4186 1544 4234 remaneat
1573 4178 1747 4244 idolis,
1770 4180 1816 4234 si
1839 4179 2087 4234 universa

507 4284 653 4329 terra
681 4289 876 4327 nomen
910 4284 1197 4327 veneretur
1243 4272 1511 4327 auctoris?
1540 4271 1701 4325 Terra
1728 4272 1869 4326 enim
1919 4272 2089 4327 sensi-

508 4367 635 4421 bilis
684 4366 913 4435 lapidem
958 4380 1062 4419 non
1091 4365 1251 4420 debet
1279 4365 1505 4420 adorare
1535 4365 1895 4421 brutissimum
1924 4382 1935 4418 :
1968 4365 2086 4435 quia

511 4460 630 4525 ipse
658 4456 760 4510 sibi
782 4464 938 4525 negat
965 4458 1210 4511 etTectum
1240 4455 1369 4529 [cd.,
1401 4455 1670 4527 eiectum]
1693 4456 1779 4525 qui
1810 4456 1876 4511 ab
1903 4456 2086 4510 insen-

2197 3544 2543 3601 numerabilis
2573 3544 2876 3599 multitudo.

2268 3636 2419 3693 Vers.
2462 3634 2515 3690 4.
2559 3634 2853 3691 "luxerunt
2894 3635 3104 3709 fulgura
3141 3638 3253 3706 ejus
3271 3636 3383 3691 orbi
3420 3645 3604 3692 teme:
3634 3634 3789 3697 vidit,

2191 3740 2241 3787 et
2278 3739 2528 3785 commota
2568 3739 2641 3784 est
2680 3739 2835 3783 terra.
2880 3729 3247 3785 Pulcherrima
3296 3730 3457 3786 nimis
3510 3731 3653 3786 facta
3701 3735 3789 3783 est

2193 3830 2425 3891 aptaque
2478 3822 2835 3893 comparatio.
2892 3820 3023 3875 Nam
3076 3822 3216 3877 sicut
3268 3832 3551 3878 commotae
3611 3822 3783 3876 nubes

2191 3925 2349 3983 atque
2387 3915 2587 3968 collisa:
2631 3912 2807 3986 (sicut
2841 3913 3045 3984 physici
3103 3913 3329 3987 dicunt)
3382 3915 3583 3985 fulgura
3623 3915 3776 3983 jacu-

2192 4007 2390 4073 lantnr,
2422 4007 2493 4061 ita
2520 4007 2900 4077 prephetarnm
2933 4007 3096 4062 verba
3126 4010 3364 4063 veritatis
3407 4009 3597 4065 indicia
3642 4008 3778 4060 lam-

2198 4110 2479 4167 paverunt.
2513 4097 2748 4167 Denique
2777 4113 2871 4152 eos
2902 4098 2952 4153 in
2988 4099 3277 4168 Scripturis
3304 4098 3499 4153 divinis
3530 4101 3776 4166 frequen—

2200 4196 2280 4243 ter
2319 4189 2449 4258 legis
2490 4188 2718 4243 nubibus
2758 4200 3092 4259 comparatos
3119 4234 3133 4259 ,
3182 4199 3237 4245 ut
3267 4200 3345 4245 est
3378 4191 3503 4245 illud
3536 4208 3551 4247 :
3584 4188 3653 4243 Et
3681 4204 3777 4241 ms-

2199 4280 2338 4334 bibus
2366 4281 2617 4334 mandobo
2639 4298 2699 4335 ne
2721 4282 2899 4351 pluunt
2921 4298 3074 4349 super
3097 4299 3205 4336 eam
3226 4283 3432 4337 imbrem
3456 4284 3608 4356 (Isait
3627 4301 3679 4349 v,
3696 4280 3770 4351 6).

2200 4371 2542 4428 intendamus
2583 4373 2746 4427 etiam
2790 4374 2930 4443 quod
2979 4375 3065 4429 hic
3112 4375 3306 4430 iterum
3354 4376 3568 4431 schema
3622 4388 3774 4430 terra:

2199 4464 2377 4531 (sicut
2406 4466 2456 4518 in
2489 4465 2750 4535 superiori
2794 4465 2998 4535 psalmo
3023 4465 3132 4537 jam
3166 4468 3367 4521 dictum
3408 4467 3527 4536 est)
3562 4468 3613 4521 in
3644 4466 3770 4520 orbe

510 4548 641 4602 satis
673 4550 805 4616 petit
835 4524 1114 4601 auxilium.
1150 4524 1296 4601 Unus
1327 4555 1506 4601 tamen
1539 4524 1673 4616 lapis
1696 4524 1780 4602 est
1800 4547 2087 4617 angularis,

2196 4556 2524 4625 descriptum
2568 4566 2672 4612 est.
2718 4558 2836 4625 ipse
2874 4566 2957 4613 est
2996 4559 3137 4613 enim
3178 4560 3312 4615 orbis
3350 4561 3441 4629 qui
3480 4560 3769 4632 appellatur

516 4642 604 4709 qui
667 4642 1020 4711 spiritualiter
1083 4641 1185 4697 coli
1241 4641 1434 4696 debeat
1489 4652 1545 4697 et
1604 4643 1799 4698 timeri.
1857 4643 2089 4713 Adjccit,

509 4733 746 4787 latentur
772 4733 958 4786 insula:
986 4733 1178 4787 multa.
1228 4734 1504 4804 liegnante
1530 4733 1709 4802 itaque
1743 4735 1968 4789 Domino
1999 4751 2092 4805 per

509 4835 678 4880 totum
723 4825 1000 4892 mundum,
1051 4825 1326 4895 dispositae
1355 4825 1602 4880 laetentur
1633 4826 1922 4881 Ecclesiaaz
1974 4843 2094 4903 qua;

509 4918 703 4971 merito
745 4917 935 4972 insulis
980 4926 1383 4985 eom1iarantur,
1433 4917 1554 4987 quia
1606 4917 1790 4972 mundi
1840 4906 2091 4973 ﬂuctibus

508 5008 722 5064 ambitae
771 5009 1282 5063 circumlatrantium
1314 5010 1743 5079 persecutionum
1784 5010 2088 5063 numerosi-

505 5106 616 5153 tate
645 5098 959 5152 tunduntur.
992 5098 1096 5153 Sed
1142 5100 1279 5153 sicut
1310 5098 1425 5152 ista:
1461 5098 1808 5153 saevientibus
1842 5097 2087 5154 fluctibus

511 5189 756 5243 nesciunt
788 5189 929 5255 laedi,
966 5189 1036 5243 ita
1079 5204 1175 5243 ncc
1201 5197 1401 5244 sanctae
1432 5189 1689 5244 Ecclesiae
1735 5190 2090 5259 perturbatio-

509 5283 667 5338 nibus
689 5282 1112 5337 adversariorum
1139 5283 1433 5352 prohantur
1456 5282 1729 5349 imminui;
1762 5287 1887 5352 quin
1912 5287 2089 5354 potius

506 5375 630 5430 illos
656 5374 768 5429 suis
793 5375 1036 5428 cautibus
1060 5375 1327 5443 frangunt,
1361 5376 1451 5445 qui
1482 5376 1533 5429 in
1562 5391 1653 5429 eas
1704 5377 1924 5432 undosis
1971 5380 2085 5432 culo

508 5470 742 5524 minibus
788 5470 1073 5523 irruernnt.
1108 5469 1172 5523 Et
1223 5468 1345 5523 vide
1375 5468 1500 5539 quia
1546 5470 1694 5535 dicit,
1726 5472 1920 5533 multm,
1954 5486 2082 5538 non,

508 5573 715 5626 omnes,
762 5566 979 5629 propter
1010 5560 1289 5614 hazreticas
1315 5562 1622 5629 pravitates,
1656 5576 1776 5631 qua:
1802 5544 2113 5618 erroribus.

508 5654 619 5707 suis
647 5656 993 5709 crclcsiarum
1025 5670 1217 5711 nomen
1253 5657 1553 5724 imperium.

474 5754 493 5765 ‘
586 5751 727 5801 v’crs.
776 5747 828 5804 Et.
880 5748 1050 5803 Nubes
1077 5758 1121 5804 et
1149 5750 1314 5822 caligo
1355 5749 1407 5803 in
1454 5749 1664 5804 circuitu
1690 5751 1836 5819 ejus;
1876 5751 2082 5823 justitia

2196 4657 2248 4702 et
2298 4648 2548 4703 circulus.
2601 4646 2843 4703 Circulos
2890 4659 3067 4704 autem
3115 4659 3193 4706 est
3245 4652 3423 4723 (sicut
3464 4647 3762 4723 geometrici

2198 4740 2560 4811 deﬁnierunt)
2593 4740 2761 4794 forma
2794 4741 2946 4811 plana
2969 4782 2985 4808 ,
3019 4758 3139 4811 qua:
3168 4758 3231 4797 ex
3270 4759 3372 4798 una
3414 4744 3759 4799 circumducta

2200 4831 2335 4885 linea
2380 4831 2721 4896 continetur,
2766 4830 2830 4885 ad
2880 4847 3039 4900 quam
3083 4833 3152 4888 ab
3196 4848 3301 4888 uno
3345 4847 3541 4904 puncto
3581 4836 3646 4890 de
3685 4832 3756 4885 his

2196 4914 2311 4990 qum
2342 4910 2397 4993 in
2422 4922 2597 4976 medio
2627 4922 2811 4976 formae
2836 4923 3119 4978 constituta
3148 4934 3293 4991 sunt,
3323 4940 3511 4981 omnes
3536 4926 3753 4981 deducte

2197 5010 2358 5067 rem
2389 5012 2543 5068 linctc
2572 5012 2805 5082 mquales
2834 4996 2934 5068 Sibi
2965 5014 3189 5070 invicem
3221 5027 3364 5073 sunt.
3394 5024 3507 5084 Qua
3535 5016 3747 5085 complc-

2196 5095 2353 5157 xioue
2399 5104 2703 5173 recognita,
2753 5104 2907 5159 valde
2948 5092 3085 5160 nota
3133 5107 3288 5162 nobis
3335 5108 3565 5164 efficitur
3605 5109 3745 5162 forma

2200 5190 2480 5249 terrarum.
2527 5195 2873 5264 Significatur
2924 5198 3082 5252 etiam
3131 5207 3274 5255 totus
3317 5202 3542 5261 mundus
3580 5207 3631 5255 et
3671 5211 3745 5267 per

2195 5290 2453 5343 directam
2488 5288 2681 5343 lineam
2734 5290 2891 5358 coeli,
2948 5305 3065 5361 qua:
3128 5292 3421 5350 diametros
3479 5293 3649 5350 mundi
3690 5291 3742 5343 ab

2194 5376 2517 5433 astronomia
2548 5382 2829 5447 vocitatur,
2861 5390 2916 5433 ut
2944 5393 3023 5437 est
3050 5383 3175 5437 iliud
3201 5401 3214 5436 :
3246 5385 3289 5437 Α
3317 5385 3438 5441 solis
3471 5402 3580 5441 orm
3614 5398 3742 5457 usque

2193 5466 2269 5524 all
2288 5488 2518 5525 occasum
2548 5472 2758 5527 laudate
2778 5490 2958 5527 nomen
2999 5474 3203 5529 Domini
3229 5476 3400 5545 (Psal.
3425 5494 3560 5543 cm,
3582 5479 3652 5547 '5).
3676 5474 3739 5529 Li-

2195 5568 2295 5617 n‘ca’
2320 5576 2494 5618 autem
2524 5565 2873 5635 intelligibilis
2906 5575 2984 5621 (ει
3016 5567 3287 5637 longitudo
3316 5572 3432 5626 sine
3463 5571 3736 5629 latitudine.

2112 5663 2121 5683 ‘
2190 5660 2769 5730 a'punctoincltoans,
2814 5664 2865 5717 in
2910 5676 3158 5733 punctum
3200 5666 3471 5725 desinens.
3519 5670 3735 5724 Punctum

2191 5764 2319 5807 vero
2349 5762 2425 5807 eat
2460 5752 2609 5822 cujus
2638 5767 2761 5824 pars
2792 5753 2921 5809 nihil
2955 5763 3056 5811 est.
3102 5756 3410 5823 Meminisse
3454 5776 3579 5833 ergo
3607 5761 3732 5819 debeo
