3952 6162
205 268 306 322 683

1098 273 1462 331 EXPOSITIO
1502 273 1563 327 IN
1609 268 2072 327 ΓεΑιΤεηιωι.
2113 266 2309 322 ΡΞᾹῙ..
2358 264 2543 321 XCVI.

3381 262 3485 318 08.6

208 400 320 441 nius
345 386 490 458 quod
520 385 634 443 haec
662 388 862 454 omnia,
892 388 1005 447 sive
1037 397 1316 457 punctum,
1344 389 1458 444 sive
1484 388 1647 452 linea,
1678 386 1797 442 sive
1825 388 1876 446 Α
1903 380 2212 447 vindicant.
2242 393 2375 449 quos
2407 393 2592 433 eorum
2633 376 2883 448 ῑηῑίιυῑιεε
2928 388 3033 432 ηοη
3076 381 3312 429 ωθτθίυν
3348 380 3491 429 ut“

204 480 434 537 circulus
454 522 472 548 ,
505 480 618 535 sive
650 480 890 553 trigonus
910 524 926 550 ,
960 482 1075 540 sive
1100 482 1497 553 quadrangulus
1519 526 1533 547 ,
1564 481 1649 536 vel
1690 480 1791 535 alia

206 571 506 646 huiusmodi
563 574 933 639 theoremata,
986 574 1195 645 quoties
1254 574 1319 629 ad
1370 582 1645 644 aspectum
1701 588 1793 629 ve-

204 666 394 732 niunt,
435 669 808 735 corporalibus
848 668 1248 725 definitionibus
1287 668 1697 735 concludantur,
1741 666 1798 721 id

203 768 289 815 est
318 759 663 817 srnsibilibus
691 776 706 814 :
738 761 950 833 quoties
980 776 1106 816 vero
1134 762 1246 816 sola
1280 769 1460 816 mente
1488 761 1794 830 capiuntur,

207 852 551 922 intelligihilia
596 862 798 909 tantum
840 868 963 909 esse
1004 870 1113 909 non
1153 854 1372 910 dubium
1415 862 1516 911 est.
1560 853 1798 921 Quorum

212 945 448 1003 uetitiam
492 945 783 1015 pleniorem
828 948 881 1000 in
925 946 1077 1001 libris
1109 947 1447 1017 geometricas
1475 946 1795 1016 disciplina},

206 1039 431 1109 diligens
461 1041 647 1110 lector,
679 1041 941 1095 invenies.
981 1040 1253 1109 Sequitur,
1292 1042 1419 1094 vidit
1459 1049 1506 1095 et
1545 1048 1800 1095 commota

203 1142 275 1187 at
307 1139 466 1184 terra.
510 1129 649 1184 Vidit
679 1138 853 1195 terra,
890 1131 1022 1185 illud
1065 1133 1322 1201 signiﬁcat
1408 1131 1660 1199 quoniam
1705 1130 1800 1183 ho-

207 1225 381 1279 mines
413 1223 647 1277 Verbum
693 1221 906 1278 Domini
945 1222 1129 1277 cordis
1168 1223 1369 1277 lumine
1410 1230 1797 1290 cognoverunt.

205 1313 470 1369 Commota
484 1322 581 1380 est,
614 1330 817 1383 magnre
842 1313 1237 1383 praedicationis
1259 1312 1495 1367 novitate
1519 1314 1802 1382 perterrita

207 1416 321 1468 est;
354 1415 412 1459 ut
442 1406 869 1474 deprehenderet
894 1420 956 1461 se
984 1404 1255 1461 lnseusata
1282 1405 1424 1457 idola
1442 1408 1620 1458 coiere
1640 1443 1655 1469 ,
1674 1403 1801 1457 dum

208 1497 433 1553 haberet
460 1497 792 1553 adorabilem
838 1495 1122 1551 Dominum
1164 1510 1432 1551 summum
1464 1492 1799 1549 Creatorem.

281 1587 436 1643 Vers.
476 1588 531 1644 5.
574 1586 778 1642 Montes
814 1588 948 1641 sicut
985 1603 1102 1641 cera
1141 1588 1404 1656 ﬂuxerunt
1445 1602 1476 1639 a
1517 1585 1649 1656 facie
1689 1582 1803 1637 Do-

207 1682 375 1747 mini;
404 1699 436 1736 a
466 1682 601 1753 facie
634 1680 841 1734 Domini
869 1682 1074 1734 tremuit
1100 1679 1264 1734 omnis
1291 1688 1449 1731 terra.
1484 1678 1581 1732 llic
1611 1686 1806 1733 montes

1900 490 2027 545 pere
2046 516 2060 540 ,
2088 473 2209 530 vide
2231 473 2355 542 quid
2382 472 2625 542 sequitur
2650 489 2662 524 :
2696 472 2919 525 Adorate
2945 485 3060 523 eum
3080 508 3097 538 ,
3124 484 3297 523 ontnes
3324 467 3494 540 angeli

1900 572 2033 640 ejus.
2066 568 2246 623 Bonus
2290 568 2435 623 ettim
2483 566 2705 636 angelus
2747 565 2937 619 adorat
2975 563 3299 628 Dominum,
3360 562 3483 633 quia

1903 669 2053 714 recto
2098 660 2262 714 corde
2302 674 2457 713 suum
2500 657 2777 728 cognOscit
2814 667 3133 723 auctorem;
3167 671 3266 711 nec
3314 670 3375 711 se
3424 655 3495 709 ab

1907 752 2216 806 hominibus
2263 751 2478 805 adorarl
2534 749 2829 818 permittit,
2879 750 3017 803 sicut
3070 749 3122 800 in
3173 747 3497 819 Apocalypsi

1907 845 2132 916 angelus
2161 844 2352 900 Joanni
2387 844 2683 912 rrecidenti
2717 844 2781 897 ad
2815 843 2976 912 pedes
3006 857 3134 897 suos
3162 841 3289 897 dicit
3318 860 3333 895 :
3368 839 3500 896 Vide

1906 954 1969 991 ne
2012 938 2226 1008 feceris,
2271 953 2540 991 conservus
2581 938 2718 991 enim
2757 946 2870 989 tuus
2908 952 3021 990 sum
3058 942 3107 988 et
3135 934 3357 1005 fratrum
3387 942 3500 991 tuo-

1905 1046 2023 1083 rum
2044 1030 2230 1101 (Apoc.
2258 1045 2379 1096 χιχ,
2416 1029 2542 1101 10).
2574 1030 2697 1084 Mali
2738 1029 2878 1084 enim
2925 1029 3244 1100 praecipiunt
3282 1044 3341 1084 se
3372 1027 3499 1083 ado-

1904 1121 2043 1189 rari,
2076 1122 2213 1175 sicut
2246 1124 2296 1175 in
2330 1120 2620 1192 Evangelio
2652 1121 2882 1176 Satanas
2907 1118 3043 1175 dixit
3081 1121 3311 1176 Domino
3347 1119 3502 1175 Chri-

1907 1220 2013 1277 sto,
2047 1226 2167 1265 cum
2200 1227 2323 1271 eum
2357 1211 2745 1279 assumpsisset
2777 1214 2827 1265 in
2860 1222 3124 1280 montvm,
3156 1222 3209 1266 et
3239 1206 3501 1267 ostendis-

1913 1310 1995 1357 set
2023 1318 2185 1372 regua
2219 1303 2401 1356 mundi
2432 1321 2442 1355 :
2480 1302 2609 1357 Haec
2640 1304 2811 1356 omnia
2842 1302 2930 1356 tibi
2962 1303 3093 1358 dabo
3115 1346 3128 1372 ,
3163 1304 3207 1359 si
3238 1310 3503 1373 prociziens

1912 1395 2206 1450 (tt/oraveris
2236 1413 2313 1450 me
2342 1395 2556 1465 (Matth.
2586 1412 2658 1461 tv,
2687 1396 2766 1468 9).

1988 1487 2141 1542 Vers.
2185 1489 2239 1543 8.
2278 1488 2486 1542 Audiril
2507 1531 2521 1556 ,
2556 1496 2602 1541 et
2635 1490 2806 1543 lwzata
2835 1498 2909 1543 est
2939 1488 3115 1557 Sion;
3143 1498 3192 1547 et
3219 1487 3505 1543 exsultave-

1913 1591 2034 1634 runt
2072 1579 2198 1651 filia:
2240 1579 2393 1635 Iuda:
2436 1592 2641 1655 propter
2684 1580 2878 1647 judicia
2915 1590 3031 1647 tua,
3077 1580 3314 1635 Domine.
3354 1579 3505 1634 Venit

1916 1672 1981 1726 ad
2012 1672 2308 1727 secundum
2340 1673 2640 1727 membrum
2665 1712 2680 1738 ,
2718 1673 2768 1726 in
2813 1688 2919 1742 quo
2960 1687 3255 1729 conversus
3296 1673 3360 1726 ad
3405 1673 3507 1727 Do-

208 1752 513 1842 signilicant
554 1772 799 1827 homines
839 1771 931 1841 qui
973 1779 1030 1825 et
1070 1770 1252 1839 seaculi
1297 1770 1456 1840 hujus
1494 1768 1806 1824 altitudines
1837 1752 1885 1813 Β
1912 1764 2112 1818 minum
2146 1763 2409 1833 prepheta
2441 1763 2594 1818 laetus
2634 1764 2864 1818 exsultat
2908 1763 3076 1836 :quia
3123 1763 3287 1829 Sion,
3332 1764 3382 1817 id
3424 1772 3506 1818 est

205 1881 295 1934 ap;
316 1874 504 1931 etunt,
538 1876 592 1919 et
624 1867 893 1921 insensata
925 1862 1310 1933 superstitione
1349 1861 1666 1917 durescunt.
1711 1860 1806 1917 llis

208 1958 528 2013 mirabiliter
584 1966 893 2026 comparata
942 1964 1027 2011 est
1078 1971 1197 2009 cera
1250 1954 1504 2025 liquens,
1553 1954 1803 2024 quoniim

210 2060 357 2107 tanto
386 2048 602 2102 facilius
633 2047 683 2101 in
715 2047 1085 2116 ptenitentiam
1111 2042 1378 2112 deﬂuunt,
1403 2054 1603 2114 quanto
1632 2043 1801 2114 [utss.,

210 2137 443 2210 quanta]
474 2156 534 2194 se
562 2139 758 2193 duritia
789 2139 1091 2195 immobiles
1121 2153 1243 2195 esse
1274 2138 1639 2193 crediderunt.
1672 2136 1804 2190 Nam

208 2248 328 2289 cum
341 2232 490 2296 dicit,
508 2246 542 2284 ε
554 2231 687 2302 facie
702 2230 929 2297 Domini,
947 2230 1184 2286 ostendit
1205 2229 1348 2285 unde
1358 2231 1492 2284 sicut
1508 2244 1625 2283 cera
1636 2228 1805 2297 ﬂuxe-

210 2334 325 2379 runt
355 2332 587 2385 montes;
615 2322 759 2391 quod
785 2330 841 2378 et
869 2323 925 2377 in
949 2322 1058 2377 alio
1087 2323 1297 2393 psalmo
1326 2321 1562 2392 legitur:
1594 2318 1707 2374 Nec
1734 2332 1808 2374 est

212 2416 681 2487 quiseabscondat
722 2434 755 2472 a
795 2417 969 2472 calore
1008 2420 1118 2489 ejus
1160 2415 1346 2488 (Psal.
1372 2430 1537 2483 xvut,
1563 2413 1657 2486 7).
1698 2412 1806 2469 Sed

216 2524 336 2565 eum
380 2512 610 2578 repetit,
640 2527 673 2563 a
704 2509 835 2577 facis
867 2509 1073 2561 Domini
1114 2508 1318 2562 tremuit
1349 2508 1516 2562 omnis
1546 2516 1713 2574 terra,
1746 2505 1809 2560 il-

223 2600 301 2655 los
340 2600 605 2671 signiﬁcat
652 2601 743 2671 qui
790 2601 957 2671 ipsius
998 2599 1343 2656 miseratione
1388 2598 1697 2667 conspecti,
1741 2596 1809 2651 ad

222 2693 598 2749 satisfactiouis
638 2694 877 2749 remedia
920 2699 1303 2763 pervenerunt.
1345 2691 1498 2759 Quod
1540 2689 1812 2760 hodieque

222 2782 332 2839 ﬁeri
356 2784 775 2854 comprobemus
798 2825 815 2851 ,
842 2800 967 2840 eum
1001 2792 1296 2854 potestates
1326 2782 1547 2849 saeculi,
1586 2782 1676 2837 vel
1719 2797 1813 2851 pa-

227 2878 338 2945 sani
362 2920 377 2941 ,
406 2884 490 2933 vel
516 2879 759 2934 hmretici
786 2879 999 2945 vocati,
1028 2880 1346 2933 damnantes
1371 2873 1810 2946 superstitiosum

226 2980 400 3026 return
426 3014 441 3038 ,
479 2970 722 3025 divinum
756 2972 928 3041 magis
957 2970 1166 3040 eligunt
1191 2968 1374 3023 subire
1399 2966 1701 3022 servitium.

1915 1858 2155 1912 Ecclesia
2188 1857 2679 1926 catholica,judicia
2716 1858 2929 1913 Domini
2963 1874 3095 1929 puro
3125 1858 3290 1919 corde
3322 1874 3508 1929 perce-

1913 1952 2009 2021 pit.
2043 1950 2173 2005 Nam
2207 1951 2427 2005 verbum
2460 1949 2549 2021 qui
2591 1952 2896 2015 crediturus
2940 1952 3123 2019 audit,
3169 1965 3230 2009 se
3271 1953 3508 2009 audiisse

1914 2042 2158 2108 lzctatur;
2192 2043 2283 2112 qui
2327 2058 2455 2096 vero
2499 2042 2723 2098 subdola
2772 2055 2953 2101 mente
2996 2045 3336 2117 perceperit,
3378 2061 3508 2107 con-

1914 2134 2156 2187 tristatus
2174 2133 2449 2188 abscedit:
2470 2134 2594 2204 quia
2616 2144 2800 2189 contra
2820 2136 3149 2193 voluntatem
3178 2150 3331 2193 suam
3361 2136 3503 2205 quod

1911 2241 2015 2282 non
2047 2236 2193 2284 esset
2231 2227 2532 2282 crediturus
2562 2227 2783 2289 audivit.
2823 2227 2954 2283 Sion
2986 2228 3164 2299 (sicut
3191 2243 3335 2297 saepe
3365 2229 3507 2285 dixi-

1911 2323 2068 2393 mus)
2097 2337 2250 2377 mons
2278 2331 2360 2376 est
2387 2320 2740 2393 leresolymis
2767 2323 3087 2379 constitutus
3109 2362 3126 2385 ,
3156 2320 3309 2390 cujus
3339 2321 3508 2377 inter-

1916 2416 2148 2485 pretatio
2178 2414 2925 2485 signiticatspeculatiouem:
2973 2430 3092 2485 qua:
3132 2414 3270 2469 bene
3299 2426 3507 2468 sanare

1914 2509 2069 2563 datur
2118 2509 2281 2585 326
2335 2508 2625 2573 Ecclesiae,
2674 2508 2927 2578 quoniam
2985 2508 3040 2561 in
3093 2505 3509 2574 contemJativa

1918 2601 2117 2655 virtute
2158 2609 2483 2671 prmsentcm
2528 2598 2812 2652 Dominum
2857 2612 3070 2667 semper
3108 2606 3368 2667 aspectat.
3411 2598 3512 2655 Se-

1918 2692 2117 2761 quitur,
2145 2698 2192 2743 et
2218 2688 2600 2745 exsultaverunt
2627 2689 2751 2759 ﬁlia:
2777 2686 2951 2747 Juda'.
2985 2685 3141 2744 Filia:
3165 2688 3322 2743 Iuda:
3347 2689 3511 2759 signi-

1920 2782 2080 2839 ﬁcant
2113 2784 2391 2855 religiosas
2422 2795 2633 2837 mentes
2666 2783 3027 2852 probatasiiue
3059 2798 3314 2853 personas
3341 2802 3355 2849 ;
3388 2800 3509 2854 qua:

1917 2880 2037 2935 ideo
2067 2880 2191 2948 ﬁliae
2230 2878 2383 2933 Juda:
2426 2880 2696 2945 dicuntur,
2739 2878 2991 2951 quoniam
3032 2876 3251 2935 Christo
3286 2878 3509 2934 credere

1918 2972 2254 3037 maluerunt,
2285 2985 2404 3041 qua:
2441 2986 2507 3026 ex
2551 2970 2759 3040 origine
2788 2968 2942 3026 ludat
2975 2968 3322 3026 descendisse
3348 2984 3509 3026 mon-

292 3061 443 3117 Vers.
477 3061 531 3116 6.
563 3062 1008 3117 Aununtiaverunt
1041 3062 1154 3116 caeli
1174 3060 1435 3135 justitiam
1474 3060 1622 3129 εἱυδ,
1654 3069 1700 3113 ει
1730 3057 1808 3112 υἱ·
1839 3098 1885 3160 C
1914 3076 2149 3121 strantur
2198 3065 2217 3138 [
2245 3082 2340 3118 ms.
2386 3062 2478 3131 (2.,
2538 3064 2664 3133 qui,
2718 3073 2816 3120 etc.
2837 3106 2853 3132 ,
2911 3071 3241 3120 monstratur
3262 3061 3303 3135 ].
3360 3063 3504 3119 unde

224 3154 400 3207 derunt
430 3170 603 3209 omnes
633 3154 813 3225 populi
843 3154 1064 3225 gloriam
1093 3156 1227 3226 ejus.
1261 3153 1389 3209 Post
1418 3152 1589 3208 nubes
1620 3150 1811 3222 praedi-

226 3257 361 3311 ctas,
392 3259 526 3314 quas
555 3244 778 3315 intelligi
817 3245 1053 3299 diximus
1094 3244 1147 3298 in
1189 3242 1503 3315 prophetis,
1550 3243 1700 3298 venit
1740 3241 1809 3296 ad

222 3340 371 3394 talos
392 3381 407 3405 ,
436 3353 576 3409 quos
615 3338 890 3409 apostolos
935 3338 1196 3393 debemus
1225 3338 1531 3401 advertere,
1582 3350 1809 3406 quorum

220 3434 693 3502 pradicationibus
721 3433 926 3488 sanctis
944 3434 1153 3507 justitia
1188 3433 1404 3488 Domini
1435 3431 1637 3487 mundo
1667 3430 1813 3486 salu-

219 3528 347 3581 taris
399 3527 649 3581 innotuit.
699 3526 977 3597 Sequitur,
1029 3535 1076 3581 et
1121 3526 1356 3580 uiderunt
1399 3541 1571 3579 omnes
1631 3523 1814 3595 populi

216 3619 442 3688 gloriam
468 3622 603 3687 eius.
639 3617 892 3672 Viderunt
935 3618 1057 3685 hic,
1102 3632 1208 3672 non
1255 3616 1563 3671 carnalibus
1604 3616 1810 3681 oculis,

216 3711 308 3765 sed
359 3710 545 3765 cordis
588 3709 795 3765 lumine
837 3709 1099 3765 debemus
1140 3709 1408 3779 accipere.
1451 3706 1630 3763 Gloria
1670 3708 1812 3762 enim

216 3804 427 3872 audiri,
462 3817 569 3857 non
600 3803 768 3858 videri
799 3804 977 3867 solet;
1012 3817 1135 3855 nam
1168 3811 1222 3856 et
1261 3800 1393 3855 alibi
1434 3800 1628 3873 legitur
1671 3798 1812 3870 quod

216 3896 293 3950 sic
325 3895 736 3965 intelligendum
778 3905 861 3949 est
891 3912 905 3948 :
931 3892 999 3947 Et
1027 3894 1247 3947 vidimus
1277 3893 1494 3965 gloriam
1527 3894 1658 3963 ejus,
1701 3893 1815 3964 glo-

220 3992 353 4041 riam
382 3990 529 4059 quasi
561 3990 806 4061 unigeniti
836 3986 1031 4061 (Ioan.
1059 4003 1109 4055 ι,
1136 3986 1258 4058 14).
1302 3988 1426 4042 Sive
1448 4031 1462 4056 ,
1496 3997 1552 4040 ut
1596 3985 1812 4056 quidam

225 4080 455 4144 volunt,
488 4078 981 4148 pra-conspicabilis
1012 4077 1154 4150 [σόη
1181 4074 1575 4148 perspicabilis]
1608 4076 1819 4130 Domini

225 4172 564 4239 signiﬁcatur
594 4173 877 4226 adventus.
912 4171 1398 4226 lntueamuretiam
1424 4168 1581 4241 hujus
1614 4168 1823 4224 Domini

228 4275 389 4331 quam
412 4263 641 4317 diversis
667 4262 844 4317 modis
863 4263 1065 4332 primus
1086 4262 1352 4318 indicetur
1376 4261 1659 4317 adventus.
1685 4261 1824 4315 Dixit

233 4352 432 4424 ignem,
483 4356 622 4409 dixit
673 4355 918 4428 fulgura,
976 4355 1109 4410 dixit
1161 4366 1388 4421 montes,
1440 4354 1577 4410 d.xit
1634 4355 1824 4420 (talos;

1917 3159 2043 3215 dicti
2076 3166 2203 3213 sunt
2232 3166 2288 3212 et
2316 3156 2513 3214 iudici.
2547 3158 2612 3212 Et
2641 3171 2808 3227 quare
2833 3154 3010 3217 lmtata
3048 3156 3112 3213 sit
3153 3155 3281 3213 Sion
3318 3172 3509 3214 conse-

1915 3259 2141 3322 quenter
2172 3250 2482 3320 exponitur,
2530 3258 2741 3320 prOptsr
2773 3249 2981 3320 judicia
3021 3258 3134 3314 tua,
3171 3247 3427 3314 Domine;
3456 3250 3508 3304 id

1914 3351 2035 3407 est,
2069 3342 2192 3417 quia
2241 3342 2514 3397 tristitiam
2556 3355 2838 3399 servorum
2882 3348 3095 3399 tuorum
3138 3341 3410 3398 convertis
3453 3341 3509 3396 in

1917 3434 2167 3505 gaudium
2188 3474 2203 3499 ,
2236 3442 2291 3491 et
2318 3433 2615 3503 superbum
2648 3432 2925 3489 diabolum
2959 3431 3281 3493 humilitatis
3310 3432 3511 3493 virtute

1919 3529 2243 3598 prosternis.

1992 3619 2144 3675 νει-ε.
2178 3620 2232 3673 9.
2270 3619 2527 3685 Quoniam
2556 3629 2611 3674 tu
2651 3636 2701 3673 es
2742 3618 2993 3674 Dominus
3038 3619 3323 3677 altissimus
3355 3636 3512 3694 super

1918 3727 2119 3765 omnem
2149 3720 2370 3776 terram;
2415 3710 2569 3763 nimis
2602 3709 2859 3764 exaltatus
2889 3727 2941 3764 es
2967 3726 3122 3777 super
3150 3727 3325 3765 omnes
3368 3714 3509 3767 deos.

1918 3801 2098 3867 Supra
2127 3817 2326 3854 omnem
2354 3808 2576 3867 terram,
2623 3800 2708 3855 hic
2748 3802 2884 3856 bene
2926 3800 3276 3877 intelligimus
3316 3817 3509 3872 pecca-

1920 3904 2104 3958 tores;
2137 3910 2295 3962 supra
2325 3909 2499 3947 omnes
2532 3894 2650 3947 deos
2671 3933 2687 3959 ,
2711 3892 2887 3967 justos
2920 3895 3168 3949 homines
3199 3907 3511 3964 competen—

1921 3996 2004 4041 ter
2029 3987 2358 4041 advertimus
2379 4026 2393 4051 ,
2427 4001 2560 4056 quos
2593 3986 2715 4039 deos
2747 3994 2894 4040 recte
2922 3986 3026 4041 dici
3059 3985 3327 4055 frequenti
3357 4004 3517 4058 expo-

1923 4080 2123 4133 sitione
2178 4078 2464 4148 probatum
2507 4086 2614 4133 est.
2657 4078 2784 4132 Sive
2822 4078 3073 4147 quoniam
3115 4094 3210 4148 per
3252 4077 3367 4134 haec
3406 4079 3515 4135 duo

1926 4172 2198 4240 signiticet
2237 4186 2357 4225 eum
2412 4180 2467 4224 et
2522 4168 2753 4225 terrenis
2804 4174 3066 4224 creatnr's
3111 4179 3165 4225 et
3205 4170 3516 4227 cmlestibus

1928 4266 2233 4333 imperare;
2283 4264 2423 4316 sicut
2472 4272 2527 4316 ct
2574 4262 2711 4316 alius
2763 4262 2999 4331 psalmus
3045 4260 3216 4317 dicit:
3266 4262 3518 4331 Quoniam

1931 4356 2101 4408 omnia
2127 4358 2351 4409 seruiunt
2381 4355 2472 4407 tibi
2503 4352 2673 4423 (Psal.
2698 4369 2860 4409 cxvtu
2878 4397 2892 4421 ,
2916 4352 3033 4425 9i).

238 4457 410 4515 etper
440 4449 555 4503 tunc
584 4448 763 4503 omnia
807 4463 971 4504 unum
1009 4458 1192 4503 votum
1236 4460 1319 4504 est
1359 4450 1681 4507 annuntiare
1723 4449 1827 4503 Do-
1860 4448 1907 4507 D
2005 4448 2157 4502 Vers.
2205 4448 2289 4502 10.
2344 4446 2447 4513 Qui
2493 4447 2707 4518 diligitis
2751 4445 3066 4515 Dominum,
3117 4448 3255 4503 adite
3300 4449 3516 4507 malum.

244 4538 437 4593 uinum
477 4540 835 4594 Salutarem.
879 4538 1032 4606 Quod
1064 4540 1278 4593 schema
1329 4538 1524 4593 dicitur
1552 4539 1779 4608 amignia
1806 4579 1820 4602 ,

251 4631 298 4683 id
320 4644 401 4688 est
424 4635 654 4690 obscura
683 4638 971 4701 sententia,
993 4637 1207 4706 quando
1236 4637 1378 4692 aliud
1409 4636 1561 4702 dicit,
1592 4647 1647 4693 et
1678 4637 1821 4691 aliud

253 4724 355 4776 mn
382 4726 625 4795 intelligi.

323 4814 462 4873 Yers.
491 4819 545 4872 τ.
570 4815 969 4889 Confundantur
994 4837 1163 4875 omnes
1186 4821 1271 4889 qui
1296 4821 1512 4875 adorant
1538 4819 1679 4874 idola
1695 4861 1709 4885 ,
1736 4822 1825 4891 qui

239 4906 523 4973 θέοι-ἰοίην
562 4915 619 4966 iss
666 4913 957 4967 simulacris
1004 4916 1150 4969 suis:
1200 4916 1411 4969 adorate
1459 4931 1603 4980 eum,
1654 4931 1827 4969 omnes

225 5004 409 5072 angeli
460 5006 592 5075 ejus.
630 5004 872 5060 Adventu
904 5006 1116 5060 Domini
1157 5006 1514 5075 prephetato,
1559 5006 1825 5062 idolorum

224 5101 277 5137 tt
292 5092 751 5166 utoresinercpat,
783 5098 873 5167 qui
906 5107 1049 5153 tanta
1071 5099 1502 5154 manilcstatione
1528 5099 1824 5169 declarata,

246 5192 361 5233 ιιῡο
387 5190 699 5244 erubescunt
742 5192 916 5246 adhuc
957 5192 1135 5246 colore
1179 5192 1364 5247 nescio
1404 5208 1536 5264 quas
1578 5194 1825 5263 ineptias.

266 5267 451 5333 Malunt
475 5283 674 5352 quippe
705 5284 902 5337 dictum
944 5291 1062 5350 est,
1104 5284 1245 5353 quod
1284 5285 1455 5355 ipsum
1499 5285 1567 5339 sit
1607 5284 1828 5352 dolum,

266 5364 319 5418 id
345 5383 440 5440 ενι,
476 5378 751 5431 hominum
785 5376 1014 5433 falsitate
1044 5388 1337 5447 repertum.
1383 5378 1730 5435 Simulacrum
1752 5420 1766 5443 ,
1798 5394 1827 5433 a

262 5456 582 5521 “mula-ioue
612 5482 766 5521 saera
798 5470 1153 5538 compositum
1177 5512 1190 5536 ,
1222 5469 1363 5541 quod
1406 5469 1511 5525 illis
1542 5473 1702 5525 detur
1732 5470 1828 5523 ho-

260 5560 358 5599 ‘W’
379 5559 598 5613 alienus.
630 5558 722 5613 Sic
752 5569 974 5628 utraque
1003 5561 1247 5630 fugienda
1282 5563 1519 5629 ipsorum
1553 5564 1827 5618 nominum

256 5636 692 5716 mlerprctitione
713 5650 1075 5707 declarantur.
1103 5651 1169 5705 Et
1197 5653 1446 5722 quoniam
1479 5654 1699 5723 spiritus
1730 5654 1829 5708 im-

252 5738 423 5797 mundi
454 5758 515 5798 se
547 5744 767 5813 iupiunt
795 5742 1043 5815 adorari,
1075 5742 1201 5799 dum
1242 5741 1406 5801 falsos
1450 5746 1553 5804 sibi
1594 5746 1827 5803 honores

1929 4536 2166 4593 Custodit
2192 4538 2440 4593 Dominus
2465 4540 2665 4591 animas
2691 4550 2981 4593 sanctorum
3009 4556 3221 4593 suorum
3238 4582 3253 4606 ,
3282 4541 3345 4593 de
3370 4558 3523 4596 manu

1932 4643 2257 4702 peccatorum
2290 4632 2520 4685 liberabit
2565 4647 2671 4686 eos.
2708 4631 2931 4686 Videtur
2973 4640 3028 4687 et
3068 4633 3153 4687 hic
3190 4633 3524 4703 catcgoricus

1932 4728 2275 4799 syllogismus
2307 4730 2375 4782 ita
2412 4742 2567 4797 posse
2600 4728 2820 4782 formari
2843 4746 2857 4783 :
2878 4728 3061 4784 Sancti
3088 4728 3313 4801 diligunt
3345 4732 3525 4785 Domi-

1936 4838 2097 4886 num,
2148 4822 2399 4892 quoniam
2450 4822 2686 4878 custodit
2736 4823 2996 4879 Dominus
3041 4824 3248 4880 animas
3295 4838 3522 4889 eorum.

1933 4924 1989 4970 et
2017 4917 2084 4970 de
2115 4931 2273 4968 manu
2306 4922 2647 4984 peccatorum
2679 4916 2843 4985 eripit
2870 4931 2997 4981 eos;
3037 4929 3226 4972 omnes
3267 4916 3358 4985 qui
3396 4916 3523 4973 dili-

1929 5018 2060 5077 gunt
2090 5006 2404 5074 Dominum,
2452 5008 2703 5077 quoniam
2744 5010 2981 5066 custodit
3022 5010 3280 5066 Dominus
3308 5011 3519 5071 animas

1933 5115 2120 5153 eorum
2145 5140 2161 5167 ,
2191 5107 2245 5153 et
2276 5100 2341 5154 de
2372 5114 2533 5152 manu
2582 5109 2923 5169 peccatorum
2969 5101 3128 5172 eripit
3163 5116 3257 5157 eos
3277 5140 3294 5167 ,
3334 5100 3525 5158 odiunt

1935 5192 2173 5245 malum:
2207 5191 2383 5245 sancti
2430 5190 2595 5262 igitur
2638 5190 2829 5247 odiunt
2875 5194 3096 5249 malum.
3137 5192 3289 5249 Nunc
3328 5193 3520 5265 psalmi

1934 5284 2097 5339 verba
2132 5293 2444 5339 tractemus.
2481 5286 2576 5340 llic
2606 5286 2776 5341 bonos
2807 5286 3099 5357 alloquitur
3125 5296 3179 5342 et
3213 5286 3433 5349 ﬁdeles,
3469 5294 3528 5340 ut

1935 5396 1964 5430 u
1997 5376 2196 5431 diaboli
2255 5380 2455 5433 malitia
2488 5390 2867 5449 segregantur;
2900 5382 3015 5450 ipse
3056 5381 3199 5437 enim
3239 5379 3363 5450 jure
3391 5380 3527 5435 dici-

1935 5479 2020 5527 tur
2060 5472 2270 5536 malns,
2314 5488 2411 5542 per
2452 5490 2611 5544 quem
2658 5477 2807 5528 venit
2848 5490 3007 5530 omne
3051 5483 3353 5545 peccatum.
3385 5473 3525 5542 Quid

1933 5572 2019 5619 cst
2047 5579 2174 5635 ergo
2203 5563 2482 5620 Dominum
2511 5566 2770 5637 diligere?
2804 5567 2983 5621 odisse
3012 5566 3281 5621 diabolum
3305 5583 3320 5634 ;
3356 5568 3477 5637 quia
3503 5606 3520 5630 ,

1934 5655 2071 5709 sicut
2101 5654 2356 5722 scriptum
2389 5662 2470 5727 est
2499 5671 2511 5705 :
2548 5653 2715 5708 Nemo
2744 5664 2902 5725 potest
2934 5655 3133 5711 duobus
3163 5655 3385 5710 dominis
3418 5672 3527 5709 ser-

1937 5748 2042 5802 rire
2070 5745 2282 5820 (Matth.
2318 5761 2400 5817 vi,
2430 5746 2544 5818 Et).
2576 5746 2707 5814 Quze
2739 5748 2905 5820 ligura
2946 5746 3142 5805 dicitur
3182 5749 3435 5821 parison,
3472 5747 3523 5801 id
