3952 6162
488 270 584 324 687

1710 269 1777 321 Μ.
1830 268 2107 322 Alﬁ-REI.“
2148 266 2539 323 (IASSIODORI

3598 280 3680 333 ('88

486 389 569 431 est
609 378 833 445 aequatio
875 376 1179 435 sententiae,
1227 382 1476 428 constans
1523 374 1871 427 dissimilibus
1901 391 2067 429 mem.
2099 382 2141 435 Α
2176 379 2349 431 eundo
2380 378 2608 431 adventu
2644 374 2879 442 psalmus
2910 374 3010 429 iste
3038 373 3283 429 dicturus
3323 386 3425 441 cst;
3455 380 3527 447 qui
3566 390 3683 437 tanta

496 467 623 522 bris.
664 469 723 520 ﬁt
755 481 820 519 ne
855 465 975 532 quis
1017 463 1285 518 diabolum
1331 465 1597 519 timuisset
1636 464 1941 529 offendere,
1984 479 2069 518 se-

492 557 692 626 quitur,
727 555 944 607 custodit
980 552 1221 607 Dominus
1258 557 1454 608 animas
1493 567 1783 608 sanctarum
1821 570 2027 607 suorum
2050 596 2064 615 ,

494 651 558 702 de
588 664 740 701 manu
769 656 1089 714 peccatorum
1119 646 1347 699 liberabit
1378 663 1481 700 eos.
1515 646 1630 701 Jam
1670 661 1826 701 nemo
1865 645 2071 699 dubitet

494 739 662 792 odisse
690 737 912 802 malum,
952 737 1163 806 quando
1205 737 1459 791 Dominus
1494 737 1693 790 animas
1729 736 2072 805 cognoscitur

494 826 746 882 custodire
784 836 1095 880 sanctorum.
1120 826 1223 881 Sed
1266 826 1384 881 vide
1414 828 1537 895 quia
1576 828 1705 881 dicit
1734 830 1931 879 animas
1951 868 1966 891 ,
2000 840 2071 880 ne

497 925 549 972 te
598 926 805 971 teneres
836 916 963 989 [ms.
999 918 1085 983 A.,
1139 931 1205 971 ne
1238 915 1516 985 tenderes]
1560 916 1625 971 ad
1659 931 1882 986 corpora
1904 957 1921 982 ,
1956 931 2073 985 quae

496 1008 694 1075 passim
740 1007 901 1060 tradit
938 1005 1003 1060 ad
1047 1021 1262 1075 pmnas,
1305 1016 1364 1060 ut
1401 1005 1723 1076 martyribus
1759 1006 1947 1059 reddat
1979 1020 2075 1060 eo-

496 1112 679 1152 ronas.
731 1096 932 1150 Liberat
983 1097 1124 1152 enim
1176 1098 1238 1150 de
1286 1113 1439 1150 manu
1478 1106 1796 1165 peccatorum
1843 1099 2073 1163 animas,

493 1190 716 1257 quando
747 1202 838 1243 eas
866 1203 970 1242 non
989 1189 1117 1243 sinit
1156 1188 1333 1258 aliqua
1366 1190 1629 1259 pravitate
1666 1188 1925 1254 subverti,
1982 1188 2075 1243 sed

500 1282 572 1334 ita
603 1279 800 1334 illzrsas
827 1279 1055 1347 eripuit,
1095 1276 1542 1348 quemadmodum
1581 1276 1683 1332 sibi
1712 1277 2077 1347 beneplacitas

500 1386 619 1427 esse
647 1373 939 1442 Cognoscit.

572 1462 727 1517 Vers.
760 1463 843 1540 l.
874 1462 987 1515 Lux
1014 1473 1125 1515 orta
1154 1473 1226 1517 est
1246 1466 1391 1534 justo
1410 1502 1423 1529 ,
1455 1469 1502 1517 ει
1528 1462 1674 1516 rectis
1700 1460 1850 1515 corde
1881 1460 2076 1515 latitia.

501 1555 652 1609 Justo
679 1556 807 1610 dicit
835 1566 999 1609 ortam
1028 1556 1219 1620 lucem,
1250 1555 1301 1609 id
1329 1562 1412 1610 est
1443 1554 1774 1609 verissimam
1806 1552 1992 1617 ﬁdem;
2025 1566 2085 1607 ut.

504 1647 834 1701 illuminatus
860 1648 985 1700 talia
1012 1647 1222 1711 credat,
1248 1662 1367 1715 quae
1393 1662 1515 1702 eum
1540 1646 1604 1701 ad
1634 1647 1893 1701 cmlorum
1921 1660 2083 1715 regna

2182 471 2459 524 varietatis
2498 468 2669 539 gratia
2710 467 3107 532 describuntur,
3151 475 3209 519 ut
3246 468 3358 521 licet
3405 470 3686 542 sitttsmpiits

2181 561 2455 626 praedicti,
2490 561 2611 613 novi
2653 574 2865 628 semper
2895 567 2949 613 et
2988 556 3260 612 mirabiles
3299 560 3518 616 humanis
3550 572 3691 618 sensi-

2178 648 2279 702 bus
2330 648 2656 704 elucescant.
2712 649 2863 702 Hunc
2908 650 3049 703 enim
3099 648 3166 703 de
3211 649 3287 702 his
3325 652 3468 705 rebus
3506 656 3687 710 tertium

2179 753 2300 793 esse
2331 754 2435 794 non
2464 739 2680 793 dubiant
2709 746 2811 791 est.
2859 738 2963 791 Sed
2995 737 3085 791 isti
3127 738 3215 807 qui
3245 746 3507 808 utrmnque
3533 743 3697 798 advtn-

2180 836 2291 881 tum
2327 827 2533 881 Domini
2576 829 2677 883 sub
2709 844 2809 882 una
2841 828 3102 882 relatione
3141 830 3395 896 complexi
3433 840 3575 898 sunt,
3613 850 3695 887 nta-

2172 932 2273 985 gna
2334 917 2487 971 nobis
2542 925 2877 971 sacramenta
2933 916 3227 971 declarant.
3286 917 3339 970 ln
3392 934 3490 972 uno
3537 924 3699 990 quippe

2172 1015 2557 1069 commonent,
2615 1015 2672 1059 ut
2722 1006 3123 1060 misericordem
3175 1006 3448 1061 Dominum
3496 1026 3701 1078 qumrere

2172 1097 2469 1152 debeamus
2498 1113 2513 1161 ;
2547 1099 2599 1151 in
2630 1097 2831 1162 altero,
2866 1106 2923 1151 ut
2961 1106 3243 1153 venturum
3282 1099 3510 1153 iudicem
3546 1102 3704 1157 foran-

2174 1188 2382 1243 demus.
2416 1188 2507 1242 Sic
2548 1188 2646 1242 ista
2686 1188 2933 1242 salutaris
2978 1191 3317 1259 pretiosaque
3357 1191 3638 1260 conjunctio
3668 1203 3707 1247 cl

2176 1280 2293 1348 spei
2323 1280 2481 1334 nobis
2510 1291 2701 1334 causas
2730 1280 2916 1334 tribuit
2942 1289 2998 1334 et
3035 1281 3265 1336 timoris.

2755 1370 2947 1426 Divisio
2986 1375 3188 1442 psalmi.

2252 1459 2356 1514 Per
2386 1468 2552 1516 totum
2587 1461 2847 1529 psalmum
2878 1466 3139 1532 prapheta
3184 1466 3444 1534 loquitur.
3484 1468 3533 1521 In
3577 1470 3715 1536 prima

2185 1558 2342 1619 parte
2367 1559 2674 1605 commonet
2704 1558 2762 1605 ut
2789 1555 3019 1622 populus
3047 1553 3385 1610 Christianus
3409 1560 3588 1612 cantici
3616 1562 3717 1612 novi

2188 1643 2546 1699 exsultatione
2595 1644 2828 1711 lretetur,
2874 1648 3087 1714 quando
3136 1648 3399 1702 mirabilis
3442 1659 3519 1704 est
3558 1650 3665 1703 Chri
3693 1652 3720 1703 ti

502 1739 818 1808 perducant.
862 1740 958 1794 Est
995 1739 1209 1809 quidem
1252 1710 1308 1795 et
1350 1748 1653 1794 sanctorum
1682 1740 1771 1794 lux
1804 1740 1899 1795 ista
1942 1710 2086 1794 com.
2118 1710 2164 1769 Β
2194 1737 2400 1791 Domini
2430 1752 2722 1793 concessus
2750 1710 3033 1793 adventus.
3083 1740 3335 1795 Secunda
3365 1749 3510 1810 parte
3536 1741 3727 1795 diversis

510 1832 705 1897 munis,
737 1846 893 1900 quam
924 1830 1214 1887 indiscrete
1242 1831 1423 1885 vident
1451 1839 1507 1885 et
1535 1830 1781 1885 homines
1805 1840 1861 1885 et
1885 1830 2090 1899 jumen-

511 1931 585 1977 ta.
619 1921 722 1976 Sed
763 1922 852 1977 illa
894 1923 985 1977 lux
1015 1937 1203 1977 eorum
1235 1922 1449 1992 prapria
1485 1922 1701 1986 dicitur,
1732 1938 1849 1991 quae
1877 1922 2088 1975 Christo

510 2014 635 2069 Sole
664 2022 949 2084 praestatur
981 2031 993 2065 :
1024 2012 1090 2067 de
1118 2028 1218 2083 qua
1261 2013 1450 2067 dicturi
1482 2021 1604 2090 sunt
1644 2013 1795 2081 impii
1830 2031 1841 2065 :
1876 2011 2086 2065 Erravi-

511 2123 623 2162 mus
650 2123 682 2159 a
713 2107 791 2159 via
821 2107 1043 2159 vertiatis
1062 2145 1077 2171 ,
1108 2113 1154 2158 et
1179 2105 1393 2176 justitia:
1423 2107 1591 2158 lumen
1624 2121 1725 2158 non
1752 2103 1881 2157 luxit
1912 2105 2083 2167 nobis,

509 2207 557 2250 et
609 2196 703 2253 Sol
750 2213 848 2250 non
889 2207 958 2250 est
999 2207 1137 2250 ortus
1174 2195 1317 2249 nobis
1357 2195 1519 2267 (Sap.
1544 2211 1608 2261 v,
1635 2194 1720 2267 6).
1756 2196 1923 2249 Rectis
1961 2208 2088 2248 vero

512 2290 663 2343 corde
707 2291 878 2343 oritur
928 2290 1042 2343 sine
1093 2288 1421 2343 dubitatione
1460 2290 1659 2353 ltetitia,
1694 2287 1926 2357 quando,
1974 2287 2088 2343 Deo

515 2388 826 2450 prmstante,
861 2381 983 2434 talia
1025 2390 1253 2450 gerunt,
1284 2396 1404 2449 quae
1434 2382 1534 2435 sibi
1577 2381 1853 2449 profutura
1893 2393 2093 2448 cogno-

517 2480 694 2525 scunt.
726 2472 813 2525 Sic
844 2482 899 2526 et
928 2473 977 2525 in
1010 2473 1113 2525 isto
1140 2472 1258 2525 loco
1293 2472 1580 2527 indicatum
1620 2479 1703 2526 est
1742 2472 1863 2541 quia
1906 2471 2089 2525 mundi

510 2572 779 2617 amatores
829 2578 927 2618 nec
979 2563 1129 2617 ﬁrma
1173 2564 1390 2627 lartitia,
1432 2578 1529 2618 nec
1564 2578 1689 2617 vero
1730 2562 1931 2617 lumine
1970 2578 2090 2632 per-

515 2655 781 2709 fruuntur.

588 2748 737 2802 Vers.
775 2748 858 2801 12.
896 2746 1189 2810 baetamim',
1216 2749 1379 2817 justi,
1425 2749 1477 2801 in
1522 2746 1771 2814 Domino,
1803 2760 1851 2803 et
1882 2750 2094 2816 ein/ite-

516 2841 639 2893 mini
677 2840 931 2894 memerita
960 2841 1241 2892 sanctitatis
1273 2842 1400 2910 ejus.
1443 2839 1573 2894 Cum
1616 2843 1860 2910 superius
1901 2841 2091 2896 dixerit

515 2945 635 3000 qua:
665 2931 801 2985 bona
828 2932 954 3001 justi
985 2931 1233 3001 (Domino
1261 2931 1569 3002 prmstante)
1597 2932 1922 3001 suscipiant,
1953 2949 2094 2988 nunc

2192 1832 2363 1885 modis
2393 1832 2607 1886 uberius
2646 1833 2777 1887 dicit
2821 1847 2942 1888 esse
2973 1833 3310 1888 laetandum:
3352 1836 3469 1902 quia
3498 1844 3730 1903 exspecta-

2194 1931 2302 1975 tum
2330 1921 2492 1991 justis
2521 1922 2635 1990 ejus
2673 1923 2914 1977 noscitur
2946 1928 3238 1991 provenire
3263 1924 3550 1994 judicium,
3577 1926 3623 1977 in
3649 1940 3731 1993 quo

2190 2021 2315 2067 sunt
2344 2012 2712 2067 misericordia
2740 2012 2949 2067 Domini
2978 2015 3204 2083 prmmia
3238 2016 3393 2084 digna
3423 2016 3675 2085 sumpturi.

2723 2101 2994 2171 Expositio
3034 2106 3250 2172 psalmi.

2267 2193 2417 2248 Vers.
2446 2194 2499 2249 1.
2528 2193 2735 2247 Cantate
2760 2194 2973 2247 Domini
2998 2197 3263 2249 canticum
3289 2212 3485 2250 novum.
3516 2194 3738 2264 Pr0plteta

2197 2282 2383 2338 ﬁdeles
2408 2283 2657 2337 admonet
2684 2282 3018 2338 Christianos
3038 2326 3051 2349 ,
3081 2292 3139 2337 ut
3173 2300 3333 2339 nova:
3362 2285 3738 2357 regenerationis

2194 2386 2529 2431 sacramenta
2571 2383 2869 2443 sumentes,
2917 2393 3098 2429 nouunt
3146 2380 3414 2431 canticum
3462 2380 3525 2432 de
3571 2376 3741 2431 Domini

2199 2469 2565 2523 incarnatione
2601 2468 3000 2523 concelebrent.
3041 2469 3236 2526 Novus
3277 2472 3417 2525 enim
3460 2472 3607 2525 homo
3643 2485 3742 2520 can-

2196 2570 2300 2614 tare
2352 2562 2513 2615 debet
2558 2564 2807 2614 canticum
2857 2579 3068 2629 novum,
3122 2580 3243 2618 non
3296 2566 3384 2618 ille
3423 2572 3640 2617 vetustus
3676 2563 3743 2628 qui

2201 2654 2426 2707 necdum
2472 2652 2600 2707 Ad.e
2641 2661 2855 2721 peccata
2899 2656 3223 2723 deponens,
3268 2657 3321 2710 in
3366 2656 3748 2725 praevaricatione

2198 2747 2395 2798 veteris
2448 2743 2682 2798 hominis
2744 2755 3068 2813 perseverat.
3126 2746 3348 2801 Novum
3404 2751 3606 2817 utique,
3653 2746 3748 2814 quia

2198 2852 2469 2903 nunquam
2518 2837 2715 2907 aliquid
2767 2838 2943 2892 simile
2993 2840 3238 2895 mundus
3290 2843 3509 2897 audivit.
3557 2840 3749 2899 Novum,

2199 2929 2353 2998 327
2399 2926 2540 2996 quod
2587 2928 2730 2981 nulla
2777 2937 3037 2983 vetustate
3079 2933 3399 2997 sordescit,
3445 2933 3532 2986 sed
3577 2945 3753 2997 semper

517 3024 710 3077 iterum
762 3022 906 3091 ipsos
952 3028 1289 3087 commonet,
1341 3032 1398 3078 ut
1448 3024 1501 3076 in
1546 3023 1761 3079 Domino
1801 3026 1964 3079 ltrtari
2000 3027 2089 3080 de-
2116 3038 2162 3099 ρ
2199 3017 2250 3071 in
2282 3032 2392 3071 sum
2423 3017 2693 3086 dignitatis
2721 3018 2887 3089 gratia
2919 3032 3264 3087 perseverat.
3312 3023 3421 3079 Sed
3450 3022 3586 3077 unde
3609 3020 3755 3073 velat

521 3115 711 3177 beant,
749 3130 855 3167 non
885 3113 935 3167 in
969 3115 1202 3169 humano
1244 3114 1546 3182 desidet-io,
1580 3126 1671 3171 aut
1710 3118 1759 3171 in
1804 3118 1959 3187 hujus
1990 3134 2089 3173 scc-

516 3206 623 3261 culi
679 3207 892 3260 ruinosa
940 3207 1225 3275 iactantia,
1282 3208 1421 3263 sicut
1469 3208 1546 3262 ait
1585 3210 1747 3265 Isaias
1786 3226 1916 3280 prop
1957 3219 2085 3265 eta:

520 3296 643 3350 Non
672 3306 743 3350 est
774 3298 993 3368 gaudere
1019 3298 1221 3366 impiis,
1255 3298 1376 3351 dicit
1406 3298 1656 3353 Dominus
1690 3300 1708 3370 (
1734 3299 1859 3355 Isai.
1892 3318 2088 3366 XLVIII,

519 3387 636 3457 22).
668 3387 987 3457 Conﬁtentur
1000 3398 1175 3444 autem
1199 3390 1332 3461 justi
1360 3393 1615 3445 memoria:
1642 3394 1928 3447 sanctitatis
1956 3397 2088 3465 ejus,

520 3480 735 3549 quando
768 3480 819 3532 in
853 3479 944 3533 illo
973 3494 1140 3549 regno
1171 3489 1428 3550 perpetuo
1460 3480 1655 3538 fuerint
1691 3484 1933 3538 collocati
1966 3502 1976 3538 :
2010 3501 2095 3539 re-

522 3567 807 3622 cordantes
844 3567 913 3621 de
949 3577 1145 3638 quanta
1197 3570 1348 3625 clade
1396 3570 1552 3641 hujus
1597 3572 1776 3627 sazculi
1828 3574 2101 3643 (Domino

525 3658 846 3729 miserante)
880 3660 987 3715 sint
1014 3660 1289 3715 subtracti.

1054 3767 1322 3825 Conclusio
1366 3773 1569 3841 psalmi.

597 3883 1012 3940 Consideremus
1052 3882 1192 3939 hunc
1242 3885 1503 3953 psalmum
1556 3902 1712 3957 quam
1764 3889 1962 3943 salubri
2005 3905 2101 3946 nos

529 3979 858 4033 institutione
895 3986 1200 4047 componat.
1236 3977 1315 4032 Ab
1366 3978 1627 4034 idolorum
1674 3980 1896 4035 culturis
1921 3982 2101 4051 prohi-

526 4074 616 4127 het
638 4115 651 4139 ,
687 4070 825 4126 unde
856 4080 1110 4125 teternam
1143 4078 1369 4125 mortem
1405 4073 1762 4141 potuissemus
1805 4075 2099 4131 incurrere.

528 4161 737 4217 Laudes
793 4162 995 4215 Domini
1051 4169 1419 4231 competenter
1473 4162 1744 4229 insinuat,
1801 4166 1943 4221 unde
1998 4168 2102 4222 vita

520 4260 708 4305 nostra
742 4250 857 4305 sine
896 4250 1228 4307 dubitatione
1269 4251 1542 4306 suctedat.
1581 4253 1744 4309 Docet
1787 4257 2105 4314 alllictiones

530 4356 633 4394 non
684 4354 1001 4407 pavescere,
1046 4353 1143 4393 nec
1186 4341 1319 4394 mala
1365 4341 1521 4410 hujus
1564 4346 1744 4398 szeculi
1789 4346 2097 4404 formidare.
2132 4375 2183 4433 Β

531 4430 719 4483 Omnia
771 4430 913 4482 enim
970 4428 1307 4495 periculosa,
1359 4432 1537 4486 omnia
1583 4436 1860 4492 mortifera
1912 4455 2105 4509 magno

533 4522 851 4590 compendio
905 4536 1189 4590 possumus
1245 4522 1511 4592 evadere,
1564 4528 1609 4581 si
1669 4529 1855 4584 salutis
1910 4543 2107 4589 nostra:

534 4612 814 4680 diligamus
844 4619 1115 4665 auctorem
1144 4629 1157 4677 ;
1193 4612 1331 4667 sicut
1357 4616 1488 4669 dicit
1519 4619 1805 4686 Apostolus
1836 4640 1848 4674 :
1893 4621 1958 4677 In
1995 4642 2109 4679 om-

534 4704 679 4757 nibus
705 4703 1074 4757 tribulationem
1105 4705 1347 4774 patimur,
1373 4708 1461 4761 sed
1488 4724 1587 4764 non
1616 4716 2002 4783 angustiamur;
2031 4719 2113 4773 de-

532 4795 731 4863 ﬁcimus
753 4836 766 4860 ,
793 4795 878 4847 sed
904 4811 1001 4847 non
1024 4813 1070 4865 p.
1087 4798 1277 4851 rimus:
1306 4815 1502 4869 seraper
1527 4805 1964 4870 mortificationem
1989 4808 2113 4864 Jesu

532 4884 589 4934 in
614 4899 825 4955 corpore
853 4894 1024 4937 nostra
1052 4884 1487 4958 circumferentes,
1526 4900 1578 4943 ut
1621 4901 1667 4947 et
1706 4896 1804 4947 vita
1838 4895 1963 4951 Jesu
2003 4915 2110 4952 ma-

519 4976 803 5043 nifestatur
829 4976 879 5027 in
907 4990 1057 5032 carne
1081 4989 1255 5032 nostra
1280 4986 1481 5037 mortali
1509 4984 1593 5055 (II
1620 4986 1736 5042 Cor.
1760 5006 1829 5056 tv,
1852 4991 1902 5057 8,
1924 4993 2107 5065 9,10),

520 5074 591 5118 -et
616 5073 811 5119 caetera
841 5082 958 5136 qua:
993 5070 1190 5124 Doctor
1218 5074 1462 5143 egregius
1501 5079 1563 5130 ad
1608 5080 1973 5138 instruendum
2012 5087 2111 5141 hu-

524 5168 749 5211 rmanum
784 5172 949 5226 genus
980 5161 1285 5216 salutariter
1318 5168 1551 5221 noscitur
1582 5169 1845 5229 elocutus.

787 5272 1145 5331 EXPOSlTlO
1185 5278 1245 5331 IN
1290 5276 1613 5337 PSALMUM
1660 5285 1857 5341 XCVII.

1034 5371 1267 5427 Psalmus
1296 5376 1389 5442 ipsi
1434 5375 1612 5431 David.

605 5479 889 5549 Simplices
937 5483 1025 5536 isti
1079 5484 1213 5538 tituli
1266 5487 1568 5551 planissima
1622 5492 1773 5545 nobis
1826 5495 2109 5551 verborum

542 5572 803 5637 positione
830 5573 1133 5629 subtident.
1178 5576 1500 5631 Deferuntur
1529 5581 1669 5636 enim
1715 5587 1779 5636 azl
1827 5586 2108 5642 Dominum

539 5658 865 5715 Salvatorem
895 5704 909 5728 ,
959 5664 1025 5719 de
1076 5666 1225 5734 cujus
1276 5668 1654 5725 incarnationis
1703 5674 1870 5738 gloria
1910 5687 1972 5728 et
2027 5693 2106 5730 sc-

2192 3110 2330 3166 istud
2362 3112 2612 3163 canticum
2644 3127 2825 3163 not‘um
2848 3153 2861 3173 ,
2893 3113 3075 3166 subter
3107 3118 3386 3182 aperitur.

2267 3198 2415 3253 Vers.
2445 3200 2498 3252 2.
2527 3201 2660 3266 Quia
2691 3201 2942 3253 mirabilia
2968 3204 3086 3271 fecit
3122 3204 3426 3272 Dominus;
3454 3208 3585 3259 salsa
3615 3206 3753 3256 it-ettm

2195 3289 2405 3344 dextera
2426 3293 2557 3363 ejus,
2588 3304 2633 3345 et
2653 3292 2911 3346 brachium
2932 3305 3175 3351 sanctum
3200 3301 3337 3371 ejus.
3365 3298 3533 3353 Causa
3560 3296 3761 3352 redditur

2196 3385 2390 3441 cantici
2441 3388 2584 3450 novi,
2622 3386 2755 3453 Quia
2803 3388 3055 3442 mirabilia
3092 3390 3227 3460 fecit
3278 3391 3561 3455 Dominus;
3589 3386 3761 3442 scilimt

2196 3477 2408 3548 quando
2448 3479 2603 3533 crocis
2639 3478 2840 3546 lumen,
2874 3480 3078 3535 claudis
3108 3498 3395 3551 gressum,
3434 3484 3601 3537 surdis
3631 3483 3761 3536 etiam

2210 3572 2428 3625 donavit
2456 3570 2713 3636 auditum,
2743 3580 2796 3626 et
2822 3582 3015 3627 cratera
3050 3572 3139 3641 huj
3157 3576 3438 3630 uscemodi
3466 3590 3581 3648 qua:
3611 3580 3763 3628 contra

2208 3677 2360 3716 usum
2386 3671 2589 3716 natura:
2613 3663 2856 3716 humanm
2885 3663 3041 3728 facta,
3069 3665 3506 3736 Evangeliorum
3531 3677 3686 3721 textus
3706 3665 3767 3715 in-

2210 3753 2400 3807 sinuat.
2426 3752 2530 3806 Scd
2556 3755 2651 3807 ista
2678 3754 2915 3808 fecerunt
2945 3765 2996 3810 et
3024 3759 3206 3812 saneti
3233 3758 3377 3827 ejus.
3404 3758 3537 3813 Audi
3561 3754 3683 3827 quod
3701 3768 3767 3805 se.

2209 3845 2420 3914 quitur,
2466 3854 2521 3897 ut
2562 3859 2754 3900 revera
2801 3845 3066 3915 intelligas
3114 3863 3243 3903 rem
3298 3850 3620 3919 singularem
3661 3857 3770 3899 nom

2209 3938 2417 3992 cantico
2458 3936 2619 3991 fuisse
2656 3952 2964 3992 concessam
2999 3956 3012 3995 :
3045 3941 3275 3996 saluauit
3316 3960 3435 3996 eum
3475 3941 3611 4006 dicit,
3641 3940 3684 3993 id
3706 3945 3770 3989 cst

2209 4028 2479 4082 Christum
2502 4026 2809 4094 Dominum,
2840 4030 2965 4084 dum
2990 4034 3181 4088 mundi
3210 4036 3374 4090 istius
3400 4045 3613 4107 peccata
3634 4032 3774 4086 nesci-

2212 4120 2308 4183 vit,
2342 4119 2465 4173 dum
2500 4120 2741 4174 triduana
2775 4121 3057 4177 velocitate
3089 4128 3342 4181 surrexit
3371 4142 3403 4181 a
3434 4126 3665 4181 mortuis.
3690 4119 3773 4174 Sed

2214 4211 2301 4280 qui
2330 4227 2440 4263 eunt
2467 4212 2695 4276 saltavit,
2718 4212 3079 4283 subsequitur,
3109 4218 3337 4272 dextera
3360 4220 3497 4290 ejus,
3521 4218 3569 4273 id
3594 4227 3665 4271 est
3689 4230 3781 4267 οιιι-

2218 4300 2466 4370 nipotens
2486 4300 2749 4369 Verbum;
2776 4320 2878 4357 non
2902 4306 3022 4375 quia
3044 4307 3188 4363 alter
3204 4318 3296 4364 est
3316 4312 3581 4374 Christus,
3608 4318 3655 4361 ct
3672 4308 3780 4358 alter

2207 4393 2544 4460 omnipotens
2587 4393 2839 4460 Verbum,
2877 4397 3017 4464 quod
3047 4399 3147 4453 sibi
3182 4399 3517 4457 Nestoriana
3562 4397 3782 4464 contingit

2211 4487 2450 4554 insania;
2495 4488 2589 4544 sed
2639 4491 2739 4545 hoc
2782 4490 2895 4545 vult
2937 4491 3190 4563 intelligi,
3243 4506 3310 4549 ut
3352 4496 3530 4563 ipsum
3579 4495 3784 4547 salvasse

2211 4594 2580 4649 cognosceres,
2605 4582 2692 4649 qui
2718 4580 2853 4636 dixit
2880 4600 2891 4633 :
2920 4581 3243 4639 Potestatem
3274 4586 3446 4641 habeo
3470 4584 3677 4657 ponendi
3698 4580 3790 4633 ani-

2214 4688 2349 4725 mam
2380 4688 2560 4735 meam,
2592 4683 2636 4726 et
2676 4683 2968 4742 potestatem
3004 4675 3168 4730 habeo
3202 4680 3403 4732 iterum
3443 4677 3668 4733 sumendi
3697 4686 3787 4726 eam

2214 4762 2392 4832 (Joan.
2436 4779 2491 4828 ι,
2528 4763 2636 4834 18).
2703 4762 2978 4819 Bracltium
3020 4783 3151 4822 vero
3193 4772 3348 4840 quod
3396 4770 3622 4834 addidit,
3651 4767 3721 4823 sic
3751 4771 3794 4816 el

2216 4859 2375 4912 Isaias
2407 4856 2663 4926 pt'Ophcta
2696 4858 2763 4913 de
2794 4858 2930 4914 Filio
2969 4860 3096 4914 dicit
3128 4875 3143 4914 :
3179 4861 3254 4915 Et
3304 4865 3574 4918 brachium
3614 4856 3794 4913 Domini

2216 4950 2295 5001 cui
2320 4948 2590 5001 revelatum
2626 4958 2697 5001 est
2734 4946 2888 5019 (Isai.
2925 4966 3032 5016 Lm,
3078 4950 3181 5022 l)?
3217 4952 3459 5008 Dextera
3503 4951 3720 5022 pertinet
3741 4945 3796 4999 ad

2217 5026 2553 5107 operationes
2581 5038 2879 5104 mirabiles;
2913 5040 3184 5094 brachium
3208 5045 3281 5096 ad
3313 5044 3684 5098 fortitudinem
3707 5041 3795 5091 siu-

2216 5130 2472 5197 gularem.

2297 5219 2443 5273 Vers.
2490 5224 2539 5276 '5.
2579 5222 2769 5276 Nolunt
2797 5224 2913 5291 fecit
2939 5223 3198 5279 Dominus
3227 5230 3468 5283 salutare
3506 5245 3669 5283 suum.
3703 5234 3801 5273 ante

2218 5316 2537 5379 conspectum
2575 5318 2797 5383 gentium
2829 5319 3366 5386 rcvclcvitjttstitiaut
3409 5337 3580 5375 suam.
3634 5317 3799 5371 Νιςιειυι

2217 5406 2333 5469 fecit
2362 5404 2604 5457 Dominus
2625 5408 2850 5467 salutare
2877 5424 3047 5472 suum,
3082 5410 3134 5461 id
3168 5422 3261 5465 est
3311 5414 3599 5467 Dominum
3639 5410 3803 5463 Sal“.

2217 5505 2416 5558 torem;
2452 5498 2562 5564 ipse
2603 5500 2689 5550 est
2714 5498 2856 5551 enim
2906 5500 3159 5553 salutaris
3195 5519 3369 5571 quem
3406 5505 3625 5561 Simeon
3655 5498 3802 5553 sinci-

2217 5592 2360 5659 picns
2392 5592 2708 5645 inmanibus
2732 5594 2839 5646 suis
2868 5593 2995 5647 dicit
3022 5596 3069 5646 in
3095 5599 3320 5663 templo
3355 5618 3367 5653 :
3402 5599 3559 5652 Num-
3585 5595 3799 5653 dimittis,

2220 5684 2450 5747 Dnmittc,
2487 5699 2683 5735 serram
2712 5695 2849 5737 llttlm
2882 5686 2931 5737 in
2957 5703 3093 5754 pars,
3124 5692 3388 5755 quoniam
3425 5690 3657 5745 t'idcrunt
3686 5681 3801 5737 assii
